Timestamp,Price,Size
2024-09-17 13:00:00.077,406.6471375113241,15
2024-09-17 13:00:00.786,406.6464505933407,101
2024-09-17 13:00:00.819,406.65122807874417,103
2024-09-17 13:00:01.039,406.64763104149847,1005
2024-09-17 13:00:01.045,406.6203934998196,1004
2024-09-17 13:00:01.223,406.6512356634475,100
2024-09-17 13:00:01.325,406.6555312802528,96
2024-09-17 13:00:01.362,406.6319599494517,96
2024-09-17 13:00:01.406,406.6396007612744,1005
2024-09-17 13:00:01.515,406.6436805896356,1001
2024-09-17 13:00:01.527,406.6562951437409,97
2024-09-17 13:00:01.675,406.6490729224127,996
2024-09-17 13:00:01.778,406.6409519811943,1002
2024-09-17 13:00:01.835,406.6374361887944,102
2024-09-17 13:00:01.939,406.64486633681,1000
2024-09-17 13:00:02.466,406.6027063373701,5
2024-09-17 13:00:02.595,406.5979303767765,14
2024-09-17 13:00:02.790,406.59158715195,1004
2024-09-17 13:00:02.825,406.5922694354978,7
2024-09-17 13:00:02.873,406.6175313589901,996
2024-09-17 13:00:02.891,406.5712562275065,102
2024-09-17 13:00:02.893,406.6267611039885,105
2024-09-17 13:00:03.660,406.58387215180335,997
2024-09-17 13:00:04.219,406.552812626256,96
2024-09-17 13:00:04.439,406.5806559426261,997
2024-09-17 13:00:04.616,406.5630993408475,1000
2024-09-17 13:00:04.659,406.57410209509976,1003
2024-09-17 13:00:04.804,406.5626479535387,98
2024-09-17 13:00:04.930,406.57280556767023,10
2024-09-17 13:00:05.071,406.5578373679195,998
2024-09-17 13:00:05.079,406.5433611500967,102
2024-09-17 13:00:05.138,406.5568577907439,97
2024-09-17 13:00:05.231,406.5487163265463,10
2024-09-17 13:00:05.272,406.5436939327862,9
2024-09-17 13:00:05.276,406.5330588459627,95
2024-09-17 13:00:05.401,406.5516372011566,1001
2024-09-17 13:00:05.639,406.5058761161697,11
2024-09-17 13:00:05.752,406.5290324237103,6
2024-09-17 13:00:05.843,406.5548229067143,11
2024-09-17 13:00:06.031,406.5248667629357,6
2024-09-17 13:00:06.073,-406.5287582187649,7
2024-09-17 13:00:06.091,406.5026917607252,1004
2024-09-17 13:00:06.280,406.5022868625325,102
2024-09-17 13:00:06.298,406.53941136190025,103
2024-09-17 13:00:06.334,406.5334880209021,997
2024-09-17 13:00:06.376,406.4835328318255,101
2024-09-17 13:00:06.427,406.4921430371397,997
2024-09-17 13:00:06.533,406.5106707529919,103
2024-09-17 13:00:06.644,406.5103709667,5
2024-09-17 13:00:06.656,,1001
2024-09-17 13:00:06.773,406.4885652988854,998
2024-09-17 13:00:06.874,406.5183164750885,1001
2024-09-17 13:00:06.911,406.5125282650788,101
2024-09-17 13:00:06.952,406.5264564770193,10
2024-09-17 13:00:06.974,406.49863804422256,99
2024-09-17 13:00:07.014,406.5225524927404,9
2024-09-17 13:00:07.073,406.5307085577563,96
2024-09-17 13:00:07.089,406.5387494323453,1003
2024-09-17 13:00:07.106,406.56305533972215,99
2024-09-17 13:00:07.156,406.514109400495,10
2024-09-17 13:00:07.157,406.5348110078223,12
2024-09-17 13:00:07.181,406.53176466522905,103
2024-09-17 13:00:07.221,406.5820044959504,103
2024-09-17 13:00:07.250,406.5424625859566,13
2024-09-17 13:00:07.256,-406.56339197528257,103
2024-09-17 13:00:07.270,406.5282790781235,102
2024-09-17 13:00:07.277,406.550395763418,998
2024-09-17 13:00:07.340,406.5494694801188,104
2024-09-17 13:00:07.356,406.5327137446856,1004
2024-09-17 13:00:07.405,406.53830253144827,1005
2024-09-17 13:00:07.420,406.5510630146766,10
2024-09-17 13:00:07.508,406.5406879440929,6
2024-09-17 13:00:07.566,406.5363200277098,1004
2024-09-17 13:00:07.680,406.5531077320687,1001
2024-09-17 13:00:07.703,406.5220795806181,1003
2024-09-17 13:00:07.776,406.5377016454253,105
2024-09-17 13:00:07.791,406.5471871663895,14
2024-09-17 13:00:07.903,406.55387698926086,996
2024-09-17 13:00:08.047,406.5815000285965,15
2024-09-17 13:00:08.113,406.5845462104703,6
2024-09-17 13:00:08.186,406.5387936093942,13
2024-09-17 13:00:08.223,406.5379176035025,998
2024-09-17 13:00:08.392,406.5216142036684,102
2024-09-17 13:00:08.392,406.513220308669,10
2024-09-17 13:00:08.410,406.5785521974608,95
2024-09-17 13:00:08.421,406.5565594847121,12
2024-09-17 13:00:08.424,406.5499270104602,13
2024-09-17 13:00:08.450,406.5022783066511,1002
2024-09-17 13:00:08.485,406.5432330940372,99
2024-09-17 13:00:08.487,406.6094428258006,6
2024-09-17 13:00:08.551,406.5959953782652,1001
2024-09-17 13:00:08.560,406.5456167804144,998
2024-09-17 13:00:08.632,406.5280651530361,1004
2024-09-17 13:00:08.652,406.553552887973,996
2024-09-17 13:00:08.706,406.6025228328296,998
2024-09-17 13:00:08.709,406.5341901641547,5
2024-09-17 13:00:08.745,406.5550268556216,7
2024-09-17 13:00:08.773,406.4972985856244,102
2024-09-17 13:00:08.825,406.5728902630699,105
2024-09-17 13:00:08.825,406.4947592952912,104
2024-09-17 13:00:08.913,406.5737028833378,1001
2024-09-17 13:00:08.924,406.4998001516893,100
2024-09-17 13:00:08.927,406.55934141139824,997
2024-09-17 13:00:08.951,406.5590604416296,103
2024-09-17 13:00:08.991,406.55309083218685,9
2024-09-17 13:00:09.038,406.5730458654691,103
2024-09-17 13:00:09.038,406.55804362057415,1005
2024-09-17 13:00:09.045,406.60810881848187,105
2024-09-17 13:00:09.115,406.55293657364535,99
2024-09-17 13:00:09.126,406.5204732910996,104
2024-09-17 13:00:09.280,406.6004287592452,14
2024-09-17 13:00:09.425,406.5330065963258,103
2024-09-17 13:00:09.577,406.51373088620966,1005
2024-09-17 13:00:09.613,406.5317030114241,998
2024-09-17 13:00:09.647,40.652418834091655,102
2024-09-17 13:00:09.680,406.5122485935304,1005
2024-09-17 13:00:09.883,406.5269921409944,104
2024-09-17 13:00:09.938,406.5108967290104,995
2024-09-17 13:00:10.073,406.5533720698281,5
2024-09-17 13:00:10.185,406.5716514875449,97
2024-09-17 13:00:10.227,406.5261739528973,11
2024-09-17 13:00:10.243,406.56878834771857,997
2024-09-17 13:00:10.255,406.60664691268266,102
2024-09-17 13:00:10.262,406.54302164856426,8
2024-09-17 13:00:10.271,406.59308792434746,1001
2024-09-17 13:00:10.280,406.5809817222725,1000
2024-09-17 13:00:10.324,406.5491005508514,97
2024-09-17 13:00:10.352,406.5878828070993,96
2024-09-17 13:00:10.386,406.569638441733,102
2024-09-17 13:00:10.411,406.596113812161,996
2024-09-17 13:00:10.445,406.5616046500512,5
2024-09-17 13:00:10.519,406.56505618556815,998
2024-09-17 13:00:10.594,406.55246662715547,1003
2024-09-17 13:00:10.605,406.58396928728894,99
2024-09-17 13:00:10.622,406.545329942154,100
2024-09-17 13:00:10.645,406.5742684971524,999
2024-09-17 13:00:10.681,406.57644699708845,1003
2024-09-17 13:00:10.700,406.5380112281901,96
2024-09-17 13:00:10.740,406.5998222707834,102
2024-09-17 13:00:10.829,406.52984754337695,95
2024-09-17 13:00:10.843,406.5744236157057,999
2024-09-17 13:00:10.855,406.5672570145942,104
2024-09-17 13:00:10.878,406.5419271734239,997
2024-09-17 13:00:10.967,406.5670359555909,95
2024-09-17 13:00:10.985,406.52299806895286,15
2024-09-17 13:00:11.019,40.65566084753439,14
2024-09-17 13:00:11.048,406.6149086505782,101
2024-09-17 13:00:11.059,406.6448391537288,9
2024-09-17 13:00:11.117,406.6065839793844,1004
2024-09-17 13:00:11.133,406.5934990944086,1000
2024-09-17 13:00:11.134,406.6250665145471,100
2024-09-17 13:00:11.146,406.5420108901136,15
2024-09-17 13:00:11.160,406.6084138556444,8
2024-09-17 13:00:11.185,-406.6112851980226,1000
2024-09-17 13:00:11.325,406.604028495041,10
2024-09-17 13:00:11.346,406.56243366862736,13
2024-09-17 13:00:11.370,406.6223950274958,1004
2024-09-17 13:00:11.413,406.5603489940336,98
2024-09-17 13:00:11.455,406.630034240818,97
2024-09-17 13:00:11.502,406.6199782776536,1000
2024-09-17 13:00:11.508,406.6341948063949,102
2024-09-17 13:00:11.517,406.6228878143738,999
2024-09-17 13:00:11.527,406.6042029370305,13
2024-09-17 13:00:11.556,406.64206497903166,1000
2024-09-17 13:00:11.581,406.6367953962011,95
2024-09-17 13:00:11.595,406.6075102762072,5
2024-09-17 13:00:11.618,406.5473869663949,6
2024-09-17 13:00:11.654,406.634998198846,1002
2024-09-17 13:00:11.678,406.61757302769945,999
2024-09-17 13:00:11.698,406.60642377950825,10
2024-09-17 13:00:11.738,406.63114914674856,1001
2024-09-17 13:00:11.748,406.5664660864384,15
2024-09-17 13:00:11.930,406.5854167790012,997
2024-09-17 13:00:11.993,406.6171067299056,1004
2024-09-17 13:00:12.057,406.5621862388767,12
2024-09-17 13:00:12.339,406.5818332431084,1001
2024-09-17 13:00:12.345,406.5668554218709,999
2024-09-17 13:00:12.352,406.5557955039984,6
2024-09-17 13:00:12.484,406.56765229499626,95
2024-09-17 13:00:12.492,406.5446192129379,102
2024-09-17 13:00:12.552,406.5662094467319,1005
2024-09-17 13:00:12.593,406.5572492639456,13
2024-09-17 13:00:12.629,406.5612230848048,995
2024-09-17 13:00:12.670,406.5648141269863,96
2024-09-17 13:00:12.809,406.5423322181021,1000
2024-09-17 13:00:12.877,406.5761357893791,12
2024-09-17 13:00:13.012,406.560837207332,997
2024-09-17 13:00:13.023,406.5872031769952,98
2024-09-17 13:00:13.035,406.60322009185455,996
2024-09-17 13:00:13.158,406.59705479156713,996
2024-09-17 13:00:13.201,406.53667442519327,101
2024-09-17 13:00:13.202,406.5656917295407,9
2024-09-17 13:00:13.230,-406.54761661199456,102
2024-09-17 13:00:13.321,406.583210237753,10
2024-09-17 13:00:13.409,406.5484728070051,1001
2024-09-17 13:00:13.426,406.550809703195,1001
2024-09-17 13:00:13.549,406.5399936019971,96
2024-09-17 13:00:13.659,406.5454859873106,6
2024-09-17 13:00:13.770,406.5718656407013,95
2024-09-17 13:00:13.855,406.5447342172251,99
2024-09-17 13:00:14.025,406.6375712396897,101
2024-09-17 13:00:14.028,406.617720518412,6
2024-09-17 13:00:14.075,406.6327136471258,5
2024-09-17 13:00:14.204,406.5966069758638,105
2024-09-17 13:00:14.262,406.57949851855005,105
2024-09-17 13:00:14.264,406.61905948772113,98
2024-09-17 13:00:14.294,406.5997914878504,102
2024-09-17 13:00:14.304,406.6245705695128,9
2024-09-17 13:00:14.339,406.6267406673428,14
2024-09-17 13:00:14.372,406.6176617559731,13
2024-09-17 13:00:14.378,406.623777524965,1002
2024-09-17 13:00:14.428,406.5895954465328,99
2024-09-17 13:00:14.470,406.6289897851401,996
2024-09-17 13:00:14.490,406.6237858904697,1003
2024-09-17 13:00:14.542,406.6162803175871,12
2024-09-17 13:00:14.623,406.65265150896766,1005
2024-09-17 13:00:14.704,406.60390365970846,12
2024-09-17 13:00:14.721,406.5853740802429,101
2024-09-17 13:00:14.721,40.66346854917408,8
2024-09-17 13:00:14.735,406.6260272532948,1002
2024-09-17 13:00:14.926,406.6049540516159,1003
2024-09-17 13:00:15.117,406.6039662129583,1003
2024-09-17 13:00:15.130,406.7553525623209,15
2024-09-17 13:00:15.155,406.6948613539997,105
2024-09-17 13:00:15.181,406.6520550156105,105
2024-09-17 13:00:15.222,406.72382851739945,1000
2024-09-17 13:00:15.231,406.6098044421399,996
2024-09-17 13:00:15.233,406.6357396731157,1003
2024-09-17 13:00:15.356,406.71530227843056,1002
2024-09-17 13:00:15.375,406.7395171563293,10
2024-09-17 13:00:15.383,406.7577815549232,999
2024-09-17 13:00:15.406,406.6487598086785,105
2024-09-17 13:00:15.512,406.72423006822754,1000
2024-09-17 13:00:15.533,406.6214582347053,104
2024-09-17 13:00:15.571,406.70853395115904,995
2024-09-17 13:00:15.576,406.6349604374961,7
2024-09-17 13:00:15.594,406.62725952626965,995
2024-09-17 13:00:15.595,406.7325521618602,1004
2024-09-17 13:00:15.636,406.72048095131765,1000
2024-09-17 13:00:15.728,406.6383523220977,15
2024-09-17 13:00:15.766,406.7234414755607,105
2024-09-17 13:00:15.773,406.6345876442498,104
2024-09-17 13:00:15.839,406.72227490988,10
2024-09-17 13:00:15.851,406.63851103635415,998
2024-09-17 13:00:15.857,406.63581269004845,100
2024-09-17 13:00:15.862,406.68276636181486,95
2024-09-17 13:00:15.994,406.7228303800003,997
2024-09-17 13:00:16.097,406.6885675166898,102
2024-09-17 13:00:16.108,406.6735550494759,1005
2024-09-17 13:00:16.124,406.6997481347972,98
2024-09-17 13:00:16.331,406.728813453386,1005
2024-09-17 13:00:16.379,406.6825406807108,103
2024-09-17 13:00:16.473,406.6784970133827,105
2024-09-17 13:00:16.530,406.7013628417633,996
2024-09-17 13:00:16.532,406.72448908475207,96
2024-09-17 13:00:16.536,406.71072778333337,12
2024-09-17 13:00:16.575,406.6980287634472,7
2024-09-17 13:00:16.621,406.6905077489306,1005
2024-09-17 13:00:16.721,406.6958877154707,102
2024-09-17 13:00:16.729,406.69646812090895,99
2024-09-17 13:00:16.784,406.695495744114,1005
2024-09-17 13:00:16.809,406.6788646196305,996
2024-09-17 13:00:16.833,406.7159099653039,6
2024-09-17 13:00:16.897,406.68202644708106,98
2024-09-17 13:00:16.930,406.6823855670231,102
2024-09-17 13:00:16.955,406.7098863161974,8
2024-09-17 13:00:17.043,406.68036470042426,95
2024-09-17 13:00:17.052,406.64622231016017,999
2024-09-17 13:00:17.081,-406.68983413827385,104
2024-09-17 13:00:17.093,406.6293996439253,995
2024-09-17 13:00:17.097,406.6920957738967,1005
2024-09-17 13:00:17.160,406.67152039472415,12
2024-09-17 13:00:17.181,406.6096487533095,1000
2024-09-17 13:00:17.216,406.6719563948807,998
2024-09-17 13:00:17.219,406.6713005465985,11
2024-09-17 13:00:17.247,406.5973509198234,99
2024-09-17 13:00:17.314,406.62537423918974,96
2024-09-17 13:00:17.392,406.6854624819077,96
2024-09-17 13:00:17.393,406.65250578630815,103
2024-09-17 13:00:17.443,406.6890925279839,95
2024-09-17 13:00:17.454,406.6445737006817,95
2024-09-17 13:00:17.569,406.66738934384256,97
2024-09-17 13:00:17.636,406.67412450035175,11
2024-09-17 13:00:17.710,406.6762017457412,15
2024-09-17 13:00:17.805,406.6923186022895,102
2024-09-17 13:00:17.820,406.59398544501033,7
2024-09-17 13:00:17.909,406.6584972039966,1000
2024-09-17 13:00:17.926,406.6635467011616,102
2024-09-17 13:00:17.959,406.64020693046666,11
2024-09-17 13:00:17.981,406.6082066369066,95
2024-09-17 13:00:18.014,406.5873632219389,14
2024-09-17 13:00:18.144,406.6017291016342,997
2024-09-17 13:00:18.332,406.614901828849,8
2024-09-17 13:00:18.438,406.5969728757388,998
2024-09-17 13:00:18.507,406.6392648843231,9
2024-09-17 13:00:18.593,406.62574914221295,997
2024-09-17 13:00:18.777,406.6264860721665,11
2024-09-17 13:00:18.831,406.5858651611879,13
2024-09-17 13:00:19.328,406.6480686987922,995
2024-09-17 13:00:19.469,406.6392950778141,104
2024-09-17 13:00:20.028,406.6481715258608,1005
2024-09-17 13:00:20.043,406.6952452056598,11
2024-09-17 13:00:20.061,406.67705884868894,997
2024-09-17 13:00:20.111,406.7228441774292,15
2024-09-17 13:00:20.130,406.687592587034,100
2024-09-17 13:00:20.136,40.6694635630964,999
2024-09-17 13:00:20.166,406.71148738832784,14
2024-09-17 13:00:20.191,406.721754437965,1002
2024-09-17 13:00:20.279,406.68716586269,1001
2024-09-17 13:00:20.341,406.7222856810286,101
2024-09-17 13:00:20.376,406.6648290736103,14
2024-09-17 13:00:20.451,406.6556909532831,14
2024-09-17 13:00:20.464,406.69653100944447,9
2024-09-17 13:00:20.523,406.72761436677786,7
2024-09-17 13:00:20.592,406.7285057670794,13
2024-09-17 13:00:20.605,406.693783885673,95
2024-09-17 13:00:20.635,,1000
2024-09-17 13:00:20.676,-406.6798881868724,104
2024-09-17 13:00:20.730,406.7122470873869,1005
2024-09-17 13:00:20.747,406.67031255957664,15
2024-09-17 13:00:20.891,406.6648759944389,15
2024-09-17 13:00:20.913,406.6820730302785,1004
2024-09-17 13:00:20.921,406.6665297180434,10
2024-09-17 13:00:20.954,406.7208151206208,997
2024-09-17 13:00:21.019,406.6402435755404,97
2024-09-17 13:00:21.119,406.6544332287406,995
2024-09-17 13:00:21.150,406.6654107141758,8
2024-09-17 13:00:21.200,406.6732611020553,8
2024-09-17 13:00:21.246,406.6713614109775,7
2024-09-17 13:00:21.283,406.6525892462684,1001
2024-09-17 13:00:21.339,406.6702189984152,1000
2024-09-17 13:00:21.501,,997
2024-09-17 13:00:21.591,406.6477055052922,105
2024-09-17 13:00:21.699,406.6664329626752,998
2024-09-17 13:00:21.802,406.6801113032435,999
2024-09-17 13:00:21.905,406.6583473575089,104
2024-09-17 13:00:22.032,406.669929721469,1004
2024-09-17 13:00:22.039,406.6714434443592,7
2024-09-17 13:00:22.061,406.6366981453268,103
2024-09-17 13:00:22.139,406.6703403980459,1004
2024-09-17 13:00:22.194,406.68963464322417,998
2024-09-17 13:00:22.227,406.7187103038015,12
2024-09-17 13:00:22.235,406.6517489604699,105
2024-09-17 13:00:22.253,406.67783233173856,101
2024-09-17 13:00:22.287,406.62538994485607,1001
2024-09-17 13:00:22.371,406.6973434920678,12
2024-09-17 13:00:22.375,406.6446073745301,102
2024-09-17 13:00:22.392,406.6295565267976,100
2024-09-17 13:00:22.417,406.6171889399166,1001
2024-09-17 13:00:22.466,406.6949783718464,999
2024-09-17 13:00:22.467,406.6470892881526,6
2024-09-17 13:00:22.487,406.6825123866535,11
2024-09-17 13:00:22.578,406.7287996713929,1002
2024-09-17 13:00:22.618,406.6959901437501,5
2024-09-17 13:00:22.623,406.6910304927016,105
2024-09-17 13:00:22.646,406.6892978226987,101
2024-09-17 13:00:22.649,406.663644794986,101
2024-09-17 13:00:22.709,406.63588516092,14
2024-09-17 13:00:22.715,406.7085924461503,9
2024-09-17 13:00:22.751,406.7202008578819,103
2024-09-17 13:00:22.777,406.6458809362172,7
2024-09-17 13:00:22.781,406.6389933374588,1002
2024-09-17 13:00:22.804,406.70548100486087,13
2024-09-17 13:00:22.890,406.71543538205054,101
2024-09-17 13:00:22.920,406.71498689174746,1001
2024-09-17 13:00:22.978,406.6957433552123,12
2024-09-17 13:00:23.100,406.6095558331186,97
2024-09-17 13:00:23.152,406.6479689036059,995
2024-09-17 13:00:23.194,406.6190226650117,996
2024-09-17 13:00:23.255,406.6027493289986,104
2024-09-17 13:00:23.382,406.6351014756602,1005
2024-09-17 13:00:23.641,406.60328124734906,5
2024-09-17 13:00:23.691,40.6638200461306,99
2024-09-17 13:00:23.730,406.6060838275103,996
2024-09-17 13:00:23.799,406.58860210267056,999
2024-09-17 13:00:23.822,406.6228535992311,13
2024-09-17 13:00:23.878,406.652890391861,8
2024-09-17 13:00:23.907,406.59340982255503,102
2024-09-17 13:00:24.002,406.68175229112256,13
2024-09-17 13:00:24.022,,98
2024-09-17 13:00:24.027,406.67319004449854,101
2024-09-17 13:00:24.042,406.6473394074156,997
2024-09-17 13:00:24.418,406.6636366757023,97
2024-09-17 13:00:24.500,406.6743106346568,10
2024-09-17 13:00:24.729,406.66254576091313,104
2024-09-17 13:00:24.739,406.6592790994357,1003
2024-09-17 13:00:25.079,406.7732211367047,100
2024-09-17 13:00:25.126,40.6700478030444,9
2024-09-17 13:00:25.194,406.7135682504492,7
2024-09-17 13:00:25.222,406.7547609261819,11
2024-09-17 13:00:25.353,406.71719393077456,8
2024-09-17 13:00:25.425,406.7053613438864,100
2024-09-17 13:00:25.474,406.6867826022075,996
2024-09-17 13:00:25.501,40.677637750542495,101
2024-09-17 13:00:25.506,406.6783018922567,104
2024-09-17 13:00:25.557,406.720097145271,7
2024-09-17 13:00:25.603,406.711490341444,995
2024-09-17 13:00:25.687,406.6958135161417,102
2024-09-17 13:00:25.847,406.77353397331206,6
2024-09-17 13:00:25.867,406.7405912993924,9
2024-09-17 13:00:25.889,406.75031542017575,97
2024-09-17 13:00:25.890,406.7780828568901,95
2024-09-17 13:00:25.905,406.70412365942735,999
2024-09-17 13:00:26.038,406.7904880507432,1005
2024-09-17 13:00:26.351,406.8111116553205,7
2024-09-17 13:00:26.712,406.830387215211,1000
2024-09-17 13:00:26.875,406.81817020577535,6
2024-09-17 13:00:27.026,406.8066669026336,99
2024-09-17 13:00:27.079,406.80814410814855,999
2024-09-17 13:00:27.167,406.8146862826584,1004
2024-09-17 13:00:27.464,406.790382042548,995
2024-09-17 13:00:27.559,406.7808158991201,95
2024-09-17 13:00:27.696,406.82474551944097,105
2024-09-17 13:00:27.728,406.8109398593682,6
2024-09-17 13:00:27.777,406.8042909117535,104
2024-09-17 13:00:27.820,406.8198828484439,995
2024-09-17 13:00:27.834,406.8127402415023,12
2024-09-17 13:00:28.924,406.7974585594837,6
2024-09-17 13:00:29.062,406.77244462452114,5
2024-09-17 13:00:29.107,406.772109143348,998
2024-09-17 13:00:29.228,406.7681859121541,104
2024-09-17 13:00:29.372,406.7797071140817,1001
2024-09-17 13:00:29.389,406.7677581296077,99
2024-09-17 13:00:29.401,406.78836340219874,103
2024-09-17 13:00:29.417,406.7691144039826,6
2024-09-17 13:00:29.436,406.7659710355105,997
2024-09-17 13:00:29.468,406.771383867054,97
2024-09-17 13:00:29.540,406.77578288615024,15
2024-09-17 13:00:29.544,406.7792081944157,15
2024-09-17 13:00:29.662,406.790280300203,997
2024-09-17 13:00:29.888,406.8022906320141,95
2024-09-17 13:00:29.910,406.7888782348739,101
2024-09-17 13:00:29.967,406.76003179296254,96
2024-09-17 13:00:29.993,406.78056689661616,12
2024-09-17 13:00:30.052,406.7715655315153,99
2024-09-17 13:00:30.185,406.7416681451005,102
2024-09-17 13:00:30.207,406.74145322537936,1005
2024-09-17 13:00:30.271,406.7372956955712,7
2024-09-17 13:00:30.327,406.77011092661473,1001
2024-09-17 13:00:30.370,406.7467860558263,104
2024-09-17 13:00:30.375,406.7194722855375,100
2024-09-17 13:00:30.470,406.7147017903791,103
2024-09-17 13:00:30.539,406.75989300368815,104
2024-09-17 13:00:30.546,406.758625779968,8
2024-09-17 13:00:30.625,406.7650125046007,1004
2024-09-17 13:00:30.669,406.7652321515761,104
2024-09-17 13:00:30.675,406.7592392594505,15
2024-09-17 13:00:30.696,406.7873579995699,7
2024-09-17 13:00:30.718,406.7280067452632,11
2024-09-17 13:00:30.748,406.7159806274678,1004
2024-09-17 13:00:30.823,406.7393863021388,13
2024-09-17 13:00:30.852,406.7810337140797,99
2024-09-17 13:00:30.875,406.775617249268,104
2024-09-17 13:00:30.924,406.73441278674585,5
2024-09-17 13:00:30.936,406.7561849307649,9
2024-09-17 13:00:30.998,406.7912900148818,998
2024-09-17 13:00:31.021,406.77252791734304,99
2024-09-17 13:00:31.049,-406.75564428965015,15
2024-09-17 13:00:31.063,406.7694484312975,102
2024-09-17 13:00:31.117,406.7245205098971,998
2024-09-17 13:00:31.139,406.7798029377767,96
2024-09-17 13:00:31.166,406.7448677946941,7
2024-09-17 13:00:31.172,406.7915158675119,1005
2024-09-17 13:00:31.246,406.7745938786293,1005
2024-09-17 13:00:31.588,406.7865552910866,13
2024-09-17 13:00:31.598,406.77321213186536,1000
2024-09-17 13:00:31.609,406.7515187162628,103
2024-09-17 13:00:31.682,406.75111264513015,996
2024-09-17 13:00:31.733,406.7426631605008,1004
2024-09-17 13:00:31.836,406.7849919896215,12
2024-09-17 13:00:31.836,406.7364812363745,9
2024-09-17 13:00:31.883,,5
2024-09-17 13:00:31.900,406.7467178891987,8
2024-09-17 13:00:31.910,406.72676989585887,995
2024-09-17 13:00:31.988,406.73703479914224,7
2024-09-17 13:00:32.073,406.7446514041463,997
2024-09-17 13:00:32.092,406.75612019688873,7
2024-09-17 13:00:32.167,406.7672437531028,1004
2024-09-17 13:00:32.191,406.7705037314097,1002
2024-09-17 13:00:32.212,,14
2024-09-17 13:00:32.218,406.7431813717311,998
2024-09-17 13:00:32.229,406.7606082425604,995
2024-09-17 13:00:32.289,406.745466276731,7
2024-09-17 13:00:32.377,406.7846536289458,98
2024-09-17 13:00:32.645,406.7768156830392,105
2024-09-17 13:00:32.664,406.7709383234593,99
2024-09-17 13:00:32.682,406.74220065234505,996
2024-09-17 13:00:32.741,406.778873897475,8
2024-09-17 13:00:32.742,406.75791389750657,100
2024-09-17 13:00:32.786,406.75685805884825,997
2024-09-17 13:00:32.797,406.7516472924655,995
2024-09-17 13:00:32.898,406.7724671146138,101
2024-09-17 13:00:32.906,406.7356691722477,14
2024-09-17 13:00:32.931,406.7513781774966,1002
2024-09-17 13:00:32.994,406.77349422680334,96
2024-09-17 13:00:33.131,406.7358175494185,12
2024-09-17 13:00:33.357,406.75570584369046,11
2024-09-17 13:00:33.430,406.7265389803705,9
2024-09-17 13:00:34.016,406.7845138564059,1000
2024-09-17 13:00:34.033,406.73885027237145,99
2024-09-17 13:00:34.101,406.7599528490583,15
2024-09-17 13:00:34.108,406.7471113717899,102
2024-09-17 13:00:34.206,406.7443691890484,15
2024-09-17 13:00:34.229,406.748201250796,97
2024-09-17 13:00:34.265,406.7831861744401,995
2024-09-17 13:00:34.291,406.7912266462829,1003
2024-09-17 13:00:34.347,406.769683467924,99
2024-09-17 13:00:34.364,406.7509686141492,995
2024-09-17 13:00:34.381,406.7587204453749,105
2024-09-17 13:00:34.412,406.7441600452624,101
2024-09-17 13:00:34.498,406.7767543678901,1004
2024-09-17 13:00:34.550,406.7732082270851,1004
2024-09-17 13:00:34.610,406.7867792277235,1005
2024-09-17 13:00:34.645,406.7466667485681,999
2024-09-17 13:00:34.666,406.7735308519257,1002
2024-09-17 13:00:34.681,406.7600280127126,11
2024-09-17 13:00:34.733,406.77649761605335,100
2024-09-17 13:00:34.850,406.7914419556676,101
2024-09-17 13:00:34.964,406.7402587033101,7
2024-09-17 13:00:35.001,406.7777803637826,15
2024-09-17 13:00:35.029,,9
2024-09-17 13:00:35.033,406.8370651109228,997
2024-09-17 13:00:35.054,406.7878234997034,1001
2024-09-17 13:00:35.086,406.79059351900975,10
2024-09-17 13:00:35.108,406.79696240577647,995
2024-09-17 13:00:35.149,40.68247501037895,996
2024-09-17 13:00:35.186,406.7955104889856,12
2024-09-17 13:00:35.187,406.8183886040846,96
2024-09-17 13:00:35.195,406.80712660414287,1003
2024-09-17 13:00:35.227,406.7864273711748,11
2024-09-17 13:00:35.332,406.8403573727647,1000
2024-09-17 13:00:35.332,406.792980173844,1000
2024-09-17 13:00:35.365,406.808870621134,997
2024-09-17 13:00:35.400,406.7973280972333,5
2024-09-17 13:00:35.463,406.80547559003486,104
2024-09-17 13:00:35.506,406.7776407377208,995
2024-09-17 13:00:35.548,406.7688283633517,11
2024-09-17 13:00:35.564,406.8230671726011,1004
2024-09-17 13:00:35.603,406.79479368926286,7
2024-09-17 13:00:35.699,406.7914896876368,97
2024-09-17 13:00:35.734,406.787681647436,1003
2024-09-17 13:00:35.780,406.7893140173639,999
2024-09-17 13:00:35.839,406.77224520069217,104
2024-09-17 13:00:35.894,406.7890068495299,102
2024-09-17 13:00:35.929,406.7727069058027,7
2024-09-17 13:00:36.189,406.7629366797457,100
2024-09-17 13:00:36.342,406.7994830913062,102
2024-09-17 13:00:36.350,406.7770194627777,97
2024-09-17 13:00:36.359,406.7693348234275,995
2024-09-17 13:00:36.361,406.7739905202552,101
2024-09-17 13:00:36.426,406.7645364769732,98
2024-09-17 13:00:36.550,406.80296994694993,101
2024-09-17 13:00:36.558,406.78072580371753,1003
2024-09-17 13:00:36.607,406.758457896464,97
2024-09-17 13:00:36.631,406.7654935147224,96
2024-09-17 13:00:36.683,406.7749575525005,1003
2024-09-17 13:00:36.695,406.7519725038545,102
2024-09-17 13:00:36.713,406.7883378165449,7
2024-09-17 13:00:36.742,406.7692257023037,101
2024-09-17 13:00:36.815,406.7737476764258,1005
2024-09-17 13:00:36.827,406.7526408152884,97
2024-09-17 13:00:36.914,406.7996076545906,14
2024-09-17 13:00:37.045,406.7811100032277,997
2024-09-17 13:00:37.122,406.801316070984,104
2024-09-17 13:00:37.151,406.7719131354926,1004
2024-09-17 13:00:37.288,406.780166665555,8
2024-09-17 13:00:37.289,406.8093061759434,997
2024-09-17 13:00:37.294,406.7921915288248,11
2024-09-17 13:00:37.294,406.7826471078012,13
2024-09-17 13:00:37.333,406.7793846387127,997
2024-09-17 13:00:37.352,406.78259163849066,995
2024-09-17 13:00:37.367,406.7585857403891,14
2024-09-17 13:00:37.449,406.7848655676751,95
2024-09-17 13:00:37.450,406.7767797692636,1001
2024-09-17 13:00:37.518,406.7828373317303,6
2024-09-17 13:00:37.552,406.76390635261504,999
2024-09-17 13:00:37.576,406.7863956613969,1002
2024-09-17 13:00:37.584,406.7569703482867,7
2024-09-17 13:00:37.621,406.76545350641305,998
2024-09-17 13:00:37.744,406.7941496514241,10
2024-09-17 13:00:37.761,406.8011422053966,103
2024-09-17 13:00:37.811,406.7995819329819,10
2024-09-17 13:00:37.859,406.8016832316375,1002
2024-09-17 13:00:37.920,406.7918615558456,15
2024-09-17 13:00:37.966,406.811979238116,12
2024-09-17 13:00:38.007,406.8371021910358,95
2024-09-17 13:00:38.020,406.86466364884177,101
2024-09-17 13:00:38.026,406.82182246516095,1005
2024-09-17 13:00:38.044,406.85527029856223,1001
2024-09-17 13:00:38.163,406.8470067349509,95
2024-09-17 13:00:38.199,406.84359588454873,7
2024-09-17 13:00:38.277,406.82353494762623,1003
2024-09-17 13:00:38.432,406.8266948591102,996
2024-09-17 13:00:38.460,406.81338249465176,99
2024-09-17 13:00:38.491,406.82345061854033,10
2024-09-17 13:00:38.508,406.8282903263857,97
2024-09-17 13:00:38.581,406.8330090611818,15
2024-09-17 13:00:38.606,406.8296656026929,95
2024-09-17 13:00:38.640,406.8434338196126,101
2024-09-17 13:00:38.748,406.8816291279216,96
2024-09-17 13:00:38.776,406.8315638227409,98
2024-09-17 13:00:38.792,406.8367071871537,1001
2024-09-17 13:00:38.828,406.8261789444642,10
2024-09-17 13:00:38.978,406.83522180248633,99
2024-09-17 13:00:39.087,406.8698989756085,999
2024-09-17 13:00:39.260,406.8651887685208,997
2024-09-17 13:00:39.264,406.8624232429302,999
2024-09-17 13:00:39.289,406.869689737497,96
2024-09-17 13:00:39.309,406.9045792713597,10
2024-09-17 13:00:39.777,40.6886008621248,97
2024-09-17 13:00:39.977,406.8634814146015,10
2024-09-17 13:00:40.038,406.8969043506024,1003
2024-09-17 13:00:40.103,406.9084465849635,1000
2024-09-17 13:00:40.309,406.9091364222587,997
2024-09-17 13:00:40.345,406.89015040708944,99
2024-09-17 13:00:40.360,406.8723491362202,9
2024-09-17 13:00:40.425,406.89310626497024,100
2024-09-17 13:00:40.448,406.8962929441702,999
2024-09-17 13:00:40.482,406.9284277392108,98
2024-09-17 13:00:40.502,406.8736119964771,996
2024-09-17 13:00:40.588,406.90912737078895,995
2024-09-17 13:00:40.603,406.9067848785827,15
2024-09-17 13:00:40.612,406.8919343799552,95
2024-09-17 13:00:40.654,406.8996440902739,102
2024-09-17 13:00:40.712,406.8831741047511,1002
2024-09-17 13:00:40.733,406.92758791685407,97
2024-09-17 13:00:40.847,406.9006727236988,999
2024-09-17 13:00:40.926,406.9103483107758,995
2024-09-17 13:00:40.930,406.91555352092576,105
2024-09-17 13:00:41.366,406.8869869018996,996
2024-09-17 13:00:41.480,406.9137522992693,100
2024-09-17 13:00:41.484,406.8885737684222,95
2024-09-17 13:00:41.578,406.8849037578211,5
2024-09-17 13:00:41.581,406.8968827366921,1001
2024-09-17 13:00:41.610,406.9092046096746,1005
2024-09-17 13:00:41.741,406.9153137002947,104
2024-09-17 13:00:41.822,406.8977837938552,14
2024-09-17 13:00:41.890,406.91575324400645,9
2024-09-17 13:00:41.974,406.8965572373144,998
2024-09-17 13:00:42.041,406.8938015699952,103
2024-09-17 13:00:42.078,406.8921532488863,102
2024-09-17 13:00:42.105,406.9000417839736,1004
2024-09-17 13:00:42.113,406.8813904926709,102
2024-09-17 13:00:42.115,406.9158307400455,1004
2024-09-17 13:00:42.164,406.881386586206,15
2024-09-17 13:00:42.217,406.85196828548544,99
2024-09-17 13:00:42.256,406.9069618128888,997
2024-09-17 13:00:42.313,406.889943849863,7
2024-09-17 13:00:42.428,406.9075494054908,14
2024-09-17 13:00:42.441,406.9134774522728,12
2024-09-17 13:00:42.517,406.8243799721226,11
2024-09-17 13:00:42.518,406.89767966789367,98
2024-09-17 13:00:42.538,406.92091063117846,1002
2024-09-17 13:00:42.630,406.9122433847089,105
2024-09-17 13:00:42.657,406.908029367916,997
2024-09-17 13:00:42.715,406.9177389949394,96
2024-09-17 13:00:42.725,406.86033458446894,11
2024-09-17 13:00:42.741,406.8860915458309,97
2024-09-17 13:00:42.744,,995
2024-09-17 13:00:42.774,406.84382211941227,8
2024-09-17 13:00:42.801,406.885109816824,12
2024-09-17 13:00:42.817,406.9026294712236,96
2024-09-17 13:00:42.867,406.9140033796664,1003
2024-09-17 13:00:42.881,406.9038862405759,999
2024-09-17 13:00:42.884,406.9218437023367,9
2024-09-17 13:00:42.917,406.8889481972524,995
2024-09-17 13:00:43.087,40.6807198221766,5
2024-09-17 13:00:43.148,406.81038867454254,1000
2024-09-17 13:00:43.311,406.8591405446324,100
2024-09-17 13:00:43.364,406.835471395576,101
2024-09-17 13:00:43.483,406.8688070393182,1001
2024-09-17 13:00:43.542,406.8120758578646,1002
2024-09-17 13:00:43.614,406.8694538564456,997
2024-09-17 13:00:43.700,406.8705295807509,7
2024-09-17 13:00:43.807,406.8475572529677,6
2024-09-17 13:00:43.962,406.82795571634296,999
2024-09-17 13:00:44.068,406.9146641744103,14
2024-09-17 13:00:44.120,406.9424646784291,997
2024-09-17 13:00:44.132,406.9289558971949,97
2024-09-17 13:00:44.188,406.9267911155725,13
2024-09-17 13:00:44.327,406.9270362887766,10
2024-09-17 13:00:44.330,40.690366346715535,9
2024-09-17 13:00:44.353,406.9007071702124,5
2024-09-17 13:00:44.366,406.9315805646,105
2024-09-17 13:00:44.455,406.8753330705076,95
2024-09-17 13:00:44.695,406.9298923602081,98
2024-09-17 13:00:44.721,406.8690344994574,6
2024-09-17 13:00:44.742,406.9203522648185,101
2024-09-17 13:00:44.860,406.9269885398487,1005
2024-09-17 13:00:44.994,406.9243195287035,1001
2024-09-17 13:00:45.015,406.9150895432937,1005
2024-09-17 13:00:45.506,406.9398208556471,1005
2024-09-17 13:00:45.841,406.92077605954194,995
2024-09-17 13:00:45.929,406.917721504865,100
2024-09-17 13:00:46.031,406.94890255444665,15
2024-09-17 13:00:46.041,406.8924397736831,7
2024-09-17 13:00:46.115,406.9489812238479,995
2024-09-17 13:00:46.123,406.9038299305672,14
2024-09-17 13:00:46.137,406.9276829756063,1002
2024-09-17 13:00:46.166,406.94951516358645,998
2024-09-17 13:00:46.223,406.970148371288,5
2024-09-17 13:00:46.237,406.95560131299857,103
2024-09-17 13:00:46.279,406.885445967445,1003
2024-09-17 13:00:46.350,406.9527078613278,104
2024-09-17 13:00:46.372,406.9322343707361,98
2024-09-17 13:00:46.391,-406.9821520799524,98
2024-09-17 13:00:46.461,406.9264563373131,9
2024-09-17 13:00:46.482,406.907807501327,7
2024-09-17 13:00:46.526,406.9268861019445,7
2024-09-17 13:00:46.590,406.9085030126033,100
2024-09-17 13:00:46.623,406.9027187251077,9
2024-09-17 13:00:46.675,406.91294269923367,104
2024-09-17 13:00:46.692,406.9292562625597,96
2024-09-17 13:00:46.778,406.97213822591215,1003
2024-09-17 13:00:46.804,406.95127548307937,98
2024-09-17 13:00:46.825,406.95675749758266,103
2024-09-17 13:00:46.850,406.9204096750301,1002
2024-09-17 13:00:46.852,406.9135503159747,9
2024-09-17 13:00:46.872,406.9294270536262,95
2024-09-17 13:00:46.889,406.9434955384038,11
2024-09-17 13:00:46.956,406.9731210814716,102
2024-09-17 13:00:47.637,406.9091511939391,6
2024-09-17 13:00:47.790,406.9050730075543,7
2024-09-17 13:00:48.054,406.8483971170059,10
2024-09-17 13:00:48.120,406.8590923143539,96
2024-09-17 13:00:48.224,406.8875051876344,1005
2024-09-17 13:00:48.345,406.84084959367794,102
2024-09-17 13:00:48.372,406.90812801697297,105
2024-09-17 13:00:48.389,406.87746038275367,996
2024-09-17 13:00:48.434,406.85206614662206,96
2024-09-17 13:00:48.573,406.87259030457614,12
2024-09-17 13:00:48.705,406.90723091161,14
2024-09-17 13:00:48.732,406.849595276043,99
2024-09-17 13:00:48.818,406.8518683821911,95
2024-09-17 13:00:49.031,406.8717173571987,102
2024-09-17 13:00:49.287,406.8494159399448,98
2024-09-17 13:00:49.314,406.86334913712034,102
2024-09-17 13:00:49.398,406.8746087865394,997
2024-09-17 13:00:49.417,406.87533484799167,103
2024-09-17 13:00:49.432,406.8684984266213,5
2024-09-17 13:00:49.532,406.8639329774155,15
2024-09-17 13:00:49.584,406.8747202048618,101
2024-09-17 13:00:49.632,406.870964723729,998
2024-09-17 13:00:49.818,406.8804176241299,95
2024-09-17 13:00:49.888,406.87767855910994,1001
2024-09-17 13:00:49.906,406.87185740860144,1000
2024-09-17 13:00:49.935,406.8723342316072,5
2024-09-17 13:00:49.940,406.8825041601271,997
2024-09-17 13:00:50.088,406.8887978601192,101
2024-09-17 13:00:50.191,406.8627810376742,9
2024-09-17 13:00:50.235,406.8779073428743,15
2024-09-17 13:00:50.242,406.8797199036634,1005
2024-09-17 13:00:50.517,406.8754509234124,100
2024-09-17 13:00:50.526,406.88126528799074,104
2024-09-17 13:00:50.577,406.87922201868906,996
2024-09-17 13:00:50.600,406.88445016476754,995
2024-09-17 13:00:50.643,406.8715926393088,15
2024-09-17 13:00:50.669,406.8781408116748,5
2024-09-17 13:00:50.737,406.8767221863185,100
2024-09-17 13:00:50.816,406.8728657569805,100
2024-09-17 13:00:50.866,406.8671905691735,98
2024-09-17 13:00:50.913,406.876235878087,7
2024-09-17 13:00:50.922,406.8886082240063,99
2024-09-17 13:00:51.017,406.894446429788,103
2024-09-17 13:00:51.247,406.8735605267631,997
2024-09-17 13:00:51.273,406.8592830089676,104
2024-09-17 13:00:51.326,406.8808356356472,1003
2024-09-17 13:00:51.436,406.8680307512854,6
2024-09-17 13:00:51.458,406.8779451365559,995
2024-09-17 13:00:51.561,406.883394922328,1003
2024-09-17 13:00:51.663,406.8635991199415,98
2024-09-17 13:00:51.771,406.8698155444464,10
2024-09-17 13:00:51.893,406.8672954894275,8
2024-09-17 13:00:51.893,406.88671668313424,1002
2024-09-17 13:00:51.924,406.8474683814092,104
2024-09-17 13:00:52.251,406.8711086077663,996
2024-09-17 13:00:52.482,406.8705337649914,1002
2024-09-17 13:00:52.492,406.886015407374,104
2024-09-17 13:00:52.677,406.8824871411412,98
2024-09-17 13:00:52.966,406.8890595621678,11
2024-09-17 13:00:52.992,406.8732271303534,96
2024-09-17 13:00:53.042,406.85239172673135,98
2024-09-17 13:00:53.050,406.8661065243485,997
2024-09-17 13:00:53.105,406.85645395265857,102
2024-09-17 13:00:53.135,406.8270331923262,14
2024-09-17 13:00:53.137,406.8596490663159,99
2024-09-17 13:00:53.199,406.87438813403855,103
2024-09-17 13:00:53.204,406.8745118425049,103
2024-09-17 13:00:53.231,406.8699799171546,15
2024-09-17 13:00:53.267,406.85128035547007,999
2024-09-17 13:00:53.351,406.8799810099655,6
2024-09-17 13:00:53.440,406.8694429220008,1005
2024-09-17 13:00:53.448,406.8599693742495,15
2024-09-17 13:00:53.674,406.8590718442953,96
2024-09-17 13:00:53.745,406.8654663561684,15
2024-09-17 13:00:54.547,406.83343853621056,995
2024-09-17 13:00:54.972,406.8452369086049,1005
2024-09-17 13:00:55.006,406.77347717026726,6
2024-09-17 13:00:55.065,406.8019455842178,1002
2024-09-17 13:00:55.075,406.7822973774408,1005
2024-09-17 13:00:55.088,406.8197458502021,7
2024-09-17 13:00:55.138,406.7830169175399,9
2024-09-17 13:00:55.138,406.79650936933086,101
2024-09-17 13:00:55.182,406.8076387222621,5
2024-09-17 13:00:55.209,406.7921721734564,999
2024-09-17 13:00:55.271,406.7887747595946,6
2024-09-17 13:00:55.286,406.784409631044,104
2024-09-17 13:00:55.377,406.8131812964408,998
2024-09-17 13:00:55.404,406.8098890406966,12
2024-09-17 13:00:55.426,406.8103875975495,13
2024-09-17 13:00:55.461,40.678621127737046,7
2024-09-17 13:00:55.461,406.8104396204323,5
2024-09-17 13:00:55.607,406.787022999952,98
2024-09-17 13:00:55.618,406.80270812148,5
2024-09-17 13:00:55.635,406.80083555165606,96
2024-09-17 13:00:55.700,40.67913312081655,101
2024-09-17 13:00:55.719,406.8157648047883,12
2024-09-17 13:00:55.732,406.7810815164671,11
2024-09-17 13:00:55.733,406.7832731727335,996
2024-09-17 13:00:55.747,406.8104934631333,997
2024-09-17 13:00:55.761,406.7835845071807,5
2024-09-17 13:00:55.805,406.7757997302351,6
2024-09-17 13:00:55.839,406.79808117693904,15
2024-09-17 13:00:55.843,406.7876903857321,95
2024-09-17 13:00:55.849,406.7899691804776,1003
2024-09-17 13:00:55.910,406.7799180261953,101
2024-09-17 13:00:55.962,406.7882393751245,104
2024-09-17 13:00:56.064,406.7957907226794,995
2024-09-17 13:00:56.215,406.7965988601562,103
2024-09-17 13:00:56.224,406.7702366884304,12
2024-09-17 13:00:56.237,406.7930711373493,1001
2024-09-17 13:00:56.316,406.789909725651,1003
2024-09-17 13:00:56.420,406.8018957966631,104
2024-09-17 13:00:56.453,406.7641161665202,1000
2024-09-17 13:00:56.591,406.7874883026502,996
2024-09-17 13:00:56.614,406.7834969273607,95
2024-09-17 13:00:56.665,406.78691172531165,97
2024-09-17 13:00:56.858,406.7824620530971,104
2024-09-17 13:00:57.016,406.7607836825797,997
2024-09-17 13:00:57.085,406.75292337038064,101
2024-09-17 13:00:57.174,406.761400768656,99
2024-09-17 13:00:57.180,406.752058542047,101
2024-09-17 13:00:57.205,406.7507233197039,11
2024-09-17 13:00:57.778,406.7799851475545,101
2024-09-17 13:00:57.814,406.770272692336,1004
2024-09-17 13:00:58.124,406.72014905732607,7
2024-09-17 13:00:58.136,406.7406770718072,15
2024-09-17 13:00:58.167,406.7358343295329,999
2024-09-17 13:00:58.305,406.72528612613104,14
2024-09-17 13:00:58.326,406.7333176081696,97
2024-09-17 13:00:58.341,406.7378216078103,97
2024-09-17 13:00:58.371,406.7257259199034,101
2024-09-17 13:00:58.414,406.7353247485563,1004
2024-09-17 13:00:58.485,406.7230958810682,98
2024-09-17 13:00:58.495,406.7242811884921,7
2024-09-17 13:00:58.531,406.7145136900733,7
2024-09-17 13:00:58.549,406.7399323715583,7
2024-09-17 13:00:58.653,406.7236786810574,1000
2024-09-17 13:00:58.778,406.7461383006437,97
2024-09-17 13:00:58.786,406.7239629295914,95
2024-09-17 13:00:58.795,406.7455911953082,996
2024-09-17 13:00:58.819,406.7433155965185,97
2024-09-17 13:00:58.844,406.7418539889495,998
2024-09-17 13:00:58.873,406.71651304449,1005
2024-09-17 13:00:58.880,406.7414726185286,11
2024-09-17 13:00:58.909,406.7282808522305,13
2024-09-17 13:00:58.912,406.7370558454512,15
2024-09-17 13:00:58.983,406.75396243059305,99
2024-09-17 13:00:59.027,406.7350645188287,998
2024-09-17 13:00:59.096,406.719492895043,1005
2024-09-17 13:00:59.124,406.7323279700085,15
2024-09-17 13:00:59.158,406.71216710260455,11
2024-09-17 13:00:59.262,406.7432321120732,997
2024-09-17 13:00:59.328,406.751313546748,7
2024-09-17 13:00:59.347,406.7631193871286,8
2024-09-17 13:00:59.423,406.74200524852847,14
2024-09-17 13:00:59.446,406.74905919541817,102
2024-09-17 13:00:59.465,406.77790958004647,1000
2024-09-17 13:00:59.481,406.76306760109946,96
2024-09-17 13:00:59.484,406.742309884728,9
2024-09-17 13:00:59.500,406.74354888077215,95
2024-09-17 13:00:59.576,406.730236395908,102
2024-09-17 13:00:59.622,406.761265871645,1002
2024-09-17 13:00:59.679,406.7398763427912,999
2024-09-17 13:00:59.689,406.75192684628297,96
2024-09-17 13:00:59.745,406.77230450121993,7
2024-09-17 13:00:59.790,406.7311378606181,998
2024-09-17 13:00:59.791,406.7261285479207,10
2024-09-17 13:00:59.803,406.775278740953,5
2024-09-17 13:00:59.827,406.74827642699,1002
2024-09-17 13:00:59.828,406.7403283081323,995
2024-09-17 13:00:59.852,406.761988531276,96
2024-09-17 13:00:59.866,406.78104265950174,95
2024-09-17 13:00:59.898,406.714396273177,14
2024-09-17 13:00:59.984,406.71051358422176,1000
2024-09-17 13:00:59.995,406.7590508117372,1004
