Timestamp,Price,Size
2024-09-17 12:09:00.827,410.5514259304651,1002
2024-09-17 12:09:01.044,410.5638165243953,12
2024-09-17 12:09:01.195,410.5912551708964,95
2024-09-17 12:09:01.436,410.5768539081324,11
2024-09-17 12:09:01.436,410.5608940583641,96
2024-09-17 12:09:01.556,410.5466526001216,12
2024-09-17 12:09:01.620,410.5540475499362,995
2024-09-17 12:09:01.685,410.5573132684865,103
2024-09-17 12:09:01.721,410.5619264314476,6
2024-09-17 12:09:01.765,410.5871027779731,1004
2024-09-17 12:09:01.784,410.5431699791072,1004
2024-09-17 12:09:01.797,410.5515711592128,14
2024-09-17 12:09:01.798,410.5373261116599,997
2024-09-17 12:09:01.801,410.56040404181977,14
2024-09-17 12:09:01.908,410.5579423336883,1005
2024-09-17 12:09:02.033,410.55392062945816,10
2024-09-17 12:09:02.036,410.57346764500505,6
2024-09-17 12:09:02.074,410.5468320622153,95
2024-09-17 12:09:02.119,410.6029604731053,1000
2024-09-17 12:09:02.143,410.5692837384524,104
2024-09-17 12:09:02.176,410.59415939606447,996
2024-09-17 12:09:02.523,410.5482012389061,8
2024-09-17 12:09:02.533,410.5950309887195,997
2024-09-17 12:09:02.554,410.5650298832612,12
2024-09-17 12:09:02.618,410.5479144118239,95
2024-09-17 12:09:02.678,410.5553893933164,96
2024-09-17 12:09:02.698,410.5765379100727,103
2024-09-17 12:09:02.717,,101
2024-09-17 12:09:02.862,410.5624064746869,1002
2024-09-17 12:09:02.905,410.5907496262237,15
2024-09-17 12:09:02.954,410.5327439902057,995
2024-09-17 12:09:03.108,41.05984359572117,7
2024-09-17 12:09:03.172,410.5950375935594,103
2024-09-17 12:09:03.354,410.58223928114415,103
2024-09-17 12:09:03.485,410.5793280251806,995
2024-09-17 12:09:03.510,410.5869363474466,998
2024-09-17 12:09:03.625,410.60496899818907,997
2024-09-17 12:09:03.696,410.60075169504137,14
2024-09-17 12:09:03.740,410.5963688821435,1001
2024-09-17 12:09:03.851,410.5849585091417,104
2024-09-17 12:09:03.908,410.60805959811006,95
2024-09-17 12:09:03.995,410.5982855933576,103
2024-09-17 12:09:04.167,410.56989938833294,15
2024-09-17 12:09:04.471,410.5686115943058,997
2024-09-17 12:09:04.481,410.58123433517966,101
2024-09-17 12:09:04.505,410.57185545107535,96
2024-09-17 12:09:04.530,410.5676588706624,1000
2024-09-17 12:09:04.583,410.5581237899325,100
2024-09-17 12:09:06.431,410.5813457416165,100
2024-09-17 12:09:06.790,410.5927304628594,99
2024-09-17 12:09:07.019,410.57631020229405,8
2024-09-17 12:09:07.117,410.58540628407167,6
2024-09-17 12:09:07.205,410.5853252428118,99
2024-09-17 12:09:07.346,410.55912415523073,8
2024-09-17 12:09:07.351,410.5849779754673,99
2024-09-17 12:09:07.356,410.560920724687,96
2024-09-17 12:09:07.378,410.5808914130042,1004
2024-09-17 12:09:07.408,410.5880696750856,104
2024-09-17 12:09:07.411,410.5669493308781,97
2024-09-17 12:09:07.418,41.05616175001834,100
2024-09-17 12:09:07.725,410.5726236798714,1001
2024-09-17 12:09:07.741,410.5384343393948,11
2024-09-17 12:09:07.741,41.05791364512274,5
2024-09-17 12:09:07.812,410.5704510460951,998
2024-09-17 12:09:07.824,410.5638415499304,96
2024-09-17 12:09:07.843,410.5835159796399,11
2024-09-17 12:09:07.881,410.535420475536,10
2024-09-17 12:09:07.954,410.5695051243322,11
2024-09-17 12:09:07.969,410.5851713456811,101
2024-09-17 12:09:08.089,410.4940011084736,13
2024-09-17 12:09:08.114,410.4985090061152,98
2024-09-17 12:09:08.125,410.5349266318286,1003
2024-09-17 12:09:08.162,410.5162489806987,96
2024-09-17 12:09:08.214,410.5403317725014,1001
2024-09-17 12:09:08.301,410.57637438925696,15
2024-09-17 12:09:08.356,410.54752700186106,12
2024-09-17 12:09:08.379,410.5453659029618,9
2024-09-17 12:09:08.402,410.492261085315,95
2024-09-17 12:09:08.465,410.5200757139774,97
2024-09-17 12:09:08.465,410.548401621028,1005
2024-09-17 12:09:08.484,410.5167035095059,14
2024-09-17 12:09:08.491,410.4873977062379,105
2024-09-17 12:09:08.723,410.4987941484368,1003
2024-09-17 12:09:08.862,410.52724192707257,998
2024-09-17 12:09:08.879,410.5337964211864,9
2024-09-17 12:09:08.949,410.5749553953455,1005
2024-09-17 12:09:09.196,410.5275721709859,9
2024-09-17 12:09:09.199,410.5334356667757,995
2024-09-17 12:09:09.466,410.5466687582386,998
2024-09-17 12:09:09.507,410.541711045314,6
2024-09-17 12:09:09.706,410.5476812320136,1002
2024-09-17 12:09:09.972,410.5565782258119,96
2024-09-17 12:09:10.016,410.534177903269,1000
2024-09-17 12:09:10.061,410.5557470691869,98
2024-09-17 12:09:10.154,410.555654408189,98
2024-09-17 12:09:10.222,410.54809348568176,1005
2024-09-17 12:09:10.243,410.556194130168,8
2024-09-17 12:09:10.355,410.5673439376884,13
2024-09-17 12:09:10.371,410.5770476313812,102
2024-09-17 12:09:10.425,410.5565021350323,98
2024-09-17 12:09:10.495,410.5585298238176,103
2024-09-17 12:09:10.584,410.5295264037386,98
2024-09-17 12:09:10.587,410.53144076850685,1000
2024-09-17 12:09:10.615,410.4929579354272,995
2024-09-17 12:09:10.648,410.5293313500116,1004
2024-09-17 12:09:10.665,410.52968960886943,5
2024-09-17 12:09:10.687,410.5486082398688,1002
2024-09-17 12:09:10.746,410.5516938233665,101
2024-09-17 12:09:10.853,410.553741589148,99
2024-09-17 12:09:10.908,410.5185958790925,996
2024-09-17 12:09:10.915,410.5287483007544,101
2024-09-17 12:09:10.993,410.51107039682506,99
2024-09-17 12:09:11.047,410.5562520578621,5
2024-09-17 12:09:11.225,410.5771818841862,9
2024-09-17 12:09:11.245,410.5099137924092,9
2024-09-17 12:09:11.413,410.5644046379809,14
2024-09-17 12:09:11.422,410.5534115522894,101
2024-09-17 12:09:11.444,410.57288441653,1003
2024-09-17 12:09:11.489,410.5747606890704,15
2024-09-17 12:09:11.507,410.52237858217165,98
2024-09-17 12:09:11.609,410.5260290058588,13
2024-09-17 12:09:11.641,410.5591417723329,14
2024-09-17 12:09:11.737,410.55262363485616,96
2024-09-17 12:09:11.739,410.5341271051302,14
2024-09-17 12:09:11.868,410.5376285154948,105
2024-09-17 12:09:11.941,410.5342108234501,103
2024-09-17 12:09:11.988,,9
2024-09-17 12:09:12.077,410.56344830869983,102
2024-09-17 12:09:12.107,410.5484132526671,12
2024-09-17 12:09:12.121,410.576222048026,11
2024-09-17 12:09:12.139,410.5285201742432,97
2024-09-17 12:09:12.187,410.5228520178793,998
2024-09-17 12:09:12.241,410.554831276373,104
2024-09-17 12:09:12.319,410.53907713424366,102
2024-09-17 12:09:12.334,410.5866339176356,14
2024-09-17 12:09:12.416,410.5189014320224,7
2024-09-17 12:09:12.439,410.56974003887353,103
2024-09-17 12:09:12.481,410.5678397298623,1004
2024-09-17 12:09:12.505,410.5793304346647,11
2024-09-17 12:09:12.529,410.5236928888213,100
2024-09-17 12:09:12.531,410.5759655013328,11
2024-09-17 12:09:12.560,410.5724844444413,97
2024-09-17 12:09:12.568,410.52347837087706,11
2024-09-17 12:09:12.583,410.5249707607582,103
2024-09-17 12:09:12.584,410.5061888481768,100
2024-09-17 12:09:12.717,410.5181005954469,104
2024-09-17 12:09:12.745,410.5089759093668,105
2024-09-17 12:09:12.752,410.521218321664,96
2024-09-17 12:09:12.765,410.5422500703512,12
2024-09-17 12:09:12.792,410.5356243779949,1002
2024-09-17 12:09:12.798,410.5126983754693,1002
2024-09-17 12:09:12.812,410.56705452615535,100
2024-09-17 12:09:12.989,410.5469525322649,100
2024-09-17 12:09:13.242,410.5916625740447,102
2024-09-17 12:09:13.308,410.5996163840181,103
2024-09-17 12:09:13.308,410.6021333751765,96
2024-09-17 12:09:13.495,410.5922430852655,1001
2024-09-17 12:09:13.526,410.61549852508455,1001
2024-09-17 12:09:13.662,410.62101505395873,105
2024-09-17 12:09:13.789,410.61596148107753,101
2024-09-17 12:09:13.803,410.6138292740749,98
2024-09-17 12:09:13.815,410.63257573773416,11
2024-09-17 12:09:13.968,410.616241304521,1005
2024-09-17 12:09:13.993,410.58678691174606,1004
2024-09-17 12:09:14.069,410.61052870717486,1005
2024-09-17 12:09:14.116,410.6099514063613,8
2024-09-17 12:09:14.154,410.60515123626527,104
2024-09-17 12:09:14.167,410.6740207956268,98
2024-09-17 12:09:14.301,410.6661286748287,1003
2024-09-17 12:09:14.315,410.6571949768776,1002
2024-09-17 12:09:14.359,410.6273358506722,99
2024-09-17 12:09:14.365,410.6424970663515,103
2024-09-17 12:09:14.443,410.6359045562414,105
2024-09-17 12:09:14.483,410.6563157008609,12
2024-09-17 12:09:14.662,410.6134894049419,98
2024-09-17 12:09:14.769,410.6767483454991,100
2024-09-17 12:09:14.891,41.0675494790817,995
2024-09-17 12:09:14.924,410.64965369093176,7
2024-09-17 12:09:14.937,410.65065448899367,104
2024-09-17 12:09:15.115,410.6144971104467,999
2024-09-17 12:09:15.229,410.5357585721868,1000
2024-09-17 12:09:15.249,410.5381114226655,1000
2024-09-17 12:09:15.250,410.618490409473,1004
2024-09-17 12:09:15.258,410.6156204585323,1005
2024-09-17 12:09:15.352,410.6074177615823,9
2024-09-17 12:09:15.394,410.6003889723872,12
2024-09-17 12:09:15.426,410.59971341285706,1001
2024-09-17 12:09:15.443,410.5521134006926,96
2024-09-17 12:09:15.632,410.5973377680806,11
2024-09-17 12:09:15.679,410.5463089887232,1004
2024-09-17 12:09:15.690,410.5943425572382,10
2024-09-17 12:09:15.714,410.62131507351,1001
2024-09-17 12:09:15.764,410.5992448722037,12
2024-09-17 12:09:15.777,410.6131510562373,100
2024-09-17 12:09:15.787,410.57591122439766,1005
2024-09-17 12:09:15.815,410.61366660872505,1000
2024-09-17 12:09:15.824,,96
2024-09-17 12:09:15.835,410.6144704934924,1000
2024-09-17 12:09:15.839,410.5744773735872,1003
2024-09-17 12:09:15.905,410.53844486546353,13
2024-09-17 12:09:15.957,410.5389500947168,101
2024-09-17 12:09:15.987,410.5821462075011,99
2024-09-17 12:09:16.005,410.5477103981286,12
2024-09-17 12:09:16.155,410.5638487041151,995
2024-09-17 12:09:16.160,410.5579439861352,101
2024-09-17 12:09:16.193,410.5570437147858,104
2024-09-17 12:09:16.283,410.5663358476035,95
2024-09-17 12:09:16.316,410.5420686217224,10
2024-09-17 12:09:16.651,410.5675885271342,13
2024-09-17 12:09:16.910,410.53952241204576,11
2024-09-17 12:09:16.955,410.5617876161657,999
2024-09-17 12:09:17.001,410.4975027672018,1001
2024-09-17 12:09:17.029,410.4545324610753,1000
2024-09-17 12:09:17.034,410.551071952083,997
2024-09-17 12:09:17.073,410.4699315014445,14
2024-09-17 12:09:17.088,410.5296324607496,104
2024-09-17 12:09:17.088,410.5051513120191,996
2024-09-17 12:09:17.093,410.4797284574192,1004
2024-09-17 12:09:17.163,410.4637828022797,105
2024-09-17 12:09:17.190,410.5285999398111,1004
2024-09-17 12:09:17.215,410.472165806324,101
2024-09-17 12:09:17.245,410.4979086128124,11
2024-09-17 12:09:17.281,410.5227532430336,5
2024-09-17 12:09:17.324,410.5388808536446,101
2024-09-17 12:09:17.357,410.4718427038288,97
2024-09-17 12:09:17.395,410.47405486583295,9
2024-09-17 12:09:17.472,410.473075634282,998
2024-09-17 12:09:17.526,410.503339073245,997
2024-09-17 12:09:17.567,410.562053061351,15
2024-09-17 12:09:17.658,410.5147531024939,998
2024-09-17 12:09:17.778,410.5201605215676,998
2024-09-17 12:09:17.818,410.5201062939446,99
2024-09-17 12:09:17.977,41.05212613050495,12
2024-09-17 12:09:18.069,410.438116922403,99
2024-09-17 12:09:18.086,410.43288361635496,9
2024-09-17 12:09:18.106,410.46062009459007,13
2024-09-17 12:09:18.150,410.4544740865835,1000
2024-09-17 12:09:18.252,410.43952003810085,103
2024-09-17 12:09:18.397,410.4890991987937,100
2024-09-17 12:09:18.404,410.4754140302738,1004
2024-09-17 12:09:18.471,410.434873852658,1005
2024-09-17 12:09:18.485,410.4796806185278,5
2024-09-17 12:09:18.487,410.4463810604601,1002
2024-09-17 12:09:18.547,410.4894647535119,99
2024-09-17 12:09:18.564,410.4456421164011,14
2024-09-17 12:09:18.610,410.4824660806948,7
2024-09-17 12:09:18.813,410.4598352061168,999
2024-09-17 12:09:18.844,410.4473110238529,1002
2024-09-17 12:09:19.017,410.5053707417847,997
2024-09-17 12:09:19.198,410.54238937448304,14
2024-09-17 12:09:19.256,,1002
2024-09-17 12:09:19.299,410.5337606193416,95
2024-09-17 12:09:19.334,410.4706836233215,999
2024-09-17 12:09:19.380,410.5331054989615,6
2024-09-17 12:09:19.387,,14
2024-09-17 12:09:19.411,410.4659037507376,1001
2024-09-17 12:09:19.450,410.5386130604455,13
2024-09-17 12:09:19.522,410.5603387168114,12
2024-09-17 12:09:19.524,410.5089619316184,5
2024-09-17 12:09:19.526,410.5403640087845,95
2024-09-17 12:09:19.582,410.515483675924,7
2024-09-17 12:09:19.624,410.4912005660714,1004
2024-09-17 12:09:19.644,410.48111035952354,997
2024-09-17 12:09:19.744,410.5045657065249,998
2024-09-17 12:09:19.757,410.49923893829936,103
2024-09-17 12:09:19.905,410.5746484517819,9
2024-09-17 12:09:19.961,410.4900155601418,8
2024-09-17 12:09:20.001,410.5854801532041,100
2024-09-17 12:09:20.008,410.5828799711389,12
2024-09-17 12:09:20.025,410.6001195420954,97
2024-09-17 12:09:20.062,410.61640982713226,11
2024-09-17 12:09:20.120,410.60965337560384,5
2024-09-17 12:09:20.176,410.6089203460923,9
2024-09-17 12:09:20.290,410.6026989649451,99
2024-09-17 12:09:20.298,410.6093245567379,1005
2024-09-17 12:09:20.324,410.5821130383367,1004
2024-09-17 12:09:20.325,410.6144857474399,97
2024-09-17 12:09:20.335,410.5875728337736,98
2024-09-17 12:09:20.378,410.6173333926675,100
2024-09-17 12:09:20.400,410.6159776142055,8
2024-09-17 12:09:20.750,410.6046601046769,96
2024-09-17 12:09:20.902,410.5980446744805,12
2024-09-17 12:09:20.902,410.6083801948853,995
2024-09-17 12:09:20.948,410.5695170473295,996
2024-09-17 12:09:21.001,410.577619792928,1001
2024-09-17 12:09:21.135,410.63199069008033,100
2024-09-17 12:09:21.166,410.6268352506893,11
2024-09-17 12:09:21.223,410.6154241832015,97
2024-09-17 12:09:21.255,410.61693788988873,1000
2024-09-17 12:09:21.285,410.6230711051616,102
2024-09-17 12:09:21.320,410.6219653152568,997
2024-09-17 12:09:21.325,410.6290356176257,5
2024-09-17 12:09:21.600,410.6146000763193,1001
2024-09-17 12:09:21.680,41.06007425321232,8
2024-09-17 12:09:21.772,410.6040004401685,1004
2024-09-17 12:09:21.831,410.6194433874778,99
2024-09-17 12:09:21.866,410.6048398256559,103
2024-09-17 12:09:22.010,410.57604894021233,8
2024-09-17 12:09:22.259,410.5674026031809,96
2024-09-17 12:09:22.262,410.5760968305137,105
2024-09-17 12:09:22.271,410.5804787350159,998
2024-09-17 12:09:22.395,41.05587532274751,105
2024-09-17 12:09:22.435,410.5727508906371,999
2024-09-17 12:09:22.445,410.614215490989,7
2024-09-17 12:09:22.449,410.5826714435573,5
2024-09-17 12:09:22.531,410.5919518392264,1002
2024-09-17 12:09:22.554,410.5822535673857,1005
2024-09-17 12:09:22.624,410.567057712825,97
2024-09-17 12:09:22.653,410.605172264714,95
2024-09-17 12:09:22.680,410.5726312240213,102
2024-09-17 12:09:22.687,410.5736686437725,100
2024-09-17 12:09:22.736,-410.600896323741,96
2024-09-17 12:09:22.761,410.6044336912044,9
2024-09-17 12:09:22.809,410.5781702534416,97
2024-09-17 12:09:22.853,410.5787540563731,6
2024-09-17 12:09:22.971,410.6076688283524,999
2024-09-17 12:09:22.976,410.5887859835032,14
2024-09-17 12:09:22.999,410.5553645370777,95
2024-09-17 12:09:23.144,410.5784886913596,10
2024-09-17 12:09:23.202,410.573982112288,101
2024-09-17 12:09:23.243,410.5543816209183,11
2024-09-17 12:09:23.276,410.5646593478902,998
2024-09-17 12:09:23.303,410.592810616788,13
2024-09-17 12:09:23.425,410.5800781422503,1001
2024-09-17 12:09:23.489,-410.5608330503506,12
2024-09-17 12:09:23.738,410.5528399775213,98
2024-09-17 12:09:23.761,410.5660139271352,995
2024-09-17 12:09:23.969,410.5772745639866,101
2024-09-17 12:09:24.000,410.5027830592224,5
2024-09-17 12:09:24.011,410.5534974698292,1002
2024-09-17 12:09:24.120,410.5522137722928,8
2024-09-17 12:09:24.209,410.5747933450998,10
2024-09-17 12:09:24.242,410.5506874225697,103
2024-09-17 12:09:24.383,410.5177498266529,12
2024-09-17 12:09:24.430,410.50964619369887,11
2024-09-17 12:09:24.436,410.525618440772,96
2024-09-17 12:09:24.495,410.548794134437,1002
2024-09-17 12:09:24.511,410.5579496401013,1003
2024-09-17 12:09:24.622,410.5491202110009,8
2024-09-17 12:09:24.673,410.5214582314111,104
2024-09-17 12:09:24.739,410.5701369963638,1002
2024-09-17 12:09:24.819,410.5476170128405,97
2024-09-17 12:09:24.910,410.51673207773246,98
2024-09-17 12:09:24.942,410.5650753558309,98
2024-09-17 12:09:24.955,41.056556518974375,99
2024-09-17 12:09:25.109,410.5089474525711,997
2024-09-17 12:09:25.146,410.4828672365721,1004
2024-09-17 12:09:25.188,410.4616436610901,997
2024-09-17 12:09:25.491,410.4448297762913,1003
2024-09-17 12:09:25.921,410.4772503505473,98
2024-09-17 12:09:27.013,410.4580482734953,1003
2024-09-17 12:09:27.092,410.4794413346359,1005
2024-09-17 12:09:27.092,410.47892813987727,1000
2024-09-17 12:09:27.118,410.4552337358485,1002
2024-09-17 12:09:27.129,410.4775355627709,14
2024-09-17 12:09:27.158,410.464093525246,97
2024-09-17 12:09:27.191,-410.4721636763893,97
2024-09-17 12:09:27.204,410.4447795908092,14
2024-09-17 12:09:27.219,410.4884552704189,995
2024-09-17 12:09:27.226,410.4663461570241,12
2024-09-17 12:09:27.242,410.4346141493728,997
2024-09-17 12:09:27.277,410.4941710991576,97
2024-09-17 12:09:27.463,410.48736325696126,97
2024-09-17 12:09:27.483,410.4797047022532,1002
2024-09-17 12:09:27.524,,15
2024-09-17 12:09:27.562,410.47372601869887,99
2024-09-17 12:09:27.598,410.4832767127732,103
2024-09-17 12:09:27.621,410.5097769521586,999
2024-09-17 12:09:27.658,-410.4790665372148,103
2024-09-17 12:09:27.686,410.44857090896375,11
2024-09-17 12:09:27.693,410.497738975663,5
2024-09-17 12:09:27.702,410.4414170884611,7
2024-09-17 12:09:27.748,410.47759712357015,101
2024-09-17 12:09:27.768,410.4858429818703,5
2024-09-17 12:09:27.830,410.491926639861,100
2024-09-17 12:09:27.873,410.4866332629522,6
2024-09-17 12:09:27.876,410.4986663692206,999
2024-09-17 12:09:27.961,410.45580927620665,6
2024-09-17 12:09:28.092,410.40741250787056,95
2024-09-17 12:09:28.184,410.4256855938452,1005
2024-09-17 12:09:28.195,410.4465562678672,997
2024-09-17 12:09:28.241,410.4094891156042,100
2024-09-17 12:09:28.261,410.3792346566983,99
2024-09-17 12:09:28.263,410.4369371335797,1002
2024-09-17 12:09:28.292,410.4338307507481,12
2024-09-17 12:09:28.331,410.4498018322786,6
2024-09-17 12:09:28.355,410.40652601249866,10
2024-09-17 12:09:28.366,410.4362473502513,1004
2024-09-17 12:09:28.390,410.4008765713114,11
2024-09-17 12:09:28.469,410.40222272402696,995
2024-09-17 12:09:28.471,410.441438246216,8
2024-09-17 12:09:28.563,410.4341532033881,1005
2024-09-17 12:09:28.591,410.4737902520569,7
2024-09-17 12:09:28.670,410.4509725725511,1005
2024-09-17 12:09:28.675,410.4131079011934,1000
2024-09-17 12:09:28.723,410.4271338752347,1001
2024-09-17 12:09:28.728,410.4038830176353,9
2024-09-17 12:09:28.791,,999
2024-09-17 12:09:28.864,410.39923703239873,10
2024-09-17 12:09:28.955,410.464863817599,97
2024-09-17 12:09:29.026,410.3575516324262,105
2024-09-17 12:09:29.172,410.36182358564736,1004
2024-09-17 12:09:29.408,410.3626008619129,11
2024-09-17 12:09:29.471,410.3839801928401,9
2024-09-17 12:09:29.482,410.35317477496505,95
2024-09-17 12:09:29.778,410.3519255824481,10
2024-09-17 12:09:30.034,410.3963984662984,11
2024-09-17 12:09:30.371,410.3808389379681,99
2024-09-17 12:09:30.510,410.3908095492413,7
2024-09-17 12:09:30.600,410.3985142479245,5
2024-09-17 12:09:30.641,410.3650727511183,1000
2024-09-17 12:09:30.648,410.3449334411369,12
2024-09-17 12:09:30.658,410.3887302200818,99
2024-09-17 12:09:30.696,410.3943407163685,12
2024-09-17 12:09:30.733,410.3826531579771,96
2024-09-17 12:09:30.750,410.3676470469941,95
2024-09-17 12:09:30.765,410.3633172278405,9
2024-09-17 12:09:31.036,410.2998511568815,997
2024-09-17 12:09:31.113,410.2834565048491,96
2024-09-17 12:09:31.161,410.2767295060465,14
2024-09-17 12:09:31.250,410.3529496110424,1003
2024-09-17 12:09:31.265,410.32984924340127,998
2024-09-17 12:09:31.327,410.3251936049282,5
2024-09-17 12:09:31.355,410.3618082583369,7
2024-09-17 12:09:31.439,410.28254992952304,1002
2024-09-17 12:09:31.510,410.3260019484263,101
2024-09-17 12:09:31.581,410.317088948137,11
2024-09-17 12:09:31.640,410.332504839478,15
2024-09-17 12:09:31.672,410.2888488936092,995
2024-09-17 12:09:31.757,410.2924197893009,103
2024-09-17 12:09:31.758,410.3279587233314,9
2024-09-17 12:09:31.778,410.30186135676297,998
2024-09-17 12:09:31.797,410.329054135627,95
2024-09-17 12:09:31.862,410.280166134958,10
2024-09-17 12:09:31.898,410.34644779399855,100
2024-09-17 12:09:31.945,410.2870840393891,97
2024-09-17 12:09:32.478,410.2741759238533,96
2024-09-17 12:09:32.648,410.27777256699983,1001
2024-09-17 12:09:32.983,410.2704684698032,95
2024-09-17 12:09:33.003,410.1314110291056,105
2024-09-17 12:09:33.055,410.14705420172646,96
2024-09-17 12:09:33.093,410.1119057489781,13
2024-09-17 12:09:33.135,410.14060126775496,995
2024-09-17 12:09:33.177,410.1350824875842,995
2024-09-17 12:09:33.187,410.1921724252173,14
2024-09-17 12:09:33.200,410.2700485366715,10
2024-09-17 12:09:33.213,410.12771429407456,101
2024-09-17 12:09:33.248,410.1320589024058,98
2024-09-17 12:09:33.262,410.2512882892991,11
2024-09-17 12:09:33.287,410.13016271455007,12
2024-09-17 12:09:33.302,410.11866268695087,103
2024-09-17 12:09:33.303,410.2043379429712,104
2024-09-17 12:09:33.331,410.1392209314136,999
2024-09-17 12:09:33.394,410.1341549410678,996
2024-09-17 12:09:33.459,410.1253880368571,999
2024-09-17 12:09:33.492,410.2446703112097,999
2024-09-17 12:09:33.499,410.170543138162,6
2024-09-17 12:09:33.499,410.2257543054549,995
2024-09-17 12:09:33.612,410.14526726756657,996
2024-09-17 12:09:33.717,410.1623562897416,12
2024-09-17 12:09:33.743,410.1472002972004,15
2024-09-17 12:09:33.755,410.1571984829644,96
2024-09-17 12:09:33.758,410.129683708608,5
2024-09-17 12:09:33.833,410.2820026980609,1000
2024-09-17 12:09:33.885,410.1387117934688,11
2024-09-17 12:09:33.901,410.1203523029238,14
2024-09-17 12:09:33.945,410.1840839746656,105
2024-09-17 12:09:33.961,410.1146388898197,105
2024-09-17 12:09:33.974,410.2258846842225,7
2024-09-17 12:09:34.154,410.1278214789404,1005
2024-09-17 12:09:34.183,410.1583872375354,1002
2024-09-17 12:09:34.260,410.125588338669,997
2024-09-17 12:09:34.633,410.1550913390029,1002
2024-09-17 12:09:34.640,410.1685559794295,13
2024-09-17 12:09:34.665,410.1612450393916,13
2024-09-17 12:09:34.686,410.14007474611753,9
2024-09-17 12:09:34.900,410.1695357655778,996
2024-09-17 12:09:34.992,410.1712996905553,101
2024-09-17 12:09:35.043,410.163357579825,13
2024-09-17 12:09:35.089,410.1782645192707,103
2024-09-17 12:09:35.098,410.1793783597152,14
2024-09-17 12:09:35.142,410.1823199475938,5
2024-09-17 12:09:35.174,410.18186410043774,99
2024-09-17 12:09:35.175,410.1643857174535,98
2024-09-17 12:09:35.203,410.1718706081859,1003
2024-09-17 12:09:35.247,410.1744013993257,96
2024-09-17 12:09:35.302,410.1421934952008,105
2024-09-17 12:09:35.319,410.1895738714255,10
2024-09-17 12:09:35.360,410.1585261094557,12
2024-09-17 12:09:35.383,-410.16654286312826,1002
2024-09-17 12:09:35.419,410.1583272438669,98
2024-09-17 12:09:35.426,410.1901398085132,102
2024-09-17 12:09:35.476,410.1422305710543,100
2024-09-17 12:09:35.549,410.1651958368353,7
2024-09-17 12:09:35.590,410.1814704031511,15
2024-09-17 12:09:35.679,410.1877398790799,8
2024-09-17 12:09:35.717,410.1726105283637,5
2024-09-17 12:09:35.850,410.15359708056286,97
2024-09-17 12:09:36.724,410.1616971303674,15
2024-09-17 12:09:37.063,41.01510199001016,104
2024-09-17 12:09:37.085,410.1574006247839,15
2024-09-17 12:09:37.094,410.1739142831989,96
2024-09-17 12:09:37.133,410.1475141876947,104
2024-09-17 12:09:37.145,410.1627787033294,99
2024-09-17 12:09:37.238,410.1522248548239,999
2024-09-17 12:09:37.282,410.1698399394321,99
2024-09-17 12:09:37.860,410.15462452732805,98
2024-09-17 12:09:38.085,410.1341770895709,104
2024-09-17 12:09:38.162,410.1531919276159,100
2024-09-17 12:09:38.356,410.141087441892,95
2024-09-17 12:09:38.419,410.15824847497066,7
2024-09-17 12:09:38.480,410.1607714166258,99
2024-09-17 12:09:38.581,410.1590834799737,99
2024-09-17 12:09:38.629,410.1334283589666,1000
2024-09-17 12:09:38.835,410.1421945306754,1003
2024-09-17 12:09:38.944,410.1201917752388,96
2024-09-17 12:09:39.009,410.1631177868472,11
2024-09-17 12:09:39.011,410.1685762162493,15
2024-09-17 12:09:39.019,410.1265135098804,14
2024-09-17 12:09:39.076,410.1889992882399,9
2024-09-17 12:09:39.195,410.1756849323829,14
2024-09-17 12:09:39.277,410.1718726742541,96
2024-09-17 12:09:39.331,410.1764643268017,13
2024-09-17 12:09:39.376,410.1573419328104,996
2024-09-17 12:09:39.394,410.1307980335627,95
2024-09-17 12:09:39.441,410.1578961161636,97
2024-09-17 12:09:39.449,410.15071190506507,7
2024-09-17 12:09:39.449,410.1309149400016,1002
2024-09-17 12:09:39.477,410.1607661707948,14
2024-09-17 12:09:39.612,410.1861127231479,997
2024-09-17 12:09:39.662,410.1640106058419,1005
2024-09-17 12:09:39.786,410.1612394780171,13
2024-09-17 12:09:39.818,410.1724353649185,98
2024-09-17 12:09:39.899,410.1412764335739,1005
2024-09-17 12:09:39.917,410.1413356632567,1002
2024-09-17 12:09:40.080,410.1646603854417,101
2024-09-17 12:09:40.128,410.1514477945733,14
2024-09-17 12:09:40.345,410.13965405497976,997
2024-09-17 12:09:40.690,410.13847102597225,1002
2024-09-17 12:09:40.701,410.1147747277092,5
2024-09-17 12:09:40.713,410.1427808825135,996
2024-09-17 12:09:40.783,410.172133979546,1002
2024-09-17 12:09:40.871,410.1253836791652,14
2024-09-17 12:09:40.899,410.1386274146272,1003
2024-09-17 12:09:40.907,410.1416768550133,10
2024-09-17 12:09:41.001,410.1313128250334,15
2024-09-17 12:09:41.019,410.1554554157024,105
2024-09-17 12:09:41.110,410.13034076981126,997
2024-09-17 12:09:41.139,410.1358352587917,103
2024-09-17 12:09:41.142,410.1422667942204,100
2024-09-17 12:09:41.182,410.1461471532085,1004
2024-09-17 12:09:41.205,410.1382060960238,999
2024-09-17 12:09:41.275,410.13538502290027,15
2024-09-17 12:09:41.290,410.13029151816727,7
2024-09-17 12:09:41.348,410.1273632400188,96
2024-09-17 12:09:41.427,410.1375063740225,13
2024-09-17 12:09:41.449,410.1305355083719,12
2024-09-17 12:09:41.454,410.1562444416704,1000
2024-09-17 12:09:41.466,410.1390636728798,15
2024-09-17 12:09:41.520,410.1263406458633,6
2024-09-17 12:09:41.524,410.1353423949771,98
2024-09-17 12:09:41.546,410.1337733769629,998
2024-09-17 12:09:41.610,410.1411164924119,996
2024-09-17 12:09:41.687,410.1322735606428,98
2024-09-17 12:09:41.840,410.1486218173754,14
2024-09-17 12:09:41.946,410.12580202315473,998
2024-09-17 12:09:41.966,410.1340557686253,998
2024-09-17 12:09:41.984,410.1399912500276,14
2024-09-17 12:09:42.023,410.135556072146,10
2024-09-17 12:09:42.062,410.1662608473807,1000
2024-09-17 12:09:42.152,410.173786189048,103
2024-09-17 12:09:42.216,410.1481897077486,998
2024-09-17 12:09:42.354,410.1387216506442,1003
2024-09-17 12:09:42.671,410.2094389710038,12
2024-09-17 12:09:42.688,410.1816551806394,105
2024-09-17 12:09:42.694,410.2118840507408,100
2024-09-17 12:09:42.718,410.1895380995834,97
2024-09-17 12:09:42.735,410.1580142260922,1001
2024-09-17 12:09:42.751,410.1932110983967,1004
2024-09-17 12:09:42.953,410.15592332234695,11
2024-09-17 12:09:42.993,410.1725323464309,995
2024-09-17 12:09:43.873,410.18892123456806,995
2024-09-17 12:09:43.985,410.1865565986395,13
2024-09-17 12:09:44.016,41.0091980175604,9
2024-09-17 12:09:44.144,410.11912641354496,101
2024-09-17 12:09:44.147,410.1636711155849,9
2024-09-17 12:09:44.158,410.1972362036252,11
2024-09-17 12:09:44.276,410.1551850496653,104
2024-09-17 12:09:44.319,41.0090873040834,104
2024-09-17 12:09:44.334,,997
2024-09-17 12:09:44.393,410.1726923818646,103
2024-09-17 12:09:44.464,410.10050020489984,103
2024-09-17 12:09:44.492,410.0863014256955,997
2024-09-17 12:09:44.520,410.21530681863055,95
2024-09-17 12:09:44.547,410.17860715483454,100
2024-09-17 12:09:44.627,410.1146239327557,1004
2024-09-17 12:09:44.633,410.0828619170227,99
2024-09-17 12:09:44.655,410.0862565470564,10
2024-09-17 12:09:44.724,410.2030373525236,104
2024-09-17 12:09:44.727,410.176136873514,999
2024-09-17 12:09:44.782,410.1426133082626,95
2024-09-17 12:09:44.819,410.19570675354686,97
2024-09-17 12:09:44.869,410.2089000140474,102
2024-09-17 12:09:44.919,410.1025275595338,104
2024-09-17 12:09:44.939,410.1672992649995,11
2024-09-17 12:09:44.955,410.1813061412678,100
2024-09-17 12:09:44.982,410.1698573156049,5
2024-09-17 12:09:46.139,410.1173196845086,1003
2024-09-17 12:09:46.380,410.11444439627513,99
2024-09-17 12:09:46.457,410.12079843748216,1005
2024-09-17 12:09:46.569,410.1050749533792,14
2024-09-17 12:09:46.820,410.1060723616911,999
2024-09-17 12:09:46.901,410.0963196041374,14
2024-09-17 12:09:47.213,410.1192823432054,103
2024-09-17 12:09:47.687,410.1075646573185,14
2024-09-17 12:09:47.723,410.11948836630353,14
2024-09-17 12:09:48.091,410.11048338340737,14
2024-09-17 12:09:48.300,410.09524530451,104
2024-09-17 12:09:48.833,410.0823884170524,995
2024-09-17 12:09:48.887,410.1158358126019,996
2024-09-17 12:09:48.956,410.0866051336684,103
2024-09-17 12:09:48.962,,14
2024-09-17 12:09:49.029,410.0503578615954,7
2024-09-17 12:09:49.081,410.06913046326366,103
2024-09-17 12:09:49.093,410.0854335457182,8
2024-09-17 12:09:49.134,410.0490715444533,997
2024-09-17 12:09:49.222,410.0531702687716,1005
2024-09-17 12:09:49.285,410.0496038627271,13
2024-09-17 12:09:49.294,41.00769406598769,998
2024-09-17 12:09:49.369,410.0724083641034,997
2024-09-17 12:09:49.548,410.0504839591802,7
2024-09-17 12:09:49.777,410.0861473319729,6
2024-09-17 12:09:49.803,410.0650372353928,95
2024-09-17 12:09:49.831,410.0451331790206,10
2024-09-17 12:09:49.855,410.08933466593015,105
2024-09-17 12:09:49.916,410.0702842661465,12
2024-09-17 12:09:49.950,410.08961422647184,11
2024-09-17 12:09:50.111,410.117814991522,996
2024-09-17 12:09:50.111,410.0682342602095,1003
2024-09-17 12:09:50.141,410.0706335266094,998
2024-09-17 12:09:50.147,410.0776706066137,1003
2024-09-17 12:09:50.150,410.0942674290394,105
2024-09-17 12:09:50.167,410.14830368542766,101
2024-09-17 12:09:50.184,410.135800817976,100
2024-09-17 12:09:50.193,410.0961735199473,1000
2024-09-17 12:09:50.241,410.10074107410975,103
2024-09-17 12:09:50.246,-410.06359737710767,1004
2024-09-17 12:09:50.279,410.1532645752485,104
2024-09-17 12:09:50.282,410.09786704117073,5
2024-09-17 12:09:50.438,410.138108474525,103
2024-09-17 12:09:50.438,410.0614019989632,14
2024-09-17 12:09:50.446,410.0669047833285,98
2024-09-17 12:09:50.446,410.1396098778043,12
2024-09-17 12:09:50.479,410.1406415347595,13
2024-09-17 12:09:50.485,410.14818561350216,95
2024-09-17 12:09:50.532,410.1250842835881,995
2024-09-17 12:09:50.546,410.1483765011815,103
2024-09-17 12:09:50.614,410.0652800381447,997
2024-09-17 12:09:50.662,410.1244018126226,103
2024-09-17 12:09:50.670,410.0608304041079,6
2024-09-17 12:09:50.726,410.0937649760811,5
2024-09-17 12:09:50.727,410.0726288229102,98
2024-09-17 12:09:50.820,410.13174598341305,7
2024-09-17 12:09:50.844,410.1384063030575,1004
2024-09-17 12:09:50.929,41.00702415631884,102
2024-09-17 12:09:50.931,410.112120270086,10
2024-09-17 12:09:51.012,410.12703573158194,1004
2024-09-17 12:09:51.638,410.13490488927135,8
2024-09-17 12:09:51.645,410.1191998073126,96
2024-09-17 12:09:51.680,410.148725172522,1004
2024-09-17 12:09:51.789,410.1128414441459,1001
2024-09-17 12:09:51.840,410.1286538845057,7
2024-09-17 12:09:51.841,410.1156201346565,11
2024-09-17 12:09:51.923,410.1162020245757,97
2024-09-17 12:09:51.973,410.1431363115765,998
2024-09-17 12:09:52.119,410.1292194856255,1005
2024-09-17 12:09:52.138,410.1512179830318,99
2024-09-17 12:09:52.172,410.1287106500257,100
2024-09-17 12:09:52.243,410.1754100123983,13
2024-09-17 12:09:52.293,410.1304841989044,1004
2024-09-17 12:09:52.348,410.1581820833647,14
2024-09-17 12:09:52.364,410.1514861787339,5
2024-09-17 12:09:52.784,410.1579928048323,998
2024-09-17 12:09:52.790,410.16606730152415,1004
2024-09-17 12:09:52.831,410.1736884688381,1004
2024-09-17 12:09:52.842,410.17290193822754,15
2024-09-17 12:09:52.868,410.1580163429053,997
2024-09-17 12:09:52.899,410.128725843178,7
2024-09-17 12:09:52.945,410.1649265766847,9
2024-09-17 12:09:53.060,410.1191751655628,1005
2024-09-17 12:09:53.078,410.15560012765445,1000
2024-09-17 12:09:53.078,410.1194112212032,7
2024-09-17 12:09:53.205,410.11188573022224,5
2024-09-17 12:09:53.252,-410.1611745959052,97
2024-09-17 12:09:53.364,410.1445351233732,11
2024-09-17 12:09:53.408,410.1201720461745,96
2024-09-17 12:09:53.445,410.1328372030282,100
2024-09-17 12:09:53.465,410.1448608894688,1001
2024-09-17 12:09:53.469,410.1325645219192,1005
2024-09-17 12:09:53.615,410.13435771644174,105
2024-09-17 12:09:53.621,410.118497543091,98
2024-09-17 12:09:53.829,410.1518943584477,1002
2024-09-17 12:09:53.879,410.12539326884536,9
2024-09-17 12:09:53.998,410.14630454898673,95
2024-09-17 12:09:54.124,410.10274543264615,15
2024-09-17 12:09:54.425,410.0747126611759,996
2024-09-17 12:09:54.530,410.09593448771454,14
2024-09-17 12:09:54.568,410.0848744865384,11
2024-09-17 12:09:54.980,410.1096099854704,995
2024-09-17 12:09:55.486,410.0489853880806,1000
2024-09-17 12:09:55.573,410.0622997157241,1004
2024-09-17 12:09:55.701,410.0489317435132,104
2024-09-17 12:09:56.347,410.0449777616142,1003
2024-09-17 12:09:56.489,410.05266221563386,96
2024-09-17 12:09:56.678,410.0554320205381,12
2024-09-17 12:09:57.049,410.0531118418246,98
2024-09-17 12:09:57.050,410.0938661697277,999
2024-09-17 12:09:57.053,410.0192481624412,101
2024-09-17 12:09:57.057,,14
2024-09-17 12:09:57.059,410.0693314895543,10
2024-09-17 12:09:57.090,410.0949440431715,15
2024-09-17 12:09:57.165,410.0956768752653,997
2024-09-17 12:09:57.169,410.0549627453234,5
2024-09-17 12:09:57.189,410.0425255294147,12
2024-09-17 12:09:57.197,410.080437417367,1002
2024-09-17 12:09:57.212,410.0663706142561,1004
2024-09-17 12:09:57.269,410.05237091614765,14
2024-09-17 12:09:57.313,410.075803283926,99
2024-09-17 12:09:57.314,410.0428663434618,995
2024-09-17 12:09:57.367,410.0490445829371,101
2024-09-17 12:09:57.371,410.030559413395,1003
2024-09-17 12:09:57.426,410.02312930670746,998
2024-09-17 12:09:57.630,410.1048814820944,99
2024-09-17 12:09:57.682,410.0989633498991,997
2024-09-17 12:09:57.702,410.027407714558,12
2024-09-17 12:09:57.788,410.0731459930925,105
2024-09-17 12:09:57.922,410.0596097497327,100
2024-09-17 12:09:57.999,410.0570048314894,1000
2024-09-17 12:09:58.052,410.0118790217815,5
2024-09-17 12:09:58.058,410.00298572099285,999
2024-09-17 12:09:58.092,410.0198002463047,5
2024-09-17 12:09:58.139,410.0153623024547,5
2024-09-17 12:09:58.168,410.0098183360839,96
2024-09-17 12:09:58.179,409.998916690761,1005
2024-09-17 12:09:58.295,410.0335292455847,11
2024-09-17 12:09:58.339,409.9994088242846,997
2024-09-17 12:09:58.458,410.0231343721021,14
2024-09-17 12:09:58.484,410.0085185642911,5
2024-09-17 12:09:58.531,410.0275329910404,98
2024-09-17 12:09:58.562,409.99638475947097,997
2024-09-17 12:09:58.586,410.0280205163198,1000
2024-09-17 12:09:58.587,409.99794302440216,102
2024-09-17 12:09:58.588,410.0022651425466,1004
2024-09-17 12:09:58.606,410.0107256146232,5
2024-09-17 12:09:58.773,410.0258984490728,15
2024-09-17 12:09:58.808,410.0070800227311,12
2024-09-17 12:09:58.864,409.9955347549663,6
2024-09-17 12:09:58.874,410.0020245756027,103
2024-09-17 12:09:58.910,410.0328262985728,1002
2024-09-17 12:09:58.998,409.9928262127294,1004
2024-09-17 12:09:59.090,409.9817500395939,1005
2024-09-17 12:09:59.491,409.9954431050293,1000
2024-09-17 12:09:59.518,410.01001109416507,14
