Timestamp,Price,Size
2024-09-18 15:04:00.006,414.0597615520412,9
2024-09-18 15:04:00.041,414.09478448749735,14
2024-09-18 15:04:00.295,414.0759553687757,97
2024-09-18 15:04:00.314,41.40703256245572,13
2024-09-18 15:04:00.567,414.0671815981837,104
2024-09-18 15:04:00.633,414.08623806476805,14
2024-09-18 15:04:00.668,414.0992435118716,1002
2024-09-18 15:04:00.676,414.0929458188246,9
2024-09-18 15:04:00.737,414.0914349706635,103
2024-09-18 15:04:00.805,414.0976948432236,101
2024-09-18 15:04:00.809,414.0949513324934,11
2024-09-18 15:04:00.890,414.08556606524144,95
2024-09-18 15:04:00.968,414.0747192897472,1004
2024-09-18 15:04:01.031,414.0903113797571,6
2024-09-18 15:04:01.062,414.1165354798917,1003
2024-09-18 15:04:01.106,414.1119629015504,104
2024-09-18 15:04:01.127,414.1164865789282,104
2024-09-18 15:04:01.137,414.1089462057441,5
2024-09-18 15:04:01.148,414.12803024019394,100
2024-09-18 15:04:01.161,414.121139463532,6
2024-09-18 15:04:01.194,414.1404463119558,15
2024-09-18 15:04:01.286,414.12058805687377,101
2024-09-18 15:04:01.311,414.121118929868,6
2024-09-18 15:04:01.464,414.11781037373487,10
2024-09-18 15:04:01.490,414.14060374266654,11
2024-09-18 15:04:01.576,407.17834236645575,13
2024-09-18 15:04:01.629,-414.1237056966552,998
2024-09-18 15:04:01.633,414.13445058937936,1004
2024-09-18 15:04:01.638,414.1089873571642,1002
2024-09-18 15:04:01.730,414.14230953234926,104
2024-09-18 15:04:01.732,414.1455335022304,99
2024-09-18 15:04:01.768,414.13351564766384,7
2024-09-18 15:04:01.819,414.1377976643284,5
2024-09-18 15:04:01.908,414.12724250819207,9
2024-09-18 15:04:02.098,414.0828841860462,98
2024-09-18 15:04:02.172,414.0849168275123,97
2024-09-18 15:04:02.195,414.0745315263113,105
2024-09-18 15:04:02.219,41.40849955591028,95
2024-09-18 15:04:02.314,414.1035729912839,1004
2024-09-18 15:04:02.340,414.0687412782381,13
2024-09-18 15:04:02.537,414.0816507179409,97
2024-09-18 15:04:02.666,414.1032410271623,15
2024-09-18 15:04:02.789,414.0885664448755,100
2024-09-18 15:04:02.828,414.0744118364465,8
2024-09-18 15:04:03.167,414.1065310706923,1002
2024-09-18 15:04:03.611,414.0681456519204,1002
2024-09-18 15:04:03.686,414.09623200821017,1001
2024-09-18 15:04:03.931,414.0965884073117,9
2024-09-18 15:04:03.947,414.1343190615092,95
2024-09-18 15:04:03.955,414.0758682195361,997
2024-09-18 15:04:04.046,414.18394296813307,995
2024-09-18 15:04:04.061,414.1611823760766,8
2024-09-18 15:04:04.098,414.15926206232194,5
2024-09-18 15:04:04.140,414.2013573763319,1005
2024-09-18 15:04:04.158,414.1550680704929,95
2024-09-18 15:04:04.183,414.1782100552144,9
2024-09-18 15:04:04.204,414.1727648157173,1002
2024-09-18 15:04:04.254,414.214066291359,100
2024-09-18 15:04:04.260,414.2154545540384,98
2024-09-18 15:04:04.318,-414.1765344295581,14
2024-09-18 15:04:04.376,414.13873670239127,101
2024-09-18 15:04:04.439,414.1875363905282,14
2024-09-18 15:04:04.439,414.19487397159264,1002
2024-09-18 15:04:04.620,414.2240375446738,8
2024-09-18 15:04:04.731,414.1782492249363,1004
2024-09-18 15:04:04.756,414.2099210856149,995
2024-09-18 15:04:04.820,414.1827253698432,102
2024-09-18 15:04:04.838,414.18291301117966,999
2024-09-18 15:04:04.968,414.1393797318156,996
2024-09-18 15:04:04.990,414.1639602945792,999
2024-09-18 15:04:05.038,414.20684046797646,1001
2024-09-18 15:04:05.176,41.42004056422567,1003
2024-09-18 15:04:05.179,414.18904435533176,7
2024-09-18 15:04:05.273,414.2248220616298,998
2024-09-18 15:04:05.286,414.17447446947887,97
2024-09-18 15:04:05.292,414.2128251075374,1005
2024-09-18 15:04:05.313,414.205319912786,1003
2024-09-18 15:04:05.377,414.19292285117103,6
2024-09-18 15:04:05.385,414.182105421876,10
2024-09-18 15:04:05.392,414.1935945767588,14
2024-09-18 15:04:05.467,414.1926689258525,1001
2024-09-18 15:04:05.536,414.2109649829623,100
2024-09-18 15:04:05.574,414.2029405173743,98
2024-09-18 15:04:05.636,414.1985973458378,95
2024-09-18 15:04:05.648,414.2234514349472,999
2024-09-18 15:04:05.669,414.1896550046332,104
2024-09-18 15:04:05.734,414.1858902273998,102
2024-09-18 15:04:05.795,414.18703515521054,104
2024-09-18 15:04:05.845,414.1996943273365,1002
2024-09-18 15:04:05.919,414.1760311839727,5
2024-09-18 15:04:05.963,414.1800165771523,997
2024-09-18 15:04:05.971,414.20889725783786,998
2024-09-18 15:04:06.054,414.1089399879698,105
2024-09-18 15:04:06.124,-414.1869703833892,9
2024-09-18 15:04:06.194,414.1507295084597,95
2024-09-18 15:04:06.252,414.1554004419385,105
2024-09-18 15:04:06.259,414.1395295203797,8
2024-09-18 15:04:06.387,414.1294648799912,101
2024-09-18 15:04:06.401,414.13521820772,98
2024-09-18 15:04:06.416,414.1730165020762,100
2024-09-18 15:04:06.431,414.1985940354722,1001
2024-09-18 15:04:06.478,414.1300928847406,104
2024-09-18 15:04:06.504,414.1792229773232,1000
2024-09-18 15:04:06.670,414.11701389268256,105
2024-09-18 15:04:06.700,407.23313771198536,12
2024-09-18 15:04:06.717,,998
2024-09-18 15:04:06.826,414.12080216998623,11
2024-09-18 15:04:06.843,414.120199073871,105
2024-09-18 15:04:06.846,414.1615742456234,10
2024-09-18 15:04:06.911,414.131779052226,999
2024-09-18 15:04:06.938,414.15389443090646,7
2024-09-18 15:04:06.955,-414.12980232477577,1003
2024-09-18 15:04:07.045,414.12962982018286,15
2024-09-18 15:04:07.121,414.1406155971639,1001
2024-09-18 15:04:07.131,414.1059380606709,105
2024-09-18 15:04:07.150,414.146817442603,102
2024-09-18 15:04:07.353,,998
2024-09-18 15:04:07.485,414.10128734133787,15
2024-09-18 15:04:07.494,414.1405875387561,100
2024-09-18 15:04:07.573,414.104409135217,1005
2024-09-18 15:04:07.613,414.1039940302803,13
2024-09-18 15:04:07.658,414.1220439658816,996
2024-09-18 15:04:07.666,414.095829448896,15
2024-09-18 15:04:07.675,414.1161149501872,101
2024-09-18 15:04:07.723,414.1216836283934,103
2024-09-18 15:04:07.747,414.09877233923663,1001
2024-09-18 15:04:07.759,414.1289233583647,102
2024-09-18 15:04:07.804,414.10683098151657,100
2024-09-18 15:04:07.850,414.09651959639206,998
2024-09-18 15:04:07.877,414.08178679419126,7
2024-09-18 15:04:07.963,414.10374002999936,998
2024-09-18 15:04:08.006,414.1024798646636,13
2024-09-18 15:04:08.104,414.0770665723224,1003
2024-09-18 15:04:08.155,414.0857104527172,103
2024-09-18 15:04:08.235,414.1003087192225,99
2024-09-18 15:04:08.284,414.09404797842825,97
2024-09-18 15:04:08.311,414.0675089931472,101
2024-09-18 15:04:08.349,414.0847460801707,13
2024-09-18 15:04:08.441,414.07002272051903,102
2024-09-18 15:04:08.468,414.0847074505689,100
2024-09-18 15:04:08.537,414.09567646975466,9
2024-09-18 15:04:08.554,414.0721815284545,996
2024-09-18 15:04:08.587,414.09148358148366,13
2024-09-18 15:04:08.655,414.120969904301,7
2024-09-18 15:04:08.672,414.08212915666513,97
2024-09-18 15:04:08.673,414.0643288860312,7
2024-09-18 15:04:08.673,414.0752877762412,95
2024-09-18 15:04:08.724,414.0892830459263,13
2024-09-18 15:04:08.750,414.10256737638144,99
2024-09-18 15:04:08.794,414.0604481947869,100
2024-09-18 15:04:08.796,414.08155985089246,1004
2024-09-18 15:04:08.890,414.0950226353362,99
2024-09-18 15:04:08.911,414.11008026160965,10
2024-09-18 15:04:08.943,414.08126263906576,1005
2024-09-18 15:04:09.039,414.1130636860741,996
2024-09-18 15:04:09.384,414.149322672223,997
2024-09-18 15:04:09.628,414.1359148641874,6
2024-09-18 15:04:10.007,414.249136232729,9
2024-09-18 15:04:10.021,414.1691007380661,101
2024-09-18 15:04:10.039,414.18435186015466,6
2024-09-18 15:04:10.069,414.17536416056953,998
2024-09-18 15:04:10.077,414.2269678626973,103
2024-09-18 15:04:10.148,414.2196136519534,96
2024-09-18 15:04:10.175,414.2306712129388,101
2024-09-18 15:04:10.195,414.1964544692376,999
2024-09-18 15:04:10.197,414.2179487682213,7
2024-09-18 15:04:10.232,414.21689398560176,105
2024-09-18 15:04:10.237,414.1983716813856,8
2024-09-18 15:04:10.257,414.15161306490586,98
2024-09-18 15:04:10.308,-414.1874944206196,5
2024-09-18 15:04:10.313,414.23459324171984,1003
2024-09-18 15:04:10.341,414.16358828893374,999
2024-09-18 15:04:10.350,414.2058397022194,103
2024-09-18 15:04:10.356,414.2648673702312,95
2024-09-18 15:04:10.472,414.2675777777041,13
2024-09-18 15:04:10.509,414.244556155408,100
2024-09-18 15:04:10.556,414.24631870155,1005
2024-09-18 15:04:10.572,414.2341519043572,1002
2024-09-18 15:04:10.578,414.2223133271289,104
2024-09-18 15:04:10.582,414.24641408762,101
2024-09-18 15:04:10.701,414.17645970003394,15
2024-09-18 15:04:10.724,414.2208532408752,14
2024-09-18 15:04:10.860,414.2392031758381,999
2024-09-18 15:04:11.093,414.19392327914665,1005
2024-09-18 15:04:11.142,414.15276926976577,102
2024-09-18 15:04:11.198,414.19025628769,5
2024-09-18 15:04:11.204,414.1604417329457,103
2024-09-18 15:04:11.274,414.1658928189857,5
2024-09-18 15:04:11.286,414.21346977115854,102
2024-09-18 15:04:11.344,414.1638047433764,10
2024-09-18 15:04:11.366,414.172192386659,996
2024-09-18 15:04:11.429,414.2052875371273,999
2024-09-18 15:04:11.461,414.1528609426249,14
2024-09-18 15:04:11.467,414.1828214174573,95
2024-09-18 15:04:11.574,414.1999390838538,104
2024-09-18 15:04:11.629,414.1979565990108,14
2024-09-18 15:04:11.693,414.1609511661324,1005
2024-09-18 15:04:11.705,414.2014253871906,1005
2024-09-18 15:04:11.735,414.1643688464844,101
2024-09-18 15:04:11.780,414.2087456489967,11
2024-09-18 15:04:11.807,414.2014787349876,1000
2024-09-18 15:04:11.822,414.2017733571653,1004
2024-09-18 15:04:11.832,414.1773266629056,95
2024-09-18 15:04:11.917,414.18625298692734,101
2024-09-18 15:04:11.964,414.1680134680456,999
2024-09-18 15:04:13.039,414.2258297071863,6
2024-09-18 15:04:13.051,414.233264735748,96
2024-09-18 15:04:13.060,414.1704760334823,5
2024-09-18 15:04:13.061,414.1579431967084,104
2024-09-18 15:04:13.075,414.1658014138396,1005
2024-09-18 15:04:13.155,414.1538637532114,96
2024-09-18 15:04:13.158,414.1769564340356,101
2024-09-18 15:04:13.183,414.2187572813076,11
2024-09-18 15:04:13.269,414.162898450097,1003
2024-09-18 15:04:13.274,414.2369567340272,98
2024-09-18 15:04:13.323,414.17424077770187,97
2024-09-18 15:04:13.332,414.2256200344776,9
2024-09-18 15:04:13.389,414.20891025824994,1005
2024-09-18 15:04:13.445,414.1889588299397,95
2024-09-18 15:04:13.490,414.2343724647227,1005
2024-09-18 15:04:13.558,414.17790552394433,97
2024-09-18 15:04:13.569,414.19413806312616,14
2024-09-18 15:04:13.573,414.252624572421,995
2024-09-18 15:04:13.576,41.41716690981601,997
2024-09-18 15:04:13.591,414.16331817217366,998
2024-09-18 15:04:13.621,414.26368538910754,6
2024-09-18 15:04:13.649,414.1992194176038,9
2024-09-18 15:04:13.708,414.16087062493136,5
2024-09-18 15:04:13.735,414.20445325635,13
2024-09-18 15:04:13.944,414.1642345805829,96
2024-09-18 15:04:14.032,414.27653382856994,99
2024-09-18 15:04:14.056,414.2520988741092,995
2024-09-18 15:04:14.099,414.33980112184014,95
2024-09-18 15:04:14.121,414.313986619112,1005
2024-09-18 15:04:14.138,414.3886688337881,1000
2024-09-18 15:04:14.328,414.3843221813775,1003
2024-09-18 15:04:14.337,414.2723060071066,15
2024-09-18 15:04:14.338,414.3256903813064,996
2024-09-18 15:04:14.392,414.2412767974483,1005
2024-09-18 15:04:14.399,414.2363501029141,10
2024-09-18 15:04:14.414,414.33266982091953,996
2024-09-18 15:04:14.479,414.3129285281589,1004
2024-09-18 15:04:14.497,414.3595460258836,999
2024-09-18 15:04:14.538,414.28688181736567,997
2024-09-18 15:04:14.599,414.3617040780753,103
2024-09-18 15:04:14.621,414.2919265469804,102
2024-09-18 15:04:14.796,-414.3727992175386,10
2024-09-18 15:04:14.839,414.254652051621,999
2024-09-18 15:04:14.840,414.3428991780922,9
2024-09-18 15:04:14.946,414.364666917834,995
2024-09-18 15:04:15.094,414.42546884847576,1000
2024-09-18 15:04:15.206,414.3758277453778,15
2024-09-18 15:04:15.217,414.4219339811379,101
2024-09-18 15:04:15.233,414.39533801718346,6
2024-09-18 15:04:15.344,414.4120786073925,103
2024-09-18 15:04:15.348,414.4266455248198,100
2024-09-18 15:04:15.404,414.4283066322949,1004
2024-09-18 15:04:15.414,414.42614723773664,95
2024-09-18 15:04:15.452,414.4279022569891,1004
2024-09-18 15:04:15.466,414.4104512288326,8
2024-09-18 15:04:15.468,414.42524047268495,6
2024-09-18 15:04:15.485,414.35489947757134,5
2024-09-18 15:04:15.509,-414.3483359580928,999
2024-09-18 15:04:15.519,414.4147414315494,5
2024-09-18 15:04:15.537,414.4220205687232,105
2024-09-18 15:04:15.570,414.38699378564905,15
2024-09-18 15:04:15.630,414.42177953543154,100
2024-09-18 15:04:15.679,414.4046935190739,10
2024-09-18 15:04:15.729,414.3442337286663,1003
2024-09-18 15:04:15.811,414.4009764404475,15
2024-09-18 15:04:15.836,414.4073450188154,104
2024-09-18 15:04:15.848,414.4122572221867,1002
2024-09-18 15:04:15.868,414.4151478268658,1004
2024-09-18 15:04:15.892,414.40832710578434,999
2024-09-18 15:04:15.931,414.3901298874953,98
2024-09-18 15:04:15.974,41.43527736311432,102
2024-09-18 15:04:15.979,414.3692562343783,6
2024-09-18 15:04:16.029,414.3475335490078,11
2024-09-18 15:04:16.087,414.3495637924821,97
2024-09-18 15:04:16.100,414.30134467602414,95
2024-09-18 15:04:16.109,414.3769516674553,999
2024-09-18 15:04:16.129,414.3725532394288,1002
2024-09-18 15:04:16.138,414.3317342909119,99
2024-09-18 15:04:16.171,414.3026931468028,999
2024-09-18 15:04:16.184,414.37974890907753,999
2024-09-18 15:04:16.199,414.334746440675,101
2024-09-18 15:04:16.216,414.3454369392895,101
2024-09-18 15:04:16.235,,98
2024-09-18 15:04:16.434,414.32299617278335,99
2024-09-18 15:04:16.488,414.3792063151,1000
2024-09-18 15:04:16.502,414.3570798751507,1001
2024-09-18 15:04:16.535,414.3790998464042,95
2024-09-18 15:04:16.553,414.3257602282644,1004
2024-09-18 15:04:16.579,414.372809891373,10
2024-09-18 15:04:16.640,414.3696013271667,102
2024-09-18 15:04:16.679,414.3876016717276,1000
2024-09-18 15:04:16.731,414.3888278895362,104
2024-09-18 15:04:16.797,414.3695039559368,8
2024-09-18 15:04:16.828,414.36837435140745,105
2024-09-18 15:04:16.915,414.3854785133081,100
2024-09-18 15:04:16.967,414.35176363893913,998
2024-09-18 15:04:16.998,414.3885452529209,995
2024-09-18 15:04:17.199,414.3325626780317,1003
2024-09-18 15:04:18.008,414.3460033803031,5
2024-09-18 15:04:18.013,414.3094441849728,96
2024-09-18 15:04:18.098,414.331516119478,97
2024-09-18 15:04:18.135,414.3122897086855,997
2024-09-18 15:04:18.140,414.2886392507744,104
2024-09-18 15:04:18.186,414.3315405833608,101
2024-09-18 15:04:18.191,414.353149296974,12
2024-09-18 15:04:18.209,414.3125081027037,10
2024-09-18 15:04:18.216,414.2938199529618,103
2024-09-18 15:04:18.262,414.32050487074713,8
2024-09-18 15:04:18.294,414.3137359682214,1002
2024-09-18 15:04:18.323,414.3180562805453,1003
2024-09-18 15:04:18.547,414.3028346182981,9
2024-09-18 15:04:18.622,414.3256783925212,100
2024-09-18 15:04:18.639,414.3237253073133,6
2024-09-18 15:04:18.679,414.3259352313456,995
2024-09-18 15:04:18.722,414.3498649964992,998
2024-09-18 15:04:18.750,414.3157538736151,1004
2024-09-18 15:04:18.837,414.2999164297623,6
2024-09-18 15:04:18.882,414.3140057045088,96
2024-09-18 15:04:18.912,414.3073113404973,98
2024-09-18 15:04:18.956,414.3246530429117,7
2024-09-18 15:04:18.971,414.3214881832972,5
2024-09-18 15:04:18.984,414.3244670948605,97
2024-09-18 15:04:18.991,414.3083953648762,996
2024-09-18 15:04:19.113,414.28376906980304,15
2024-09-18 15:04:19.413,414.2860724610578,101
2024-09-18 15:04:19.463,414.276876266425,1000
2024-09-18 15:04:20.229,414.2874623657876,7
2024-09-18 15:04:20.412,414.2606998982154,11
2024-09-18 15:04:20.498,414.2725465480835,100
2024-09-18 15:04:20.948,414.2933063893733,1003
2024-09-18 15:04:21.012,414.2740377229619,9
2024-09-18 15:04:21.030,414.2808130142968,997
2024-09-18 15:04:21.053,414.28618989532777,96
2024-09-18 15:04:21.077,414.2639425486742,1002
2024-09-18 15:04:21.130,414.265576993614,13
2024-09-18 15:04:21.220,414.27054822107874,101
2024-09-18 15:04:21.234,414.2529113792293,8
2024-09-18 15:04:21.348,414.2607593429599,99
2024-09-18 15:04:21.382,414.2605652933031,1002
2024-09-18 15:04:21.393,414.2740444478248,99
2024-09-18 15:04:21.437,414.2785457466733,12
2024-09-18 15:04:21.524,414.2978139313948,1000
2024-09-18 15:04:21.559,414.2645648611653,1005
2024-09-18 15:04:21.584,414.26695932973007,6
2024-09-18 15:04:21.646,414.2420887335372,1002
2024-09-18 15:04:21.727,414.2609339379318,95
2024-09-18 15:04:21.746,414.297845407336,10
2024-09-18 15:04:21.750,414.3266947264772,100
2024-09-18 15:04:21.799,414.3106859178029,105
2024-09-18 15:04:21.824,414.27319553650113,96
2024-09-18 15:04:21.826,414.2534590754433,97
2024-09-18 15:04:21.878,414.32044528819455,102
2024-09-18 15:04:21.975,414.2901369422868,98
2024-09-18 15:04:22.986,414.2964496441734,11
2024-09-18 15:04:23.996,414.2770868441504,96
2024-09-18 15:04:24.090,407.1286240212561,97
2024-09-18 15:04:24.101,414.25563212408855,13
2024-09-18 15:04:24.119,414.27474005665607,996
2024-09-18 15:04:24.171,414.27412459490034,7
2024-09-18 15:04:24.223,414.2775841885644,98
2024-09-18 15:04:24.229,414.2732921086452,98
2024-09-18 15:04:24.238,414.22808675446754,5
2024-09-18 15:04:24.286,414.2681411310292,5
2024-09-18 15:04:24.334,-414.2534053192368,997
2024-09-18 15:04:24.485,414.2526817655972,1005
2024-09-18 15:04:24.487,414.2246978677328,100
2024-09-18 15:04:24.576,414.239975855898,1005
2024-09-18 15:04:24.594,414.24991824098726,998
2024-09-18 15:04:24.762,414.2425102579492,102
2024-09-18 15:04:24.850,414.2898793641405,101
2024-09-18 15:04:24.897,414.2634931704602,9
2024-09-18 15:04:24.936,414.280462258425,9
2024-09-18 15:04:24.979,414.2573790455752,102
2024-09-18 15:04:25.025,414.26907588700976,1001
2024-09-18 15:04:25.057,414.2586376680373,9
2024-09-18 15:04:25.100,414.26662821990055,8
2024-09-18 15:04:25.124,414.2111317778569,996
2024-09-18 15:04:25.200,414.2509818357813,13
2024-09-18 15:04:25.250,414.2665745054232,104
2024-09-18 15:04:25.326,414.3081786478193,1004
2024-09-18 15:04:25.328,414.2701812304424,1004
2024-09-18 15:04:25.332,414.2834129820391,99
2024-09-18 15:04:25.352,414.27558775787617,104
2024-09-18 15:04:25.427,414.24426668059465,95
2024-09-18 15:04:25.464,414.2639945179719,1001
2024-09-18 15:04:25.546,414.2979278891693,104
2024-09-18 15:04:25.546,414.2850679052221,996
2024-09-18 15:04:25.579,414.2856454853276,995
2024-09-18 15:04:25.588,414.216053809734,104
2024-09-18 15:04:25.623,414.2879930508856,13
2024-09-18 15:04:25.628,414.24962844633546,998
2024-09-18 15:04:25.630,414.2440627103589,102
2024-09-18 15:04:25.705,414.2724665388251,11
2024-09-18 15:04:25.807,414.2657049183941,100
2024-09-18 15:04:25.814,414.2826094803521,13
2024-09-18 15:04:25.854,414.2023167152675,999
2024-09-18 15:04:25.866,414.29559777982337,105
2024-09-18 15:04:25.875,414.26042597210346,1004
2024-09-18 15:04:25.891,414.2241761363151,1004
2024-09-18 15:04:25.923,-414.2687444958609,1003
2024-09-18 15:04:25.973,414.2380340055305,999
2024-09-18 15:04:25.984,414.28681051595817,5
2024-09-18 15:04:26.032,414.25983508736346,995
2024-09-18 15:04:26.044,414.2079304556938,1001
2024-09-18 15:04:26.063,414.2639579822804,104
2024-09-18 15:04:26.070,414.2153768008265,96
2024-09-18 15:04:26.094,414.2923294645729,1003
2024-09-18 15:04:26.236,414.27881806702106,15
2024-09-18 15:04:26.247,414.26910131806966,5
2024-09-18 15:04:26.324,414.2685219818707,1000
2024-09-18 15:04:26.354,414.2697719639866,105
2024-09-18 15:04:26.359,414.27246085976014,105
2024-09-18 15:04:26.410,414.2892165610301,101
2024-09-18 15:04:26.467,414.2391971130721,99
2024-09-18 15:04:26.693,414.2653027343056,1005
2024-09-18 15:04:26.715,414.2172303572233,15
2024-09-18 15:04:26.719,414.26176036974726,12
2024-09-18 15:04:26.723,414.2205515097971,995
2024-09-18 15:04:26.750,414.2142377188963,1005
2024-09-18 15:04:26.754,414.23916500850913,99
2024-09-18 15:04:26.770,414.2660391403359,95
2024-09-18 15:04:26.810,414.2643393880716,5
2024-09-18 15:04:26.818,414.2873922532581,995
2024-09-18 15:04:26.848,414.2108522603259,11
2024-09-18 15:04:26.884,414.290176363807,995
2024-09-18 15:04:27.018,414.3545622562624,12
2024-09-18 15:04:27.031,414.30802472321307,6
2024-09-18 15:04:27.086,414.4476063504529,98
2024-09-18 15:04:27.104,414.3330943278081,14
2024-09-18 15:04:27.165,414.4077854504778,1003
2024-09-18 15:04:27.224,414.3784328656749,15
2024-09-18 15:04:27.226,414.326991397428,101
2024-09-18 15:04:27.230,414.316179633385,103
2024-09-18 15:04:27.240,414.46653240085374,1002
2024-09-18 15:04:27.252,414.32415989821067,12
2024-09-18 15:04:27.252,414.3622852094158,1005
2024-09-18 15:04:27.307,414.3950505492537,998
2024-09-18 15:04:27.321,414.3540913722651,1000
2024-09-18 15:04:27.345,414.3733911452701,97
2024-09-18 15:04:27.354,414.4330246674916,7
2024-09-18 15:04:27.371,414.3292962372813,8
2024-09-18 15:04:27.436,414.3188060955181,6
2024-09-18 15:04:27.496,414.3126720856847,8
2024-09-18 15:04:27.638,414.3561607047663,1004
2024-09-18 15:04:27.681,414.2957226228375,105
2024-09-18 15:04:27.728,414.3648843431562,5
2024-09-18 15:04:27.737,414.3180679989876,998
2024-09-18 15:04:27.780,414.3135462713957,104
2024-09-18 15:04:27.815,414.3743781073854,98
2024-09-18 15:04:27.856,414.3597461844426,15
2024-09-18 15:04:27.875,414.3597393165746,8
2024-09-18 15:04:27.885,414.34418767485096,999
2024-09-18 15:04:28.071,414.44561112552896,101
2024-09-18 15:04:28.079,414.44910141386856,96
2024-09-18 15:04:28.190,41.444649156079535,997
2024-09-18 15:04:28.270,414.45421806695225,9
2024-09-18 15:04:28.277,414.4517439515775,13
2024-09-18 15:04:28.288,414.45390930606345,102
2024-09-18 15:04:28.339,414.4637241574969,105
2024-09-18 15:04:28.420,414.4460512967749,98
2024-09-18 15:04:28.485,414.4644626473142,1003
2024-09-18 15:04:28.607,414.45235542588455,102
2024-09-18 15:04:28.901,414.4557357922957,105
2024-09-18 15:04:28.935,414.4702627170212,13
2024-09-18 15:04:28.981,414.44454496607904,996
2024-09-18 15:04:29.167,414.4508112718875,15
2024-09-18 15:04:29.192,414.44799358303567,7
2024-09-18 15:04:30.121,414.4228880935319,105
2024-09-18 15:04:30.164,414.43563789250095,95
2024-09-18 15:04:30.207,414.4336003496263,105
2024-09-18 15:04:30.220,414.44487820128046,98
2024-09-18 15:04:30.239,414.4503428993365,13
2024-09-18 15:04:30.357,414.4173991654448,996
2024-09-18 15:04:30.468,414.4180048536268,998
2024-09-18 15:04:30.473,414.433066643429,97
2024-09-18 15:04:30.559,414.4554284671535,105
2024-09-18 15:04:30.562,414.4494916328758,999
2024-09-18 15:04:30.576,414.4237433420412,1002
2024-09-18 15:04:30.617,414.45791714605866,11
2024-09-18 15:04:30.667,414.4364901656954,15
2024-09-18 15:04:30.670,414.44885779830514,1001
2024-09-18 15:04:30.705,414.4445917066481,10
2024-09-18 15:04:30.768,414.45093122977744,14
2024-09-18 15:04:30.826,414.45276584564647,95
2024-09-18 15:04:30.834,414.4560175663795,999
2024-09-18 15:04:30.843,414.4574538620637,96
2024-09-18 15:04:31.021,414.4079780527524,997
2024-09-18 15:04:31.032,414.43356381418647,101
2024-09-18 15:04:31.071,414.4320150751394,11
2024-09-18 15:04:31.221,414.45586884578415,1000
2024-09-18 15:04:31.324,414.4614568900392,103
2024-09-18 15:04:31.359,414.4213239635409,96
2024-09-18 15:04:31.364,414.431995414026,5
2024-09-18 15:04:31.496,414.44246335741445,6
2024-09-18 15:04:31.503,414.4222685895893,98
2024-09-18 15:04:31.702,414.4407387417011,8
2024-09-18 15:04:31.727,414.4191611344444,102
2024-09-18 15:04:31.780,414.4322544824872,999
2024-09-18 15:04:31.814,414.4209805457084,7
2024-09-18 15:04:31.821,414.426031770802,102
2024-09-18 15:04:31.865,414.4468199041205,14
2024-09-18 15:04:31.947,414.4151492747504,12
2024-09-18 15:04:31.959,414.4561514629438,9
2024-09-18 15:04:32.049,414.4604233944894,11
2024-09-18 15:04:32.080,414.4418034274491,1001
2024-09-18 15:04:32.087,414.45443137267847,7
2024-09-18 15:04:32.195,414.4908550191468,996
2024-09-18 15:04:32.287,414.4608575996264,12
2024-09-18 15:04:32.313,414.5040356356046,14
2024-09-18 15:04:32.317,414.4396738985325,1004
2024-09-18 15:04:32.367,414.4864267589935,14
2024-09-18 15:04:32.436,414.5121563512293,998
2024-09-18 15:04:32.452,414.4685276162121,99
2024-09-18 15:04:32.524,414.4524947362679,1002
2024-09-18 15:04:32.638,-414.493951165327,999
2024-09-18 15:04:32.738,414.4651182535872,9
2024-09-18 15:04:32.746,414.4697440135001,1000
2024-09-18 15:04:32.827,414.4807446277193,13
2024-09-18 15:04:32.871,414.48434926343305,997
2024-09-18 15:04:32.886,414.469763196701,99
2024-09-18 15:04:32.891,414.4777303881036,996
2024-09-18 15:04:33.002,414.4409933073722,996
2024-09-18 15:04:33.011,414.443592393543,999
2024-09-18 15:04:33.020,414.4053775390811,97
2024-09-18 15:04:33.189,414.4289727078892,1005
2024-09-18 15:04:33.269,414.4485191022677,104
2024-09-18 15:04:33.293,414.4196088033658,101
2024-09-18 15:04:33.464,414.4501531907317,996
2024-09-18 15:04:33.653,414.4335699384527,103
2024-09-18 15:04:33.870,414.4385552854153,95
2024-09-18 15:04:34.099,414.4210548900602,102
2024-09-18 15:04:34.234,414.46305243814254,996
2024-09-18 15:04:34.397,414.4566821045503,6
2024-09-18 15:04:34.527,414.467626575804,996
2024-09-18 15:04:34.765,414.475931990549,99
2024-09-18 15:04:35.796,414.4561319671834,98
2024-09-18 15:04:36.022,414.3839326777416,8
2024-09-18 15:04:36.028,414.4555117540142,5
2024-09-18 15:04:36.032,414.3964256312991,1001
2024-09-18 15:04:36.051,414.4302090408285,103
2024-09-18 15:04:36.086,414.4038197760897,104
2024-09-18 15:04:36.368,414.3898521141053,8
2024-09-18 15:04:36.396,414.3891174180039,105
2024-09-18 15:04:36.409,,99
2024-09-18 15:04:36.426,414.4107268778205,996
2024-09-18 15:04:36.445,414.37818191576525,6
2024-09-18 15:04:36.501,414.39229455147387,996
2024-09-18 15:04:36.515,,1000
2024-09-18 15:04:36.556,414.4306627153153,1000
2024-09-18 15:04:36.594,414.4161357066054,99
2024-09-18 15:04:36.673,414.4132138863872,995
2024-09-18 15:04:36.705,414.37024347653175,9
2024-09-18 15:04:36.717,414.3744943333904,1003
2024-09-18 15:04:36.765,414.40290820719656,101
2024-09-18 15:04:36.771,414.3759367207132,10
2024-09-18 15:04:36.785,414.376001715434,100
2024-09-18 15:04:36.792,414.3938342678204,96
2024-09-18 15:04:36.822,414.4135587580551,97
2024-09-18 15:04:36.828,414.36903973877344,1005
2024-09-18 15:04:36.849,414.40454294057855,10
2024-09-18 15:04:36.860,414.3969535604863,12
2024-09-18 15:04:36.875,414.3994715063489,13
2024-09-18 15:04:36.911,414.40708262545513,7
2024-09-18 15:04:36.976,414.3782459566816,1004
2024-09-18 15:04:36.980,414.3852820058776,105
2024-09-18 15:04:37.022,414.3700749200653,1005
2024-09-18 15:04:37.043,414.36824319794863,104
2024-09-18 15:04:37.091,414.3694417305044,11
2024-09-18 15:04:37.132,414.3612478865393,100
2024-09-18 15:04:37.160,414.33424382718295,13
2024-09-18 15:04:37.185,414.3821546719326,102
2024-09-18 15:04:37.187,414.32951619884506,13
2024-09-18 15:04:37.237,414.3600731728395,998
2024-09-18 15:04:37.274,414.33165875355456,14
2024-09-18 15:04:37.296,414.3804041989002,97
2024-09-18 15:04:37.297,414.3732717610116,13
2024-09-18 15:04:37.430,414.3381017943636,10
2024-09-18 15:04:37.468,414.3932507348848,100
2024-09-18 15:04:37.552,414.38488170750674,1002
2024-09-18 15:04:37.594,414.3538315219079,997
2024-09-18 15:04:37.714,414.3852092757246,1003
2024-09-18 15:04:37.834,414.3446917810659,8
2024-09-18 15:04:37.887,414.3874409111119,103
2024-09-18 15:04:37.905,414.391126916313,12
2024-09-18 15:04:38.049,414.38885982863576,1002
2024-09-18 15:04:38.120,414.375913772467,999
2024-09-18 15:04:38.125,414.3748214560889,996
2024-09-18 15:04:38.243,414.4173881093389,1005
2024-09-18 15:04:38.332,414.39593534858136,103
2024-09-18 15:04:38.351,414.41312806426777,999
2024-09-18 15:04:38.547,414.41177140882814,98
2024-09-18 15:04:38.613,414.3949237903602,97
2024-09-18 15:04:38.811,414.4254341253681,12
2024-09-18 15:04:38.995,414.4364308626615,1000
2024-09-18 15:04:39.065,414.44828058539775,98
2024-09-18 15:04:39.102,414.415565348145,9
2024-09-18 15:04:39.141,414.4427937434126,9
2024-09-18 15:04:39.149,414.400472807232,995
2024-09-18 15:04:39.171,414.4030316461899,1005
2024-09-18 15:04:39.209,414.4648043502903,99
2024-09-18 15:04:39.452,414.4161445600317,8
2024-09-18 15:04:39.481,414.4274621255849,14
2024-09-18 15:04:39.562,414.4450718442318,996
2024-09-18 15:04:39.647,414.466355678688,9
2024-09-18 15:04:39.699,414.42384005506256,97
2024-09-18 15:04:39.722,414.4298039941893,103
2024-09-18 15:04:39.791,414.4128108643387,13
2024-09-18 15:04:39.797,414.4274426523498,11
2024-09-18 15:04:39.801,414.4505569356168,997
2024-09-18 15:04:39.931,414.4575846457455,100
2024-09-18 15:04:39.949,414.4336926764168,1000
2024-09-18 15:04:40.191,414.4235105975646,999
2024-09-18 15:04:40.255,414.4180090873396,1001
2024-09-18 15:04:40.281,414.4253091683496,999
2024-09-18 15:04:40.339,414.4137106216152,101
2024-09-18 15:04:40.356,414.3972343128519,998
2024-09-18 15:04:40.391,414.4172315989961,105
2024-09-18 15:04:40.562,414.4065698797371,103
2024-09-18 15:04:40.569,414.4177541970212,99
2024-09-18 15:04:40.660,414.4055646006679,995
2024-09-18 15:04:40.711,414.4096289436217,996
2024-09-18 15:04:40.736,414.4375720077813,11
2024-09-18 15:04:40.750,414.413100295268,8
2024-09-18 15:04:40.809,414.4212760275559,997
2024-09-18 15:04:41.019,414.3755867361132,7
2024-09-18 15:04:41.084,414.409931052489,998
2024-09-18 15:04:41.117,414.4265884828182,1001
2024-09-18 15:04:41.123,414.4470994612094,96
2024-09-18 15:04:41.135,414.4540935407953,10
2024-09-18 15:04:41.155,414.4237221911868,11
2024-09-18 15:04:41.159,414.4417150639908,7
2024-09-18 15:04:41.232,414.4631417057411,11
2024-09-18 15:04:41.268,414.3958752164314,1003
2024-09-18 15:04:41.337,414.404778611249,98
2024-09-18 15:04:41.376,414.4370603831845,1004
2024-09-18 15:04:41.436,414.43114944401447,1003
2024-09-18 15:04:41.518,414.40948981441295,15
2024-09-18 15:04:41.554,414.4394175711954,1005
2024-09-18 15:04:41.587,414.4200559808595,1002
2024-09-18 15:04:41.610,414.4337547080288,1000
2024-09-18 15:04:41.751,414.4213156743467,105
2024-09-18 15:04:41.851,414.442934645608,96
2024-09-18 15:04:41.873,414.4356211484149,99
2024-09-18 15:04:41.879,,11
2024-09-18 15:04:41.905,414.4382901150762,1002
2024-09-18 15:04:41.908,414.4270286985794,1003
2024-09-18 15:04:41.930,414.3965366733797,98
2024-09-18 15:04:41.965,414.3955319540262,1005
2024-09-18 15:04:42.015,414.4700499411645,103
2024-09-18 15:04:42.024,414.463961091595,7
2024-09-18 15:04:42.043,41.44299722241008,1005
2024-09-18 15:04:42.110,,10
2024-09-18 15:04:42.259,414.4335972283101,98
2024-09-18 15:04:42.346,414.4661928180046,1000
2024-09-18 15:04:42.447,414.4422066759542,98
2024-09-18 15:04:42.464,414.4469852913818,1005
2024-09-18 15:04:42.493,414.4334163692255,100
2024-09-18 15:04:42.494,414.4516038051944,5
2024-09-18 15:04:42.647,414.4697928901766,999
2024-09-18 15:04:42.687,414.4292175251119,98
2024-09-18 15:04:42.729,414.4279142425757,96
2024-09-18 15:04:42.737,414.4169058667123,95
2024-09-18 15:04:42.831,414.4636017675952,6
2024-09-18 15:04:42.835,41.44398947422119,10
2024-09-18 15:04:42.885,414.42161210654496,97
2024-09-18 15:04:42.925,414.442196986744,12
2024-09-18 15:04:43.004,414.4688379438719,11
2024-09-18 15:04:43.062,414.4556150132621,99
2024-09-18 15:04:43.134,407.0295378663652,13
2024-09-18 15:04:43.156,414.4814957502919,1003
2024-09-18 15:04:43.170,414.4833099165028,999
2024-09-18 15:04:43.328,414.46867820732064,96
2024-09-18 15:04:43.356,414.4468918544332,1003
2024-09-18 15:04:43.594,414.4843011331548,8
2024-09-18 15:04:43.610,414.48126496777456,999
2024-09-18 15:04:43.699,414.4771956211689,95
2024-09-18 15:04:43.882,414.4834381962808,996
2024-09-18 15:04:43.902,414.4736997236619,8
2024-09-18 15:04:43.994,414.4759165057546,999
2024-09-18 15:04:44.019,414.4677964439131,12
2024-09-18 15:04:44.059,414.3869051469888,5
2024-09-18 15:04:44.066,414.456099510735,104
2024-09-18 15:04:44.112,414.45325142595664,6
2024-09-18 15:04:44.236,414.4214939391113,103
2024-09-18 15:04:44.243,,102
2024-09-18 15:04:44.258,41.43767892638392,1001
2024-09-18 15:04:44.265,414.46046949278247,1000
2024-09-18 15:04:44.312,414.47998858863696,9
2024-09-18 15:04:44.344,414.45645812051214,13
2024-09-18 15:04:44.417,414.4019641682689,99
2024-09-18 15:04:44.463,414.4475502961962,103
2024-09-18 15:04:44.483,414.47816168906274,102
2024-09-18 15:04:44.541,414.424808462018,103
2024-09-18 15:04:44.585,414.4603348004796,1003
2024-09-18 15:04:44.675,414.3741671781275,97
2024-09-18 15:04:44.707,414.48229583375127,105
2024-09-18 15:04:44.718,414.4688756723162,998
2024-09-18 15:04:44.764,414.41651374645465,95
2024-09-18 15:04:44.792,414.470939357101,98
2024-09-18 15:04:44.829,414.417013994575,998
2024-09-18 15:04:44.832,414.39593386095777,97
2024-09-18 15:04:44.862,414.4105326385448,99
2024-09-18 15:04:44.876,414.4336147944607,101
2024-09-18 15:04:44.877,414.469735365584,1004
2024-09-18 15:04:44.911,414.4718729213722,7
2024-09-18 15:04:44.932,414.4740696065856,105
2024-09-18 15:04:44.971,414.4027127631842,14
2024-09-18 15:04:45.030,414.4897268081023,997
2024-09-18 15:04:45.063,414.4900131099638,97
2024-09-18 15:04:45.141,414.5071914374992,996
2024-09-18 15:04:45.326,414.46088519695365,95
2024-09-18 15:04:45.328,414.4827840703957,11
2024-09-18 15:04:45.381,414.4880401119055,100
2024-09-18 15:04:45.486,,98
2024-09-18 15:04:45.493,414.4721045079712,6
2024-09-18 15:04:45.539,414.40945922663497,101
2024-09-18 15:04:45.560,414.4159738159012,7
2024-09-18 15:04:45.584,414.5109295080347,5
2024-09-18 15:04:45.624,414.4877108888821,6
2024-09-18 15:04:45.648,414.47861529159616,96
2024-09-18 15:04:45.649,414.4458275701644,999
2024-09-18 15:04:45.655,414.4201175813422,95
2024-09-18 15:04:45.719,414.4761710668373,1003
2024-09-18 15:04:45.728,414.4285050479311,998
2024-09-18 15:04:45.744,414.4959526578706,10
2024-09-18 15:04:45.836,414.46250224490046,7
2024-09-18 15:04:45.897,414.4223270537728,99
2024-09-18 15:04:45.922,414.4962552466352,103
2024-09-18 15:04:45.924,414.47280287786,996
2024-09-18 15:04:45.928,414.4509020169871,103
2024-09-18 15:04:45.936,414.4628392065753,11
2024-09-18 15:04:45.969,414.42709140923824,97
2024-09-18 15:04:45.973,414.4566436285437,13
2024-09-18 15:04:46.004,414.4031469166465,15
2024-09-18 15:04:46.051,414.4175526963001,100
2024-09-18 15:04:46.265,414.39993099125786,95
2024-09-18 15:04:46.339,414.38986604503526,96
2024-09-18 15:04:46.540,414.3910966089869,103
2024-09-18 15:04:46.857,414.4163317508283,1002
2024-09-18 15:04:47.004,414.4758495524949,98
2024-09-18 15:04:47.205,414.3966554068568,96
2024-09-18 15:04:47.232,414.4295557212482,103
2024-09-18 15:04:47.250,414.4265478051432,998
2024-09-18 15:04:47.328,414.43369803759936,100
2024-09-18 15:04:47.446,414.4139832799325,103
2024-09-18 15:04:47.535,414.42205521321694,7
2024-09-18 15:04:47.551,414.4130003301539,95
2024-09-18 15:04:47.639,414.4069649156193,995
2024-09-18 15:04:47.673,414.41986003865645,999
2024-09-18 15:04:47.690,414.48854291070165,7
2024-09-18 15:04:47.730,414.42156446991135,1002
2024-09-18 15:04:47.754,414.4489587396939,1001
2024-09-18 15:04:47.763,414.4728678184504,100
2024-09-18 15:04:47.766,414.4851601958077,1002
2024-09-18 15:04:47.806,414.4316433572878,996
2024-09-18 15:04:47.811,414.47285612414055,14
2024-09-18 15:04:47.866,414.4039951198516,13
2024-09-18 15:04:47.915,414.42295386847474,9
2024-09-18 15:04:47.936,414.4032987399865,6
2024-09-18 15:04:48.003,414.4997678735796,13
2024-09-18 15:04:48.121,414.535367611482,104
2024-09-18 15:04:48.133,414.5030861526222,1001
2024-09-18 15:04:48.211,414.4955407741705,99
2024-09-18 15:04:48.290,414.51481679510346,999
2024-09-18 15:04:48.368,414.50315041589016,11
2024-09-18 15:04:48.391,414.5047286453101,98
2024-09-18 15:04:48.397,414.5151854615271,997
2024-09-18 15:04:48.441,414.5151582646424,13
2024-09-18 15:04:48.456,414.5159641416668,997
2024-09-18 15:04:48.473,414.5008517173004,98
2024-09-18 15:04:48.482,414.494381292505,103
2024-09-18 15:04:48.597,414.5173277689025,14
2024-09-18 15:04:48.645,414.5042603313732,1004
2024-09-18 15:04:48.672,414.5060534431846,104
2024-09-18 15:04:48.724,414.52880185945793,1005
2024-09-18 15:04:48.749,414.519235602144,95
2024-09-18 15:04:48.767,414.50821598805055,100
2024-09-18 15:04:48.800,414.4843760011059,7
2024-09-18 15:04:48.812,414.5195433476929,105
2024-09-18 15:04:48.834,414.5107376895386,103
2024-09-18 15:04:48.835,414.484415862982,99
2024-09-18 15:04:48.881,414.5201510737971,10
2024-09-18 15:04:48.899,414.5141899692525,6
2024-09-18 15:04:48.908,414.51081038722833,1000
2024-09-18 15:04:49.020,414.5046271425151,995
2024-09-18 15:04:49.021,414.5310554422756,12
2024-09-18 15:04:49.190,414.5035815207218,99
2024-09-18 15:04:49.197,414.5121770919296,5
2024-09-18 15:04:49.211,414.52380654265903,1002
2024-09-18 15:04:49.304,414.5171505748014,998
2024-09-18 15:04:49.309,414.518769424145,998
2024-09-18 15:04:49.310,414.50540358797485,7
2024-09-18 15:04:49.417,414.50569952007805,1002
2024-09-18 15:04:49.445,414.5265532906169,1001
2024-09-18 15:04:49.466,414.5170405783912,1004
2024-09-18 15:04:49.574,414.5283700325472,6
2024-09-18 15:04:49.639,414.50062498232006,1002
2024-09-18 15:04:49.655,414.51975449948753,8
2024-09-18 15:04:49.696,414.5270668561035,101
2024-09-18 15:04:49.751,414.52486194512,995
2024-09-18 15:04:49.769,414.5022504339661,104
2024-09-18 15:04:49.864,414.5016304135266,98
2024-09-18 15:04:49.998,414.53068956597,998
2024-09-18 15:04:50.049,414.6364952111104,12
2024-09-18 15:04:50.135,414.5988417710626,96
2024-09-18 15:04:50.175,414.5922002034569,1004
2024-09-18 15:04:50.279,414.5895115662542,998
2024-09-18 15:04:50.327,414.5681895111769,1004
2024-09-18 15:04:50.376,414.6182030681314,9
2024-09-18 15:04:50.399,41.46031590909294,997
2024-09-18 15:04:50.431,414.6398315446361,100
2024-09-18 15:04:50.433,414.63540506294754,996
2024-09-18 15:04:50.504,414.585763211,96
2024-09-18 15:04:50.520,414.6397517602547,7
2024-09-18 15:04:50.525,407.1625316515262,1001
2024-09-18 15:04:50.538,414.5470876425572,1001
2024-09-18 15:04:50.563,414.621642473415,96
2024-09-18 15:04:50.571,414.5485357906784,102
2024-09-18 15:04:50.590,414.6259746358388,996
2024-09-18 15:04:50.613,414.607291694848,8
2024-09-18 15:04:50.621,414.6351351677262,5
2024-09-18 15:04:50.630,414.6351066765713,7
2024-09-18 15:04:50.647,414.54337302847,996
2024-09-18 15:04:50.652,414.6369295306433,99
2024-09-18 15:04:50.680,414.59907023501535,97
2024-09-18 15:04:50.693,414.5578446741765,8
2024-09-18 15:04:50.771,414.5296989876865,997
2024-09-18 15:04:50.813,414.6409596184812,95
2024-09-18 15:04:50.815,414.6455819561659,100
2024-09-18 15:04:50.848,414.59913557159234,7
2024-09-18 15:04:50.888,414.63876462210976,9
2024-09-18 15:04:50.941,414.5475596660193,8
2024-09-18 15:04:50.941,414.60994594815776,11
2024-09-18 15:04:50.955,414.5936586611144,101
2024-09-18 15:04:51.343,,1001
2024-09-18 15:04:51.407,414.6017754371499,5
2024-09-18 15:04:51.500,414.564631806242,10
2024-09-18 15:04:51.581,414.5677692355613,999
2024-09-18 15:04:51.588,414.583050883315,104
2024-09-18 15:04:51.715,414.6016916414615,10
2024-09-18 15:04:51.855,414.6307706231333,8
2024-09-18 15:04:51.895,414.57085635699127,1003
2024-09-18 15:04:51.946,414.5867886497412,101
2024-09-18 15:04:52.001,414.6505247502549,9
2024-09-18 15:04:52.133,414.630826823786,105
2024-09-18 15:04:52.178,414.6350922438304,10
2024-09-18 15:04:52.221,414.6568421782023,5
2024-09-18 15:04:52.304,414.6251564094607,104
2024-09-18 15:04:52.317,414.64038892073125,95
2024-09-18 15:04:52.354,414.62710456949344,13
2024-09-18 15:04:52.414,414.6472536490576,101
2024-09-18 15:04:52.452,414.6316915287273,15
2024-09-18 15:04:52.457,414.6332249290036,10
2024-09-18 15:04:52.493,414.6518133419268,6
2024-09-18 15:04:52.562,414.61575956577553,10
2024-09-18 15:04:52.587,414.6493216894034,14
2024-09-18 15:04:52.591,414.6779323493124,100
2024-09-18 15:04:52.632,414.6515656432612,100
2024-09-18 15:04:52.677,414.66224250604256,10
2024-09-18 15:04:52.683,414.6825943992108,102
2024-09-18 15:04:52.790,414.6669267963069,105
2024-09-18 15:04:52.843,414.6747278043515,96
2024-09-18 15:04:52.854,414.6240976594824,96
2024-09-18 15:04:52.876,414.665319693587,7
2024-09-18 15:04:52.880,414.64055102385856,6
2024-09-18 15:04:52.902,414.6710197452303,999
2024-09-18 15:04:52.957,414.6784527998665,97
2024-09-18 15:04:53.010,414.6944021803884,104
2024-09-18 15:04:53.063,414.6952812870738,1000
2024-09-18 15:04:53.102,414.6828205012264,999
2024-09-18 15:04:53.264,414.6774281071941,10
2024-09-18 15:04:53.336,414.6890281477717,14
2024-09-18 15:04:53.352,414.6924705313697,97
2024-09-18 15:04:53.482,414.6774995083785,999
2024-09-18 15:04:53.527,414.6648734313438,100
2024-09-18 15:04:53.603,414.69911256985336,1001
2024-09-18 15:04:53.661,414.6778925235883,1003
2024-09-18 15:04:53.665,414.6749356991085,999
2024-09-18 15:04:53.680,414.6564344481855,996
2024-09-18 15:04:53.768,414.6698163299748,95
2024-09-18 15:04:53.789,414.6858804124978,5
2024-09-18 15:04:53.808,414.6789910731018,100
2024-09-18 15:04:53.811,414.69677621134286,12
2024-09-18 15:04:53.822,414.70544951969936,1005
2024-09-18 15:04:53.886,414.68618543428704,997
2024-09-18 15:04:54.025,,104
2024-09-18 15:04:54.048,414.6745041397834,12
2024-09-18 15:04:54.097,414.71821473634645,999
2024-09-18 15:04:54.195,414.7088189494706,12
2024-09-18 15:04:54.264,414.7143535232734,1002
2024-09-18 15:04:54.308,414.680084283867,6
2024-09-18 15:04:54.346,414.68073678311526,1005
2024-09-18 15:04:54.385,414.6834061720332,1005
2024-09-18 15:04:54.418,414.6836635106939,1000
2024-09-18 15:04:54.420,414.6796964147828,97
2024-09-18 15:04:54.469,414.7025467413118,12
2024-09-18 15:04:54.541,414.7207464113034,7
2024-09-18 15:04:54.568,414.6963229704589,95
2024-09-18 15:04:54.573,414.72676584211655,1005
2024-09-18 15:04:54.584,414.6963597887259,101
2024-09-18 15:04:54.616,414.6700201513057,998
2024-09-18 15:04:54.635,414.6958974282311,1002
2024-09-18 15:04:54.661,414.672205651293,10
2024-09-18 15:04:54.668,414.66648497391583,1001
2024-09-18 15:04:54.677,414.7277766338767,7
2024-09-18 15:04:54.686,414.6782765416256,97
2024-09-18 15:04:54.691,414.6874107826152,5
2024-09-18 15:04:54.811,414.70569028102665,13
2024-09-18 15:04:54.891,414.7310660405434,14
2024-09-18 15:04:54.908,414.6702523386802,97
2024-09-18 15:04:54.984,414.6613994822017,105
2024-09-18 15:04:54.987,414.6703991581229,1003
2024-09-18 15:04:55.021,414.7435657696059,1002
2024-09-18 15:04:55.061,414.7359221065914,10
2024-09-18 15:04:55.159,414.6896120056175,1003
2024-09-18 15:04:55.160,414.6725285588815,103
2024-09-18 15:04:55.161,414.68138457206334,12
2024-09-18 15:04:55.167,414.6703708402952,95
2024-09-18 15:04:55.257,414.6866406511146,11
2024-09-18 15:04:55.331,414.6784333195826,995
2024-09-18 15:04:55.371,414.678622369927,101
2024-09-18 15:04:55.406,414.661551851157,105
2024-09-18 15:04:55.408,414.67910848813045,11
2024-09-18 15:04:55.446,414.7330404897541,12
2024-09-18 15:04:55.448,414.69997070791146,1003
2024-09-18 15:04:55.489,414.6976214451158,14
2024-09-18 15:04:55.539,414.70355580101057,9
2024-09-18 15:04:55.614,414.7103878650327,12
2024-09-18 15:04:55.687,414.7413407719639,13
2024-09-18 15:04:55.704,-414.71773307079167,95
2024-09-18 15:04:55.755,414.6959170352972,5
2024-09-18 15:04:55.756,414.6624103347153,13
2024-09-18 15:04:55.787,414.7315219689783,13
2024-09-18 15:04:55.813,414.7022548488853,7
2024-09-18 15:04:55.831,414.7373069849525,998
2024-09-18 15:04:55.842,414.72521301960734,104
2024-09-18 15:04:55.852,414.6857795405336,102
2024-09-18 15:04:55.921,414.7314306312978,7
2024-09-18 15:04:55.936,414.7317333410221,999
2024-09-18 15:04:55.989,414.7026616718388,997
2024-09-18 15:04:56.017,414.61441052229657,997
2024-09-18 15:04:56.094,414.6153605939641,96
2024-09-18 15:04:56.191,414.6319446958005,98
2024-09-18 15:04:56.302,414.6292346442754,13
2024-09-18 15:04:56.312,414.64620195075565,10
2024-09-18 15:04:56.324,414.6269833529578,9
2024-09-18 15:04:56.336,414.65720988837353,96
2024-09-18 15:04:56.414,414.6218721174794,97
2024-09-18 15:04:56.509,414.6338459932484,998
2024-09-18 15:04:56.601,414.6411332487231,999
2024-09-18 15:04:56.875,414.6427616240606,8
2024-09-18 15:04:56.956,414.6541291747637,103
2024-09-18 15:04:57.005,414.6660522947519,1004
2024-09-18 15:04:57.009,414.6778896938932,98
2024-09-18 15:04:57.059,414.6932361111995,1005
2024-09-18 15:04:57.111,414.662647946853,999
2024-09-18 15:04:57.261,414.6923772821076,8
2024-09-18 15:04:57.275,414.69388000517046,995
2024-09-18 15:04:57.275,414.6728305677883,13
2024-09-18 15:04:57.327,414.6685110577959,999
2024-09-18 15:04:57.474,414.6929451136689,97
2024-09-18 15:04:57.534,414.6848000928389,7
2024-09-18 15:04:57.546,414.660695244334,998
2024-09-18 15:04:57.565,414.6885130920134,11
2024-09-18 15:04:57.586,414.67027289350375,1003
2024-09-18 15:04:57.662,414.6816297884199,996
2024-09-18 15:04:57.678,414.66546607741935,99
2024-09-18 15:04:57.748,414.69008619047935,97
2024-09-18 15:04:57.780,414.6626344072882,10
2024-09-18 15:04:57.796,414.6789491122594,95
2024-09-18 15:04:57.812,414.6901588216648,1002
2024-09-18 15:04:57.874,414.67501280338274,15
2024-09-18 15:04:58.377,414.68991642594784,101
2024-09-18 15:04:59.025,414.63659095451726,99
2024-09-18 15:04:59.099,414.7205613838631,98
2024-09-18 15:04:59.100,414.6985823973178,995
2024-09-18 15:04:59.124,414.6743923036085,104
2024-09-18 15:04:59.182,414.7149514832474,5
2024-09-18 15:04:59.196,414.7051096114018,104
2024-09-18 15:04:59.304,414.6974074611622,15
2024-09-18 15:04:59.398,414.71102783553073,13
2024-09-18 15:04:59.538,414.64432621952375,10
2024-09-18 15:04:59.635,414.7141518530824,100
2024-09-18 15:04:59.708,414.7213416304992,103
2024-09-18 15:04:59.717,414.6990281262232,6
2024-09-18 15:04:59.735,414.6999502184433,1001
2024-09-18 15:04:59.770,414.65881038705743,11
2024-09-18 15:04:59.775,414.7187135467999,1005
2024-09-18 15:04:59.809,414.66860142178894,96
2024-09-18 15:04:59.822,414.7137569914312,101
2024-09-18 15:04:59.909,414.6676846374345,11
2024-09-18 15:04:59.951,414.67042904479945,105
