Timestamp,Price,Size
2024-09-16 14:18:00.023,415.0400409433135,95
2024-09-16 14:18:00.091,414.9883606346338,8
2024-09-16 14:18:00.188,415.0532955697957,1000
2024-09-16 14:18:00.441,415.0225462159526,1000
2024-09-16 14:18:00.444,415.0179042086058,1000
2024-09-16 14:18:00.481,415.0593476112528,100
2024-09-16 14:18:00.558,415.0548722261856,997
2024-09-16 14:18:00.572,415.0578264805851,14
2024-09-16 14:18:00.577,415.0602701300176,99
2024-09-16 14:18:00.581,414.9990107165861,12
2024-09-16 14:18:00.802,415.0576174501736,996
2024-09-16 14:18:01.023,415.0633143444798,13
2024-09-16 14:18:01.079,414.97095678222905,996
2024-09-16 14:18:01.171,414.9876335231804,10
2024-09-16 14:18:01.209,415.0362384913129,96
2024-09-16 14:18:01.220,414.9858691177082,99
2024-09-16 14:18:01.347,415.0481337013629,999
2024-09-16 14:18:01.362,415.0277209927913,997
2024-09-16 14:18:01.471,415.05551534289214,995
2024-09-16 14:18:01.526,415.03367415040407,995
2024-09-16 14:18:01.530,415.05507635244913,10
2024-09-16 14:18:01.550,415.0519851535708,8
2024-09-16 14:18:01.699,414.9926333631756,13
2024-09-16 14:18:01.718,415.0195003431236,6
2024-09-16 14:18:01.724,41.50138834922743,999
2024-09-16 14:18:01.770,414.9789974219696,11
2024-09-16 14:18:01.942,415.0366237819145,102
2024-09-16 14:18:02.266,415.0741374407221,6
2024-09-16 14:18:02.355,415.1011642974018,1004
2024-09-16 14:18:02.364,415.11326665130366,9
2024-09-16 14:18:02.394,415.1042295574813,96
2024-09-16 14:18:02.466,415.075400234546,1002
2024-09-16 14:18:02.484,415.1125275090512,1001
2024-09-16 14:18:02.683,415.1217664122665,6
2024-09-16 14:18:02.687,415.1210124906315,1000
2024-09-16 14:18:02.697,415.1186560941379,15
2024-09-16 14:18:02.847,415.1037770324141,14
2024-09-16 14:18:02.864,415.11000899798114,13
2024-09-16 14:18:02.909,415.1212946277682,1005
2024-09-16 14:18:03.069,415.07889333197335,995
2024-09-16 14:18:03.145,415.1034232933655,13
2024-09-16 14:18:03.170,415.09931765425966,14
2024-09-16 14:18:03.241,,11
2024-09-16 14:18:03.326,415.1012687720224,14
2024-09-16 14:18:03.383,415.09145620025856,102
2024-09-16 14:18:03.523,415.0511408281382,11
2024-09-16 14:18:03.533,415.091826105197,96
2024-09-16 14:18:03.570,415.1082945976002,101
2024-09-16 14:18:03.584,415.0789645532964,11
2024-09-16 14:18:03.646,415.0944552455598,10
2024-09-16 14:18:03.696,415.1051235594636,101
2024-09-16 14:18:03.709,415.1020412263806,105
2024-09-16 14:18:03.835,415.10918252439546,997
2024-09-16 14:18:03.890,415.1067249650729,1001
2024-09-16 14:18:03.912,415.04463471757,1004
2024-09-16 14:18:03.929,415.0871689624938,9
2024-09-16 14:18:04.005,415.1291089695008,102
2024-09-16 14:18:04.139,415.1123582645166,14
2024-09-16 14:18:04.463,415.1188376932135,95
2024-09-16 14:18:04.483,415.13642401304526,1005
2024-09-16 14:18:04.646,415.1491277422813,99
2024-09-16 14:18:04.757,415.12842960027615,99
2024-09-16 14:18:04.797,415.1423919645966,9
2024-09-16 14:18:04.850,415.1404225496489,96
2024-09-16 14:18:04.865,415.12623928767295,102
2024-09-16 14:18:04.869,415.11811835117777,96
2024-09-16 14:18:04.954,415.1219543117242,12
2024-09-16 14:18:05.225,415.11505869091616,101
2024-09-16 14:18:05.240,415.1511977276644,96
2024-09-16 14:18:05.252,415.1369244927017,1002
2024-09-16 14:18:05.325,415.1399553984695,1004
2024-09-16 14:18:05.432,415.1073617235128,99
2024-09-16 14:18:05.502,415.1161094259184,1001
2024-09-16 14:18:05.528,415.154629739868,11
2024-09-16 14:18:05.631,415.0862683180399,999
2024-09-16 14:18:05.650,415.1452303239652,96
2024-09-16 14:18:05.692,415.0915352410403,102
2024-09-16 14:18:05.762,415.1526346749465,8
2024-09-16 14:18:05.764,415.1230461974504,1000
2024-09-16 14:18:05.773,415.11662220631246,1005
2024-09-16 14:18:05.868,415.1328604513673,15
2024-09-16 14:18:05.933,415.1356779791594,1003
2024-09-16 14:18:06.006,415.1810039972373,102
2024-09-16 14:18:06.070,415.1634434887365,14
2024-09-16 14:18:06.104,415.1517745836788,11
2024-09-16 14:18:06.127,415.1521649867916,100
2024-09-16 14:18:06.147,415.1586344493035,6
2024-09-16 14:18:06.161,415.16014312206335,102
2024-09-16 14:18:06.317,415.1438713007741,7
2024-09-16 14:18:06.475,415.1615544079378,15
2024-09-16 14:18:06.493,415.1634006994276,99
2024-09-16 14:18:06.518,415.1597397456444,15
2024-09-16 14:18:06.611,415.16919258895393,101
2024-09-16 14:18:06.622,415.16347025441246,999
2024-09-16 14:18:06.625,415.1535159506065,1005
2024-09-16 14:18:06.644,415.1773398644761,1000
2024-09-16 14:18:06.669,415.1662306644754,14
2024-09-16 14:18:06.676,415.1732682248436,10
2024-09-16 14:18:06.686,415.161695529168,6
2024-09-16 14:18:06.692,415.13932590345735,102
2024-09-16 14:18:06.771,415.1508148979946,98
2024-09-16 14:18:06.777,415.1435372114304,100
2024-09-16 14:18:06.805,415.13284719845535,7
2024-09-16 14:18:06.826,415.1527408384711,98
2024-09-16 14:18:06.964,415.1624004401177,8
2024-09-16 14:18:07.044,415.0714666414876,13
2024-09-16 14:18:07.050,415.1435773059332,12
2024-09-16 14:18:07.050,415.1384418099735,15
2024-09-16 14:18:07.071,415.1710431018327,102
2024-09-16 14:18:07.114,415.1409471196448,1002
2024-09-16 14:18:07.159,-415.1041576532437,103
2024-09-16 14:18:07.250,415.1631574162631,15
2024-09-16 14:18:07.288,415.0763089974691,995
2024-09-16 14:18:07.302,415.1590578016725,1005
2024-09-16 14:18:07.326,415.164962867049,8
2024-09-16 14:18:07.348,415.1469086896014,998
2024-09-16 14:18:07.366,415.06823158791656,995
2024-09-16 14:18:07.419,415.17240480614765,7
2024-09-16 14:18:07.434,415.1566578771453,105
2024-09-16 14:18:07.553,415.1588934117276,105
2024-09-16 14:18:07.600,415.125146225176,100
2024-09-16 14:18:07.635,415.1487924459565,98
2024-09-16 14:18:07.677,415.0893493500561,102
2024-09-16 14:18:07.678,415.0405348482597,5
2024-09-16 14:18:07.755,415.1207203082441,998
2024-09-16 14:18:07.767,415.1183456836909,8
2024-09-16 14:18:07.809,415.05893362966935,7
2024-09-16 14:18:07.835,415.0494867586847,8
2024-09-16 14:18:07.900,415.0657599045756,997
2024-09-16 14:18:07.902,415.07992314678427,997
2024-09-16 14:18:07.910,415.17490404795655,996
2024-09-16 14:18:07.911,415.070595723985,1003
2024-09-16 14:18:07.913,415.1244468848479,7
2024-09-16 14:18:07.914,415.0920956900586,99
2024-09-16 14:18:07.931,415.1360120141341,12
2024-09-16 14:18:08.003,415.1420032595189,1000
2024-09-16 14:18:08.081,415.1494373337479,105
2024-09-16 14:18:08.087,415.1067416272317,103
2024-09-16 14:18:08.103,415.1072809065743,6
2024-09-16 14:18:08.135,415.1363372602789,100
2024-09-16 14:18:08.176,415.1124171210071,7
2024-09-16 14:18:08.187,415.1295117825131,105
2024-09-16 14:18:08.338,415.1020586491292,11
2024-09-16 14:18:08.522,415.0948007111419,1003
2024-09-16 14:18:08.544,415.1186217459495,11
2024-09-16 14:18:08.561,415.1412750916773,1004
2024-09-16 14:18:08.618,415.12210513986025,98
2024-09-16 14:18:08.685,415.1217356657489,14
2024-09-16 14:18:08.708,415.1239937001866,98
2024-09-16 14:18:08.736,415.1363448931346,1005
2024-09-16 14:18:08.737,415.1232730417265,7
2024-09-16 14:18:08.738,415.1087227538776,1005
2024-09-16 14:18:08.747,415.1117722515677,97
2024-09-16 14:18:08.764,415.1238776115567,13
2024-09-16 14:18:08.821,415.1182225636709,97
2024-09-16 14:18:08.831,415.1019930170405,96
2024-09-16 14:18:08.850,415.1315207892976,105
2024-09-16 14:18:08.980,415.1108831961139,9
2024-09-16 14:18:09.341,415.1253682941616,14
2024-09-16 14:18:09.469,415.1491471793986,1001
2024-09-16 14:18:09.704,415.1352537668325,105
2024-09-16 14:18:09.954,415.11784735600025,1000
2024-09-16 14:18:10.027,415.17566099026345,100
2024-09-16 14:18:10.028,415.1420100875652,95
2024-09-16 14:18:10.061,415.14021886580304,5
2024-09-16 14:18:10.075,415.164299607801,11
2024-09-16 14:18:10.208,415.1636767469094,95
2024-09-16 14:18:10.282,415.13195324770487,6
2024-09-16 14:18:10.314,415.1489790142978,11
2024-09-16 14:18:10.353,415.1663267573117,6
2024-09-16 14:18:10.449,415.148718471958,101
2024-09-16 14:18:10.536,415.1748785455093,8
2024-09-16 14:18:10.538,415.1153327458953,8
2024-09-16 14:18:10.569,415.1909511410877,1001
2024-09-16 14:18:10.576,415.1631614443032,999
2024-09-16 14:18:10.628,415.1709298568449,103
2024-09-16 14:18:10.634,415.18376941396,96
2024-09-16 14:18:10.651,415.1152586088658,11
2024-09-16 14:18:10.664,415.1621238241498,997
2024-09-16 14:18:10.674,415.1203676279861,99
2024-09-16 14:18:10.711,415.1544491486103,95
2024-09-16 14:18:10.750,415.1491508904761,998
2024-09-16 14:18:10.793,415.1620626508831,103
2024-09-16 14:18:10.799,415.1194736538895,998
2024-09-16 14:18:10.956,415.1470308947588,5
2024-09-16 14:18:10.960,415.12359610370765,8
2024-09-16 14:18:11.067,415.154010855245,101
2024-09-16 14:18:11.071,415.1079863490198,10
2024-09-16 14:18:11.256,415.1186042078586,12
2024-09-16 14:18:11.274,415.11636328288114,101
2024-09-16 14:18:11.300,415.1382572076034,99
2024-09-16 14:18:11.405,415.1220577670548,103
2024-09-16 14:18:11.445,415.1230259513693,999
2024-09-16 14:18:11.645,415.1560169781102,98
2024-09-16 14:18:11.664,415.12746864552594,996
2024-09-16 14:18:11.719,415.1546961209594,999
2024-09-16 14:18:11.749,415.1622090824153,998
2024-09-16 14:18:11.827,415.1603285003194,995
2024-09-16 14:18:11.902,415.1435744028215,97
2024-09-16 14:18:11.910,415.1591348289782,99
2024-09-16 14:18:11.988,415.1263634062135,999
2024-09-16 14:18:12.012,415.1219984733344,95
2024-09-16 14:18:12.073,415.17146271939896,7
2024-09-16 14:18:12.098,415.14283240212046,997
2024-09-16 14:18:12.136,415.1126553922898,6
2024-09-16 14:18:12.186,415.1401598233587,1003
2024-09-16 14:18:12.242,,95
2024-09-16 14:18:12.246,415.1382223700105,6
2024-09-16 14:18:12.259,415.0962651866328,13
2024-09-16 14:18:12.263,415.1101490742195,1002
2024-09-16 14:18:12.272,415.1706374748224,99
2024-09-16 14:18:12.398,415.1192629265448,101
2024-09-16 14:18:12.418,415.1334284809205,8
2024-09-16 14:18:12.490,415.1583205340573,995
2024-09-16 14:18:12.495,415.1477185639523,98
2024-09-16 14:18:12.510,415.1505855382181,1001
2024-09-16 14:18:12.548,415.125453151046,15
2024-09-16 14:18:12.569,415.1253310831067,96
2024-09-16 14:18:12.648,415.1655603284747,97
2024-09-16 14:18:12.721,415.13959107886416,7
2024-09-16 14:18:12.735,415.142329791384,101
2024-09-16 14:18:12.746,415.1165070833305,5
2024-09-16 14:18:12.787,415.1584881863893,997
2024-09-16 14:18:12.905,415.1320684611581,104
2024-09-16 14:18:12.967,415.0919689284788,1000
2024-09-16 14:18:13.068,415.13646811734486,10
2024-09-16 14:18:13.205,415.1793972204552,11
2024-09-16 14:18:13.597,415.1749229140742,1000
2024-09-16 14:18:13.681,415.1792748258104,15
2024-09-16 14:18:13.748,415.1549879232321,99
2024-09-16 14:18:14.011,415.1279994833913,98
2024-09-16 14:18:14.218,415.1203817781454,8
2024-09-16 14:18:14.289,415.1572210448112,102
2024-09-16 14:18:14.334,415.1842544887131,14
2024-09-16 14:18:14.475,415.1579707086224,1000
2024-09-16 14:18:14.478,415.1274203200597,97
2024-09-16 14:18:14.591,415.1078279988587,105
2024-09-16 14:18:14.630,415.12542163385336,10
2024-09-16 14:18:14.753,415.18038380202506,9
2024-09-16 14:18:14.833,415.1400028015193,98
2024-09-16 14:18:15.003,415.1893245314011,100
2024-09-16 14:18:15.157,415.1915488949706,101
2024-09-16 14:18:15.177,415.1577782677579,102
2024-09-16 14:18:15.219,415.1812723749046,995
2024-09-16 14:18:15.347,415.19968181896303,13
2024-09-16 14:18:15.433,415.175222499834,995
2024-09-16 14:18:15.510,415.1593512049896,96
2024-09-16 14:18:15.555,415.18358912771134,15
2024-09-16 14:18:15.648,415.1955366256686,105
2024-09-16 14:18:15.706,415.2016069460174,999
2024-09-16 14:18:15.713,415.1691664131112,15
2024-09-16 14:18:15.765,415.180318614381,1005
2024-09-16 14:18:15.773,415.1979881559243,996
2024-09-16 14:18:15.778,415.2011080755476,12
2024-09-16 14:18:15.962,415.1693280968313,102
2024-09-16 14:18:16.018,415.19985643800254,995
2024-09-16 14:18:16.050,415.1915791093184,97
2024-09-16 14:18:16.062,415.1416071352384,998
2024-09-16 14:18:16.114,415.1881199118358,7
2024-09-16 14:18:16.124,415.1917156893576,9
2024-09-16 14:18:16.125,415.0875487228323,1002
2024-09-16 14:18:16.127,415.1070050214014,1001
2024-09-16 14:18:16.142,415.1284912099076,1000
2024-09-16 14:18:16.269,415.1597537151709,1005
2024-09-16 14:18:16.316,415.154578235492,7
2024-09-16 14:18:16.442,415.1612370918944,995
2024-09-16 14:18:16.517,415.0894568509282,999
2024-09-16 14:18:16.537,415.1601080853344,100
2024-09-16 14:18:16.570,415.1280308943125,10
2024-09-16 14:18:16.594,415.1438270474023,10
2024-09-16 14:18:16.601,415.1594895839808,1003
2024-09-16 14:18:16.606,415.1988007308622,999
2024-09-16 14:18:16.625,415.1183177404405,96
2024-09-16 14:18:16.688,415.1879527480233,1000
2024-09-16 14:18:16.711,415.1771854256229,15
2024-09-16 14:18:16.731,415.1179106647241,1003
2024-09-16 14:18:16.773,415.1293417530659,7
2024-09-16 14:18:16.891,415.1700371004816,103
2024-09-16 14:18:16.910,41.51428298161897,101
2024-09-16 14:18:16.958,415.1236623748691,105
2024-09-16 14:18:17.024,415.1487672238258,14
2024-09-16 14:18:17.078,415.1186876793985,98
2024-09-16 14:18:17.156,415.1640949666528,98
2024-09-16 14:18:17.269,415.188898806818,9
2024-09-16 14:18:17.333,415.1393385899637,1002
2024-09-16 14:18:17.448,415.1641259215288,11
2024-09-16 14:18:17.475,415.1165357737447,12
2024-09-16 14:18:17.521,415.1642423781631,105
2024-09-16 14:18:17.545,415.17611416790857,8
2024-09-16 14:18:17.680,415.1066602849721,14
2024-09-16 14:18:17.689,415.0908695526318,999
2024-09-16 14:18:17.761,415.1765751128818,1001
2024-09-16 14:18:17.822,415.1797376963538,1002
2024-09-16 14:18:17.834,415.16275098393976,998
2024-09-16 14:18:17.873,415.1798518090828,5
2024-09-16 14:18:17.878,415.10148701964494,997
2024-09-16 14:18:17.891,415.1684557459185,12
2024-09-16 14:18:17.892,415.189157115116,12
2024-09-16 14:18:17.904,415.0855676365836,98
2024-09-16 14:18:17.925,415.1227502798377,1002
2024-09-16 14:18:17.928,415.1184849192418,96
2024-09-16 14:18:17.988,415.2025800810857,1000
2024-09-16 14:18:18.018,415.17243884026993,105
2024-09-16 14:18:18.223,415.1942132787381,101
2024-09-16 14:18:18.244,415.18377852309226,100
2024-09-16 14:18:18.432,415.1775210198276,1005
2024-09-16 14:18:18.449,415.1605965834982,998
2024-09-16 14:18:18.537,415.1768678142039,5
2024-09-16 14:18:18.608,415.1444463164727,1005
2024-09-16 14:18:18.644,415.1347765979481,998
2024-09-16 14:18:18.698,415.17584488547374,105
2024-09-16 14:18:18.706,415.1653980872581,100
2024-09-16 14:18:18.753,415.1612337393042,7
2024-09-16 14:18:18.897,415.172662157178,999
2024-09-16 14:18:18.996,415.191973786036,12
2024-09-16 14:18:19.073,415.1348996306225,1002
2024-09-16 14:18:19.377,415.1363054770249,997
2024-09-16 14:18:19.767,415.1214623843256,998
2024-09-16 14:18:19.904,415.1251186861226,998
2024-09-16 14:18:19.965,415.1349662499303,10
2024-09-16 14:18:20.117,415.1360086573545,101
2024-09-16 14:18:20.131,415.1300632073234,997
2024-09-16 14:18:20.161,415.1492879621921,5
2024-09-16 14:18:20.184,415.1154349831949,10
2024-09-16 14:18:20.245,415.1027928871769,103
2024-09-16 14:18:20.251,415.1263002686872,5
2024-09-16 14:18:20.307,415.1568971072058,13
2024-09-16 14:18:20.493,415.0930945524043,1003
2024-09-16 14:18:20.525,415.1359528937908,998
2024-09-16 14:18:20.534,415.1332298476164,15
2024-09-16 14:18:20.551,415.1093751938185,14
2024-09-16 14:18:20.643,415.1507076622188,1000
2024-09-16 14:18:20.680,415.122562700798,11
2024-09-16 14:18:20.718,415.11903963307225,99
2024-09-16 14:18:20.730,415.1362241383464,12
2024-09-16 14:18:20.741,415.147465739651,10
2024-09-16 14:18:20.795,415.13991368851794,104
2024-09-16 14:18:20.854,415.1239319245362,12
2024-09-16 14:18:20.882,415.1295028716031,13
2024-09-16 14:18:20.885,415.0916754180886,11
2024-09-16 14:18:20.894,41.51559281198617,10
2024-09-16 14:18:20.932,415.1021220007649,100
2024-09-16 14:18:20.962,415.0816510259028,99
2024-09-16 14:18:20.975,415.1563867712321,15
2024-09-16 14:18:21.070,415.0284672668635,103
2024-09-16 14:18:21.161,415.0226860195033,1000
2024-09-16 14:18:21.215,415.0647745569184,14
2024-09-16 14:18:21.221,415.0643463773991,14
2024-09-16 14:18:21.251,415.0169632555449,13
2024-09-16 14:18:21.337,415.0328468968715,101
2024-09-16 14:18:21.435,415.0247879653885,1001
2024-09-16 14:18:21.444,415.0193076742412,12
2024-09-16 14:18:21.456,415.0092071955849,100
2024-09-16 14:18:21.481,415.0821002412964,97
2024-09-16 14:18:21.483,415.06899251096274,12
2024-09-16 14:18:21.519,415.01737140701374,997
2024-09-16 14:18:21.521,414.984097008841,103
2024-09-16 14:18:21.521,415.0429734104351,1000
2024-09-16 14:18:21.578,415.0306215512039,95
2024-09-16 14:18:21.599,415.0702315140135,104
2024-09-16 14:18:21.618,415.0302222127028,1004
2024-09-16 14:18:21.673,414.99546172562543,1004
2024-09-16 14:18:21.703,415.0095109486506,98
2024-09-16 14:18:21.732,415.0216485098509,96
2024-09-16 14:18:21.846,415.0259909681389,95
2024-09-16 14:18:21.876,415.0593496462851,996
2024-09-16 14:18:22.011,415.0226400769932,9
2024-09-16 14:18:22.110,415.00812532096313,997
2024-09-16 14:18:22.120,415.0172654810119,105
2024-09-16 14:18:22.153,415.034452257801,14
2024-09-16 14:18:22.185,,1000
2024-09-16 14:18:22.220,415.0376150552883,995
2024-09-16 14:18:22.297,415.0229789572808,1002
2024-09-16 14:18:22.326,415.0097533776511,105
2024-09-16 14:18:22.345,415.0014770403995,6
2024-09-16 14:18:22.349,415.02523566853154,103
2024-09-16 14:18:22.407,415.0454900805067,13
2024-09-16 14:18:22.460,414.97945807200256,10
2024-09-16 14:18:22.533,415.03004047020295,996
2024-09-16 14:18:22.549,415.02736228385737,12
2024-09-16 14:18:22.570,415.0226409721719,10
2024-09-16 14:18:22.577,414.9881060513272,5
2024-09-16 14:18:22.612,415.0265555618861,103
2024-09-16 14:18:22.654,415.030012537322,101
2024-09-16 14:18:22.683,415.030314475067,5
2024-09-16 14:18:22.699,414.9818948296213,15
2024-09-16 14:18:22.775,415.01608413033057,1001
2024-09-16 14:18:22.792,415.03170848106936,995
2024-09-16 14:18:22.798,414.9881936918844,101
2024-09-16 14:18:22.838,415.0402474824135,1001
2024-09-16 14:18:22.885,415.0203377066829,99
2024-09-16 14:18:22.889,414.9935785297741,995
2024-09-16 14:18:22.914,415.0485602237548,102
2024-09-16 14:18:22.923,415.0318424469239,5
2024-09-16 14:18:22.958,415.04063207032175,105
2024-09-16 14:18:23.010,415.0357440543941,101
2024-09-16 14:18:23.019,415.0541689197992,12
2024-09-16 14:18:23.067,415.05340844042473,1003
2024-09-16 14:18:23.080,415.0170977915063,103
2024-09-16 14:18:23.105,415.0551666289775,8
2024-09-16 14:18:23.156,415.0385596511725,105
2024-09-16 14:18:23.165,41.50300340978785,95
2024-09-16 14:18:23.193,415.0473518701078,1001
2024-09-16 14:18:23.224,415.0546794678913,1004
2024-09-16 14:18:23.230,415.03958642784977,1005
2024-09-16 14:18:23.314,415.0559837791105,1001
2024-09-16 14:18:23.339,415.0246706909259,100
2024-09-16 14:18:23.341,415.0558055257711,9
2024-09-16 14:18:23.381,415.0289600348532,15
2024-09-16 14:18:23.385,415.0095244001501,1000
2024-09-16 14:18:23.398,415.0384318359296,1000
2024-09-16 14:18:23.404,415.02845996369706,1001
2024-09-16 14:18:23.422,415.03976473067945,996
2024-09-16 14:18:23.466,415.0346655122162,13
2024-09-16 14:18:23.477,415.0486139438451,14
2024-09-16 14:18:23.650,415.0475451984944,997
2024-09-16 14:18:23.757,415.0306824617433,995
2024-09-16 14:18:23.758,415.0398603390718,98
2024-09-16 14:18:23.827,415.0311801460641,15
2024-09-16 14:18:23.842,415.0415178196839,6
2024-09-16 14:18:23.954,415.0517289816885,97
2024-09-16 14:18:23.989,415.0461936340519,5
2024-09-16 14:18:24.089,415.0284847290817,95
2024-09-16 14:18:24.235,415.0101622715206,1005
2024-09-16 14:18:24.344,415.023375292437,998
2024-09-16 14:18:24.703,415.0377044390463,15
2024-09-16 14:18:24.719,415.0452208101945,999
2024-09-16 14:18:24.861,415.0401535472847,97
2024-09-16 14:18:24.864,415.0591883722551,9
2024-09-16 14:18:24.920,415.0249824539053,1004
2024-09-16 14:18:24.957,415.0401174859983,101
2024-09-16 14:18:24.961,415.0196188647392,13
2024-09-16 14:18:25.040,415.033055859199,1002
2024-09-16 14:18:25.064,415.027128365301,105
2024-09-16 14:18:25.127,415.0081332679145,105
2024-09-16 14:18:25.143,415.0056643294341,1000
2024-09-16 14:18:25.149,415.0344617459313,95
2024-09-16 14:18:25.384,415.0195233275306,6
2024-09-16 14:18:25.412,415.0357904055475,96
2024-09-16 14:18:25.457,415.03698070896365,103
2024-09-16 14:18:25.473,415.0413168332173,8
2024-09-16 14:18:25.657,415.0277361256569,997
2024-09-16 14:18:26.175,415.0841477789799,102
2024-09-16 14:18:26.197,415.1004685268943,11
2024-09-16 14:18:26.269,415.12726944596966,98
2024-09-16 14:18:26.344,415.1203095405763,6
2024-09-16 14:18:26.441,415.0521396196575,998
2024-09-16 14:18:26.488,415.1238137302162,99
2024-09-16 14:18:26.492,415.0681157876609,6
2024-09-16 14:18:26.510,415.098818700568,10
2024-09-16 14:18:26.641,415.0857586844836,999
2024-09-16 14:18:26.728,415.116085889958,1003
2024-09-16 14:18:26.731,415.09536519561925,97
2024-09-16 14:18:26.904,415.04256041366745,997
2024-09-16 14:18:27.081,415.08697713046416,96
2024-09-16 14:18:27.138,415.0952542386823,96
2024-09-16 14:18:27.608,415.0776958018231,997
2024-09-16 14:18:28.115,415.04132691654695,100
2024-09-16 14:18:28.419,415.0118306680358,1004
2024-09-16 14:18:28.565,414.9629669706102,95
2024-09-16 14:18:28.691,414.9560661031388,995
2024-09-16 14:18:28.755,415.05220708337697,9
2024-09-16 14:18:28.817,414.980288470117,12
2024-09-16 14:18:29.899,414.9618372169073,101
2024-09-16 14:18:30.366,414.9746317680117,13
2024-09-16 14:18:30.635,415.0113440841277,13
2024-09-16 14:18:30.670,414.9792666012976,8
2024-09-16 14:18:30.743,415.0040023974197,1004
2024-09-16 14:18:30.964,415.00200573648056,101
2024-09-16 14:18:31.043,415.0643205472207,104
2024-09-16 14:18:31.049,415.0078203787425,995
2024-09-16 14:18:31.049,415.0062717945958,1005
2024-09-16 14:18:31.066,414.9867305560216,1005
2024-09-16 14:18:31.085,415.0477210958409,10
2024-09-16 14:18:31.118,414.9874885156976,11
2024-09-16 14:18:31.159,415.0375036894106,103
2024-09-16 14:18:31.170,415.00793976711697,7
2024-09-16 14:18:31.195,,104
2024-09-16 14:18:31.230,414.97607428869577,1001
2024-09-16 14:18:31.265,415.00714108280704,998
2024-09-16 14:18:31.290,415.0139519191696,996
2024-09-16 14:18:31.339,415.0337583505656,101
2024-09-16 14:18:31.344,414.9972097380305,101
2024-09-16 14:18:31.361,415.00624164791947,15
2024-09-16 14:18:31.361,414.9919745411382,15
2024-09-16 14:18:31.391,415.0089111349174,100
2024-09-16 14:18:31.409,415.0317101468467,998
2024-09-16 14:18:31.437,415.0184479096757,15
2024-09-16 14:18:31.543,415.0283978868876,98
2024-09-16 14:18:31.554,415.00044131839854,10
2024-09-16 14:18:31.564,415.00009818637386,12
2024-09-16 14:18:31.571,415.0105348855306,99
2024-09-16 14:18:31.655,414.989016810748,8
2024-09-16 14:18:31.658,415.0592391674048,100
2024-09-16 14:18:31.857,415.02687721061096,999
2024-09-16 14:18:31.860,415.0296891422544,9
2024-09-16 14:18:31.903,415.036025078028,1001
2024-09-16 14:18:31.938,415.0347908802377,98
2024-09-16 14:18:31.973,415.0424116589155,15
2024-09-16 14:18:32.132,415.0020415573475,8
2024-09-16 14:18:32.151,415.0006378045762,999
2024-09-16 14:18:32.383,414.9975450618726,6
2024-09-16 14:18:32.428,414.98908312919343,98
2024-09-16 14:18:32.861,414.99967460490296,103
2024-09-16 14:18:33.117,415.0186039684943,11
2024-09-16 14:18:33.172,415.0013681389107,104
2024-09-16 14:18:33.218,414.9797434179928,98
2024-09-16 14:18:33.238,414.9954081051322,12
2024-09-16 14:18:33.284,414.9937446477391,998
2024-09-16 14:18:33.292,414.9761018763804,8
2024-09-16 14:18:33.432,414.9976635372836,1003
2024-09-16 14:18:33.463,415.0024842403371,1002
2024-09-16 14:18:33.549,414.9811882249031,99
2024-09-16 14:18:33.551,415.0093805382636,8
2024-09-16 14:18:33.563,414.9962481022,104
2024-09-16 14:18:33.610,414.9819605897248,104
2024-09-16 14:18:33.826,415.0035539796017,95
2024-09-16 14:18:33.865,414.9775006431423,1001
2024-09-16 14:18:33.916,414.9869243665742,1004
2024-09-16 14:18:33.965,414.984991294973,105
2024-09-16 14:18:34.045,414.96988686031074,14
2024-09-16 14:18:34.051,414.9767002915854,1002
2024-09-16 14:18:34.067,414.9618345189496,95
2024-09-16 14:18:34.113,414.9858052263039,103
2024-09-16 14:18:34.118,414.95186985921225,9
2024-09-16 14:18:34.148,-414.983594970129,1005
2024-09-16 14:18:34.164,414.99673615281137,999
2024-09-16 14:18:34.165,415.00292358100353,103
2024-09-16 14:18:34.189,415.0049469521653,1000
2024-09-16 14:18:34.206,415.0125716161688,103
2024-09-16 14:18:34.240,414.9733141028239,13
2024-09-16 14:18:34.259,414.95528768116833,1004
2024-09-16 14:18:34.267,414.97304290125,8
2024-09-16 14:18:34.268,414.97969422991446,998
2024-09-16 14:18:34.279,414.9911700201432,8
2024-09-16 14:18:34.334,415.000072297192,6
2024-09-16 14:18:34.385,415.0215205085653,13
2024-09-16 14:18:34.430,414.9766601930247,1001
2024-09-16 14:18:34.498,414.9823623599346,1000
2024-09-16 14:18:34.504,414.9794563985354,11
2024-09-16 14:18:34.511,415.0174107145612,1001
2024-09-16 14:18:34.572,414.978216859657,101
2024-09-16 14:18:34.618,414.997375572232,100
2024-09-16 14:18:34.689,414.9972286564826,995
2024-09-16 14:18:34.738,414.97652604517486,104
2024-09-16 14:18:34.814,415.0114187708664,105
2024-09-16 14:18:34.900,415.0056664786258,15
2024-09-16 14:18:34.905,414.99305119785794,102
2024-09-16 14:18:34.985,414.9828679681424,998
2024-09-16 14:18:35.101,414.9852527287598,95
2024-09-16 14:18:35.162,414.9663437500539,96
2024-09-16 14:18:35.204,414.9730563028736,95
2024-09-16 14:18:35.270,414.9953391744216,6
2024-09-16 14:18:35.321,414.9743208908917,10
2024-09-16 14:18:35.434,414.9637073351145,996
2024-09-16 14:18:35.473,415.00256674108107,1001
2024-09-16 14:18:35.488,415.00010622688,7
2024-09-16 14:18:35.527,414.9686605358895,1001
2024-09-16 14:18:35.552,414.9668291981458,103
2024-09-16 14:18:35.661,414.962351954474,1001
2024-09-16 14:18:35.721,414.9654367369061,103
2024-09-16 14:18:35.734,414.9480606878982,1005
2024-09-16 14:18:35.763,414.99385402586046,13
2024-09-16 14:18:35.814,414.9872714955862,14
2024-09-16 14:18:35.844,414.9793743118906,995
2024-09-16 14:18:35.867,415.0017834576119,999
2024-09-16 14:18:35.940,414.99549558369785,102
2024-09-16 14:18:35.951,415.0099599899788,1004
2024-09-16 14:18:36.051,415.0368135915396,98
2024-09-16 14:18:36.159,415.0234685215804,13
2024-09-16 14:18:36.216,415.0339582493279,12
2024-09-16 14:18:36.475,415.0111912647184,1004
2024-09-16 14:18:36.482,415.019433937725,1003
2024-09-16 14:18:36.807,415.0153003201296,100
2024-09-16 14:18:36.841,415.00348619648753,1002
2024-09-16 14:18:37.046,415.05715000734057,1000
2024-09-16 14:18:37.048,415.1412626977733,15
2024-09-16 14:18:37.068,41.507294108709296,997
2024-09-16 14:18:37.164,415.0691178332351,5
2024-09-16 14:18:37.168,415.1230351788024,1004
2024-09-16 14:18:37.234,415.1029397873619,9
2024-09-16 14:18:37.662,415.11870540155337,99
2024-09-16 14:18:38.009,415.101962656784,995
2024-09-16 14:18:38.024,415.0654928765007,999
2024-09-16 14:18:38.075,415.0389309557089,998
2024-09-16 14:18:38.163,415.0435511086038,99
2024-09-16 14:18:38.213,415.08266511096406,104
2024-09-16 14:18:38.245,415.0738359223519,10
2024-09-16 14:18:38.253,415.0951747137535,104
2024-09-16 14:18:38.274,415.05165554269615,103
2024-09-16 14:18:38.298,415.0593993333752,100
2024-09-16 14:18:38.302,415.07868427784695,100
2024-09-16 14:18:38.377,415.10007911635546,98
2024-09-16 14:18:38.463,415.12850552662513,1004
2024-09-16 14:18:38.576,415.0327398278227,1000
2024-09-16 14:18:38.581,415.0685274156533,11
2024-09-16 14:18:38.635,415.0864209276281,1001
2024-09-16 14:18:38.643,415.06836699235816,105
2024-09-16 14:18:38.669,415.05026236776,97
2024-09-16 14:18:38.714,415.0362487458258,10
2024-09-16 14:18:38.715,415.04159160119553,1002
2024-09-16 14:18:38.743,415.0915492265602,102
2024-09-16 14:18:38.852,415.0736087175746,995
2024-09-16 14:18:38.881,415.0550734478569,999
2024-09-16 14:18:38.883,415.09836535208206,996
2024-09-16 14:18:38.886,415.0334337305506,7
2024-09-16 14:18:38.898,415.0548724203904,1004
2024-09-16 14:18:38.911,415.07771800125937,5
2024-09-16 14:18:38.949,415.1014458758628,1003
2024-09-16 14:18:38.980,415.0850944869415,95
2024-09-16 14:18:39.315,415.0356643972965,13
2024-09-16 14:18:39.330,415.0344112086549,998
2024-09-16 14:18:39.380,415.02918802362194,1005
2024-09-16 14:18:39.548,415.0349559370476,8
2024-09-16 14:18:39.693,415.0216329301824,102
2024-09-16 14:18:39.723,415.0356575010343,102
2024-09-16 14:18:39.728,415.0297759206698,996
2024-09-16 14:18:40.103,415.0140704610415,10
2024-09-16 14:18:40.146,415.04423764130814,96
2024-09-16 14:18:40.516,415.01830222089467,1004
2024-09-16 14:18:40.525,415.0220701539224,105
2024-09-16 14:18:40.820,415.0360002044221,1002
2024-09-16 14:18:40.840,415.0581854179517,14
2024-09-16 14:18:40.993,415.03592291736015,1000
2024-09-16 14:18:42.623,415.0612869550318,1001
2024-09-16 14:18:43.042,415.0870183679946,1005
2024-09-16 14:18:43.137,415.0484401987295,103
2024-09-16 14:18:43.137,415.0464535278813,97
2024-09-16 14:18:43.518,415.1105067508882,101
2024-09-16 14:18:43.526,415.0938553403937,1003
2024-09-16 14:18:43.548,415.08210613039154,9
2024-09-16 14:18:43.654,415.0447208531784,998
2024-09-16 14:18:43.677,415.04615343044,13
2024-09-16 14:18:43.874,415.09548381183697,995
2024-09-16 14:18:43.876,415.0661287669075,5
2024-09-16 14:18:43.899,415.07163345184034,97
2024-09-16 14:18:44.023,415.1055936296253,1002
2024-09-16 14:18:44.136,415.1159521955871,98
2024-09-16 14:18:44.200,415.12414207694025,97
2024-09-16 14:18:44.265,-415.1629272298224,13
2024-09-16 14:18:44.302,415.1697641701807,99
2024-09-16 14:18:44.399,415.1120550740466,9
2024-09-16 14:18:44.545,415.1614139415776,14
2024-09-16 14:18:44.591,415.11858632196703,101
2024-09-16 14:18:44.599,415.104931293542,10
2024-09-16 14:18:44.678,415.120591227267,96
2024-09-16 14:18:44.760,415.1334879516999,15
2024-09-16 14:18:44.819,415.1308427584342,997
2024-09-16 14:18:44.863,415.1458736673998,101
2024-09-16 14:18:44.957,415.10902437339934,7
2024-09-16 14:18:45.350,415.1076487363316,99
2024-09-16 14:18:45.621,415.1156270799266,95
2024-09-16 14:18:45.903,415.1198960719741,14
2024-09-16 14:18:46.000,415.18476215655176,101
2024-09-16 14:18:46.016,415.1784549333791,103
2024-09-16 14:18:46.046,415.1961101790879,15
2024-09-16 14:18:46.094,415.1713037497762,8
2024-09-16 14:18:46.112,415.17290049136375,1000
2024-09-16 14:18:46.128,415.19527147099376,1004
2024-09-16 14:18:46.168,415.1406633241396,100
2024-09-16 14:18:46.200,415.1658749501268,995
2024-09-16 14:18:46.249,415.1959872454056,10
2024-09-16 14:18:46.296,415.1818742306931,101
2024-09-16 14:18:46.356,415.1512307753752,8
2024-09-16 14:18:46.430,415.1172658138469,1002
2024-09-16 14:18:46.447,415.11869112302537,96
2024-09-16 14:18:46.458,415.1554710293976,5
2024-09-16 14:18:46.563,415.1713024317593,102
2024-09-16 14:18:46.610,415.0907181098421,1005
2024-09-16 14:18:46.615,415.11747104425297,105
2024-09-16 14:18:46.749,415.184044562608,5
2024-09-16 14:18:46.788,415.17962763253297,9
2024-09-16 14:18:46.818,415.149974776791,103
2024-09-16 14:18:46.876,415.1683931129541,999
2024-09-16 14:18:46.887,415.0918734076993,100
2024-09-16 14:18:46.902,415.1406706868008,99
2024-09-16 14:18:46.904,,8
2024-09-16 14:18:46.968,415.13136258819793,6
2024-09-16 14:18:46.975,415.166375412443,14
2024-09-16 14:18:46.978,415.1343644314129,995
2024-09-16 14:18:47.027,415.0713303772053,995
2024-09-16 14:18:47.058,415.0723140447128,95
2024-09-16 14:18:47.071,415.039114923491,97
2024-09-16 14:18:47.110,415.0605947251573,104
2024-09-16 14:18:47.118,415.1097117407003,997
2024-09-16 14:18:47.193,415.08088560448,1004
2024-09-16 14:18:47.215,415.1146915833992,96
2024-09-16 14:18:47.234,415.1296611187588,98
2024-09-16 14:18:47.348,415.0139642619036,105
2024-09-16 14:18:47.367,415.0830844790939,97
2024-09-16 14:18:47.430,415.100105396009,997
2024-09-16 14:18:47.454,415.0837796340482,1002
2024-09-16 14:18:47.528,415.00870951207503,11
2024-09-16 14:18:47.550,415.04980740827335,12
2024-09-16 14:18:47.552,415.019986023253,15
2024-09-16 14:18:47.693,415.0752383645828,102
2024-09-16 14:18:47.696,415.0700417698874,1002
2024-09-16 14:18:47.755,415.10179157739896,1003
2024-09-16 14:18:47.862,415.0620264644891,102
2024-09-16 14:18:47.875,415.1233698803731,9
2024-09-16 14:18:47.879,415.0700416978133,97
2024-09-16 14:18:47.975,415.0762040922677,14
2024-09-16 14:18:47.984,,5
2024-09-16 14:18:47.989,415.0801542822478,15
2024-09-16 14:18:48.204,415.0076361636518,1003
2024-09-16 14:18:48.467,415.00800677040337,6
2024-09-16 14:18:49.075,414.9689242085199,96
2024-09-16 14:18:49.186,414.9695082140852,9
2024-09-16 14:18:49.229,414.9614879147988,1003
2024-09-16 14:18:49.413,414.989560969708,8
2024-09-16 14:18:49.500,414.9555544766674,14
2024-09-16 14:18:49.524,41.49678806660869,105
2024-09-16 14:18:49.570,414.95299772520207,100
2024-09-16 14:18:49.639,414.9627838650614,100
2024-09-16 14:18:49.688,414.9543076537764,996
2024-09-16 14:18:49.748,414.9621998016804,12
2024-09-16 14:18:49.753,414.979088450432,5
2024-09-16 14:18:49.800,415.0054826415457,97
2024-09-16 14:18:49.884,414.9798422687792,12
2024-09-16 14:18:50.023,414.8852173698752,104
2024-09-16 14:18:50.205,414.871503894936,96
2024-09-16 14:18:50.236,414.8515280363864,103
2024-09-16 14:18:50.272,414.9315170591089,104
2024-09-16 14:18:50.306,414.8521040014702,7
2024-09-16 14:18:50.372,414.8630498004033,996
2024-09-16 14:18:50.442,414.8698343375901,998
2024-09-16 14:18:50.532,41.48962368178039,98
2024-09-16 14:18:50.636,414.877734583041,1003
2024-09-16 14:18:50.657,414.92030625012177,1005
2024-09-16 14:18:50.662,414.8948430822955,105
2024-09-16 14:18:50.678,414.8846255780374,100
2024-09-16 14:18:50.683,414.8899070211471,8
2024-09-16 14:18:50.710,414.9036958479107,9
2024-09-16 14:18:50.717,414.87927369865344,997
2024-09-16 14:18:50.736,414.8863407347288,1001
2024-09-16 14:18:50.801,414.93218222879136,103
2024-09-16 14:18:50.821,414.89815445976006,96
2024-09-16 14:18:50.838,414.94478815312254,1001
2024-09-16 14:18:50.913,-414.93884227495175,996
2024-09-16 14:18:51.000,414.822260464121,96
2024-09-16 14:18:51.078,414.8299791689042,13
2024-09-16 14:18:51.181,414.8714005493929,15
2024-09-16 14:18:51.245,414.8466649728766,1001
2024-09-16 14:18:51.246,414.8888695211674,998
2024-09-16 14:18:51.350,41.48490952094076,8
2024-09-16 14:18:51.353,414.8417919032989,101
2024-09-16 14:18:51.376,414.866925261997,6
2024-09-16 14:18:51.432,414.8448996692202,99
2024-09-16 14:18:51.476,414.8165023089167,99
2024-09-16 14:18:51.543,414.7991861886418,7
2024-09-16 14:18:51.584,414.7927714392018,999
2024-09-16 14:18:51.614,414.8425885651165,999
2024-09-16 14:18:51.708,414.8334415035538,98
2024-09-16 14:18:51.714,414.80007974507606,14
2024-09-16 14:18:51.749,414.84819714803047,998
2024-09-16 14:18:51.901,414.8127639899264,6
2024-09-16 14:18:51.930,414.85440793458565,9
2024-09-16 14:18:51.938,414.8457573254757,995
2024-09-16 14:18:51.963,414.85391833905385,998
2024-09-16 14:18:51.977,414.8352741779254,1004
2024-09-16 14:18:51.978,414.85039705277296,96
2024-09-16 14:18:52.273,414.85283863899474,1004
2024-09-16 14:18:52.374,414.8962714345651,99
2024-09-16 14:18:52.492,414.8637693250452,9
2024-09-16 14:18:52.637,414.8657660272722,997
2024-09-16 14:18:52.663,414.87760388113367,1001
2024-09-16 14:18:52.667,414.8735159981493,13
2024-09-16 14:18:52.782,414.8773836686578,6
2024-09-16 14:18:53.002,,998
2024-09-16 14:18:53.095,414.8851968878344,1003
2024-09-16 14:18:53.303,414.8703891733091,1002
2024-09-16 14:18:53.391,414.9197692697329,1005
2024-09-16 14:18:53.584,414.86158877259976,105
2024-09-16 14:18:53.600,414.8584661687567,7
2024-09-16 14:18:53.627,414.8713694658018,1003
2024-09-16 14:18:53.728,414.9119100141596,9
2024-09-16 14:18:53.777,414.9040225489149,11
2024-09-16 14:18:53.995,414.9157486277511,1000
2024-09-16 14:18:53.998,414.8707715961388,8
2024-09-16 14:18:54.134,414.8992267021498,1000
2024-09-16 14:18:54.146,414.8277714703264,9
2024-09-16 14:18:54.174,414.8127319468579,998
2024-09-16 14:18:54.195,414.80691015205167,11
2024-09-16 14:18:54.218,414.82241332456414,96
2024-09-16 14:18:54.286,414.9008314776826,7
2024-09-16 14:18:54.329,414.8418978118216,102
2024-09-16 14:18:54.358,414.81616859732577,95
2024-09-16 14:18:54.372,414.8487813637934,997
2024-09-16 14:18:54.384,414.8957656062985,999
2024-09-16 14:18:54.387,414.9083543701999,8
2024-09-16 14:18:54.410,414.8902948113152,104
2024-09-16 14:18:54.456,414.9153300520264,1000
2024-09-16 14:18:54.458,414.93249543442,1003
2024-09-16 14:18:54.660,414.90078805403374,100
2024-09-16 14:18:54.729,414.80769048840233,1002
2024-09-16 14:18:54.798,-414.891260246802,98
2024-09-16 14:18:54.814,414.8842711179026,103
2024-09-16 14:18:54.925,414.8944949995896,1004
2024-09-16 14:18:54.957,414.81187052906,11
2024-09-16 14:18:54.960,414.87315818244974,10
2024-09-16 14:18:54.961,414.8050681897452,99
2024-09-16 14:18:55.074,414.7448010613445,1000
2024-09-16 14:18:55.208,414.7536427125582,97
2024-09-16 14:18:55.303,414.74545975058254,6
2024-09-16 14:18:55.318,414.80706569619326,5
2024-09-16 14:18:55.356,414.77103595118734,997
2024-09-16 14:18:55.438,414.7517578300306,995
2024-09-16 14:18:55.451,414.7598158840868,9
2024-09-16 14:18:55.451,414.7940634064258,1000
2024-09-16 14:18:55.500,414.7554428755808,8
2024-09-16 14:18:55.536,414.7471561047638,98
2024-09-16 14:18:55.728,-414.78309464381874,5
2024-09-16 14:18:55.811,414.7899036431336,98
2024-09-16 14:18:55.824,414.794834705297,11
2024-09-16 14:18:55.844,414.7986224287446,1003
2024-09-16 14:18:55.878,414.7676160281823,996
2024-09-16 14:18:55.945,414.7860558072345,9
2024-09-16 14:18:55.948,414.7763780725119,101
2024-09-16 14:18:55.958,414.7497004992121,102
2024-09-16 14:18:56.099,414.7783414185183,5
2024-09-16 14:18:56.124,,6
2024-09-16 14:18:56.124,414.7011921323752,1000
2024-09-16 14:18:56.125,414.6923611140283,96
2024-09-16 14:18:56.134,414.7143762508664,101
2024-09-16 14:18:56.180,414.7875473905417,99
2024-09-16 14:18:56.211,414.7482857584016,104
2024-09-16 14:18:56.301,414.70838499633743,1005
2024-09-16 14:18:56.314,414.7172528906534,96
2024-09-16 14:18:56.335,414.7013993453611,101
2024-09-16 14:18:56.340,414.69156275817176,999
2024-09-16 14:18:56.495,414.7136046157282,998
2024-09-16 14:18:56.605,414.7432694740252,5
2024-09-16 14:18:56.638,414.7364013531431,1001
2024-09-16 14:18:56.674,414.6878474012529,1001
2024-09-16 14:18:56.720,414.7838079661698,998
2024-09-16 14:18:56.748,414.7592799879859,1001
2024-09-16 14:18:56.753,414.7328194976393,98
2024-09-16 14:18:56.790,414.69431961753673,9
2024-09-16 14:18:56.798,414.7537117068011,97
2024-09-16 14:18:56.852,414.7441188254628,997
2024-09-16 14:18:57.202,414.725615194016,95
2024-09-16 14:18:57.286,414.7287391062495,12
2024-09-16 14:18:57.580,414.73101296869,100
2024-09-16 14:18:57.941,414.73124710761766,15
2024-09-16 14:18:58.001,414.78705436257553,997
2024-09-16 14:18:58.059,414.7867004307337,105
2024-09-16 14:18:58.065,414.74277975465645,99
2024-09-16 14:18:58.095,414.78442901885006,1000
2024-09-16 14:18:58.144,414.7737925353109,15
2024-09-16 14:18:58.194,414.76417961714407,13
2024-09-16 14:18:58.196,414.7991916908404,9
2024-09-16 14:18:58.210,414.78910385643,12
2024-09-16 14:18:58.275,414.75435497589,98
2024-09-16 14:18:58.278,414.7676933658938,15
2024-09-16 14:18:58.279,414.773502393137,97
2024-09-16 14:18:58.403,414.77280547890217,10
2024-09-16 14:18:58.421,414.8071306506294,101
2024-09-16 14:18:58.434,414.8048064795536,12
2024-09-16 14:18:58.437,414.7823450308199,96
2024-09-16 14:18:58.447,414.8268603510748,9
2024-09-16 14:18:58.449,414.72780708954497,12
2024-09-16 14:18:58.477,414.7690064238299,997
2024-09-16 14:18:58.480,414.8142554438618,13
2024-09-16 14:18:58.500,414.7852762409377,102
2024-09-16 14:18:58.597,414.78209588858897,999
2024-09-16 14:18:58.599,414.766192696809,1005
2024-09-16 14:18:58.607,414.8207039187761,9
2024-09-16 14:18:58.635,414.7751674587937,11
2024-09-16 14:18:58.673,414.8136044376397,96
2024-09-16 14:18:58.687,414.8234124303441,5
2024-09-16 14:18:58.722,414.8245131344086,100
2024-09-16 14:18:58.820,414.7823891462776,103
2024-09-16 14:18:58.933,414.7875204374727,101
2024-09-16 14:18:58.970,414.7631005784921,9
2024-09-16 14:18:59.022,414.75980991723776,97
2024-09-16 14:18:59.056,414.7694160540991,12
2024-09-16 14:18:59.214,414.7407024878823,99
2024-09-16 14:18:59.345,414.7702884138878,95
2024-09-16 14:18:59.426,414.743994059724,104
2024-09-16 14:18:59.460,414.7705769311408,14
2024-09-16 14:18:59.627,414.7757383586466,1004
2024-09-16 14:18:59.724,414.7594967654306,15
2024-09-16 14:18:59.791,414.7749373168124,14
2024-09-16 14:18:59.838,414.7702253512496,15
2024-09-16 14:18:59.868,414.7773568638807,103
2024-09-16 14:18:59.898,414.7528360621,999
