Timestamp,Price,Size
2024-09-16 10:03:00.027,418.78428602308,996
2024-09-16 10:03:00.051,418.7080833953591,96
2024-09-16 10:03:00.224,418.76711291219385,95
2024-09-16 10:03:00.235,418.784581134716,14
2024-09-16 10:03:00.249,,13
2024-09-16 10:03:00.293,418.7880344746237,1004
2024-09-16 10:03:00.320,418.772206863434,12
2024-09-16 10:03:00.359,418.7215922008735,997
2024-09-16 10:03:00.375,418.7741366535811,999
2024-09-16 10:03:00.377,418.7587782817559,98
2024-09-16 10:03:00.426,418.7879888020322,1004
2024-09-16 10:03:00.452,418.72803601796585,998
2024-09-16 10:03:00.478,418.784568304526,14
2024-09-16 10:03:00.487,418.7883649888431,7
2024-09-16 10:03:00.559,418.7893137316639,6
2024-09-16 10:03:00.587,418.7447230216632,97
2024-09-16 10:03:00.612,418.7132657791604,103
2024-09-16 10:03:00.731,418.7369815356021,12
2024-09-16 10:03:00.780,418.74875067059537,14
2024-09-16 10:03:00.810,418.7373744185799,100
2024-09-16 10:03:00.936,418.7745143428988,99
2024-09-16 10:03:00.951,418.7746065677214,103
2024-09-16 10:03:00.976,418.74621567869474,98
2024-09-16 10:03:00.986,418.7523685142818,6
2024-09-16 10:03:00.999,418.7675848067301,97
2024-09-16 10:03:01.041,418.7548546540365,104
2024-09-16 10:03:01.097,418.7529382769358,14
2024-09-16 10:03:01.116,418.75633344553535,15
2024-09-16 10:03:01.185,418.7665726432862,8
2024-09-16 10:03:01.249,418.7556107253429,1002
2024-09-16 10:03:01.322,418.72031569714704,100
2024-09-16 10:03:01.324,418.73249046915777,14
2024-09-16 10:03:01.334,418.73436952322766,1001
2024-09-16 10:03:01.406,418.711136816225,98
2024-09-16 10:03:01.420,418.7335590581914,1001
2024-09-16 10:03:01.423,418.7421398000196,103
2024-09-16 10:03:01.486,418.7593292192572,998
2024-09-16 10:03:01.503,418.75645612101374,6
2024-09-16 10:03:01.580,418.75457597572455,104
2024-09-16 10:03:01.723,418.7441884549275,100
2024-09-16 10:03:01.742,418.7670224921198,99
2024-09-16 10:03:01.813,418.7395194066093,1003
2024-09-16 10:03:01.854,418.73148009759393,1005
2024-09-16 10:03:01.890,418.7740488146142,995
2024-09-16 10:03:01.979,418.70909968999865,10
2024-09-16 10:03:01.983,418.7626607289916,9
2024-09-16 10:03:02.039,418.7365556123802,995
2024-09-16 10:03:02.118,418.7753052583111,105
2024-09-16 10:03:02.169,418.75993374488695,5
2024-09-16 10:03:02.189,418.7664592398054,10
2024-09-16 10:03:02.192,418.7778584891505,95
2024-09-16 10:03:02.201,418.7809235908753,6
2024-09-16 10:03:02.285,418.7338945846047,11
2024-09-16 10:03:02.296,418.7666022008918,1001
2024-09-16 10:03:02.316,-418.750782248604,15
2024-09-16 10:03:02.376,418.7639373998685,15
2024-09-16 10:03:02.392,418.727141765835,5
2024-09-16 10:03:02.410,418.7597881633833,8
2024-09-16 10:03:02.430,418.7262623890285,102
2024-09-16 10:03:02.467,418.76478977119945,99
2024-09-16 10:03:02.549,418.7561250478458,98
2024-09-16 10:03:02.572,418.762192252436,5
2024-09-16 10:03:02.591,418.7690006605213,11
2024-09-16 10:03:02.599,418.7566167158522,11
2024-09-16 10:03:02.616,418.7462010244304,98
2024-09-16 10:03:02.733,418.7452015050792,11
2024-09-16 10:03:02.751,418.72576400835993,11
2024-09-16 10:03:02.784,418.7345077644922,103
2024-09-16 10:03:02.812,418.7478624805756,102
2024-09-16 10:03:02.835,418.7373113416094,103
2024-09-16 10:03:02.862,418.7441607342501,98
2024-09-16 10:03:02.953,418.7742124434971,99
2024-09-16 10:03:02.973,418.7405875818848,10
2024-09-16 10:03:03.003,418.6439456205824,1002
2024-09-16 10:03:03.060,418.656676481113,997
2024-09-16 10:03:03.123,418.6649880787676,100
2024-09-16 10:03:03.176,418.76454605239536,998
2024-09-16 10:03:03.354,418.67666182200566,100
2024-09-16 10:03:03.356,418.6841044979767,997
2024-09-16 10:03:03.356,418.6525432539383,99
2024-09-16 10:03:03.484,,1003
2024-09-16 10:03:03.650,418.6687206314044,9
2024-09-16 10:03:03.733,418.6883947435608,100
2024-09-16 10:03:03.744,418.70269466279,996
2024-09-16 10:03:03.745,418.7595913292999,1000
2024-09-16 10:03:03.746,418.7381234807439,998
2024-09-16 10:03:03.747,418.76069524368415,99
2024-09-16 10:03:03.772,418.6755008312571,97
2024-09-16 10:03:03.913,418.690426076373,5
2024-09-16 10:03:03.955,418.753105261576,999
2024-09-16 10:03:04.015,418.6188346862882,1004
2024-09-16 10:03:04.033,418.62113725537534,102
2024-09-16 10:03:04.083,418.65732086870776,997
2024-09-16 10:03:04.141,418.6758976535034,101
2024-09-16 10:03:04.151,418.61687569446974,998
2024-09-16 10:03:04.192,418.6574160909449,7
2024-09-16 10:03:04.217,418.629740709582,7
2024-09-16 10:03:04.246,418.63239954003024,100
2024-09-16 10:03:04.271,418.6351529314799,103
2024-09-16 10:03:04.283,418.6208594557738,11
2024-09-16 10:03:04.289,418.64122243260806,1002
2024-09-16 10:03:04.430,418.6308766476226,15
2024-09-16 10:03:04.449,418.68003327177627,14
2024-09-16 10:03:04.481,418.6393671521451,999
2024-09-16 10:03:04.523,418.655055933775,97
2024-09-16 10:03:04.622,418.6553357470679,105
2024-09-16 10:03:04.633,418.6708292605229,12
2024-09-16 10:03:04.701,418.67404327489777,99
2024-09-16 10:03:04.714,418.649797222156,995
2024-09-16 10:03:04.729,418.67757043197815,8
2024-09-16 10:03:04.773,418.671654619399,1005
2024-09-16 10:03:04.816,,102
2024-09-16 10:03:04.826,418.6880533799695,98
2024-09-16 10:03:04.882,418.6682966946171,97
2024-09-16 10:03:04.882,418.6304671560366,95
2024-09-16 10:03:04.883,418.6399778415304,105
2024-09-16 10:03:04.928,418.6492867067811,6
2024-09-16 10:03:04.951,418.6396096219946,98
2024-09-16 10:03:05.084,418.63210134859895,11
2024-09-16 10:03:05.086,418.63506303202894,105
2024-09-16 10:03:05.096,418.6277307027172,95
2024-09-16 10:03:05.209,41.86348367969658,14
2024-09-16 10:03:05.216,418.6145125578568,11
2024-09-16 10:03:05.242,418.6300476018694,999
2024-09-16 10:03:05.274,418.6351129874542,105
2024-09-16 10:03:05.281,418.61008729284447,96
2024-09-16 10:03:05.291,418.6161097312415,14
2024-09-16 10:03:05.304,418.61485773499584,95
2024-09-16 10:03:05.379,418.6356919340885,6
2024-09-16 10:03:05.402,418.6696699291578,996
2024-09-16 10:03:05.432,418.6178755211881,99
2024-09-16 10:03:05.441,418.6527266349574,12
2024-09-16 10:03:05.456,418.633347352997,1000
2024-09-16 10:03:05.493,418.6147168848484,100
2024-09-16 10:03:05.497,418.63590706379887,11
2024-09-16 10:03:05.541,418.6350668730403,1003
2024-09-16 10:03:05.543,418.626734023605,6
2024-09-16 10:03:05.568,418.6268806791395,998
2024-09-16 10:03:05.679,418.6071179386518,13
2024-09-16 10:03:05.685,418.6327608960804,103
2024-09-16 10:03:05.700,418.6590984495734,102
2024-09-16 10:03:05.720,418.63533421418464,1002
2024-09-16 10:03:05.727,418.60292784988593,1005
2024-09-16 10:03:05.795,418.6261396975099,103
2024-09-16 10:03:05.895,418.628335474148,96
2024-09-16 10:03:05.961,418.6542498997587,14
2024-09-16 10:03:05.971,418.6316286115807,13
2024-09-16 10:03:06.086,418.66086061182887,100
2024-09-16 10:03:06.155,418.6684618649672,5
2024-09-16 10:03:06.177,418.6565437383274,995
2024-09-16 10:03:06.185,418.6684469775947,15
2024-09-16 10:03:06.196,418.6564722072138,996
2024-09-16 10:03:06.232,418.6680924642532,95
2024-09-16 10:03:06.325,418.6351547831835,1003
2024-09-16 10:03:06.331,418.6442591773835,10
2024-09-16 10:03:06.332,418.6620753816317,11
2024-09-16 10:03:06.370,418.6526160338272,9
2024-09-16 10:03:06.543,418.65540044673423,12
2024-09-16 10:03:06.575,418.6749787019543,105
2024-09-16 10:03:06.590,,102
2024-09-16 10:03:06.665,418.6216447677926,98
2024-09-16 10:03:06.737,418.6267984329492,13
2024-09-16 10:03:06.864,418.6526861827373,10
2024-09-16 10:03:06.877,41.86516759174798,15
2024-09-16 10:03:06.894,418.65490882877606,12
2024-09-16 10:03:06.967,418.6573824848112,100
2024-09-16 10:03:07.207,418.6702271749532,6
2024-09-16 10:03:07.294,,14
2024-09-16 10:03:07.479,418.6974712886472,995
2024-09-16 10:03:07.719,418.6768825178892,996
2024-09-16 10:03:07.812,418.678523124444,6
2024-09-16 10:03:07.886,418.6897286955869,102
2024-09-16 10:03:08.140,418.70312101938623,9
2024-09-16 10:03:08.915,418.7175613127736,12
2024-09-16 10:03:09.038,418.6381649055893,15
2024-09-16 10:03:09.057,418.71506014717545,998
2024-09-16 10:03:09.146,418.69237483585886,103
2024-09-16 10:03:09.202,418.7213890908611,11
2024-09-16 10:03:09.310,418.6720814056995,100
2024-09-16 10:03:09.332,418.6893786744607,999
2024-09-16 10:03:09.374,418.6260253600599,99
2024-09-16 10:03:09.656,418.6291354822527,99
2024-09-16 10:03:09.719,418.6895894256188,1002
2024-09-16 10:03:09.762,418.6618441273744,14
2024-09-16 10:03:09.858,41.87211791717822,98
2024-09-16 10:03:09.873,418.6382414011313,14
2024-09-16 10:03:09.904,418.6763024677165,1002
2024-09-16 10:03:09.914,418.7167096303836,995
2024-09-16 10:03:09.957,418.6174597872151,12
2024-09-16 10:03:09.989,418.64222024801694,95
2024-09-16 10:03:09.989,418.68485757781406,999
2024-09-16 10:03:10.000,418.6751328527952,101
2024-09-16 10:03:10.049,418.65214828876896,105
2024-09-16 10:03:10.066,418.65944568406326,1002
2024-09-16 10:03:10.067,418.71146545328,1004
2024-09-16 10:03:10.069,418.7252610469516,1003
2024-09-16 10:03:10.096,418.7376293170914,995
2024-09-16 10:03:10.132,418.6795955302199,997
2024-09-16 10:03:10.306,418.72382019632346,6
2024-09-16 10:03:10.352,418.6765361332966,99
2024-09-16 10:03:10.381,418.6867077757248,1005
2024-09-16 10:03:10.473,418.7434796495268,96
2024-09-16 10:03:10.592,418.7301898939282,1005
2024-09-16 10:03:10.598,418.6908814637856,105
2024-09-16 10:03:10.601,418.7452255836493,11
2024-09-16 10:03:10.657,418.71328581629183,96
2024-09-16 10:03:10.734,418.7310225080361,10
2024-09-16 10:03:10.768,418.7282748715935,7
2024-09-16 10:03:10.789,418.7586773622096,98
2024-09-16 10:03:10.797,418.7393153758745,995
2024-09-16 10:03:10.809,418.6118657414476,999
2024-09-16 10:03:10.827,418.6399908515661,998
2024-09-16 10:03:10.872,418.710869116523,105
2024-09-16 10:03:10.897,418.633368190401,6
2024-09-16 10:03:10.915,418.6713296151073,1001
2024-09-16 10:03:10.934,418.6779608563307,96
2024-09-16 10:03:10.988,418.64167915115206,13
2024-09-16 10:03:11.175,418.6918428412262,9
2024-09-16 10:03:11.188,418.7156003157469,1004
2024-09-16 10:03:11.213,418.7129192880747,13
2024-09-16 10:03:11.308,418.71206000321774,1005
2024-09-16 10:03:11.358,418.7205362073125,102
2024-09-16 10:03:11.499,418.7200457964767,1004
2024-09-16 10:03:11.585,418.71842370837504,98
2024-09-16 10:03:11.801,418.7144628376109,9
2024-09-16 10:03:11.835,418.73224475256507,10
2024-09-16 10:03:12.038,418.7247734970605,10
2024-09-16 10:03:12.062,418.73329671619007,11
2024-09-16 10:03:12.134,418.71966664145504,1000
2024-09-16 10:03:12.510,418.7074774120536,7
2024-09-16 10:03:12.804,418.7280588922949,101
2024-09-16 10:03:12.853,418.7221512904898,11
2024-09-16 10:03:13.060,418.7516836307466,1001
2024-09-16 10:03:13.073,418.729323384254,10
2024-09-16 10:03:13.109,418.7467545074897,8
2024-09-16 10:03:13.155,418.7162991967095,6
2024-09-16 10:03:13.270,418.712466615958,14
2024-09-16 10:03:13.323,418.74900537986656,10
2024-09-16 10:03:13.383,418.74884990996816,105
2024-09-16 10:03:13.438,418.730434788,105
2024-09-16 10:03:13.612,418.76354738530114,1003
2024-09-16 10:03:13.625,418.7366638434621,97
2024-09-16 10:03:13.701,418.7516718992379,1005
2024-09-16 10:03:13.722,418.7095610604627,105
2024-09-16 10:03:13.792,418.7329008085712,1001
2024-09-16 10:03:13.868,418.7371517847804,98
2024-09-16 10:03:13.936,418.7748712265063,99
2024-09-16 10:03:13.945,418.7405598170427,99
2024-09-16 10:03:14.166,418.7310069102704,103
2024-09-16 10:03:14.233,418.72074714844433,1005
2024-09-16 10:03:14.240,418.7185696727387,999
2024-09-16 10:03:14.290,418.7173594531698,6
2024-09-16 10:03:14.314,418.7339947066525,15
2024-09-16 10:03:14.436,418.7119233014293,996
2024-09-16 10:03:14.491,418.7263122043194,104
2024-09-16 10:03:14.721,418.71381198573937,995
2024-09-16 10:03:14.751,418.70814080709965,95
2024-09-16 10:03:14.757,418.7219181135216,1004
2024-09-16 10:03:14.850,418.7292442926183,14
2024-09-16 10:03:14.979,418.7177131568617,1000
2024-09-16 10:03:14.992,418.7429013712595,104
2024-09-16 10:03:15.005,418.75837814234063,102
2024-09-16 10:03:15.018,418.7130129766909,105
2024-09-16 10:03:15.030,418.7327618521927,104
2024-09-16 10:03:15.041,418.71937273181857,95
2024-09-16 10:03:15.045,418.7561964119336,9
2024-09-16 10:03:15.064,418.7478469414459,996
2024-09-16 10:03:15.066,418.7324276138117,101
2024-09-16 10:03:15.083,418.7593504370187,999
2024-09-16 10:03:15.115,418.7558885261201,98
2024-09-16 10:03:15.119,418.72870934587627,995
2024-09-16 10:03:15.188,418.7232276243607,98
2024-09-16 10:03:15.200,418.71577233139953,997
2024-09-16 10:03:15.232,418.7656450156829,11
2024-09-16 10:03:15.288,418.6866947709033,99
2024-09-16 10:03:15.307,,5
2024-09-16 10:03:15.324,418.7653181013588,15
2024-09-16 10:03:15.366,418.74135159654986,1000
2024-09-16 10:03:15.432,418.70549191851234,104
2024-09-16 10:03:15.441,418.6708059471346,1005
2024-09-16 10:03:15.640,418.7404086771978,10
2024-09-16 10:03:15.669,418.75142446031685,10
2024-09-16 10:03:15.687,418.7017090178392,1000
2024-09-16 10:03:15.704,418.7539610404752,13
2024-09-16 10:03:15.711,418.7353437450684,104
2024-09-16 10:03:15.726,418.7703657132543,9
2024-09-16 10:03:15.744,418.7237933044704,998
2024-09-16 10:03:15.781,418.7224793172001,104
2024-09-16 10:03:15.812,418.7294925496944,12
2024-09-16 10:03:15.921,,7
2024-09-16 10:03:15.974,418.7131318075889,998
2024-09-16 10:03:16.069,418.7137886442139,1003
2024-09-16 10:03:16.101,418.7153185608171,101
2024-09-16 10:03:16.287,418.7021984874276,999
2024-09-16 10:03:16.311,418.71932239695366,95
2024-09-16 10:03:16.335,418.7246467671521,99
2024-09-16 10:03:16.388,418.696921995668,99
2024-09-16 10:03:16.405,418.69594752660544,998
2024-09-16 10:03:16.430,418.7334404230076,102
2024-09-16 10:03:16.519,418.7092753286535,11
2024-09-16 10:03:16.521,418.7340024764266,100
2024-09-16 10:03:16.565,418.6958260555977,1001
2024-09-16 10:03:16.640,418.7025356113186,997
2024-09-16 10:03:16.644,418.706818264158,105
2024-09-16 10:03:16.701,418.7218865815983,15
2024-09-16 10:03:16.744,418.7367892244829,105
2024-09-16 10:03:16.749,418.7255438279837,12
2024-09-16 10:03:16.795,418.7502231332536,996
2024-09-16 10:03:16.807,418.7051985841656,103
2024-09-16 10:03:16.830,418.7282829327164,96
2024-09-16 10:03:16.870,418.6853397140228,9
2024-09-16 10:03:16.873,418.6941218023546,95
2024-09-16 10:03:16.888,418.708821311583,11
2024-09-16 10:03:16.990,418.6956118008956,105
2024-09-16 10:03:17.055,418.7471791415741,1002
2024-09-16 10:03:17.508,418.7373865916931,9
2024-09-16 10:03:18.000,418.744287689564,1004
2024-09-16 10:03:18.061,418.7325210365544,12
2024-09-16 10:03:18.107,418.7342556851567,100
2024-09-16 10:03:18.117,418.7758583600792,8
2024-09-16 10:03:18.169,418.7412400534545,104
2024-09-16 10:03:18.174,418.7628186093295,6
2024-09-16 10:03:18.209,418.731555380206,101
2024-09-16 10:03:18.237,418.7487606545394,998
2024-09-16 10:03:18.358,418.76678417158735,1000
2024-09-16 10:03:18.742,418.7314783702683,15
2024-09-16 10:03:18.819,418.7399914035252,997
2024-09-16 10:03:19.084,418.7705661743986,104
2024-09-16 10:03:19.112,418.7495423073959,995
2024-09-16 10:03:19.138,418.7480912437098,8
2024-09-16 10:03:19.154,418.7915514663213,1000
2024-09-16 10:03:19.229,418.7560790554117,6
2024-09-16 10:03:19.279,418.79513442562296,1005
2024-09-16 10:03:19.475,418.7639601890873,105
2024-09-16 10:03:19.478,418.7317920260121,98
2024-09-16 10:03:19.540,418.7365488228321,12
2024-09-16 10:03:19.541,418.74572374165416,104
2024-09-16 10:03:19.550,418.7567669450131,997
2024-09-16 10:03:19.564,418.7952682076359,9
2024-09-16 10:03:19.590,418.7420567209781,13
2024-09-16 10:03:19.590,418.73829101965646,1004
2024-09-16 10:03:19.650,418.73531508012815,96
2024-09-16 10:03:19.668,41.87602110454414,999
2024-09-16 10:03:19.671,418.7548097678374,13
2024-09-16 10:03:19.697,418.7483727188508,12
2024-09-16 10:03:19.706,418.7476103262924,13
2024-09-16 10:03:19.771,418.73568882318216,1001
2024-09-16 10:03:19.799,418.7720399383736,96
2024-09-16 10:03:19.804,418.7663291391944,98
2024-09-16 10:03:19.804,418.8025411659662,98
2024-09-16 10:03:19.810,418.7641229963588,10
2024-09-16 10:03:19.832,418.78694966380806,102
2024-09-16 10:03:19.863,418.78607369525,5
2024-09-16 10:03:19.906,418.7746810568205,11
2024-09-16 10:03:20.013,-418.85254240031503,997
2024-09-16 10:03:20.068,418.8176411054826,96
2024-09-16 10:03:20.108,418.8169526150164,95
2024-09-16 10:03:20.128,418.8198472607912,11
2024-09-16 10:03:20.184,418.8712929967803,105
2024-09-16 10:03:20.517,418.88094235733456,100
2024-09-16 10:03:20.606,418.8444462960351,8
2024-09-16 10:03:20.668,418.86529938816017,102
2024-09-16 10:03:20.695,418.81934573204126,100
2024-09-16 10:03:20.721,418.8459938574483,1002
2024-09-16 10:03:20.929,418.84383514525433,7
2024-09-16 10:03:20.970,418.8243229831651,6
2024-09-16 10:03:21.701,418.80324540514175,104
2024-09-16 10:03:22.562,418.7771744685588,1001
2024-09-16 10:03:22.597,418.7911983136302,7
2024-09-16 10:03:23.331,418.8001567885889,10
2024-09-16 10:03:23.524,418.78301997042513,104
2024-09-16 10:03:23.616,418.7985737493792,998
2024-09-16 10:03:23.765,418.7890830476592,14
2024-09-16 10:03:24.037,418.811357962387,95
2024-09-16 10:03:24.064,418.787584102221,1003
2024-09-16 10:03:24.309,418.80472565083903,100
2024-09-16 10:03:24.414,418.7905643381177,95
2024-09-16 10:03:24.509,418.819853037284,101
2024-09-16 10:03:24.643,418.8041640967344,14
2024-09-16 10:03:24.643,418.809911431634,105
2024-09-16 10:03:24.669,418.80199284223,9
2024-09-16 10:03:24.700,418.7653143801044,5
2024-09-16 10:03:24.944,418.77922335286246,6
2024-09-16 10:03:25.208,418.79886345225367,995
2024-09-16 10:03:25.278,418.76902521634327,105
2024-09-16 10:03:25.425,418.76494217849375,96
2024-09-16 10:03:25.433,418.7705477163285,102
2024-09-16 10:03:25.827,418.80234565255984,95
2024-09-16 10:03:25.973,418.78909331975126,1000
2024-09-16 10:03:26.011,418.95743308413904,102
2024-09-16 10:03:26.055,418.8457785146916,999
2024-09-16 10:03:26.099,418.8504128231199,99
2024-09-16 10:03:26.165,418.92428187512274,99
2024-09-16 10:03:26.213,418.8874449315138,10
2024-09-16 10:03:26.269,418.9114371249372,101
2024-09-16 10:03:26.289,418.83124190396,8
2024-09-16 10:03:26.294,418.8773969985646,8
2024-09-16 10:03:26.371,418.9607470598244,5
2024-09-16 10:03:26.391,418.95212455944295,996
2024-09-16 10:03:26.415,418.8169596613062,1001
2024-09-16 10:03:26.439,418.9573581165866,13
2024-09-16 10:03:26.439,418.8209059812662,98
2024-09-16 10:03:26.476,418.9403927038139,97
2024-09-16 10:03:26.494,418.8435506931462,99
2024-09-16 10:03:26.509,418.90138191338144,102
2024-09-16 10:03:26.598,418.8403378878292,104
2024-09-16 10:03:26.659,418.9220182445152,999
2024-09-16 10:03:26.680,418.8742468605111,6
2024-09-16 10:03:26.741,418.8596233572858,105
2024-09-16 10:03:26.804,418.9545138274229,999
2024-09-16 10:03:26.804,418.9432164968956,98
2024-09-16 10:03:26.809,418.8856774508079,101
2024-09-16 10:03:26.833,418.90316138804144,15
2024-09-16 10:03:26.987,418.9506829345557,103
2024-09-16 10:03:27.029,418.96810261588286,1003
2024-09-16 10:03:27.054,419.0110767433411,99
2024-09-16 10:03:27.196,418.97161089231247,98
2024-09-16 10:03:27.197,418.9898669919591,997
2024-09-16 10:03:27.305,418.990783662626,996
2024-09-16 10:03:27.314,419.0138311435448,1001
2024-09-16 10:03:27.341,418.9898122138744,101
2024-09-16 10:03:27.397,418.9783993785688,10
2024-09-16 10:03:27.418,418.9848323163863,1003
2024-09-16 10:03:27.422,418.9525279435791,97
2024-09-16 10:03:27.457,419.0001099120664,101
2024-09-16 10:03:27.476,419.0040448923561,10
2024-09-16 10:03:27.574,418.9628155831218,1005
2024-09-16 10:03:27.623,418.9719127896531,97
2024-09-16 10:03:27.657,41.89511931446667,1004
2024-09-16 10:03:27.722,418.9919976733651,996
2024-09-16 10:03:27.854,418.99181862119343,101
2024-09-16 10:03:27.904,418.9896684802743,96
2024-09-16 10:03:27.916,418.94269106176273,13
2024-09-16 10:03:27.943,418.94384971276514,6
2024-09-16 10:03:27.956,418.9933730263816,101
2024-09-16 10:03:28.018,419.0016018465096,104
2024-09-16 10:03:28.097,419.01631001786177,95
2024-09-16 10:03:28.172,418.9906797301851,9
2024-09-16 10:03:28.198,419.0159820395284,995
2024-09-16 10:03:28.309,418.9733870405701,997
2024-09-16 10:03:28.400,418.99258804638697,995
2024-09-16 10:03:28.458,418.9961545316611,8
2024-09-16 10:03:28.503,418.9820569043882,995
2024-09-16 10:03:28.546,418.99604471535736,995
2024-09-16 10:03:28.620,418.95157126628175,998
2024-09-16 10:03:28.638,418.94896566857847,14
2024-09-16 10:03:28.642,418.9835307699662,997
2024-09-16 10:03:28.703,418.9871703920952,10
2024-09-16 10:03:28.778,418.9796158062893,96
2024-09-16 10:03:28.809,419.0164129471714,12
2024-09-16 10:03:28.859,418.9552826173504,6
2024-09-16 10:03:28.869,419.0092323811391,96
2024-09-16 10:03:28.905,419.0115573810716,998
2024-09-16 10:03:28.936,418.999794776056,101
2024-09-16 10:03:28.948,419.0104725908749,95
2024-09-16 10:03:28.977,418.982150804923,103
2024-09-16 10:03:28.989,418.9989166329465,103
2024-09-16 10:03:29.171,418.940989679438,5
2024-09-16 10:03:29.281,418.9536992863786,10
2024-09-16 10:03:29.324,418.9521411988004,97
2024-09-16 10:03:29.378,418.9754767421012,998
2024-09-16 10:03:29.663,418.9414211097905,9
2024-09-16 10:03:29.665,418.94192208308704,99
2024-09-16 10:03:29.762,418.98087525565495,13
2024-09-16 10:03:29.791,419.00067313774287,105
2024-09-16 10:03:29.823,418.9910661473788,1004
2024-09-16 10:03:29.838,418.9298689847511,997
2024-09-16 10:03:29.992,418.9887127357475,96
2024-09-16 10:03:30.016,418.93675746371775,1005
2024-09-16 10:03:30.291,418.9359860288295,96
2024-09-16 10:03:30.696,418.9308406619966,103
2024-09-16 10:03:30.747,418.93390677829336,9
2024-09-16 10:03:30.843,418.935372972115,1004
2024-09-16 10:03:30.998,418.9275534734877,7
2024-09-16 10:03:31.137,418.88250219579913,103
2024-09-16 10:03:31.174,418.9013418600919,96
2024-09-16 10:03:31.321,418.8631625264934,104
2024-09-16 10:03:31.397,418.8795399024562,1003
2024-09-16 10:03:31.495,418.8832250246908,1002
2024-09-16 10:03:31.624,418.8748810639508,9
2024-09-16 10:03:31.649,418.9018591340634,13
2024-09-16 10:03:31.719,418.9051249404935,9
2024-09-16 10:03:31.785,418.8789541861616,102
2024-09-16 10:03:31.806,418.8823063000295,12
2024-09-16 10:03:31.883,418.89150293656337,998
2024-09-16 10:03:31.956,418.8745409516426,101
2024-09-16 10:03:31.990,418.8982967539303,9
2024-09-16 10:03:32.084,419.02565934908125,13
2024-09-16 10:03:32.151,418.91373828941823,1002
2024-09-16 10:03:32.172,419.0144102236141,95
2024-09-16 10:03:32.190,418.9225560786078,1004
2024-09-16 10:03:32.219,418.9048840322011,1004
2024-09-16 10:03:32.232,419.0159536081087,15
2024-09-16 10:03:32.232,41.901830788561824,7
2024-09-16 10:03:32.318,418.9563899855938,996
2024-09-16 10:03:32.551,418.9003839776566,97
2024-09-16 10:03:32.635,418.9345212261621,95
2024-09-16 10:03:32.637,418.9085766677076,10
2024-09-16 10:03:32.648,419.0101537874244,8
2024-09-16 10:03:32.650,419.0033370292067,97
2024-09-16 10:03:32.673,418.9298098524751,998
2024-09-16 10:03:32.686,418.9948727638389,10
2024-09-16 10:03:32.688,418.9601200431704,7
2024-09-16 10:03:32.732,419.0203066893447,99
2024-09-16 10:03:32.750,419.0119279766655,999
2024-09-16 10:03:32.757,418.8889436122346,101
2024-09-16 10:03:32.776,418.9757698820577,95
2024-09-16 10:03:32.822,418.9125878658246,1002
2024-09-16 10:03:32.872,418.97314828281,8
2024-09-16 10:03:32.931,419.01466418976673,9
2024-09-16 10:03:33.023,419.0182046353757,998
2024-09-16 10:03:33.238,419.02804303033554,12
2024-09-16 10:03:33.259,419.031396040256,95
2024-09-16 10:03:33.316,419.0337644175828,10
2024-09-16 10:03:33.482,419.0306928380106,95
2024-09-16 10:03:33.569,419.0387362003767,1002
2024-09-16 10:03:33.611,419.0438562486015,102
2024-09-16 10:03:33.736,419.0328367084956,103
2024-09-16 10:03:33.738,419.0278369246757,8
2024-09-16 10:03:33.768,419.0370084612782,15
2024-09-16 10:03:33.788,-419.0139751980671,99
2024-09-16 10:03:33.852,419.0217722920288,1000
2024-09-16 10:03:33.880,419.01315055406894,999
2024-09-16 10:03:33.964,419.0235951497643,5
2024-09-16 10:03:33.967,419.0634379443822,11
2024-09-16 10:03:33.972,419.0257676321279,13
2024-09-16 10:03:34.220,419.04917740524735,1000
2024-09-16 10:03:34.244,419.04441129424,97
2024-09-16 10:03:34.390,419.0537221086535,100
2024-09-16 10:03:35.008,419.0562581982053,101
2024-09-16 10:03:35.059,419.05829104534746,11
2024-09-16 10:03:35.076,419.05438106507216,9
2024-09-16 10:03:35.102,419.0820048775417,1000
2024-09-16 10:03:35.203,419.06779817968544,101
2024-09-16 10:03:35.217,419.0633161382889,1004
2024-09-16 10:03:35.253,419.0438755978354,1001
2024-09-16 10:03:35.341,419.06024202582665,105
2024-09-16 10:03:35.384,419.06097637689527,10
2024-09-16 10:03:35.428,419.0976829556886,102
2024-09-16 10:03:35.447,419.0793674615152,8
2024-09-16 10:03:35.452,419.0575041801527,105
2024-09-16 10:03:35.481,419.0810926718953,10
2024-09-16 10:03:35.496,419.0473121988632,995
2024-09-16 10:03:35.507,419.0872032146407,6
2024-09-16 10:03:35.510,419.04865313402325,15
2024-09-16 10:03:35.518,419.1088269804049,96
2024-09-16 10:03:35.528,419.1155110128232,105
2024-09-16 10:03:35.584,419.0661928063923,6
2024-09-16 10:03:35.628,419.08305645858434,98
2024-09-16 10:03:35.647,419.06725543235126,9
2024-09-16 10:03:35.818,419.0752620663409,1001
2024-09-16 10:03:35.849,419.10591898604406,13
2024-09-16 10:03:35.881,419.0532614560381,998
2024-09-16 10:03:35.890,419.0615596387656,99
2024-09-16 10:03:35.895,419.0797288870897,104
2024-09-16 10:03:35.911,419.060851758715,999
2024-09-16 10:03:35.929,419.0475176776279,999
2024-09-16 10:03:36.022,419.11602379456417,998
2024-09-16 10:03:36.037,419.1358616002545,8
2024-09-16 10:03:36.184,419.1377196702266,15
2024-09-16 10:03:36.271,419.0895373108101,1005
2024-09-16 10:03:36.280,419.0455359286212,101
2024-09-16 10:03:36.293,-419.1142918856679,998
2024-09-16 10:03:36.305,419.1280495706904,10
2024-09-16 10:03:36.341,419.0618065883358,997
2024-09-16 10:03:36.426,419.1040956187011,999
2024-09-16 10:03:36.438,419.0727782635039,1000
2024-09-16 10:03:36.440,,12
2024-09-16 10:03:36.470,419.1277622666056,14
2024-09-16 10:03:36.599,419.12587427057497,5
2024-09-16 10:03:36.671,419.0734081041742,9
2024-09-16 10:03:36.783,419.0911394189409,101
2024-09-16 10:03:36.789,419.0702377811416,100
2024-09-16 10:03:36.801,419.0692702181098,103
2024-09-16 10:03:36.859,419.039370391046,998
2024-09-16 10:03:36.860,419.071827635748,10
2024-09-16 10:03:36.872,419.1312679099675,11
2024-09-16 10:03:36.910,419.0648550838732,8
2024-09-16 10:03:37.035,41.91154481028703,1005
2024-09-16 10:03:37.059,419.0793956326534,15
2024-09-16 10:03:37.078,419.08647395522695,97
2024-09-16 10:03:37.309,419.1035308123652,11
2024-09-16 10:03:37.365,419.15200646344886,1003
2024-09-16 10:03:37.382,419.0900924049528,997
2024-09-16 10:03:37.433,419.1265998079142,102
2024-09-16 10:03:37.446,419.1192941295658,100
2024-09-16 10:03:37.460,419.0900027694508,96
2024-09-16 10:03:37.476,419.12018786007,997
2024-09-16 10:03:37.571,419.0893041689207,996
2024-09-16 10:03:37.600,419.1209515322736,1001
2024-09-16 10:03:37.609,419.12731351245526,99
2024-09-16 10:03:37.616,419.148118177655,102
2024-09-16 10:03:37.628,419.1158433493492,5
2024-09-16 10:03:37.653,419.0924038169841,995
2024-09-16 10:03:37.723,419.1075592963468,98
2024-09-16 10:03:37.803,419.1142934068565,96
2024-09-16 10:03:37.864,419.139362086733,97
2024-09-16 10:03:37.893,419.1246081371968,1004
2024-09-16 10:03:37.899,419.1300549269217,96
2024-09-16 10:03:37.908,419.1299778965938,998
2024-09-16 10:03:37.974,419.1252226974131,8
2024-09-16 10:03:37.985,419.1201468839167,95
2024-09-16 10:03:38.101,419.0292815091456,7
2024-09-16 10:03:38.230,419.0455955869572,1003
2024-09-16 10:03:38.315,419.0918133851472,102
2024-09-16 10:03:38.366,419.0511608495153,6
2024-09-16 10:03:38.448,419.0759873732296,1002
2024-09-16 10:03:38.533,419.0794506290928,995
2024-09-16 10:03:38.576,419.0583197694575,101
2024-09-16 10:03:38.704,419.0485795736478,995
2024-09-16 10:03:38.727,419.0412750615554,998
2024-09-16 10:03:38.886,419.0626163445813,105
2024-09-16 10:03:38.926,419.0593015262989,104
2024-09-16 10:03:38.992,419.0551591706866,1000
2024-09-16 10:03:39.003,419.0168123890301,999
2024-09-16 10:03:39.124,419.0302872158044,105
2024-09-16 10:03:39.206,419.03481539544754,11
2024-09-16 10:03:39.216,419.0327647458996,7
2024-09-16 10:03:39.262,419.06567428994464,997
2024-09-16 10:03:39.341,419.0190393315993,1004
2024-09-16 10:03:39.369,419.0219102919655,9
2024-09-16 10:03:39.405,419.03608176846944,8
2024-09-16 10:03:39.455,419.0602068550259,14
2024-09-16 10:03:39.456,419.0226096361046,100
2024-09-16 10:03:39.470,419.02611550512967,7
2024-09-16 10:03:39.471,419.0355779352285,101
2024-09-16 10:03:39.510,419.0062010333144,13
2024-09-16 10:03:39.615,419.0558871029221,96
2024-09-16 10:03:39.666,419.0889601725093,105
2024-09-16 10:03:39.730,419.0751747012328,1002
2024-09-16 10:03:39.961,419.03072915198135,101
2024-09-16 10:03:41.221,419.0202699613734,1001
2024-09-16 10:03:41.260,419.05091620546114,998
2024-09-16 10:03:41.337,419.03985132285845,13
2024-09-16 10:03:41.348,419.0218073859791,1001
2024-09-16 10:03:41.354,41.90766540802135,1003
2024-09-16 10:03:41.357,419.03255161128266,11
2024-09-16 10:03:41.462,419.0219088051509,103
2024-09-16 10:03:41.601,419.033140761934,999
2024-09-16 10:03:41.678,419.0141180309317,998
2024-09-16 10:03:41.700,419.0432567967469,11
2024-09-16 10:03:41.762,419.0508673421248,99
2024-09-16 10:03:41.765,419.0466808998794,96
2024-09-16 10:03:41.769,419.0496028945395,95
2024-09-16 10:03:41.822,419.044379581581,13
2024-09-16 10:03:41.940,419.086588852685,105
2024-09-16 10:03:42.088,419.0908855441368,99
2024-09-16 10:03:42.159,419.0975520897883,13
2024-09-16 10:03:42.201,419.0871414805068,1000
2024-09-16 10:03:42.203,419.1125277631351,12
2024-09-16 10:03:42.252,419.0875191881039,995
2024-09-16 10:03:42.277,419.0916276989189,99
2024-09-16 10:03:42.441,419.09339532198055,1001
2024-09-16 10:03:42.444,419.09131245926073,1000
2024-09-16 10:03:42.483,419.0875143756909,103
2024-09-16 10:03:42.691,419.0901246464559,998
2024-09-16 10:03:42.862,419.0630720428372,97
2024-09-16 10:03:42.920,419.0730024638307,996
2024-09-16 10:03:43.070,419.1472807478842,997
2024-09-16 10:03:43.382,419.1225841750106,5
2024-09-16 10:03:43.413,419.1158922408521,105
2024-09-16 10:03:43.471,419.1227951175248,100
2024-09-16 10:03:43.522,419.1238681641901,998
2024-09-16 10:03:43.532,419.117833120954,1001
2024-09-16 10:03:43.557,419.1252925654114,997
2024-09-16 10:03:43.701,419.1481715139278,1001
2024-09-16 10:03:44.039,419.1149403539552,995
2024-09-16 10:03:44.045,419.13867969889,105
2024-09-16 10:03:44.071,419.1337366031414,1003
2024-09-16 10:03:44.237,419.1131516018425,100
2024-09-16 10:03:44.249,41.91038355069904,100
2024-09-16 10:03:44.311,419.1441201080651,7
2024-09-16 10:03:44.374,419.1125890110784,104
2024-09-16 10:03:44.397,419.10636923195216,99
2024-09-16 10:03:44.803,419.13811938257584,100
2024-09-16 10:03:44.837,419.11740944779694,103
2024-09-16 10:03:44.945,41.91156713520266,1000
2024-09-16 10:03:45.011,419.141475101344,105
2024-09-16 10:03:45.045,419.18906886832127,1000
2024-09-16 10:03:45.045,419.1244058504061,103
2024-09-16 10:03:45.076,419.1927410681752,11
2024-09-16 10:03:45.208,419.1436928075796,997
2024-09-16 10:03:45.218,419.1939948607354,5
2024-09-16 10:03:45.226,419.1910427590024,13
2024-09-16 10:03:45.274,419.1311355931527,10
2024-09-16 10:03:45.281,419.1900535231959,103
2024-09-16 10:03:45.287,419.140600786957,12
2024-09-16 10:03:45.356,419.12496500175416,1001
2024-09-16 10:03:45.444,419.1313258156278,97
2024-09-16 10:03:45.497,419.1387611990491,13
2024-09-16 10:03:45.509,419.1392176640344,7
2024-09-16 10:03:45.523,419.13197314763096,1005
2024-09-16 10:03:45.549,419.1412512320221,105
2024-09-16 10:03:45.549,419.1443710085147,98
2024-09-16 10:03:45.580,419.1454616244083,103
2024-09-16 10:03:45.582,419.1667126924327,102
2024-09-16 10:03:45.588,419.1268052755761,1002
2024-09-16 10:03:45.651,419.13500020351165,95
2024-09-16 10:03:45.760,419.17545041654296,1000
2024-09-16 10:03:45.847,419.13601457258994,105
2024-09-16 10:03:45.847,419.1508709917053,97
2024-09-16 10:03:45.912,419.2126999166341,999
2024-09-16 10:03:45.964,419.1094964360177,98
2024-09-16 10:03:45.967,419.1506773315244,13
2024-09-16 10:03:45.985,419.132261070853,105
2024-09-16 10:03:46.381,419.2190067357815,8
2024-09-16 10:03:47.036,419.2605343248055,10
2024-09-16 10:03:47.052,419.2794046623331,98
2024-09-16 10:03:47.063,419.2477364030535,1002
2024-09-16 10:03:47.124,419.27282549257774,102
2024-09-16 10:03:47.141,419.2673449286372,8
2024-09-16 10:03:47.356,419.3059604395946,8
2024-09-16 10:03:47.425,419.2720726968257,8
2024-09-16 10:03:47.456,419.23028468524177,102
2024-09-16 10:03:47.485,419.2709251781438,1003
2024-09-16 10:03:47.488,419.3190961417518,6
2024-09-16 10:03:47.524,419.2871698147922,1004
2024-09-16 10:03:47.583,419.3133494640796,999
2024-09-16 10:03:47.617,419.23539708596354,103
2024-09-16 10:03:47.630,419.2503610512404,102
2024-09-16 10:03:47.672,419.2947565313653,6
2024-09-16 10:03:47.761,,14
2024-09-16 10:03:47.819,419.3137381844318,8
2024-09-16 10:03:47.876,419.24942938704487,12
2024-09-16 10:03:47.886,419.2761457019226,99
2024-09-16 10:03:47.902,419.2307046397573,13
2024-09-16 10:03:47.969,419.2980818462412,97
2024-09-16 10:03:47.969,419.2357705320667,102
2024-09-16 10:03:48.835,419.3193607950439,1000
2024-09-16 10:03:48.915,419.31725850769215,10
2024-09-16 10:03:49.181,419.2983322937054,102
2024-09-16 10:03:49.188,419.2970998466281,10
2024-09-16 10:03:49.210,419.2979076119565,14
2024-09-16 10:03:49.245,419.3077966635868,1002
2024-09-16 10:03:49.330,419.3002719941504,99
2024-09-16 10:03:49.384,419.28760780500727,998
2024-09-16 10:03:49.471,419.28976402761015,997
2024-09-16 10:03:49.498,419.290924082257,9
2024-09-16 10:03:49.878,419.3056930057493,9
2024-09-16 10:03:50.213,419.30697624598463,1001
2024-09-16 10:03:51.034,419.28677076776006,97
2024-09-16 10:03:51.047,419.3563288189469,95
2024-09-16 10:03:51.077,419.3873731456002,996
2024-09-16 10:03:51.080,419.2860543368787,102
2024-09-16 10:03:51.089,419.33526183878416,103
2024-09-16 10:03:51.108,419.38246466945833,99
2024-09-16 10:03:51.140,419.3108849774181,1005
2024-09-16 10:03:51.150,419.3491688572956,13
2024-09-16 10:03:51.164,419.2989694097242,101
2024-09-16 10:03:51.235,419.25778715040383,10
2024-09-16 10:03:51.239,419.2966732019276,12
2024-09-16 10:03:51.268,419.3660402018776,14
2024-09-16 10:03:51.295,419.2965534537704,8
2024-09-16 10:03:51.334,419.2877150702692,5
2024-09-16 10:03:51.353,419.3781320544375,104
2024-09-16 10:03:51.463,419.3598541969277,105
2024-09-16 10:03:51.487,419.3611803185319,15
2024-09-16 10:03:51.503,419.31371759935513,11
2024-09-16 10:03:51.510,419.3016627197492,95
2024-09-16 10:03:51.561,419.3706892415681,13
2024-09-16 10:03:51.563,419.35259458616713,6
2024-09-16 10:03:51.706,419.2870476440246,12
2024-09-16 10:03:51.714,419.3083428170694,102
2024-09-16 10:03:51.743,419.3942155086228,102
2024-09-16 10:03:51.860,419.4067256292118,998
2024-09-16 10:03:51.883,419.3749733830573,997
2024-09-16 10:03:51.915,419.298576573406,7
2024-09-16 10:03:51.935,419.2744996297598,5
2024-09-16 10:03:51.999,419.3720195426599,7
2024-09-16 10:03:52.009,419.4562633809181,5
2024-09-16 10:03:52.102,41.947749317096594,96
2024-09-16 10:03:52.145,419.4569743321193,97
2024-09-16 10:03:52.194,419.4452035363229,96
2024-09-16 10:03:52.219,419.4125791919428,101
2024-09-16 10:03:52.270,419.4422279910176,102
2024-09-16 10:03:52.334,419.4514793222101,103
2024-09-16 10:03:52.357,419.47801703313536,102
2024-09-16 10:03:52.451,419.44491352495714,100
2024-09-16 10:03:52.538,419.42727230350783,10
2024-09-16 10:03:52.588,419.4456501306233,102
2024-09-16 10:03:52.588,419.4797367637313,995
2024-09-16 10:03:52.597,419.4403786163208,998
2024-09-16 10:03:52.639,419.43736317681226,12
2024-09-16 10:03:52.666,419.4323886168227,10
2024-09-16 10:03:52.670,419.4613821282209,1002
2024-09-16 10:03:52.671,419.463808777089,10
2024-09-16 10:03:52.677,419.4633832443045,95
2024-09-16 10:03:52.708,419.4798206969168,1002
2024-09-16 10:03:52.737,419.439472789982,5
2024-09-16 10:03:52.826,419.4724391693664,1005
2024-09-16 10:03:52.834,419.47633526680886,95
2024-09-16 10:03:52.836,419.44591855294266,5
2024-09-16 10:03:52.847,419.4699195831077,102
2024-09-16 10:03:52.898,419.45595438472265,10
2024-09-16 10:03:52.993,419.4578399894151,1002
2024-09-16 10:03:53.002,419.46696785404,1002
2024-09-16 10:03:53.006,419.4408173090532,1003
2024-09-16 10:03:53.057,419.4200672851334,9
2024-09-16 10:03:53.061,419.4259831578244,8
2024-09-16 10:03:53.222,419.4520043126215,10
2024-09-16 10:03:53.274,419.4454378744357,995
2024-09-16 10:03:53.310,419.4164141069883,13
2024-09-16 10:03:53.312,419.4614467693901,996
2024-09-16 10:03:53.435,419.460298016944,996
2024-09-16 10:03:53.449,419.438905199851,12
2024-09-16 10:03:53.461,419.46191455457546,9
2024-09-16 10:03:53.580,419.4688681909304,11
2024-09-16 10:03:53.609,419.4550121526249,1003
2024-09-16 10:03:53.669,419.4700315050719,99
2024-09-16 10:03:53.685,419.4684003590316,1004
2024-09-16 10:03:53.718,419.44326518116907,1004
2024-09-16 10:03:53.786,419.46095146011777,995
2024-09-16 10:03:53.830,419.4609340159687,996
2024-09-16 10:03:53.885,419.45941175860906,95
2024-09-16 10:03:53.892,419.4420995634128,101
2024-09-16 10:03:53.939,419.464059821538,10
2024-09-16 10:03:53.996,419.43282230301,998
2024-09-16 10:03:54.080,419.4261972541474,996
2024-09-16 10:03:54.184,419.4288596614683,996
2024-09-16 10:03:54.231,419.4304565864793,97
2024-09-16 10:03:54.279,419.38263719479073,8
2024-09-16 10:03:54.404,419.43727327134513,996
2024-09-16 10:03:54.431,419.4322324166663,996
2024-09-16 10:03:54.460,419.4206968998431,11
2024-09-16 10:03:54.618,419.41221040370175,96
2024-09-16 10:03:54.669,419.3747669822629,6
2024-09-16 10:03:54.701,419.3536396440312,14
2024-09-16 10:03:54.768,419.3945792981093,15
2024-09-16 10:03:54.849,419.3895099149637,98
2024-09-16 10:03:55.003,419.3449743088853,97
2024-09-16 10:03:55.282,419.3477939000107,6
2024-09-16 10:03:55.428,419.3626502994268,1000
2024-09-16 10:03:55.499,419.3367355894808,102
2024-09-16 10:03:55.628,419.3387188789885,998
2024-09-16 10:03:55.696,419.3732557497143,6
2024-09-16 10:03:55.719,419.3393653231827,104
2024-09-16 10:03:55.834,419.32989178320616,997
2024-09-16 10:03:55.895,419.38610963558585,15
2024-09-16 10:03:55.922,419.3630568373728,95
2024-09-16 10:03:55.947,419.34601830681663,102
2024-09-16 10:03:55.966,419.3726521032908,101
2024-09-16 10:03:56.003,419.3667842857272,6
2024-09-16 10:03:56.043,419.3906441983066,99
2024-09-16 10:03:56.130,419.34009471852215,997
2024-09-16 10:03:56.132,419.3750629365473,1004
2024-09-16 10:03:56.194,419.3631776145274,105
2024-09-16 10:03:56.224,419.39131244569217,997
2024-09-16 10:03:56.384,419.38319899010327,95
2024-09-16 10:03:56.433,419.3640896932511,102
2024-09-16 10:03:56.522,419.3400875575295,12
2024-09-16 10:03:56.620,419.3898802775583,96
2024-09-16 10:03:56.732,419.33666765415177,100
2024-09-16 10:03:56.785,419.319448891484,101
2024-09-16 10:03:56.819,419.3492456472745,1000
2024-09-16 10:03:56.857,419.3723113142295,997
2024-09-16 10:03:56.870,419.3534242201829,14
2024-09-16 10:03:56.892,419.35906077222506,99
2024-09-16 10:03:56.928,419.3455168816933,100
2024-09-16 10:03:57.285,419.33513361721936,100
2024-09-16 10:03:57.464,419.34663404917575,12
2024-09-16 10:03:58.079,419.32627314584863,95
2024-09-16 10:03:58.093,419.3441731746294,996
2024-09-16 10:03:58.141,419.3397660667108,15
2024-09-16 10:03:58.144,419.3503552486349,995
2024-09-16 10:03:58.159,41.93297356946537,15
2024-09-16 10:03:58.166,419.3439710461368,1001
2024-09-16 10:03:58.183,419.2768058351791,995
2024-09-16 10:03:58.258,419.3100168970826,102
2024-09-16 10:03:58.288,419.316686632714,995
2024-09-16 10:03:58.377,419.32645363027,103
2024-09-16 10:03:58.421,419.32107117762143,95
2024-09-16 10:03:58.449,419.3549685962347,1004
2024-09-16 10:03:58.471,419.35864230794033,7
2024-09-16 10:03:58.473,419.29747690216544,103
2024-09-16 10:03:58.480,419.3538775185385,998
2024-09-16 10:03:58.577,419.3507056017559,105
2024-09-16 10:03:58.644,419.3388938050853,9
2024-09-16 10:03:58.644,419.2898359404275,6
2024-09-16 10:03:58.675,419.32148699891286,99
2024-09-16 10:03:58.685,419.2937825501277,97
2024-09-16 10:03:58.685,419.3397948726,1001
2024-09-16 10:03:58.733,41.93370417189225,100
2024-09-16 10:03:58.758,419.32647323182016,1004
2024-09-16 10:03:58.871,419.3338696626016,1000
2024-09-16 10:03:58.878,419.3271116023017,102
2024-09-16 10:03:58.996,419.2867704903209,12
2024-09-16 10:03:59.074,419.29811215013336,104
2024-09-16 10:03:59.315,419.29495149877175,7
2024-09-16 10:03:59.396,419.3060853848209,5
2024-09-16 10:03:59.594,419.2965985081685,97
2024-09-16 10:03:59.774,419.3084126522055,10
2024-09-16 10:03:59.976,419.28573837017495,14
