Timestamp,Price,Size
2024-09-19 10:41:00.373,419.7148263361879,15
2024-09-19 10:41:00.469,419.7253685848961,105
2024-09-19 10:41:00.472,419.6942926033342,96
2024-09-19 10:41:00.489,419.689641536854,999
2024-09-19 10:41:00.792,419.7120376178161,103
2024-09-19 10:41:00.923,419.6960306550714,1003
2024-09-19 10:41:01.050,419.71003544764375,14
2024-09-19 10:41:01.566,419.69172252518587,102
2024-09-19 10:41:01.839,419.7067592563984,5
2024-09-19 10:41:01.937,419.7149946043175,1000
2024-09-19 10:41:02.133,419.6516627703837,1004
2024-09-19 10:41:02.160,419.7137599744336,1005
2024-09-19 10:41:02.290,419.65095758718286,98
2024-09-19 10:41:02.390,419.6826315996655,998
2024-09-19 10:41:02.571,419.655563992966,96
2024-09-19 10:41:02.675,419.6584983276392,101
2024-09-19 10:41:02.681,419.6606004655561,998
2024-09-19 10:41:02.699,419.6500172855344,5
2024-09-19 10:41:02.717,419.67149406862967,11
2024-09-19 10:41:02.995,419.65855758412994,100
2024-09-19 10:41:03.237,419.6568356156198,1005
2024-09-19 10:41:03.238,419.663787380523,996
2024-09-19 10:41:03.403,419.64433284978753,999
2024-09-19 10:41:03.579,419.66166200274375,5
2024-09-19 10:41:03.849,419.6546685344767,999
2024-09-19 10:41:03.963,419.65432152877713,12
2024-09-19 10:41:03.971,419.6556289193585,95
2024-09-19 10:41:04.082,419.6197687694308,1002
2024-09-19 10:41:04.122,419.591504933595,5
2024-09-19 10:41:04.128,419.608496524736,995
2024-09-19 10:41:04.307,419.6027030022208,103
2024-09-19 10:41:04.387,419.63341042377056,6
2024-09-19 10:41:04.471,419.63161934571815,99
2024-09-19 10:41:04.505,419.588058100144,1005
2024-09-19 10:41:04.532,419.6407654066064,95
2024-09-19 10:41:04.537,419.5963943985676,105
2024-09-19 10:41:04.571,419.5993958865587,999
2024-09-19 10:41:04.612,419.6285517413952,95
2024-09-19 10:41:04.688,419.6050122202386,998
2024-09-19 10:41:04.774,419.62160697072005,104
2024-09-19 10:41:04.813,419.6304608411912,96
2024-09-19 10:41:04.828,419.6460642315163,13
2024-09-19 10:41:04.861,41.95859696363107,996
2024-09-19 10:41:05.053,419.5507481581709,1000
2024-09-19 10:41:05.080,419.5452878150328,13
2024-09-19 10:41:05.155,419.5310359777269,10
2024-09-19 10:41:05.327,419.5463442313159,998
2024-09-19 10:41:05.350,419.5951045670034,104
2024-09-19 10:41:05.402,419.5836396823138,1003
2024-09-19 10:41:05.560,419.53257957534345,105
2024-09-19 10:41:05.632,419.5723620937347,15
2024-09-19 10:41:05.661,419.5506468957656,999
2024-09-19 10:41:05.688,419.54553570549854,98
2024-09-19 10:41:05.704,419.5808402786806,1005
2024-09-19 10:41:05.909,419.5273350782296,103
2024-09-19 10:41:05.990,419.5481910011503,6
2024-09-19 10:41:06.015,419.4152563268878,1004
2024-09-19 10:41:06.032,419.4763290305928,99
2024-09-19 10:41:06.101,419.49080172961465,998
2024-09-19 10:41:06.132,419.4797701368549,999
2024-09-19 10:41:06.150,419.4814049529716,15
2024-09-19 10:41:06.175,419.4568869423441,96
2024-09-19 10:41:06.189,419.4503071826031,103
2024-09-19 10:41:06.217,419.47015659371874,997
2024-09-19 10:41:06.280,419.41837427816455,105
2024-09-19 10:41:06.337,419.44192198099336,1000
2024-09-19 10:41:06.342,419.436966481662,996
2024-09-19 10:41:06.358,419.4707433436576,15
2024-09-19 10:41:06.367,419.4292661473238,1000
2024-09-19 10:41:06.431,419.4873638565775,102
2024-09-19 10:41:06.444,419.4694055367753,1003
2024-09-19 10:41:06.461,,8
2024-09-19 10:41:06.470,419.4796373689993,102
2024-09-19 10:41:06.474,419.4377161877982,7
2024-09-19 10:41:06.484,419.484484211937,9
2024-09-19 10:41:06.556,419.4331778250765,96
2024-09-19 10:41:06.612,419.4172992267465,5
2024-09-19 10:41:06.653,419.47665048298745,96
2024-09-19 10:41:06.677,419.4788533605277,101
2024-09-19 10:41:06.679,419.4361204654969,98
2024-09-19 10:41:06.843,419.4640273314568,1003
2024-09-19 10:41:06.849,419.4382831518481,1000
2024-09-19 10:41:06.940,419.4401959854203,7
2024-09-19 10:41:06.959,419.5225776619445,10
2024-09-19 10:41:07.074,41.94252773142608,96
2024-09-19 10:41:07.095,419.41581965239976,6
2024-09-19 10:41:07.103,419.41311003701,1005
2024-09-19 10:41:07.108,419.3938872500372,1000
2024-09-19 10:41:07.117,419.4363081604975,9
2024-09-19 10:41:07.197,419.48167390833527,997
2024-09-19 10:41:07.205,419.49803853575145,1000
2024-09-19 10:41:07.363,419.4188752575065,104
2024-09-19 10:41:07.391,419.47965709303503,95
2024-09-19 10:41:07.416,419.48289489142496,100
2024-09-19 10:41:07.490,41.94468941068627,1000
2024-09-19 10:41:07.550,419.3946240194717,100
2024-09-19 10:41:07.566,419.4354613980182,14
2024-09-19 10:41:07.567,419.4159150736487,995
2024-09-19 10:41:07.597,419.43305507112575,1004
2024-09-19 10:41:07.624,419.4397959800209,1001
2024-09-19 10:41:07.663,419.4489188404247,999
2024-09-19 10:41:07.712,419.49249412311866,15
2024-09-19 10:41:07.728,419.48765307980176,103
2024-09-19 10:41:07.743,419.48858429581287,995
2024-09-19 10:41:07.749,419.4409131456744,999
2024-09-19 10:41:07.785,419.4741921771095,6
2024-09-19 10:41:07.813,419.4205065552486,97
2024-09-19 10:41:07.832,419.4401010826782,104
2024-09-19 10:41:07.878,419.4392066219064,996
2024-09-19 10:41:07.918,419.430146679509,103
2024-09-19 10:41:07.921,419.483882998258,104
2024-09-19 10:41:07.954,419.3839467056337,98
2024-09-19 10:41:07.972,419.4784081075159,998
2024-09-19 10:41:08.031,419.4785393448215,99
2024-09-19 10:41:08.045,419.5051494308089,13
2024-09-19 10:41:08.071,419.44492495041953,13
2024-09-19 10:41:08.076,419.4316523628195,7
2024-09-19 10:41:08.098,419.44324266996574,7
2024-09-19 10:41:08.116,419.4712001084095,10
2024-09-19 10:41:08.219,419.4556657025953,997
2024-09-19 10:41:08.229,419.4605744470791,995
2024-09-19 10:41:08.252,419.4837895158015,103
2024-09-19 10:41:08.261,419.51716418733537,998
2024-09-19 10:41:08.305,419.4694541742821,5
2024-09-19 10:41:08.350,419.4424715840902,6
2024-09-19 10:41:08.395,419.49227740623184,9
2024-09-19 10:41:08.469,419.435536332854,99
2024-09-19 10:41:08.470,419.47500176785206,995
2024-09-19 10:41:08.484,419.4502266745103,997
2024-09-19 10:41:08.570,419.5169244992092,8
2024-09-19 10:41:08.646,419.44124308661134,998
2024-09-19 10:41:08.662,419.4995530436351,98
2024-09-19 10:41:08.691,419.5161236268595,15
2024-09-19 10:41:08.697,419.47158496333,104
2024-09-19 10:41:08.760,419.4939596685657,10
2024-09-19 10:41:08.878,419.4375493497559,7
2024-09-19 10:41:08.912,419.4994315148234,996
2024-09-19 10:41:08.946,41.94787400849842,1004
2024-09-19 10:41:08.948,419.4992763692576,10
2024-09-19 10:41:08.954,419.4993192014308,1001
2024-09-19 10:41:08.958,419.5076989475484,98
2024-09-19 10:41:08.970,419.536054686558,1003
2024-09-19 10:41:08.977,419.4962928579023,15
2024-09-19 10:41:09.189,419.5361598240135,95
2024-09-19 10:41:09.706,419.54842057437406,96
2024-09-19 10:41:09.738,419.5230732334949,9
2024-09-19 10:41:09.957,419.5230146558761,103
2024-09-19 10:41:10.212,419.5252365746293,96
2024-09-19 10:41:10.335,419.5317968700245,1003
2024-09-19 10:41:10.957,419.5182268296973,103
2024-09-19 10:41:11.837,419.5270611603284,6
2024-09-19 10:41:11.867,419.514681754148,997
2024-09-19 10:41:12.223,419.4991598155393,1005
2024-09-19 10:41:12.319,419.5026850182296,1005
2024-09-19 10:41:12.352,,1001
2024-09-19 10:41:12.608,419.5278194768236,96
2024-09-19 10:41:12.717,419.5143754255336,9
2024-09-19 10:41:12.836,419.5123312880236,99
2024-09-19 10:41:13.051,419.5061003859172,1000
2024-09-19 10:41:13.057,419.47188953915736,99
2024-09-19 10:41:13.128,419.5213877353308,995
2024-09-19 10:41:13.169,419.5180854697455,7
2024-09-19 10:41:13.220,419.4880428697315,11
2024-09-19 10:41:13.226,419.5024232456035,1004
2024-09-19 10:41:13.238,419.5127008097212,1003
2024-09-19 10:41:13.286,419.5403452053555,105
2024-09-19 10:41:13.298,419.5015175909202,104
2024-09-19 10:41:13.313,419.51089603069545,14
2024-09-19 10:41:13.356,419.4964072355089,9
2024-09-19 10:41:13.373,419.5576320405473,997
2024-09-19 10:41:13.418,419.52515260373656,96
2024-09-19 10:41:13.554,419.50867491425487,15
2024-09-19 10:41:13.680,419.51687366557695,999
2024-09-19 10:41:13.695,419.52061258368354,995
2024-09-19 10:41:13.698,419.4827425844527,9
2024-09-19 10:41:13.740,419.5065152546648,99
2024-09-19 10:41:13.799,419.49466269933686,995
2024-09-19 10:41:13.825,419.50673293587545,11
2024-09-19 10:41:13.895,41.94893522345727,999
2024-09-19 10:41:13.912,419.51683736146646,103
2024-09-19 10:41:13.918,419.5398291065131,98
2024-09-19 10:41:13.965,419.5047926917856,1004
2024-09-19 10:41:13.973,419.48852151235326,13
2024-09-19 10:41:14.090,419.5432961321961,995
2024-09-19 10:41:14.113,419.5237831148211,1001
2024-09-19 10:41:14.119,419.5070155012517,103
2024-09-19 10:41:14.236,419.5192097156859,98
2024-09-19 10:41:14.248,-419.52468408418207,11
2024-09-19 10:41:14.363,419.5115939388552,14
2024-09-19 10:41:14.466,419.5080086986798,995
2024-09-19 10:41:14.556,419.5436895834068,7
2024-09-19 10:41:14.732,419.51288126468825,1004
2024-09-19 10:41:14.847,419.5281790967489,13
2024-09-19 10:41:16.026,419.5757230408168,97
2024-09-19 10:41:16.034,419.5687916047372,97
2024-09-19 10:41:16.042,419.5747909291754,6
2024-09-19 10:41:16.190,419.5386765883043,999
2024-09-19 10:41:16.271,419.54350866203134,102
2024-09-19 10:41:16.297,419.5688251637742,14
2024-09-19 10:41:16.318,419.55713284894426,97
2024-09-19 10:41:16.336,41.953228534958015,13
2024-09-19 10:41:16.508,419.55925498969714,104
2024-09-19 10:41:16.520,419.5011119369232,9
2024-09-19 10:41:16.562,419.5502156357409,14
2024-09-19 10:41:16.570,419.56040942509264,7
2024-09-19 10:41:16.704,419.5332917928651,13
2024-09-19 10:41:16.740,419.55322335135554,1003
2024-09-19 10:41:16.767,419.5075144639316,96
2024-09-19 10:41:16.777,419.5179638787733,14
2024-09-19 10:41:16.821,419.5101291491555,6
2024-09-19 10:41:16.897,419.5700090186572,105
2024-09-19 10:41:16.898,419.5139940510138,998
2024-09-19 10:41:16.928,419.5351284597455,99
2024-09-19 10:41:16.989,419.5399998947961,996
2024-09-19 10:41:17.027,419.57013869210834,1002
2024-09-19 10:41:17.064,419.5571718231092,103
2024-09-19 10:41:17.124,419.5750066730428,14
2024-09-19 10:41:17.155,419.5784077844438,100
2024-09-19 10:41:17.226,,5
2024-09-19 10:41:17.232,419.62059147263983,5
2024-09-19 10:41:17.258,419.55845622064913,12
2024-09-19 10:41:17.286,419.56517496767776,996
2024-09-19 10:41:17.359,419.5780358812335,1005
2024-09-19 10:41:17.386,419.5858736663711,6
2024-09-19 10:41:17.471,419.5965414776389,1002
2024-09-19 10:41:17.486,419.5727783442205,1005
2024-09-19 10:41:17.494,419.5986364756514,96
2024-09-19 10:41:17.516,419.5890422087524,1000
2024-09-19 10:41:17.572,419.5840463187936,105
2024-09-19 10:41:17.597,419.5567450806676,11
2024-09-19 10:41:17.614,419.5794493549012,104
2024-09-19 10:41:17.673,419.6303708821793,15
2024-09-19 10:41:17.725,419.61880737790335,15
2024-09-19 10:41:17.774,419.5792111561007,10
2024-09-19 10:41:17.819,419.57125996991823,95
2024-09-19 10:41:17.878,419.5541586188987,102
2024-09-19 10:41:17.954,419.57524473250805,101
2024-09-19 10:41:18.018,419.48398912664254,1004
2024-09-19 10:41:18.072,419.5532792493672,100
2024-09-19 10:41:18.084,419.5527289264096,1003
2024-09-19 10:41:18.134,419.5779205510899,102
2024-09-19 10:41:18.199,419.535455305998,95
2024-09-19 10:41:18.262,419.5870887284252,6
2024-09-19 10:41:18.291,,13
2024-09-19 10:41:18.293,419.566478241259,98
2024-09-19 10:41:18.371,419.5799425445737,998
2024-09-19 10:41:18.396,419.5079939557782,100
2024-09-19 10:41:18.413,419.5814105110447,99
2024-09-19 10:41:18.573,419.5016900689379,96
2024-09-19 10:41:18.614,419.4768527410055,97
2024-09-19 10:41:18.740,419.5848681545373,15
2024-09-19 10:41:18.776,419.5109651428353,995
2024-09-19 10:41:18.854,419.57384899445145,10
2024-09-19 10:41:18.997,419.5701475036572,101
2024-09-19 10:41:19.080,419.4709119604274,104
2024-09-19 10:41:19.119,419.4697675252526,12
2024-09-19 10:41:19.151,419.4731471576844,15
2024-09-19 10:41:19.167,419.44926108477546,13
2024-09-19 10:41:19.184,419.4598455585816,11
2024-09-19 10:41:19.269,419.48592180475015,999
2024-09-19 10:41:19.283,419.4482656040237,8
2024-09-19 10:41:19.313,419.4740959775384,1003
2024-09-19 10:41:19.321,419.4401832084344,99
2024-09-19 10:41:19.388,419.4611557209088,996
2024-09-19 10:41:19.458,419.4907774973631,15
2024-09-19 10:41:19.458,419.4664836216818,99
2024-09-19 10:41:19.517,419.4488468180524,5
2024-09-19 10:41:19.555,419.4384373901869,11
2024-09-19 10:41:19.709,419.44879991791794,1001
2024-09-19 10:41:19.727,419.4617022934206,1004
2024-09-19 10:41:19.733,419.4560315852202,102
2024-09-19 10:41:19.762,419.4436267470421,101
2024-09-19 10:41:19.816,419.4735923532943,1001
2024-09-19 10:41:19.857,419.4792057691333,998
2024-09-19 10:41:20.011,419.5060389134442,7
2024-09-19 10:41:20.066,419.5124225284522,1002
2024-09-19 10:41:20.067,419.5097369463701,1001
2024-09-19 10:41:20.095,419.5166709048452,6
2024-09-19 10:41:20.114,419.5031428343801,1001
2024-09-19 10:41:20.123,419.571822689764,998
2024-09-19 10:41:20.141,419.5483091820067,99
2024-09-19 10:41:20.161,419.511962268208,1001
2024-09-19 10:41:20.239,419.5106460628135,8
2024-09-19 10:41:20.257,419.5015200741237,13
2024-09-19 10:41:20.287,419.4874873907391,9
2024-09-19 10:41:20.340,419.5026318189449,999
2024-09-19 10:41:20.372,419.5094699694561,99
2024-09-19 10:41:20.438,419.5785461709036,1003
2024-09-19 10:41:20.538,419.5589151330704,999
2024-09-19 10:41:20.554,419.51825151150337,998
2024-09-19 10:41:20.596,419.5560190895004,1001
2024-09-19 10:41:20.597,419.50637003493335,96
2024-09-19 10:41:20.685,419.51933033359217,10
2024-09-19 10:41:20.688,419.5151456627184,1000
2024-09-19 10:41:20.697,419.48579930299337,9
2024-09-19 10:41:20.697,419.5793389868949,1002
2024-09-19 10:41:20.806,419.5311516301278,96
2024-09-19 10:41:20.820,419.4871890470493,1000
2024-09-19 10:41:20.836,419.5140906373816,100
2024-09-19 10:41:20.867,419.5256612858525,99
2024-09-19 10:41:22.011,419.6228523646183,99
2024-09-19 10:41:22.032,419.6098930172545,1004
2024-09-19 10:41:22.041,419.6312782994843,99
2024-09-19 10:41:22.069,419.5884355791182,12
2024-09-19 10:41:22.103,419.6178853575368,1000
2024-09-19 10:41:22.131,419.6215227313489,1000
2024-09-19 10:41:22.147,419.6106676144774,1004
2024-09-19 10:41:22.194,419.5916070840252,1005
2024-09-19 10:41:22.244,419.592304183806,13
2024-09-19 10:41:22.264,419.5876750164777,10
2024-09-19 10:41:22.273,419.6004106851887,12
2024-09-19 10:41:22.294,419.5990794169858,8
2024-09-19 10:41:22.453,,998
2024-09-19 10:41:22.465,419.5984614729032,100
2024-09-19 10:41:22.538,419.5994923396016,6
2024-09-19 10:41:22.558,419.6137759443388,8
2024-09-19 10:41:22.560,419.6102781960208,1005
2024-09-19 10:41:22.577,419.5998917625142,1001
2024-09-19 10:41:22.604,419.6423646023259,1002
2024-09-19 10:41:22.633,419.6073377992012,998
2024-09-19 10:41:22.669,419.6235019815505,102
2024-09-19 10:41:22.669,419.6004236446125,97
2024-09-19 10:41:22.688,419.5990833915105,10
2024-09-19 10:41:22.690,419.5998368379143,99
2024-09-19 10:41:22.779,419.6252182705173,14
2024-09-19 10:41:22.815,419.6046672864599,96
2024-09-19 10:41:22.879,419.5966482450243,97
2024-09-19 10:41:23.156,419.6434695604396,101
2024-09-19 10:41:23.174,419.6680729379416,14
2024-09-19 10:41:23.302,419.6957233790453,997
2024-09-19 10:41:23.332,419.6940918162626,1004
2024-09-19 10:41:23.347,419.66565279500736,101
2024-09-19 10:41:23.387,419.6823921153549,10
2024-09-19 10:41:23.419,419.6501468332289,8
2024-09-19 10:41:23.474,419.6686977973652,95
2024-09-19 10:41:23.512,419.6281947681002,997
2024-09-19 10:41:23.557,419.6423624128004,15
2024-09-19 10:41:23.854,419.6727463215541,9
2024-09-19 10:41:23.867,419.6671084661843,14
2024-09-19 10:41:23.884,419.6559371645875,14
2024-09-19 10:41:23.980,419.6485074921821,5
2024-09-19 10:41:24.088,419.6632321482277,999
2024-09-19 10:41:24.095,419.73194261432354,103
2024-09-19 10:41:24.232,419.7251586346881,15
2024-09-19 10:41:24.273,419.6776368251834,1005
2024-09-19 10:41:24.321,419.66816756913215,99
2024-09-19 10:41:24.363,419.7045510931239,8
2024-09-19 10:41:24.391,419.6784823755601,95
2024-09-19 10:41:24.429,419.7324945360795,12
2024-09-19 10:41:24.635,419.6672676144883,8
2024-09-19 10:41:24.773,419.7461085654512,997
2024-09-19 10:41:24.884,,104
2024-09-19 10:41:25.206,419.68739468799447,99
2024-09-19 10:41:25.398,419.70343387807264,6
2024-09-19 10:41:25.557,419.7068749327921,995
2024-09-19 10:41:25.661,419.6839990269041,104
2024-09-19 10:41:25.682,419.7047513656686,104
2024-09-19 10:41:26.092,419.6868245428252,998
2024-09-19 10:41:26.265,419.68435262866575,96
2024-09-19 10:41:26.274,419.6765442129675,996
2024-09-19 10:41:26.324,419.6562919203108,11
2024-09-19 10:41:26.399,419.68696882226186,998
2024-09-19 10:41:27.017,419.6182037336352,101
2024-09-19 10:41:27.084,419.6459740378589,96
2024-09-19 10:41:27.100,419.63392536882895,98
2024-09-19 10:41:27.127,419.6356967576089,104
2024-09-19 10:41:27.177,419.6346687119385,1001
2024-09-19 10:41:27.177,419.6137458101762,1002
2024-09-19 10:41:27.239,,14
2024-09-19 10:41:27.284,419.6290071155492,995
2024-09-19 10:41:27.302,419.6099624530351,1000
2024-09-19 10:41:27.302,419.6404124442945,995
2024-09-19 10:41:27.371,419.62899544343855,98
2024-09-19 10:41:27.386,419.6224228185012,8
2024-09-19 10:41:27.472,419.6165695451063,104
2024-09-19 10:41:27.514,419.6489539482059,1004
2024-09-19 10:41:27.626,419.6059047121146,1002
2024-09-19 10:41:27.652,419.62047819831866,15
2024-09-19 10:41:27.656,41.96131768279088,7
2024-09-19 10:41:27.770,419.66567051219806,101
2024-09-19 10:41:27.850,419.6283103309139,99
2024-09-19 10:41:27.951,419.646522547136,7
2024-09-19 10:41:28.006,419.65982239018587,999
2024-09-19 10:41:28.023,419.6701963922822,15
2024-09-19 10:41:28.050,419.6609488962352,5
2024-09-19 10:41:28.072,419.6969827420596,999
2024-09-19 10:41:28.076,419.6654704315678,99
2024-09-19 10:41:28.118,419.6562683162389,101
2024-09-19 10:41:28.123,419.65590157532864,995
2024-09-19 10:41:28.185,419.6809840419239,103
2024-09-19 10:41:28.210,419.6769240817696,1005
2024-09-19 10:41:28.276,419.6529341963664,101
2024-09-19 10:41:28.310,419.6511477019772,1000
2024-09-19 10:41:28.368,419.6424383295015,13
2024-09-19 10:41:28.415,419.64559282689777,13
2024-09-19 10:41:28.449,419.6182497394582,99
2024-09-19 10:41:28.462,-419.6516487308483,15
2024-09-19 10:41:28.513,419.6694648985357,998
2024-09-19 10:41:28.533,419.6487326062177,104
2024-09-19 10:41:28.536,419.60436740075033,95
2024-09-19 10:41:28.632,419.6715105918824,997
2024-09-19 10:41:28.678,419.6688050538662,8
2024-09-19 10:41:28.780,419.6795548892956,101
2024-09-19 10:41:28.977,419.6535159064246,104
2024-09-19 10:41:29.037,419.6079081433405,1005
2024-09-19 10:41:29.107,419.632411598702,1001
2024-09-19 10:41:29.162,419.652650011566,99
2024-09-19 10:41:29.222,419.6364638132538,1001
2024-09-19 10:41:29.289,419.6261810425023,996
2024-09-19 10:41:29.333,419.61343226421394,997
2024-09-19 10:41:29.363,419.616221809168,5
2024-09-19 10:41:29.366,419.63666609052297,997
2024-09-19 10:41:29.460,419.63053496534513,7
2024-09-19 10:41:29.639,419.62257212802535,99
2024-09-19 10:41:29.749,419.6447514120644,100
2024-09-19 10:41:29.753,419.6161520345813,97
2024-09-19 10:41:29.884,419.6265467548675,12
2024-09-19 10:41:30.075,419.61476300319225,998
2024-09-19 10:41:30.457,419.6113099720956,10
2024-09-19 10:41:30.478,419.6122567222428,995
2024-09-19 10:41:30.569,419.5888085823297,100
2024-09-19 10:41:31.032,419.58482402172206,104
2024-09-19 10:41:31.036,419.6003587174568,97
2024-09-19 10:41:31.060,419.63870010058565,12
2024-09-19 10:41:31.096,419.660810624287,9
2024-09-19 10:41:31.163,419.6466886617442,96
2024-09-19 10:41:31.175,419.6087658772032,105
2024-09-19 10:41:31.215,419.6267801562471,99
2024-09-19 10:41:31.248,419.6080248712201,103
2024-09-19 10:41:31.308,419.6154859930197,102
2024-09-19 10:41:31.484,419.5782254672976,104
2024-09-19 10:41:31.511,419.649298805291,96
2024-09-19 10:41:31.576,419.6044781894304,10
2024-09-19 10:41:31.652,419.6030664023544,996
2024-09-19 10:41:31.656,419.605660374392,102
2024-09-19 10:41:31.676,419.639118700705,999
2024-09-19 10:41:31.687,419.6238694327441,997
2024-09-19 10:41:31.694,419.6503108308169,997
2024-09-19 10:41:31.734,419.6142571389474,9
2024-09-19 10:41:31.747,,1003
2024-09-19 10:41:31.762,419.6219145214261,96
2024-09-19 10:41:31.765,419.5739265797069,10
2024-09-19 10:41:31.836,419.6572799947023,1002
2024-09-19 10:41:31.864,419.6474705090004,104
2024-09-19 10:41:31.883,419.5875086669796,99
2024-09-19 10:41:31.888,419.61041399443775,100
2024-09-19 10:41:31.894,419.6313229688528,98
2024-09-19 10:41:31.902,419.6170325162657,98
2024-09-19 10:41:31.977,419.60494366984807,101
2024-09-19 10:41:31.991,419.63307837526895,9
2024-09-19 10:41:31.997,419.6422847428725,15
2024-09-19 10:41:32.013,419.6847095556237,1000
2024-09-19 10:41:32.015,419.6679896339261,1004
2024-09-19 10:41:32.031,419.6850451631189,1004
2024-09-19 10:41:32.038,419.658250200581,1003
2024-09-19 10:41:32.131,419.68207488006857,1001
2024-09-19 10:41:32.174,419.6723170855789,96
2024-09-19 10:41:32.180,419.6923378301029,996
2024-09-19 10:41:32.204,419.655522356439,1000
2024-09-19 10:41:32.232,419.6463519337702,998
2024-09-19 10:41:32.239,419.6671361427207,105
2024-09-19 10:41:32.268,419.66647586038175,7
2024-09-19 10:41:32.281,419.6818502851043,1002
2024-09-19 10:41:32.282,419.6662302914109,1001
2024-09-19 10:41:32.320,419.6661801794949,8
2024-09-19 10:41:32.385,419.6955321017992,96
2024-09-19 10:41:32.416,,998
2024-09-19 10:41:32.433,419.666712107083,13
2024-09-19 10:41:32.462,419.6666602343126,95
2024-09-19 10:41:32.514,419.7006626380367,9
2024-09-19 10:41:32.551,419.6495700643424,999
2024-09-19 10:41:32.556,419.6993447285266,12
2024-09-19 10:41:32.571,419.6481459091002,1005
2024-09-19 10:41:32.667,419.708891457474,100
2024-09-19 10:41:32.803,419.67657056936525,1000
2024-09-19 10:41:32.806,419.6805271393997,99
2024-09-19 10:41:32.898,419.688065525476,5
2024-09-19 10:41:32.947,419.7000432495296,9
2024-09-19 10:41:32.960,419.6594340974103,105
2024-09-19 10:41:33.166,419.60879790893296,12
2024-09-19 10:41:33.281,419.6272603274227,7
2024-09-19 10:41:33.376,419.60439043291393,100
2024-09-19 10:41:33.491,419.6156417359013,96
2024-09-19 10:41:33.817,419.6564737312613,999
2024-09-19 10:41:33.819,419.6085856855064,996
2024-09-19 10:41:33.997,419.6163277767527,998
2024-09-19 10:41:34.074,419.56498615335255,15
2024-09-19 10:41:34.137,419.6493753776188,14
2024-09-19 10:41:34.154,419.5625352094602,97
2024-09-19 10:41:34.244,419.6467921124839,12
2024-09-19 10:41:34.261,419.5807732786641,7
2024-09-19 10:41:34.288,419.6041132753812,996
2024-09-19 10:41:34.369,419.62656547310286,8
2024-09-19 10:41:34.417,419.64408113355785,99
2024-09-19 10:41:34.430,419.5756341086218,5
2024-09-19 10:41:34.432,419.5799965337464,96
2024-09-19 10:41:34.455,419.6534520220327,1004
2024-09-19 10:41:34.634,419.5747004837692,95
2024-09-19 10:41:34.829,419.58295276393847,1005
2024-09-19 10:41:34.872,419.5849309948237,7
2024-09-19 10:41:34.969,419.6333858093357,998
2024-09-19 10:41:34.989,419.5748284523473,1001
2024-09-19 10:41:35.110,419.596942823592,1004
2024-09-19 10:41:35.184,419.5710871044224,1004
2024-09-19 10:41:35.255,419.5920156994141,99
2024-09-19 10:41:35.665,419.6013822772683,97
2024-09-19 10:41:35.938,419.624413855728,98
2024-09-19 10:41:36.365,419.57500426333553,97
2024-09-19 10:41:36.457,419.57088445085617,1002
2024-09-19 10:41:36.627,419.5981734471793,100
2024-09-19 10:41:36.949,419.5754088877016,11
2024-09-19 10:41:37.044,419.5649879889917,995
2024-09-19 10:41:37.246,419.52986331152897,1003
2024-09-19 10:41:37.313,419.5356635427829,8
2024-09-19 10:41:37.450,419.5685651007458,98
2024-09-19 10:41:37.466,419.5357713610853,13
2024-09-19 10:41:37.531,419.534423562737,5
2024-09-19 10:41:37.645,419.5332855608851,996
2024-09-19 10:41:37.691,419.53727555365793,102
2024-09-19 10:41:37.858,419.5576570528857,1002
2024-09-19 10:41:38.107,419.5441123350076,10
2024-09-19 10:41:38.116,419.609691450383,95
2024-09-19 10:41:38.196,419.53196523610063,1004
2024-09-19 10:41:38.216,419.5411860374954,12
2024-09-19 10:41:38.222,419.6340350496944,1002
2024-09-19 10:41:38.235,419.54425289680046,100
2024-09-19 10:41:38.244,419.5742702879304,995
2024-09-19 10:41:38.324,419.6012661059245,998
2024-09-19 10:41:38.385,419.6307393950966,9
2024-09-19 10:41:38.498,,1000
2024-09-19 10:41:38.664,419.6391415917049,100
2024-09-19 10:41:38.707,419.52749054151815,95
2024-09-19 10:41:38.761,419.5424973552839,95
2024-09-19 10:41:38.807,419.5855737553061,8
2024-09-19 10:41:38.844,419.606830884672,8
2024-09-19 10:41:38.910,419.5524923153289,6
2024-09-19 10:41:38.996,419.53103550090697,95
2024-09-19 10:41:39.017,419.6219264151552,1002
2024-09-19 10:41:39.034,419.654182582916,6
2024-09-19 10:41:39.103,419.6052452166299,101
2024-09-19 10:41:39.203,419.6416993246299,99
2024-09-19 10:41:39.220,419.6520572165055,14
2024-09-19 10:41:39.235,419.6619252259168,1003
2024-09-19 10:41:39.239,,1003
2024-09-19 10:41:39.255,419.6470540476434,8
2024-09-19 10:41:39.281,419.6608865181864,998
2024-09-19 10:41:39.403,419.62548049694,998
2024-09-19 10:41:39.403,419.6248833366852,102
2024-09-19 10:41:39.424,419.6546450110199,15
2024-09-19 10:41:39.429,419.5978684353962,7
2024-09-19 10:41:39.447,419.6578851462487,1003
2024-09-19 10:41:39.451,419.62698084481366,999
2024-09-19 10:41:39.509,419.65201704732806,104
2024-09-19 10:41:39.518,419.6762108388157,98
2024-09-19 10:41:39.538,419.6670019776927,5
2024-09-19 10:41:39.613,419.6659421405197,14
2024-09-19 10:41:39.661,419.6432148750548,101
2024-09-19 10:41:39.766,41.96263361997651,997
2024-09-19 10:41:39.775,41.96625280443324,998
2024-09-19 10:41:39.832,419.6157467497424,105
2024-09-19 10:41:39.838,419.6467735802823,999
2024-09-19 10:41:39.873,419.6465557085559,996
2024-09-19 10:41:39.941,419.6621101927404,1005
2024-09-19 10:41:40.065,419.6278007115101,97
2024-09-19 10:41:40.105,419.6031976974648,1002
2024-09-19 10:41:40.147,419.65435937148726,14
2024-09-19 10:41:40.409,,1004
2024-09-19 10:41:40.410,419.6086800780123,100
2024-09-19 10:41:40.466,419.62511596188136,1005
2024-09-19 10:41:40.488,419.6050683813252,12
2024-09-19 10:41:40.580,419.6387275113215,7
2024-09-19 10:41:40.616,419.6377743071024,14
2024-09-19 10:41:40.870,419.5956403646612,998
2024-09-19 10:41:40.965,419.6274160955918,997
2024-09-19 10:41:41.004,419.661177950703,100
2024-09-19 10:41:41.091,419.66320515202574,1005
2024-09-19 10:41:41.101,419.644620788386,1004
2024-09-19 10:41:41.139,419.6739135509937,1001
2024-09-19 10:41:41.165,419.7002300933996,8
2024-09-19 10:41:41.207,419.6732655175412,99
2024-09-19 10:41:41.244,41.96284883565038,105
2024-09-19 10:41:41.300,419.7104126180984,102
2024-09-19 10:41:41.339,419.6790597542913,1004
2024-09-19 10:41:41.366,419.6524137322743,102
2024-09-19 10:41:41.441,419.6313727579864,1002
2024-09-19 10:41:41.460,-419.7023306892677,998
2024-09-19 10:41:41.505,419.6375107662541,13
2024-09-19 10:41:41.533,419.6477941157942,105
2024-09-19 10:41:41.559,419.6750720431677,995
2024-09-19 10:41:41.580,419.635331220868,1002
2024-09-19 10:41:41.587,419.63801785285546,101
2024-09-19 10:41:41.587,419.6755266164979,6
2024-09-19 10:41:41.599,419.6803511074938,105
2024-09-19 10:41:41.665,419.6720241507657,104
2024-09-19 10:41:41.676,419.7075379994079,99
2024-09-19 10:41:41.963,419.67854145345336,98
2024-09-19 10:41:42.025,419.6688981447563,998
2024-09-19 10:41:42.191,419.6953495778983,996
2024-09-19 10:41:42.245,419.6382377837279,98
2024-09-19 10:41:42.268,419.6797402241348,996
2024-09-19 10:41:42.271,419.69220279910894,1001
2024-09-19 10:41:42.274,419.6528943143169,105
2024-09-19 10:41:42.432,419.6868149255743,5
2024-09-19 10:41:42.457,419.6337638338027,996
2024-09-19 10:41:42.503,419.6999596886458,104
2024-09-19 10:41:42.622,419.6854734361024,95
2024-09-19 10:41:42.637,419.7068757913369,1000
2024-09-19 10:41:42.674,419.6935624206919,1002
2024-09-19 10:41:42.681,419.68185097641606,1000
2024-09-19 10:41:42.722,419.662731623075,5
2024-09-19 10:41:42.788,419.6758571927382,1004
2024-09-19 10:41:42.794,419.6567253909156,12
2024-09-19 10:41:42.827,419.6970229721181,104
2024-09-19 10:41:42.911,419.69528048798327,1005
2024-09-19 10:41:42.994,419.7056339784336,98
2024-09-19 10:41:43.066,419.6108659574214,8
2024-09-19 10:41:43.364,419.59578406314665,97
2024-09-19 10:41:43.375,419.5909072987648,97
2024-09-19 10:41:43.379,419.60016012767807,1003
2024-09-19 10:41:43.832,419.59270967069307,996
2024-09-19 10:41:44.038,419.60004928959313,8
2024-09-19 10:41:44.046,419.5662399712152,7
2024-09-19 10:41:44.048,419.5912550056012,995
2024-09-19 10:41:44.211,419.5876118989878,1004
2024-09-19 10:41:44.245,419.5717603646247,103
2024-09-19 10:41:44.286,419.6024461918272,15
2024-09-19 10:41:44.305,419.61014757194914,99
2024-09-19 10:41:44.360,419.6005341472159,1002
2024-09-19 10:41:44.442,419.610194073172,995
2024-09-19 10:41:44.489,419.5939926730894,9
2024-09-19 10:41:44.515,419.5813620672124,5
2024-09-19 10:41:44.579,419.575481359272,15
2024-09-19 10:41:44.692,419.6028848039704,13
2024-09-19 10:41:44.740,419.61899101468936,5
2024-09-19 10:41:44.754,419.5978630037027,13
2024-09-19 10:41:44.845,419.6282254241533,1004
2024-09-19 10:41:44.890,419.58429459315744,95
2024-09-19 10:41:44.909,419.5920612262431,995
2024-09-19 10:41:44.948,419.6186537921152,105
2024-09-19 10:41:44.953,419.5833934612456,100
2024-09-19 10:41:45.467,419.60312655074193,96
2024-09-19 10:41:45.658,419.60062673071866,1003
2024-09-19 10:41:45.838,419.6098971234904,96
2024-09-19 10:41:46.033,419.5689627300708,97
2024-09-19 10:41:46.049,419.55474718311496,998
2024-09-19 10:41:46.191,419.5358230734393,97
2024-09-19 10:41:46.288,419.51877633997407,98
2024-09-19 10:41:46.313,419.57729585185785,100
2024-09-19 10:41:46.319,419.5337560429779,100
2024-09-19 10:41:46.323,419.53592146816936,10
2024-09-19 10:41:46.500,419.5208291904793,1001
2024-09-19 10:41:46.832,419.593587625428,103
2024-09-19 10:41:46.837,419.5559676113352,1004
2024-09-19 10:41:46.876,419.51757009880174,1003
2024-09-19 10:41:46.882,419.53226587522414,998
2024-09-19 10:41:47.026,419.5209452280344,1000
2024-09-19 10:41:47.073,419.5286293029519,5
2024-09-19 10:41:47.137,419.5458432583465,13
2024-09-19 10:41:47.228,419.5402432716044,13
2024-09-19 10:41:47.357,419.5452797999504,9
2024-09-19 10:41:47.433,419.50575696061895,99
2024-09-19 10:41:47.501,419.51970102258366,13
2024-09-19 10:41:47.502,419.5304519137667,10
2024-09-19 10:41:47.528,419.5439371739867,13
2024-09-19 10:41:47.580,419.5050632372489,100
2024-09-19 10:41:47.584,419.5142661602674,95
2024-09-19 10:41:47.666,419.5030043006939,15
2024-09-19 10:41:47.686,419.512186989762,998
2024-09-19 10:41:47.764,419.5129133843745,99
2024-09-19 10:41:47.791,419.53607842479306,15
2024-09-19 10:41:47.839,419.5369646235829,1001
2024-09-19 10:41:47.873,419.5575182773824,1001
2024-09-19 10:41:48.002,419.5689263779043,13
2024-09-19 10:41:48.061,419.549747824798,5
2024-09-19 10:41:48.108,419.54750788768274,1000
2024-09-19 10:41:48.263,419.5579646681862,8
2024-09-19 10:41:48.430,419.5645344284561,100
2024-09-19 10:41:48.494,419.5357075988577,999
2024-09-19 10:41:48.649,419.5314141144538,13
2024-09-19 10:41:48.654,419.5490942032723,100
2024-09-19 10:41:48.706,419.5383358503564,995
2024-09-19 10:41:48.843,419.55616199763904,10
2024-09-19 10:41:48.905,419.5615657943974,95
2024-09-19 10:41:48.947,419.5728678898884,14
2024-09-19 10:41:49.069,419.57439648759726,11
2024-09-19 10:41:49.072,419.56635569628855,1004
2024-09-19 10:41:49.099,419.5891769142713,1000
2024-09-19 10:41:49.152,419.5329629766288,14
2024-09-19 10:41:49.331,419.5581019667581,1002
2024-09-19 10:41:49.333,419.5416223187978,10
2024-09-19 10:41:49.349,419.56470846246526,998
2024-09-19 10:41:49.448,419.5387165590736,996
2024-09-19 10:41:49.652,419.5565375321002,996
2024-09-19 10:41:49.691,419.5686551088445,997
2024-09-19 10:41:49.771,419.5376507763652,97
2024-09-19 10:41:49.978,419.5464437606255,13
2024-09-19 10:41:50.074,419.5364593507781,7
2024-09-19 10:41:50.306,419.5288606973214,95
2024-09-19 10:41:50.367,419.51698273474665,1000
2024-09-19 10:41:50.527,419.52779472869577,1002
2024-09-19 10:41:50.575,419.52978192848633,999
2024-09-19 10:41:50.590,419.50481156811816,99
2024-09-19 10:41:51.630,419.5004546638762,96
2024-09-19 10:41:51.796,419.4835238582828,996
2024-09-19 10:41:51.922,419.5234289053507,996
2024-09-19 10:41:51.931,419.4914503468208,104
2024-09-19 10:41:52.005,419.5510782831896,999
2024-09-19 10:41:52.074,419.5472241902068,999
2024-09-19 10:41:52.081,419.5498699319535,97
2024-09-19 10:41:52.112,419.5591402860352,1002
2024-09-19 10:41:52.117,419.5440564975373,104
2024-09-19 10:41:52.179,419.5268109726253,99
2024-09-19 10:41:52.192,419.55147812367,98
2024-09-19 10:41:52.258,419.5142210216772,97
2024-09-19 10:41:52.364,419.4845634586322,1005
2024-09-19 10:41:52.370,419.4841367657372,1000
2024-09-19 10:41:52.372,419.5386013746117,1003
2024-09-19 10:41:52.425,419.5265552338414,103
2024-09-19 10:41:52.432,419.54618119255855,6
2024-09-19 10:41:52.545,419.5403213357221,9
2024-09-19 10:41:52.584,419.5247310358751,6
2024-09-19 10:41:52.624,419.5651312647621,996
2024-09-19 10:41:52.632,419.48503768232297,10
2024-09-19 10:41:52.679,419.5582362121165,996
2024-09-19 10:41:52.681,419.5319092414046,1004
2024-09-19 10:41:52.803,419.4932384161045,15
2024-09-19 10:41:52.850,419.5450308421627,1003
2024-09-19 10:41:52.867,419.554377630699,11
2024-09-19 10:41:52.871,419.51899396662304,998
2024-09-19 10:41:52.911,419.5012916221635,99
2024-09-19 10:41:52.943,419.5543222411145,95
2024-09-19 10:41:52.969,419.5180492551421,1001
2024-09-19 10:41:52.991,419.5802638773403,97
2024-09-19 10:41:53.674,419.6137070536928,8
2024-09-19 10:41:53.770,419.6035085408432,997
2024-09-19 10:41:54.088,419.578208577281,9
2024-09-19 10:41:54.246,419.58816436561307,997
2024-09-19 10:41:54.309,419.59584764222336,11
2024-09-19 10:41:54.363,419.5787389202599,996
2024-09-19 10:41:54.472,419.60871808536274,101
2024-09-19 10:41:55.319,419.5806581156576,997
2024-09-19 10:41:55.576,419.5989132058485,998
2024-09-19 10:41:55.708,419.5887691799493,1002
2024-09-19 10:41:55.840,419.59523188682255,14
2024-09-19 10:41:55.852,419.5751839056171,995
2024-09-19 10:41:55.872,419.6208353518727,998
2024-09-19 10:41:55.901,419.58545543261965,7
2024-09-19 10:41:56.021,419.61687336214425,1001
2024-09-19 10:41:56.066,419.585907078602,7
2024-09-19 10:41:56.088,419.6226027512338,8
2024-09-19 10:41:56.168,419.5863664883676,996
2024-09-19 10:41:56.211,419.590725326121,6
2024-09-19 10:41:56.284,41.95951755637614,7
2024-09-19 10:41:56.284,419.6292607272854,102
2024-09-19 10:41:56.291,419.6104925260559,14
2024-09-19 10:41:56.359,419.6302553182091,97
2024-09-19 10:41:56.443,419.6120174887832,102
2024-09-19 10:41:56.447,419.6082422093296,100
2024-09-19 10:41:56.498,419.61694358667074,98
2024-09-19 10:41:56.543,419.6193358958935,10
2024-09-19 10:41:56.552,419.61786763461066,995
2024-09-19 10:41:56.594,419.6280992203615,1002
2024-09-19 10:41:56.619,419.6212036082568,100
2024-09-19 10:41:56.623,419.6192768522987,1003
2024-09-19 10:41:56.731,419.6183780338199,96
2024-09-19 10:41:56.749,419.6106932313998,98
2024-09-19 10:41:56.768,419.6319289595364,104
2024-09-19 10:41:56.770,419.595306172292,7
2024-09-19 10:41:56.801,419.59610880600695,100
2024-09-19 10:41:56.893,419.6041864279542,997
2024-09-19 10:41:56.917,419.6434449839079,14
2024-09-19 10:41:56.921,419.6336580999196,102
2024-09-19 10:41:56.953,419.6186150823805,15
2024-09-19 10:41:57.000,419.6352127095639,11
2024-09-19 10:41:57.016,419.5737717891784,1000
2024-09-19 10:41:57.023,419.51052991325946,9
2024-09-19 10:41:57.024,419.65479785305206,1000
2024-09-19 10:41:57.031,419.6224682144624,103
2024-09-19 10:41:57.046,419.5316318366323,996
2024-09-19 10:41:57.155,419.5910843601324,999
2024-09-19 10:41:57.172,419.558695593306,100
2024-09-19 10:41:57.197,419.6160941694823,996
2024-09-19 10:41:57.208,419.6011635838253,996
2024-09-19 10:41:57.226,419.6085578477383,1002
2024-09-19 10:41:57.358,419.6307695601227,5
2024-09-19 10:41:57.409,419.52172897925885,102
2024-09-19 10:41:57.527,419.6136225243831,1000
2024-09-19 10:41:57.531,419.6407751081417,11
2024-09-19 10:41:57.539,419.6125826976752,10
2024-09-19 10:41:57.564,419.6315470749268,11
2024-09-19 10:41:57.588,419.4798140518352,101
2024-09-19 10:41:57.656,419.5861670289869,6
2024-09-19 10:41:57.669,419.6517771685381,8
2024-09-19 10:41:57.704,419.5188811326096,999
2024-09-19 10:41:57.737,419.6399290941524,7
2024-09-19 10:41:57.778,419.5837167000595,12
2024-09-19 10:41:57.783,419.5898734398563,104
2024-09-19 10:41:57.930,419.6386984674336,11
2024-09-19 10:41:58.049,419.4556405460126,9
2024-09-19 10:41:58.107,419.4704574733886,9
2024-09-19 10:41:58.135,419.49858948602383,997
2024-09-19 10:41:58.141,419.5121861364058,995
2024-09-19 10:41:58.153,419.4491818964717,7
2024-09-19 10:41:58.189,419.4310645562952,1000
2024-09-19 10:41:58.210,419.48357118465566,995
2024-09-19 10:41:58.231,419.47681657028266,98
2024-09-19 10:41:58.301,419.4871901283485,6
2024-09-19 10:41:58.317,419.4308636432325,1005
2024-09-19 10:41:58.356,419.4776213980008,15
2024-09-19 10:41:58.395,419.5040077923562,999
2024-09-19 10:41:58.531,-419.4600785046335,996
2024-09-19 10:41:58.578,419.43220149866806,12
2024-09-19 10:41:58.579,419.4774261279026,98
2024-09-19 10:41:58.593,419.45200856175074,96
2024-09-19 10:41:58.736,419.4637391566629,105
2024-09-19 10:41:58.830,419.4963021545324,9
2024-09-19 10:41:58.838,419.5246880186083,101
2024-09-19 10:41:58.905,419.4700723582629,1004
2024-09-19 10:41:58.908,419.4545148451669,10
2024-09-19 10:41:58.911,419.447628778455,99
2024-09-19 10:41:58.922,419.4649456360692,102
2024-09-19 10:41:58.925,419.4589189722892,997
2024-09-19 10:41:58.952,419.4992584048738,995
2024-09-19 10:41:59.091,419.4937298794391,1001
2024-09-19 10:41:59.126,419.5067882443743,96
2024-09-19 10:41:59.300,419.50320969190295,103
2024-09-19 10:41:59.517,419.5242280421497,5
2024-09-19 10:41:59.524,419.4963278451585,14
2024-09-19 10:41:59.544,419.5151022637479,97
2024-09-19 10:41:59.742,419.51235914543247,101
2024-09-19 10:41:59.829,419.5186842702902,7
2024-09-19 10:41:59.875,419.5218924673465,14
2024-09-19 10:41:59.915,419.5145164994352,999
2024-09-19 10:41:59.922,419.4953374086783,101
