Timestamp,Price,Size
2024-09-17 15:12:00.290,406.8718562435852,104
2024-09-17 15:12:00.542,406.88294880667394,96
2024-09-17 15:12:01.069,406.8807729177578,998
2024-09-17 15:12:01.152,406.86024605194433,997
2024-09-17 15:12:01.154,406.8715681637143,9
2024-09-17 15:12:01.156,406.8567231589728,99
2024-09-17 15:12:01.177,406.8752456886907,99
2024-09-17 15:12:01.225,414.43306949625975,996
2024-09-17 15:12:01.326,406.8753988289655,7
2024-09-17 15:12:01.478,406.8791888618805,9
2024-09-17 15:12:01.563,406.8661033079459,100
2024-09-17 15:12:01.631,406.8714954206224,1002
2024-09-17 15:12:01.650,406.8805705225238,996
2024-09-17 15:12:01.731,406.86130819551073,996
2024-09-17 15:12:01.740,406.87219532365697,100
2024-09-17 15:12:01.744,406.8832490045872,999
2024-09-17 15:12:01.880,406.871900802167,102
2024-09-17 15:12:01.889,406.8799986159557,999
2024-09-17 15:12:01.914,406.8665580755607,996
2024-09-17 15:12:01.974,406.8791715957034,15
2024-09-17 15:12:02.059,406.9208951265139,7
2024-09-17 15:12:02.070,406.8720401946272,1000
2024-09-17 15:12:02.098,414.5601333761925,14
2024-09-17 15:12:02.208,406.8954073148289,1002
2024-09-17 15:12:02.340,406.8705374368472,96
2024-09-17 15:12:02.440,406.8984476932004,14
2024-09-17 15:12:02.459,406.9234512599559,996
2024-09-17 15:12:02.479,406.9288227116774,105
2024-09-17 15:12:02.538,406.8814865910512,99
2024-09-17 15:12:02.567,,13
2024-09-17 15:12:02.586,414.4874736806062,11
2024-09-17 15:12:02.590,406.8666386782261,997
2024-09-17 15:12:02.596,406.9315372429077,100
2024-09-17 15:12:02.640,406.9039378739603,95
2024-09-17 15:12:02.640,406.9508398031813,1002
2024-09-17 15:12:02.721,406.9385528752785,6
2024-09-17 15:12:02.748,406.9322155083231,7
2024-09-17 15:12:02.787,406.9175238087124,97
2024-09-17 15:12:02.972,406.9410900278076,1000
2024-09-17 15:12:02.986,406.9396764995906,101
2024-09-17 15:12:03.553,406.9401881382185,10
2024-09-17 15:12:04.048,407.034567798512,10
2024-09-17 15:12:04.056,406.9716577592088,999
2024-09-17 15:12:04.170,,998
2024-09-17 15:12:04.248,406.9623078353701,1003
2024-09-17 15:12:04.252,406.9778357682243,996
2024-09-17 15:12:04.258,407.0354267999464,1005
2024-09-17 15:12:04.345,407.0178056394313,100
2024-09-17 15:12:04.502,407.0513207346226,1004
2024-09-17 15:12:04.522,406.9772259727967,1005
2024-09-17 15:12:04.581,406.9901636437597,100
2024-09-17 15:12:04.788,407.062800381589,997
2024-09-17 15:12:04.806,407.041199974213,1003
2024-09-17 15:12:04.860,407.0378813765208,998
2024-09-17 15:12:04.908,406.9459419781784,1001
2024-09-17 15:12:04.965,407.0148917911826,13
2024-09-17 15:12:04.993,406.9625011366947,102
2024-09-17 15:12:05.057,407.0103397457679,1002
2024-09-17 15:12:05.184,407.0168159293448,995
2024-09-17 15:12:05.213,407.0115297347903,1001
2024-09-17 15:12:05.236,407.0159172887415,98
2024-09-17 15:12:05.250,407.0104457790149,95
2024-09-17 15:12:05.258,406.98844643989634,6
2024-09-17 15:12:05.259,406.9940525260589,997
2024-09-17 15:12:05.287,407.0238944980968,14
2024-09-17 15:12:05.292,407.0412282201101,1001
2024-09-17 15:12:05.316,407.0276529422873,6
2024-09-17 15:12:05.343,406.9974177218807,11
2024-09-17 15:12:05.363,407.0125320741143,104
2024-09-17 15:12:05.386,407.0297700289953,999
2024-09-17 15:12:05.395,407.0244155582405,98
2024-09-17 15:12:05.410,407.0437874701046,104
2024-09-17 15:12:05.517,40.70079695852929,102
2024-09-17 15:12:05.540,406.9984544244806,99
2024-09-17 15:12:05.692,406.98546365604034,105
2024-09-17 15:12:05.695,407.020334811538,97
2024-09-17 15:12:05.715,407.0476078073378,95
2024-09-17 15:12:05.718,407.0007508856396,7
2024-09-17 15:12:05.723,407.0068502580365,1000
2024-09-17 15:12:05.757,407.0272674031118,104
2024-09-17 15:12:05.780,407.0174736234191,95
2024-09-17 15:12:05.843,407.0003639410638,102
2024-09-17 15:12:05.859,407.0158614947712,7
2024-09-17 15:12:05.869,407.0117034104248,97
2024-09-17 15:12:05.947,407.0406162075523,13
2024-09-17 15:12:05.993,407.0081727757295,6
2024-09-17 15:12:06.068,407.0050852398364,104
2024-09-17 15:12:06.083,406.9854269443071,96
2024-09-17 15:12:06.121,406.9909681626439,999
2024-09-17 15:12:06.212,406.9864782170513,10
2024-09-17 15:12:06.338,407.0079944174594,97
2024-09-17 15:12:06.380,406.9879369322792,14
2024-09-17 15:12:06.386,407.00406771506607,8
2024-09-17 15:12:06.421,407.0329874959359,13
2024-09-17 15:12:06.490,407.0032760169077,96
2024-09-17 15:12:06.561,406.998956031095,1000
2024-09-17 15:12:06.572,406.9972963208106,5
2024-09-17 15:12:06.619,407.0031060630572,99
2024-09-17 15:12:06.900,407.0053687078583,8
2024-09-17 15:12:06.904,407.0234950309725,104
2024-09-17 15:12:06.986,406.9924008212332,996
2024-09-17 15:12:07.111,407.0111804360606,13
2024-09-17 15:12:07.129,407.03686230037385,9
2024-09-17 15:12:07.391,407.03753718018095,104
2024-09-17 15:12:07.466,407.0175950028066,5
2024-09-17 15:12:07.470,407.0187510195577,5
2024-09-17 15:12:07.543,407.00674826301565,11
2024-09-17 15:12:07.631,407.0280113397832,101
2024-09-17 15:12:07.659,407.0011853410204,12
2024-09-17 15:12:07.727,407.0037738968268,8
2024-09-17 15:12:07.728,406.9986591516637,1005
2024-09-17 15:12:07.748,407.0131169839439,1005
2024-09-17 15:12:07.762,407.0134217576252,95
2024-09-17 15:12:07.773,407.0087387620864,95
2024-09-17 15:12:07.803,407.00171233479057,1000
2024-09-17 15:12:07.804,406.98912208917295,12
2024-09-17 15:12:07.866,407.0015604349807,1005
2024-09-17 15:12:07.962,407.00520050889446,997
2024-09-17 15:12:07.994,407.03082707752617,1001
2024-09-17 15:12:08.007,406.9966326517552,101
2024-09-17 15:12:08.214,406.9611410717516,10
2024-09-17 15:12:08.260,406.96962475112446,10
2024-09-17 15:12:08.301,406.957107667986,15
2024-09-17 15:12:08.418,406.9871412213188,104
2024-09-17 15:12:08.429,406.9645772792495,100
2024-09-17 15:12:08.631,406.967911483425,1005
2024-09-17 15:12:08.799,406.97353345457645,98
2024-09-17 15:12:08.853,406.972631207608,95
2024-09-17 15:12:09.053,406.935896931948,102
2024-09-17 15:12:09.070,406.9853223315469,5
2024-09-17 15:12:09.084,406.964014941361,7
2024-09-17 15:12:09.335,406.9511483517364,11
2024-09-17 15:12:09.361,406.9850873110781,96
2024-09-17 15:12:09.388,406.9414770348851,103
2024-09-17 15:12:09.404,406.9474149130135,7
2024-09-17 15:12:09.407,406.9682019953567,1004
2024-09-17 15:12:09.518,406.9552194465707,1003
2024-09-17 15:12:09.519,406.9633646061156,7
2024-09-17 15:12:09.519,406.9257588144904,5
2024-09-17 15:12:09.606,406.95199298486233,95
2024-09-17 15:12:09.656,406.9821058811923,1005
2024-09-17 15:12:09.686,406.95138410586367,102
2024-09-17 15:12:09.711,406.9450906858568,1002
2024-09-17 15:12:09.729,406.97378535046295,8
2024-09-17 15:12:09.785,406.9499744560672,11
2024-09-17 15:12:09.800,406.95375421402736,5
2024-09-17 15:12:09.814,406.98286404569626,1004
2024-09-17 15:12:09.970,406.92977633014,5
2024-09-17 15:12:10.114,406.9704554004317,1005
2024-09-17 15:12:10.219,406.9851429176816,1002
2024-09-17 15:12:10.311,406.9387487725741,996
2024-09-17 15:12:10.406,406.951885085468,1004
2024-09-17 15:12:10.455,406.9586406018738,9
2024-09-17 15:12:10.504,406.9693132348834,105
2024-09-17 15:12:10.524,-406.9598794447482,101
2024-09-17 15:12:10.665,406.9796354225921,101
2024-09-17 15:12:10.670,406.9838167182829,98
2024-09-17 15:12:10.696,406.9696502225596,10
2024-09-17 15:12:10.866,,7
2024-09-17 15:12:10.892,406.97396848633247,100
2024-09-17 15:12:10.894,406.9626248423726,13
2024-09-17 15:12:10.963,406.9585983617369,1004
2024-09-17 15:12:11.012,406.9645621129142,101
2024-09-17 15:12:11.457,406.9577746830004,1003
2024-09-17 15:12:11.685,406.9545540030955,100
2024-09-17 15:12:12.057,406.93230112645057,105
2024-09-17 15:12:12.111,406.8991352934508,10
2024-09-17 15:12:12.191,406.8877174644156,96
2024-09-17 15:12:12.234,406.89347934343175,97
2024-09-17 15:12:12.290,406.8968887161518,9
2024-09-17 15:12:12.291,406.9107273393867,997
2024-09-17 15:12:12.386,406.8701230568214,1000
2024-09-17 15:12:12.403,406.94907336278,95
2024-09-17 15:12:12.536,406.9101782347416,999
2024-09-17 15:12:12.671,406.88912339961246,6
2024-09-17 15:12:12.755,406.875816646619,105
2024-09-17 15:12:12.779,406.9412696336327,8
2024-09-17 15:12:12.797,-406.9206404958964,1004
2024-09-17 15:12:12.808,406.9402301387941,13
2024-09-17 15:12:12.892,406.9278573343539,96
2024-09-17 15:12:12.970,406.9059982256566,997
2024-09-17 15:12:12.971,406.8658396633485,10
2024-09-17 15:12:12.980,406.9118991732815,95
2024-09-17 15:12:13.006,406.9567421919877,996
2024-09-17 15:12:13.014,406.8718521343905,98
2024-09-17 15:12:13.017,406.9382526586485,1001
2024-09-17 15:12:13.030,406.9744850746252,99
2024-09-17 15:12:13.186,406.96069931802526,13
2024-09-17 15:12:13.213,406.8897888623126,104
2024-09-17 15:12:13.232,-406.9385658721268,14
2024-09-17 15:12:13.344,406.9769551117796,104
2024-09-17 15:12:13.372,406.9135184277826,1005
2024-09-17 15:12:13.374,406.952233722423,997
2024-09-17 15:12:13.396,406.94160310764494,97
2024-09-17 15:12:13.403,406.95006000862656,1000
2024-09-17 15:12:13.423,406.8673794834429,95
2024-09-17 15:12:13.448,406.94585106658377,1004
2024-09-17 15:12:13.474,406.94718757435805,996
2024-09-17 15:12:13.546,406.9277778180344,101
2024-09-17 15:12:13.577,406.9545868410826,9
2024-09-17 15:12:13.577,406.8892680102687,14
2024-09-17 15:12:13.581,406.8867250116451,1000
2024-09-17 15:12:13.587,406.9361432440169,105
2024-09-17 15:12:13.662,406.9519073842445,1001
2024-09-17 15:12:13.725,406.9410309544219,1000
2024-09-17 15:12:13.756,406.9293197897357,996
2024-09-17 15:12:13.823,406.96022650132346,9
2024-09-17 15:12:13.851,406.9255765170859,100
2024-09-17 15:12:13.894,406.9554946032439,999
2024-09-17 15:12:13.952,406.94414881045645,999
2024-09-17 15:12:13.971,406.88255139540064,97
2024-09-17 15:12:14.532,406.9468041727548,9
2024-09-17 15:12:14.762,406.9397598754882,105
2024-09-17 15:12:15.002,407.0183187227964,999
2024-09-17 15:12:15.036,406.93442215139294,995
2024-09-17 15:12:15.064,407.0069963193775,998
2024-09-17 15:12:15.089,406.9907460619357,105
2024-09-17 15:12:15.151,406.9453944061036,99
2024-09-17 15:12:15.181,407.00992296963005,99
2024-09-17 15:12:15.186,406.9679955531643,103
2024-09-17 15:12:15.191,406.9710634851691,5
2024-09-17 15:12:15.204,406.99338880015216,8
2024-09-17 15:12:15.221,406.973737388401,8
2024-09-17 15:12:15.241,407.0519956523237,105
2024-09-17 15:12:15.351,406.9962812671286,9
2024-09-17 15:12:15.399,407.0033477244461,1001
2024-09-17 15:12:15.501,407.0195557702911,101
2024-09-17 15:12:15.525,406.9965324720413,8
2024-09-17 15:12:15.677,406.9294828323819,6
2024-09-17 15:12:15.690,406.9654185400663,99
2024-09-17 15:12:15.701,407.04225900640427,102
2024-09-17 15:12:15.752,407.0185987343216,102
2024-09-17 15:12:15.773,406.9935590788253,998
2024-09-17 15:12:15.778,406.9866500484994,102
2024-09-17 15:12:15.815,407.0320128176748,999
2024-09-17 15:12:15.878,406.9463161038209,104
2024-09-17 15:12:15.922,406.9858376998277,14
2024-09-17 15:12:15.922,406.9552829420972,103
2024-09-17 15:12:15.967,406.9727249858189,999
2024-09-17 15:12:15.973,406.99142034647446,98
2024-09-17 15:12:16.438,407.05769398681736,9
2024-09-17 15:12:16.548,407.0503214772044,105
2024-09-17 15:12:17.323,414.37171828179726,996
2024-09-17 15:12:17.702,407.0492927208888,103
2024-09-17 15:12:18.015,407.0785422554562,997
2024-09-17 15:12:18.050,407.1346908855873,1005
2024-09-17 15:12:18.130,407.0835104996468,99
2024-09-17 15:12:18.151,407.0876350168247,95
2024-09-17 15:12:18.427,407.0671028731967,99
2024-09-17 15:12:18.435,407.0874419684532,6
2024-09-17 15:12:18.443,407.0522473106493,10
2024-09-17 15:12:18.445,407.1227991213843,100
2024-09-17 15:12:18.456,407.094417256558,13
2024-09-17 15:12:18.606,407.1018360842237,1002
2024-09-17 15:12:18.668,407.0898949007517,99
2024-09-17 15:12:18.684,407.1273508222648,101
2024-09-17 15:12:18.713,407.0460762700349,1005
2024-09-17 15:12:18.723,407.0461185177099,104
2024-09-17 15:12:18.800,407.1362615074026,13
2024-09-17 15:12:18.854,407.09960762301546,1000
2024-09-17 15:12:18.882,407.0959680653034,15
2024-09-17 15:12:18.953,407.1288716499776,11
2024-09-17 15:12:18.968,407.1049344315022,999
2024-09-17 15:12:18.987,407.1112994689776,997
2024-09-17 15:12:19.331,407.0992754740339,99
2024-09-17 15:12:19.564,407.1031492083913,96
2024-09-17 15:12:19.647,407.08061338841327,7
2024-09-17 15:12:20.077,407.0668716059996,96
2024-09-17 15:12:20.091,407.0275252836945,7
2024-09-17 15:12:20.200,406.9988924400405,998
2024-09-17 15:12:20.214,407.0794603333526,8
2024-09-17 15:12:20.272,407.0424791041661,102
2024-09-17 15:12:20.334,407.03361019416735,12
2024-09-17 15:12:20.462,407.0963040960168,995
2024-09-17 15:12:20.522,40.70226060555206,1002
2024-09-17 15:12:20.524,407.0035609335076,1003
2024-09-17 15:12:20.598,407.07013721887694,998
2024-09-17 15:12:20.661,407.0918870823475,97
2024-09-17 15:12:20.667,407.02684639869057,97
2024-09-17 15:12:20.752,407.0419026371092,95
2024-09-17 15:12:20.790,407.1038016410064,1000
2024-09-17 15:12:20.848,407.04663228529057,12
2024-09-17 15:12:20.859,407.0553685091034,10
2024-09-17 15:12:20.868,40.7037507262208,995
2024-09-17 15:12:20.877,407.0369921940928,14
2024-09-17 15:12:20.912,407.018728700406,98
2024-09-17 15:12:20.918,407.070196645841,102
2024-09-17 15:12:20.939,407.0706355305858,102
2024-09-17 15:12:21.033,407.00741691796975,1002
2024-09-17 15:12:21.052,407.0177364381427,11
2024-09-17 15:12:21.054,407.0103968052099,105
2024-09-17 15:12:21.279,407.0041372820541,11
2024-09-17 15:12:21.320,407.0158144904458,13
2024-09-17 15:12:21.377,407.0032961082797,8
2024-09-17 15:12:21.452,406.9971362096082,105
2024-09-17 15:12:21.723,407.00490674984303,7
2024-09-17 15:12:21.738,406.9894577250426,7
2024-09-17 15:12:21.766,406.9937517271368,5
2024-09-17 15:12:21.803,407.0270420660616,5
2024-09-17 15:12:21.884,407.0012957511257,6
2024-09-17 15:12:21.908,407.00137260687546,99
2024-09-17 15:12:21.947,407.0039879437574,999
2024-09-17 15:12:21.956,407.02482625942736,1000
2024-09-17 15:12:21.963,407.0070649277693,99
2024-09-17 15:12:21.980,406.9956594905478,995
2024-09-17 15:12:22.057,414.3844000967501,1002
2024-09-17 15:12:22.335,406.9786298212995,100
2024-09-17 15:12:23.016,406.9560989014994,1002
2024-09-17 15:12:23.092,406.9492301173921,14
2024-09-17 15:12:23.150,406.9712061935096,95
2024-09-17 15:12:23.246,406.9821201995103,996
2024-09-17 15:12:23.315,406.9305018304258,7
2024-09-17 15:12:23.319,406.9823768441639,9
2024-09-17 15:12:23.329,406.9792589814113,97
2024-09-17 15:12:23.344,406.9731175067489,100
2024-09-17 15:12:23.352,406.9712465125158,12
2024-09-17 15:12:23.364,406.9517369968352,5
2024-09-17 15:12:23.404,406.973940041756,98
2024-09-17 15:12:23.507,406.9820646933893,14
2024-09-17 15:12:23.613,406.94264205793695,999
2024-09-17 15:12:23.689,406.9645673490479,8
2024-09-17 15:12:23.713,406.9268633920067,101
2024-09-17 15:12:23.727,406.9785342425016,12
2024-09-17 15:12:23.884,406.9775325866982,101
2024-09-17 15:12:23.921,406.9727737968266,10
2024-09-17 15:12:23.924,406.9910232492488,10
2024-09-17 15:12:23.933,406.9616430855448,995
2024-09-17 15:12:23.934,406.9858397777221,11
2024-09-17 15:12:23.958,406.920518890027,95
2024-09-17 15:12:23.977,406.9257585873608,101
2024-09-17 15:12:24.156,406.9651574850554,97
2024-09-17 15:12:24.409,406.9438767764584,6
2024-09-17 15:12:24.543,406.9440839215985,9
2024-09-17 15:12:24.846,406.9466447292232,104
2024-09-17 15:12:24.988,,8
2024-09-17 15:12:25.163,414.3984362127432,103
2024-09-17 15:12:25.178,406.94955413685466,95
2024-09-17 15:12:25.486,406.9300976198244,1000
2024-09-17 15:12:26.092,406.9538470425388,5
2024-09-17 15:12:26.217,40.699451128603535,100
2024-09-17 15:12:26.219,407.02530014815,6
2024-09-17 15:12:26.251,406.96096858394367,102
2024-09-17 15:12:26.271,407.0244739363199,12
2024-09-17 15:12:26.427,407.0200114932029,1001
2024-09-17 15:12:26.490,406.99440512580384,1000
2024-09-17 15:12:26.522,407.0253767468621,997
2024-09-17 15:12:26.541,406.9560080317064,97
2024-09-17 15:12:26.552,406.9711266279202,95
2024-09-17 15:12:26.573,406.9972050725311,95
2024-09-17 15:12:26.693,406.9489005465495,13
2024-09-17 15:12:26.717,407.04069269528026,1001
2024-09-17 15:12:26.735,406.9454540179884,998
2024-09-17 15:12:26.759,406.9370640643753,105
2024-09-17 15:12:26.835,406.9702550717004,1001
2024-09-17 15:12:26.836,,101
2024-09-17 15:12:26.883,406.9468642779406,7
2024-09-17 15:12:26.961,407.0379287234089,96
2024-09-17 15:12:27.056,407.034687084973,1002
2024-09-17 15:12:27.828,407.0546211699713,95
2024-09-17 15:12:28.007,406.9958655288538,96
2024-09-17 15:12:28.075,407.07595769954935,995
2024-09-17 15:12:28.143,-407.0361569945153,15
2024-09-17 15:12:28.178,406.9619627648738,998
2024-09-17 15:12:28.203,407.04585317953575,999
2024-09-17 15:12:28.205,406.9725547677408,1001
2024-09-17 15:12:28.220,406.9425168660501,15
2024-09-17 15:12:28.231,406.92591673228384,103
2024-09-17 15:12:28.243,407.0503881561361,99
2024-09-17 15:12:28.252,407.0509956565228,7
2024-09-17 15:12:28.301,406.9211787792219,995
2024-09-17 15:12:28.310,407.0122198733935,102
2024-09-17 15:12:28.323,406.9393312746093,98
2024-09-17 15:12:28.335,407.0438892856192,1003
2024-09-17 15:12:28.335,407.05353966089416,1002
2024-09-17 15:12:28.351,407.0507327710892,105
2024-09-17 15:12:28.378,407.0273811508417,10
2024-09-17 15:12:28.483,407.04617979481753,1003
2024-09-17 15:12:28.488,406.9474935402288,1003
2024-09-17 15:12:28.496,407.04535381262673,11
2024-09-17 15:12:28.512,406.9936699395397,995
2024-09-17 15:12:28.586,407.0512608373991,1004
2024-09-17 15:12:28.827,407.0419729100808,1005
2024-09-17 15:12:28.880,407.0391755776197,15
2024-09-17 15:12:28.894,407.0532389666768,1003
2024-09-17 15:12:28.951,407.0038570489828,103
2024-09-17 15:12:29.232,406.9447152661948,15
2024-09-17 15:12:30.274,406.9292810069941,100
2024-09-17 15:12:30.604,406.9381299413711,95
2024-09-17 15:12:31.020,406.907652941752,995
2024-09-17 15:12:31.026,406.9294324908665,8
2024-09-17 15:12:31.064,406.8979522338254,13
2024-09-17 15:12:31.152,406.9169674031135,1002
2024-09-17 15:12:31.249,406.9375612005999,1003
2024-09-17 15:12:31.301,406.9089356215906,96
2024-09-17 15:12:31.362,414.4529987252351,5
2024-09-17 15:12:31.446,406.9446217992944,103
2024-09-17 15:12:31.469,406.9151945550744,995
2024-09-17 15:12:31.485,406.90781329731294,12
2024-09-17 15:12:31.547,406.9472823203711,99
2024-09-17 15:12:31.590,406.92720043057176,995
2024-09-17 15:12:31.596,406.9035137695256,104
2024-09-17 15:12:31.601,406.9225097223546,10
2024-09-17 15:12:31.689,406.92235724167296,995
2024-09-17 15:12:31.714,406.9407061736208,11
2024-09-17 15:12:31.820,406.9314657863212,999
2024-09-17 15:12:32.017,406.9082649862239,103
2024-09-17 15:12:32.069,406.85202505226624,8
2024-09-17 15:12:32.092,406.9364556122693,13
2024-09-17 15:12:32.133,406.9290741114464,1003
2024-09-17 15:12:32.229,406.872327368208,97
2024-09-17 15:12:32.280,406.9475084094465,7
2024-09-17 15:12:32.408,40.69044294400845,15
2024-09-17 15:12:32.434,406.8712760384561,101
2024-09-17 15:12:32.504,406.9427888278936,97
2024-09-17 15:12:32.602,406.9492727625656,15
2024-09-17 15:12:32.635,406.857897326409,100
2024-09-17 15:12:32.640,406.8635659776736,101
2024-09-17 15:12:32.709,406.84891271596337,1002
2024-09-17 15:12:33.250,406.87232964486657,97
2024-09-17 15:12:33.279,406.8713355950362,105
2024-09-17 15:12:33.572,406.88694422253593,14
2024-09-17 15:12:33.681,406.8601275829088,997
2024-09-17 15:12:33.915,406.8827516495857,1001
2024-09-17 15:12:33.927,406.8651230746267,1000
2024-09-17 15:12:34.014,406.92339705986143,97
2024-09-17 15:12:34.084,406.9234586977964,9
2024-09-17 15:12:34.105,406.90596204398713,13
2024-09-17 15:12:34.180,406.9489746968522,9
2024-09-17 15:12:34.199,406.9003067532179,98
2024-09-17 15:12:34.229,406.8985511914905,1000
2024-09-17 15:12:34.302,406.88966097243787,8
2024-09-17 15:12:34.306,406.9472408300407,102
2024-09-17 15:12:34.365,406.9090235400481,998
2024-09-17 15:12:34.398,40.69281188744908,14
2024-09-17 15:12:34.456,406.9083535895181,1002
2024-09-17 15:12:34.478,406.9194223310277,101
2024-09-17 15:12:34.708,406.9330303018356,11
2024-09-17 15:12:34.732,406.9160939294098,95
2024-09-17 15:12:34.768,406.8736626775904,1001
2024-09-17 15:12:34.876,406.92743470884966,1003
2024-09-17 15:12:34.914,406.90509162862793,9
2024-09-17 15:12:34.916,406.9098068720193,5
2024-09-17 15:12:34.919,406.93021405038655,1001
2024-09-17 15:12:34.959,406.9412346645431,14
2024-09-17 15:12:34.983,406.9345875590566,5
2024-09-17 15:12:35.027,406.91172390071335,14
2024-09-17 15:12:35.102,406.91553638261286,10
2024-09-17 15:12:35.131,406.9284414815769,1003
2024-09-17 15:12:35.164,406.89116173517175,1001
2024-09-17 15:12:35.252,406.9103660940305,95
2024-09-17 15:12:35.260,406.9278530297297,12
2024-09-17 15:12:35.260,406.9186531267478,95
2024-09-17 15:12:35.278,406.92534025049775,6
2024-09-17 15:12:35.280,406.91943530936913,1005
2024-09-17 15:12:35.306,-406.8971208357907,1005
2024-09-17 15:12:35.421,406.90944124603686,997
2024-09-17 15:12:35.422,406.8926729707201,1000
2024-09-17 15:12:35.442,406.9310378390572,12
2024-09-17 15:12:35.497,-406.9044215846227,105
2024-09-17 15:12:35.504,414.50835101374224,95
2024-09-17 15:12:35.576,406.92547591890735,999
2024-09-17 15:12:35.768,406.8963711609045,99
2024-09-17 15:12:35.796,406.9233138618522,998
2024-09-17 15:12:35.861,406.9213373383444,14
2024-09-17 15:12:35.960,406.9360075066357,105
2024-09-17 15:12:35.985,414.536362793287,100
2024-09-17 15:12:35.994,406.8992755396305,101
2024-09-17 15:12:36.107,406.9097865273019,104
2024-09-17 15:12:36.435,406.9217549571324,1001
2024-09-17 15:12:36.514,406.8983407396062,7
2024-09-17 15:12:36.649,406.9213093303398,95
2024-09-17 15:12:36.883,406.9262882907745,96
2024-09-17 15:12:37.244,406.9198762057831,1002
2024-09-17 15:12:37.283,406.9121609197104,998
2024-09-17 15:12:37.294,406.92601632038486,103
2024-09-17 15:12:37.404,406.9171166491155,99
2024-09-17 15:12:37.410,406.9275553764873,1001
2024-09-17 15:12:37.547,406.8879596731388,100
2024-09-17 15:12:37.998,406.9027264760294,997
2024-09-17 15:12:38.010,406.91393528222784,10
2024-09-17 15:12:38.010,406.8860871938303,995
2024-09-17 15:12:38.106,406.8954431265069,14
2024-09-17 15:12:38.257,406.8877627051344,1000
2024-09-17 15:12:38.312,406.87356796744,12
2024-09-17 15:12:38.356,406.90084821712674,99
2024-09-17 15:12:38.416,406.8910531070369,100
2024-09-17 15:12:38.426,406.87635493955423,996
2024-09-17 15:12:38.479,406.8939344347284,95
2024-09-17 15:12:38.551,406.8824142500426,105
2024-09-17 15:12:38.694,406.9139468893434,14
2024-09-17 15:12:38.696,406.88442823646005,104
2024-09-17 15:12:38.828,406.8883771720873,102
2024-09-17 15:12:38.865,406.892957613243,7
2024-09-17 15:12:38.881,406.8713558466936,7
2024-09-17 15:12:38.887,406.9157493889364,7
2024-09-17 15:12:38.893,406.87654097424513,995
2024-09-17 15:12:38.923,406.86658509122697,104
2024-09-17 15:12:39.016,406.8412343341777,98
2024-09-17 15:12:39.047,406.8246872193992,998
2024-09-17 15:12:39.048,406.8509486888192,997
2024-09-17 15:12:39.083,406.8356840338759,999
2024-09-17 15:12:39.155,406.8319449821479,1002
2024-09-17 15:12:39.309,406.8531331082017,101
2024-09-17 15:12:39.327,406.8209142431544,1001
2024-09-17 15:12:39.411,406.8430580817018,15
2024-09-17 15:12:39.451,406.8282471239351,98
2024-09-17 15:12:39.453,406.8253685230334,13
2024-09-17 15:12:39.569,406.8468900397266,102
2024-09-17 15:12:39.571,406.8402350385953,13
2024-09-17 15:12:39.722,406.8633459028252,100
2024-09-17 15:12:39.737,406.87082241312106,97
2024-09-17 15:12:39.746,406.8520676885324,1000
2024-09-17 15:12:39.796,406.8663735794613,998
2024-09-17 15:12:39.898,406.8224371597416,1001
2024-09-17 15:12:40.033,406.8540485438047,97
2024-09-17 15:12:40.094,406.88654678002007,99
2024-09-17 15:12:40.186,406.8434617447684,11
2024-09-17 15:12:40.199,406.9011056754144,14
2024-09-17 15:12:40.261,406.871458498991,7
2024-09-17 15:12:40.266,406.9148581297216,95
2024-09-17 15:12:40.511,406.8908710722774,12
2024-09-17 15:12:40.627,406.8753124207312,995
2024-09-17 15:12:40.829,406.9125067174344,9
2024-09-17 15:12:40.924,406.8679579171123,100
2024-09-17 15:12:40.989,406.9184619582871,100
2024-09-17 15:12:41.057,406.885580468986,15
2024-09-17 15:12:41.243,406.90599095460607,102
2024-09-17 15:12:41.513,406.9015702724877,95
2024-09-17 15:12:41.687,406.8610626318383,14
2024-09-17 15:12:42.247,406.84645475042,96
2024-09-17 15:12:42.611,406.8453817511469,995
2024-09-17 15:12:42.638,406.85743753773255,103
2024-09-17 15:12:42.740,406.8411650928812,997
2024-09-17 15:12:43.008,-406.8455781198351,998
2024-09-17 15:12:43.070,406.85917795331744,100
2024-09-17 15:12:43.135,406.86695319130376,1001
2024-09-17 15:12:43.152,406.8731166231848,98
2024-09-17 15:12:43.217,406.8408277939976,96
2024-09-17 15:12:43.223,406.8530828734539,104
2024-09-17 15:12:43.376,406.8336493121774,6
2024-09-17 15:12:43.455,406.849351099923,1005
2024-09-17 15:12:43.478,406.8440273326581,14
2024-09-17 15:12:43.658,406.8336871908341,1001
2024-09-17 15:12:43.744,406.8502023960983,10
2024-09-17 15:12:43.751,406.8481748651451,100
2024-09-17 15:12:43.847,406.8383435282636,995
2024-09-17 15:12:44.017,406.8352590443602,996
2024-09-17 15:12:44.019,406.8581601317776,1001
2024-09-17 15:12:44.159,406.854490304711,999
2024-09-17 15:12:44.175,406.836007973269,999
2024-09-17 15:12:44.253,406.8549407369962,5
2024-09-17 15:12:44.260,406.8288482938871,1005
2024-09-17 15:12:44.280,406.83889981443457,9
2024-09-17 15:12:44.286,406.85211386364335,101
2024-09-17 15:12:44.312,406.83036143459935,1004
2024-09-17 15:12:44.377,406.8320486768244,8
2024-09-17 15:12:44.407,406.8332846899639,7
2024-09-17 15:12:44.450,406.8511362412851,998
2024-09-17 15:12:44.492,406.8545814693376,1004
2024-09-17 15:12:44.555,406.83529274241147,996
2024-09-17 15:12:44.559,406.8631948643724,998
2024-09-17 15:12:44.601,406.85863496536064,997
2024-09-17 15:12:44.611,406.8667357052696,5
2024-09-17 15:12:44.783,406.8297812002484,997
2024-09-17 15:12:44.783,406.83684531592655,1002
2024-09-17 15:12:44.788,406.829384510425,13
2024-09-17 15:12:44.825,406.8250092932059,105
2024-09-17 15:12:44.848,406.8142194273572,999
2024-09-17 15:12:44.850,-406.85200744853177,102
2024-09-17 15:12:44.858,406.8354013299764,9
2024-09-17 15:12:44.966,406.82439517878487,96
2024-09-17 15:12:44.981,406.8280851452593,99
2024-09-17 15:12:45.048,406.86563533178656,100
2024-09-17 15:12:45.062,406.88159957915167,12
2024-09-17 15:12:45.083,406.84482066930514,998
2024-09-17 15:12:45.225,406.8251450222917,15
2024-09-17 15:12:45.315,406.8588786439734,1004
2024-09-17 15:12:45.513,406.8218798496786,7
2024-09-17 15:12:45.537,406.8670511462959,103
2024-09-17 15:12:45.609,406.8329481590064,99
2024-09-17 15:12:45.610,406.8798185060883,14
2024-09-17 15:12:45.613,406.8351043959767,1001
2024-09-17 15:12:45.646,406.8345385667556,6
2024-09-17 15:12:45.811,406.8819833142165,12
2024-09-17 15:12:45.828,406.8393069457496,105
2024-09-17 15:12:45.842,406.8255885647867,12
2024-09-17 15:12:45.847,406.8703221159648,10
2024-09-17 15:12:45.934,406.83194405403975,14
2024-09-17 15:12:46.015,406.8605058625801,1003
2024-09-17 15:12:46.025,406.8863366421986,1003
2024-09-17 15:12:46.075,406.85629868581015,95
2024-09-17 15:12:46.107,406.8707477815786,999
2024-09-17 15:12:46.251,406.8757776805708,1004
2024-09-17 15:12:46.371,406.9234119164665,100
2024-09-17 15:12:46.384,406.8972197356604,11
2024-09-17 15:12:46.438,406.8564367831422,98
2024-09-17 15:12:46.636,406.86415070596325,997
2024-09-17 15:12:46.655,406.91808677119775,12
2024-09-17 15:12:46.659,406.8869688031785,96
2024-09-17 15:12:46.841,406.8713505694566,99
2024-09-17 15:12:46.852,406.9094969540176,999
2024-09-17 15:12:46.950,406.861252761892,10
2024-09-17 15:12:46.982,406.85845842582165,995
2024-09-17 15:12:47.124,406.8894831158933,1000
2024-09-17 15:12:47.264,406.86259407277873,1001
2024-09-17 15:12:47.906,406.9096723437524,8
2024-09-17 15:12:48.006,406.93188165641374,8
2024-09-17 15:12:48.109,406.9454496427272,104
2024-09-17 15:12:48.156,406.9154724053228,100
2024-09-17 15:12:48.178,406.90010824742143,5
2024-09-17 15:12:48.218,406.890162253826,14
2024-09-17 15:12:48.267,406.8973591600929,998
2024-09-17 15:12:48.294,406.9031388524148,7
2024-09-17 15:12:48.362,406.87501718493314,995
2024-09-17 15:12:48.406,406.8897111161404,100
2024-09-17 15:12:48.427,406.9029428404074,99
2024-09-17 15:12:48.458,406.8978081373284,1004
2024-09-17 15:12:48.516,406.888337546453,103
2024-09-17 15:12:48.629,406.97014667638734,10
2024-09-17 15:12:48.629,406.9065017633276,105
2024-09-17 15:12:48.636,406.9015678697134,1001
2024-09-17 15:12:48.685,406.90572378766814,999
2024-09-17 15:12:48.727,406.8864958199409,998
2024-09-17 15:12:48.872,406.88385418223817,12
2024-09-17 15:12:48.888,406.875752814329,1003
2024-09-17 15:12:48.899,406.8969289546308,102
2024-09-17 15:12:48.927,406.92763266581727,105
2024-09-17 15:12:48.928,406.8506519030269,10
2024-09-17 15:12:48.935,406.8406479234238,95
2024-09-17 15:12:48.963,406.9096341543258,995
2024-09-17 15:12:49.013,406.962764673994,15
2024-09-17 15:12:49.057,406.9772327599562,98
2024-09-17 15:12:49.230,406.9551361876433,996
2024-09-17 15:12:49.529,406.9672717224872,103
2024-09-17 15:12:49.715,,98
2024-09-17 15:12:49.879,406.9464519433642,104
2024-09-17 15:12:49.979,406.96196924859504,97
2024-09-17 15:12:50.140,406.95724251008136,998
2024-09-17 15:12:50.154,406.94431563539257,96
2024-09-17 15:12:51.046,406.9087139196975,100
2024-09-17 15:12:51.047,406.9747083873106,6
2024-09-17 15:12:51.060,406.911190253057,1000
2024-09-17 15:12:51.212,406.91159700654174,96
2024-09-17 15:12:51.232,406.96037310454255,997
2024-09-17 15:12:51.235,406.9384920689647,95
2024-09-17 15:12:51.247,406.9444994582709,995
2024-09-17 15:12:51.313,406.9277367798708,95
2024-09-17 15:12:51.369,406.90946498964536,97
2024-09-17 15:12:51.370,406.9398445759465,95
2024-09-17 15:12:51.414,406.94262737187705,101
2024-09-17 15:12:51.419,406.9617756068856,1001
2024-09-17 15:12:51.511,406.9370609656699,999
2024-09-17 15:12:51.646,406.9541478216216,1001
2024-09-17 15:12:51.680,406.9377936086189,11
2024-09-17 15:12:51.721,406.95766266937153,96
2024-09-17 15:12:51.800,406.9177885231563,13
2024-09-17 15:12:51.849,406.9408639371047,1000
2024-09-17 15:12:51.896,406.94099648888806,105
2024-09-17 15:12:51.900,406.9381280571613,12
2024-09-17 15:12:52.057,406.8789910253236,999
2024-09-17 15:12:52.405,406.8769265753139,999
2024-09-17 15:12:52.614,406.8713995562189,97
2024-09-17 15:12:52.846,406.8722074141132,6
2024-09-17 15:12:53.071,406.9035488515725,5
2024-09-17 15:12:53.111,406.9012828721277,13
2024-09-17 15:12:53.127,-406.9130462184693,999
2024-09-17 15:12:53.168,406.89691166721934,102
2024-09-17 15:12:53.173,406.9089626138539,12
2024-09-17 15:12:53.195,406.89752034554726,997
2024-09-17 15:12:53.249,406.8966659367714,103
2024-09-17 15:12:53.303,406.9212103908008,13
2024-09-17 15:12:53.377,406.8996483415986,9
2024-09-17 15:12:53.378,406.9023641005987,995
2024-09-17 15:12:53.437,406.8881362005623,10
2024-09-17 15:12:53.502,406.9144513367664,1004
2024-09-17 15:12:53.521,406.8974986239867,999
2024-09-17 15:12:53.563,406.8827195276019,8
2024-09-17 15:12:53.693,406.91883727150406,103
2024-09-17 15:12:53.727,406.8954193039598,5
2024-09-17 15:12:53.728,406.896901499766,995
2024-09-17 15:12:53.766,406.87637392715385,12
2024-09-17 15:12:53.871,406.9229875930076,12
2024-09-17 15:12:53.980,406.9086912080567,102
2024-09-17 15:12:53.980,406.9022073338475,1000
2024-09-17 15:12:53.997,406.89718840413786,104
2024-09-17 15:12:54.121,406.8942448664823,95
2024-09-17 15:12:54.198,406.8612908603973,103
2024-09-17 15:12:54.257,406.8705440970682,9
2024-09-17 15:12:54.282,406.8623493340865,1005
2024-09-17 15:12:54.332,406.8656889632627,998
2024-09-17 15:12:54.366,406.8936080750916,14
2024-09-17 15:12:54.367,406.8699674086467,105
2024-09-17 15:12:54.412,406.8910837802301,8
2024-09-17 15:12:54.433,406.86936186649535,1002
2024-09-17 15:12:54.450,406.87566958306974,9
2024-09-17 15:12:54.476,406.8809499178094,1003
2024-09-17 15:12:54.522,406.8663157955796,100
2024-09-17 15:12:54.622,406.8494790154568,103
2024-09-17 15:12:54.626,406.86578460846926,99
2024-09-17 15:12:54.667,406.8829671295353,5
2024-09-17 15:12:54.687,406.8601549374425,995
2024-09-17 15:12:54.793,406.85851117907737,95
2024-09-17 15:12:54.797,406.83173879017454,995
2024-09-17 15:12:54.803,406.87088656047246,103
2024-09-17 15:12:54.829,406.8786059636319,995
2024-09-17 15:12:54.935,406.8664185637606,5
2024-09-17 15:12:54.945,406.840295514648,1004
2024-09-17 15:12:55.003,406.8670792986493,101
2024-09-17 15:12:55.033,406.8027048717466,96
2024-09-17 15:12:55.033,406.8407343673896,97
2024-09-17 15:12:55.053,406.8330789895412,95
2024-09-17 15:12:55.056,406.8538044552319,105
2024-09-17 15:12:55.059,406.8471354586318,1002
2024-09-17 15:12:55.076,406.8525159193108,995
2024-09-17 15:12:55.117,406.84056633155086,105
2024-09-17 15:12:55.172,406.8237331544388,14
2024-09-17 15:12:55.175,406.87411883665646,103
2024-09-17 15:12:55.248,406.81326426212433,100
2024-09-17 15:12:55.295,406.8030300114716,1005
2024-09-17 15:12:55.347,406.8419968431099,995
2024-09-17 15:12:55.390,406.86669141143926,105
2024-09-17 15:12:55.536,406.8352395922022,1002
2024-09-17 15:12:55.632,406.8322719481639,99
2024-09-17 15:12:55.698,406.824747127152,1004
2024-09-17 15:12:55.765,406.83852895680434,998
2024-09-17 15:12:55.777,406.83568762816543,8
2024-09-17 15:12:55.788,406.82704710318353,1001
2024-09-17 15:12:55.868,406.8492588416544,102
2024-09-17 15:12:55.929,406.7873559801523,11
2024-09-17 15:12:55.956,406.7896421888987,95
2024-09-17 15:12:55.986,406.84799593212006,5
2024-09-17 15:12:56.129,406.87462731725657,100
2024-09-17 15:12:56.349,406.8370943279504,10
2024-09-17 15:12:56.385,406.8227294493177,97
2024-09-17 15:12:56.538,406.82418555250246,5
2024-09-17 15:12:56.809,406.8150652925406,1005
2024-09-17 15:12:56.955,406.8536746162014,97
2024-09-17 15:12:57.021,406.9175763133737,101
2024-09-17 15:12:57.034,407.0358705764265,105
2024-09-17 15:12:57.053,406.9698526459936,1005
2024-09-17 15:12:57.058,406.8973348450908,8
2024-09-17 15:12:57.062,407.0111507159352,101
2024-09-17 15:12:57.079,406.8801242258892,105
2024-09-17 15:12:57.089,407.0326748086528,5
2024-09-17 15:12:57.104,406.8739426311626,102
2024-09-17 15:12:57.118,407.0194693925982,104
2024-09-17 15:12:57.181,406.93026204903424,997
2024-09-17 15:12:57.191,406.9861591975575,100
2024-09-17 15:12:57.298,406.8810121855775,98
2024-09-17 15:12:57.330,407.0251236844056,1004
2024-09-17 15:12:57.331,407.01371643466666,998
2024-09-17 15:12:57.426,406.9907829705644,996
2024-09-17 15:12:57.431,40.69187923760884,998
2024-09-17 15:12:57.433,407.0196811622595,1002
2024-09-17 15:12:57.476,407.0380120688167,999
2024-09-17 15:12:57.518,406.9547822312839,97
2024-09-17 15:12:57.520,407.0178003558114,999
2024-09-17 15:12:57.620,407.00857106782735,100
2024-09-17 15:12:57.660,406.95747703767887,95
2024-09-17 15:12:57.738,406.88290106580496,6
2024-09-17 15:12:57.756,406.8643922164269,12
2024-09-17 15:12:57.804,406.9863159425783,9
2024-09-17 15:12:57.852,407.010798169362,1002
2024-09-17 15:12:57.876,406.9795077839637,8
2024-09-17 15:12:57.882,407.0375878641309,1002
2024-09-17 15:12:57.973,407.0362808117324,998
2024-09-17 15:12:57.994,407.01130696997456,100
2024-09-17 15:12:58.005,407.0539667358592,8
2024-09-17 15:12:58.069,407.033598270687,101
2024-09-17 15:12:58.239,407.047258806701,99
2024-09-17 15:12:58.306,407.0455141824707,1005
2024-09-17 15:12:58.332,407.07985001768463,10
2024-09-17 15:12:58.383,407.0841688729231,99
2024-09-17 15:12:58.395,407.09629630093593,995
2024-09-17 15:12:58.500,407.0510673653943,105
2024-09-17 15:12:58.504,407.0512748248465,1003
2024-09-17 15:12:58.558,407.0489413880625,15
2024-09-17 15:12:58.575,407.0468596621772,1000
2024-09-17 15:12:58.627,407.1166731810876,1001
2024-09-17 15:12:58.841,407.0910447379978,9
2024-09-17 15:12:58.878,407.1115739682159,999
2024-09-17 15:12:58.885,407.1021725565694,14
2024-09-17 15:12:58.969,407.043937107631,13
2024-09-17 15:12:59.054,407.08291187862113,99
2024-09-17 15:12:59.065,407.0532477505083,99
2024-09-17 15:12:59.118,407.0861467044686,14
2024-09-17 15:12:59.159,407.0800143317559,99
2024-09-17 15:12:59.162,407.0952854913296,1003
2024-09-17 15:12:59.172,407.05525879002766,1003
2024-09-17 15:12:59.236,407.0646417988764,1002
2024-09-17 15:12:59.236,407.0665279196582,10
2024-09-17 15:12:59.316,407.072611886069,999
2024-09-17 15:12:59.354,407.1136325608698,1000
2024-09-17 15:12:59.397,407.05897864095,5
2024-09-17 15:12:59.400,407.1109525324978,1000
2024-09-17 15:12:59.515,407.0954609295086,98
2024-09-17 15:12:59.546,-407.06559111022887,12
2024-09-17 15:12:59.590,407.0805963175361,1005
2024-09-17 15:12:59.600,407.10536300482937,8
2024-09-17 15:12:59.617,414.68842676861806,7
2024-09-17 15:12:59.753,407.07648536911074,97
2024-09-17 15:12:59.783,407.08145772235343,100
2024-09-17 15:12:59.925,407.1052259295891,999
2024-09-17 15:12:59.939,-407.102922752797,96
2024-09-17 15:12:59.945,407.102112434573,1005
2024-09-17 15:12:59.993,407.107915301257,97
2024-09-17 15:12:59.996,407.11215021790366,9
