Timestamp,Price,Size
2024-09-16 15:20:00.231,416.0211727720165,95
2024-09-16 15:20:00.338,415.99859078421713,99
2024-09-16 15:20:00.360,416.0605029176449,1001
2024-09-16 15:20:00.420,416.0244132375773,5
2024-09-16 15:20:00.487,416.0515928897712,105
2024-09-16 15:20:00.499,416.0240288526666,995
2024-09-16 15:20:00.642,416.03423354761793,99
2024-09-16 15:20:00.729,416.0454075214531,104
2024-09-16 15:20:00.744,416.0063422195259,8
2024-09-16 15:20:00.772,416.0165362934295,15
2024-09-16 15:20:00.777,415.9752260473817,96
2024-09-16 15:20:00.915,415.9499715699845,1001
2024-09-16 15:20:00.955,416.01787832342205,13
2024-09-16 15:20:00.983,416.0317284781962,1001
2024-09-16 15:20:01.349,415.9512084618147,996
2024-09-16 15:20:01.509,415.9481088718254,11
2024-09-16 15:20:02.040,415.9607640803151,96
2024-09-16 15:20:02.777,415.9541491079305,105
2024-09-16 15:20:02.833,,6
2024-09-16 15:20:02.986,415.9454206435196,998
2024-09-16 15:20:03.144,415.87925812730487,98
2024-09-16 15:20:03.158,415.8832569955485,13
2024-09-16 15:20:03.271,415.9271664927626,999
2024-09-16 15:20:03.370,415.8892279627408,103
2024-09-16 15:20:03.373,415.8779273855744,8
2024-09-16 15:20:03.449,415.8766860891726,997
2024-09-16 15:20:03.455,415.91294512190746,95
2024-09-16 15:20:03.500,415.89432070987385,1002
2024-09-16 15:20:03.574,415.8865789208496,998
2024-09-16 15:20:03.590,415.8688349962987,15
2024-09-16 15:20:03.624,41.58900128763772,100
2024-09-16 15:20:03.630,415.8913598355117,15
2024-09-16 15:20:03.703,415.8761928250792,5
2024-09-16 15:20:03.823,415.8999058256433,102
2024-09-16 15:20:03.848,415.8690337119564,104
2024-09-16 15:20:03.930,415.8772233639482,11
2024-09-16 15:20:03.939,415.8814303196018,13
2024-09-16 15:20:03.943,415.8790318256716,996
2024-09-16 15:20:03.954,415.8856777182773,14
2024-09-16 15:20:03.969,415.8787164863201,99
2024-09-16 15:20:03.976,417.38684508083,12
2024-09-16 15:20:03.996,417.40192122555584,1004
2024-09-16 15:20:04.125,415.8594743035101,13
2024-09-16 15:20:04.237,415.8489646505839,1005
2024-09-16 15:20:04.242,415.8955246604616,1000
2024-09-16 15:20:04.270,415.84175771256906,97
2024-09-16 15:20:04.309,415.8738152281277,1001
2024-09-16 15:20:04.474,415.871700681017,9
2024-09-16 15:20:04.569,415.86866233073766,8
2024-09-16 15:20:04.579,415.85994498698017,996
2024-09-16 15:20:04.599,415.8635483103031,996
2024-09-16 15:20:04.632,415.90776359297337,995
2024-09-16 15:20:04.689,415.8782773172613,9
2024-09-16 15:20:04.716,415.8815879622072,99
2024-09-16 15:20:04.748,415.8441315725989,999
2024-09-16 15:20:04.759,415.8523857015077,10
2024-09-16 15:20:04.823,-415.8627214606308,1002
2024-09-16 15:20:04.925,415.8614795663519,5
2024-09-16 15:20:04.951,415.85296262371526,104
2024-09-16 15:20:05.062,415.869634366264,997
2024-09-16 15:20:05.100,415.83757077988287,97
2024-09-16 15:20:05.134,415.8493113439022,98
2024-09-16 15:20:05.195,415.85558339014005,102
2024-09-16 15:20:05.338,415.87895916071625,999
2024-09-16 15:20:05.545,415.8252739694664,9
2024-09-16 15:20:05.561,,1005
2024-09-16 15:20:05.639,415.8439760238589,99
2024-09-16 15:20:05.666,415.8431359887008,1000
2024-09-16 15:20:05.774,415.8536116256743,1000
2024-09-16 15:20:05.867,415.880605828894,9
2024-09-16 15:20:05.872,415.8797102198637,7
2024-09-16 15:20:05.901,415.87123236319314,1001
2024-09-16 15:20:06.020,415.80932234446936,1003
2024-09-16 15:20:06.061,415.80479388590607,8
2024-09-16 15:20:06.064,415.8545812191968,11
2024-09-16 15:20:06.213,415.815382797592,105
2024-09-16 15:20:06.217,415.8532527420924,15
2024-09-16 15:20:06.337,41.57868880746359,99
2024-09-16 15:20:06.403,415.8217843789352,996
2024-09-16 15:20:06.539,415.8311390360258,99
2024-09-16 15:20:06.568,415.7937341563432,104
2024-09-16 15:20:06.789,415.8696083602271,999
2024-09-16 15:20:06.828,415.7926730455641,995
2024-09-16 15:20:06.922,415.8715850479556,11
2024-09-16 15:20:06.946,415.8321685813132,100
2024-09-16 15:20:06.958,415.79906474564734,5
2024-09-16 15:20:06.972,415.8275068133123,5
2024-09-16 15:20:07.040,415.8764515378873,9
2024-09-16 15:20:07.221,415.76236136330937,100
2024-09-16 15:20:07.227,415.8109408566583,5
2024-09-16 15:20:07.287,415.8585177770618,103
2024-09-16 15:20:07.315,-415.8830491447001,7
2024-09-16 15:20:07.426,415.8553620306444,5
2024-09-16 15:20:07.426,415.7776534592209,1005
2024-09-16 15:20:07.795,415.8565422778983,8
2024-09-16 15:20:07.818,415.84466159895146,100
2024-09-16 15:20:07.865,415.7814730390257,995
2024-09-16 15:20:07.956,415.791003117777,14
2024-09-16 15:20:07.987,415.8157025562376,1005
2024-09-16 15:20:07.992,415.8504361483888,15
2024-09-16 15:20:08.072,415.81093243618255,99
2024-09-16 15:20:08.124,415.7878720692479,1002
2024-09-16 15:20:08.174,415.7839764370551,12
2024-09-16 15:20:08.272,415.7917173572055,11
2024-09-16 15:20:08.440,415.7894549964733,103
2024-09-16 15:20:08.593,415.7839394842149,104
2024-09-16 15:20:08.623,415.77435865163386,6
2024-09-16 15:20:08.991,415.7890469998856,103
2024-09-16 15:20:09.056,415.7709837042868,1005
2024-09-16 15:20:09.131,-41.57861782916786,102
2024-09-16 15:20:09.134,415.7742517092944,15
2024-09-16 15:20:09.199,415.783555621934,8
2024-09-16 15:20:09.221,415.7600830658101,6
2024-09-16 15:20:09.535,415.7744266534034,102
2024-09-16 15:20:09.564,415.79575547484376,100
2024-09-16 15:20:09.593,415.8089818735764,1000
2024-09-16 15:20:09.608,415.788097138309,1000
2024-09-16 15:20:09.699,415.8286208166765,15
2024-09-16 15:20:09.771,415.8160700137233,1002
2024-09-16 15:20:09.856,415.8022048033665,996
2024-09-16 15:20:09.924,415.8193449220441,9
2024-09-16 15:20:09.968,415.7664616447188,10
2024-09-16 15:20:10.145,415.849973463405,12
2024-09-16 15:20:10.276,415.8398740171577,996
2024-09-16 15:20:10.406,415.8338600994744,95
2024-09-16 15:20:10.468,415.83046774367256,103
2024-09-16 15:20:10.651,415.8713835932261,97
2024-09-16 15:20:10.689,415.8731798553854,102
2024-09-16 15:20:11.057,415.8631783151063,96
2024-09-16 15:20:11.058,415.8567847012695,14
2024-09-16 15:20:11.128,415.8719850184176,10
2024-09-16 15:20:11.152,415.87705271178913,999
2024-09-16 15:20:11.230,415.8583167732408,8
2024-09-16 15:20:11.323,415.8625413779418,996
2024-09-16 15:20:11.435,415.86976273260575,995
2024-09-16 15:20:11.491,415.8766130553175,103
2024-09-16 15:20:11.496,415.8692123722798,12
2024-09-16 15:20:11.639,415.8808933898789,12
2024-09-16 15:20:11.639,-415.85614912709593,10
2024-09-16 15:20:11.821,415.8796227082019,7
2024-09-16 15:20:11.980,415.86045562672695,998
2024-09-16 15:20:12.084,415.8042772034567,1004
2024-09-16 15:20:12.189,415.8452413624368,105
2024-09-16 15:20:12.199,415.7847718806225,997
2024-09-16 15:20:12.780,415.7801967135421,99
2024-09-16 15:20:12.921,415.83217666736704,11
2024-09-16 15:20:13.264,415.782284634225,15
2024-09-16 15:20:13.278,415.8103343176834,104
2024-09-16 15:20:13.320,415.8167328744818,103
2024-09-16 15:20:13.354,415.8029725067743,10
2024-09-16 15:20:13.356,415.8132714588795,14
2024-09-16 15:20:13.379,415.8056976164159,8
2024-09-16 15:20:13.481,415.7691822510033,100
2024-09-16 15:20:13.489,415.8075099188764,1002
2024-09-16 15:20:13.535,415.8208889368384,10
2024-09-16 15:20:13.550,415.8050453987951,102
2024-09-16 15:20:13.590,415.8249805618484,5
2024-09-16 15:20:13.599,415.78961885413696,1004
2024-09-16 15:20:13.650,415.8171927263021,102
2024-09-16 15:20:13.652,415.8088415077787,104
2024-09-16 15:20:13.659,415.7935900389064,104
2024-09-16 15:20:13.762,,14
2024-09-16 15:20:13.796,415.7935233491133,996
2024-09-16 15:20:13.856,415.7919987161071,997
2024-09-16 15:20:13.906,415.7951918468975,1003
2024-09-16 15:20:13.989,415.7636571688116,1000
2024-09-16 15:20:14.048,415.7780873962825,5
2024-09-16 15:20:14.081,415.7629046391563,101
2024-09-16 15:20:14.140,415.79634916196136,1002
2024-09-16 15:20:14.465,415.7915056857348,998
2024-09-16 15:20:14.495,415.7881618101594,1002
2024-09-16 15:20:14.557,415.779893835327,1000
2024-09-16 15:20:14.574,415.76562213865697,95
2024-09-16 15:20:14.605,415.76529262108096,5
2024-09-16 15:20:14.692,415.78036937330194,98
2024-09-16 15:20:14.782,415.7797043370098,1005
2024-09-16 15:20:14.790,415.7891828630944,97
2024-09-16 15:20:14.841,415.79032354242094,995
2024-09-16 15:20:14.892,415.77987862203975,95
2024-09-16 15:20:14.975,415.76832142340953,1001
2024-09-16 15:20:15.050,415.8229882536826,1003
2024-09-16 15:20:15.094,415.8007448750345,104
2024-09-16 15:20:15.126,415.79089073897103,1000
2024-09-16 15:20:15.145,415.8562792822448,102
2024-09-16 15:20:15.299,415.83397856115465,105
2024-09-16 15:20:15.339,415.8187377931109,11
2024-09-16 15:20:15.339,415.8571852320102,9
2024-09-16 15:20:15.363,415.8708039652233,1000
2024-09-16 15:20:15.407,415.8298416363999,1001
2024-09-16 15:20:15.517,415.834989545582,99
2024-09-16 15:20:15.592,415.8070302988864,104
2024-09-16 15:20:15.698,415.80264234036616,96
2024-09-16 15:20:15.761,415.8405449198858,102
2024-09-16 15:20:15.837,415.80630005969,97
2024-09-16 15:20:15.965,415.8305712002822,11
2024-09-16 15:20:15.980,415.8453184776493,9
2024-09-16 15:20:15.980,415.86642621820783,11
2024-09-16 15:20:15.987,415.8137616301214,100
2024-09-16 15:20:15.988,415.8670065393803,995
2024-09-16 15:20:16.014,415.824992287554,997
2024-09-16 15:20:16.088,415.8264696002866,998
2024-09-16 15:20:16.350,415.8410694966506,103
2024-09-16 15:20:16.453,415.84081172636553,1000
2024-09-16 15:20:16.453,415.8274222836909,13
2024-09-16 15:20:16.455,415.8322831866449,101
2024-09-16 15:20:16.461,415.85331728658497,1003
2024-09-16 15:20:17.012,415.8648521487189,97
2024-09-16 15:20:17.725,417.3875693144519,100
2024-09-16 15:20:18.181,415.8457327906075,98
2024-09-16 15:20:18.423,415.8574019109787,103
2024-09-16 15:20:18.467,415.8627623606288,98
2024-09-16 15:20:18.558,415.8267057962004,103
2024-09-16 15:20:18.832,415.8474269108101,1000
2024-09-16 15:20:18.855,415.8630474381771,102
2024-09-16 15:20:18.902,415.8722342935723,1002
2024-09-16 15:20:20.058,415.80252732446513,1001
2024-09-16 15:20:20.111,415.8253235396087,1003
2024-09-16 15:20:20.126,415.8203892944741,96
2024-09-16 15:20:20.243,415.8090886157315,99
2024-09-16 15:20:20.245,415.851881292503,13
2024-09-16 15:20:20.281,415.83093616136097,995
2024-09-16 15:20:20.302,415.7632633330579,95
2024-09-16 15:20:20.477,415.8396990973804,1005
2024-09-16 15:20:20.493,415.8247599809444,9
2024-09-16 15:20:20.496,415.8365274828986,10
2024-09-16 15:20:20.501,415.82236605410657,997
2024-09-16 15:20:20.523,415.8223266915368,9
2024-09-16 15:20:20.587,415.786762437822,15
2024-09-16 15:20:20.635,415.8476594403354,998
2024-09-16 15:20:20.704,415.8425467709585,101
2024-09-16 15:20:20.708,415.7945396277101,12
2024-09-16 15:20:20.766,415.8398301094208,11
2024-09-16 15:20:20.790,415.8276383807954,98
2024-09-16 15:20:20.857,415.8525011997045,1004
2024-09-16 15:20:20.857,415.7732551677052,103
2024-09-16 15:20:20.884,415.83334615351725,12
2024-09-16 15:20:20.916,415.79103613947296,95
2024-09-16 15:20:20.923,415.7993062587388,98
2024-09-16 15:20:20.938,415.7993002112205,998
2024-09-16 15:20:20.952,415.82549336676766,102
2024-09-16 15:20:21.054,415.8035770005466,12
2024-09-16 15:20:21.159,415.8073998367233,97
2024-09-16 15:20:21.159,415.7845241730887,9
2024-09-16 15:20:21.261,415.83851267316703,999
2024-09-16 15:20:21.388,415.781603091602,98
2024-09-16 15:20:21.399,,1005
2024-09-16 15:20:21.424,415.77882079914815,99
2024-09-16 15:20:21.480,415.82020167274976,9
2024-09-16 15:20:21.481,415.819379512682,97
2024-09-16 15:20:21.569,41.57762943540399,14
2024-09-16 15:20:21.572,415.7821705200104,12
2024-09-16 15:20:21.677,415.7915896889716,12
2024-09-16 15:20:21.683,415.7822048966288,11
2024-09-16 15:20:21.768,415.7643854156983,995
2024-09-16 15:20:21.815,415.7865487773808,14
2024-09-16 15:20:21.963,415.7768977764607,997
2024-09-16 15:20:22.032,415.8163936587299,7
2024-09-16 15:20:22.123,415.8071406570306,11
2024-09-16 15:20:22.215,415.8043160027675,8
2024-09-16 15:20:22.278,415.824761783441,997
2024-09-16 15:20:22.301,415.8341211415822,1003
2024-09-16 15:20:22.337,415.8213463390577,13
2024-09-16 15:20:22.374,,999
2024-09-16 15:20:22.410,415.76948166474654,1004
2024-09-16 15:20:22.459,415.7326120122816,95
2024-09-16 15:20:22.491,415.7298648404589,995
2024-09-16 15:20:22.577,415.7540675016194,7
2024-09-16 15:20:22.620,41.58130534022902,13
2024-09-16 15:20:22.717,415.7395663187051,1002
2024-09-16 15:20:22.818,415.7983034927344,11
2024-09-16 15:20:22.841,415.781617481108,1004
2024-09-16 15:20:22.844,415.7668240919248,1001
2024-09-16 15:20:22.981,415.8121545597934,1000
2024-09-16 15:20:22.989,415.7857963867979,13
2024-09-16 15:20:23.586,415.72764342711866,998
2024-09-16 15:20:23.632,415.718975568059,12
2024-09-16 15:20:23.724,415.6998106400397,104
2024-09-16 15:20:23.770,415.70536499242667,9
2024-09-16 15:20:24.041,415.6458829649666,996
2024-09-16 15:20:24.096,415.6835005075605,9
2024-09-16 15:20:24.135,415.6308984326311,99
2024-09-16 15:20:24.150,415.6615740987027,104
2024-09-16 15:20:24.250,415.6496274883132,101
2024-09-16 15:20:24.256,415.64332569345567,98
2024-09-16 15:20:24.323,415.6411163692363,14
2024-09-16 15:20:24.336,415.62952497983207,101
2024-09-16 15:20:24.357,415.6205020778348,11
2024-09-16 15:20:24.405,415.6230938365932,1000
2024-09-16 15:20:24.420,415.6390430943181,1000
2024-09-16 15:20:24.429,415.6225075877263,97
2024-09-16 15:20:24.431,415.6496477673366,96
2024-09-16 15:20:24.461,415.61106141988114,998
2024-09-16 15:20:24.476,415.646220270751,101
2024-09-16 15:20:24.505,415.6442849113136,998
2024-09-16 15:20:24.517,415.6248779072757,1005
2024-09-16 15:20:24.590,415.665896841734,1005
2024-09-16 15:20:24.622,415.6334538035193,13
2024-09-16 15:20:24.684,415.62439498596126,10
2024-09-16 15:20:24.740,,104
2024-09-16 15:20:24.742,415.5913991305992,14
2024-09-16 15:20:24.779,415.6486036756015,105
2024-09-16 15:20:24.810,415.6441799578755,1005
2024-09-16 15:20:24.837,415.6298153683592,12
2024-09-16 15:20:24.858,415.6413783546032,1004
2024-09-16 15:20:24.970,415.6441404196376,95
2024-09-16 15:20:24.981,415.5943436299091,95
2024-09-16 15:20:24.987,415.6434128878532,104
2024-09-16 15:20:25.089,415.6298090726912,15
2024-09-16 15:20:25.202,415.61659588824784,8
2024-09-16 15:20:25.254,415.6315905054853,1002
2024-09-16 15:20:25.260,415.6397344834776,97
2024-09-16 15:20:25.278,415.616045816491,103
2024-09-16 15:20:25.338,415.6031378479879,995
2024-09-16 15:20:25.376,415.6086433810899,1005
2024-09-16 15:20:25.460,415.62095293800513,7
2024-09-16 15:20:25.466,415.5962126314984,14
2024-09-16 15:20:25.483,415.6110024404591,101
2024-09-16 15:20:25.524,415.5748268242114,14
2024-09-16 15:20:25.542,415.6568380955473,999
2024-09-16 15:20:25.659,41.55902826651252,105
2024-09-16 15:20:25.692,415.6076729066891,995
2024-09-16 15:20:25.694,415.5928732993266,105
2024-09-16 15:20:25.798,415.6129088464485,1001
2024-09-16 15:20:25.816,415.5928114835978,100
2024-09-16 15:20:25.881,415.6143507707865,13
2024-09-16 15:20:25.881,415.6357055807637,98
2024-09-16 15:20:25.933,415.63209641977215,8
2024-09-16 15:20:25.967,415.58362269934815,95
2024-09-16 15:20:26.020,415.65170417340346,997
2024-09-16 15:20:26.049,415.62496906889805,99
2024-09-16 15:20:26.050,415.59811146268487,15
2024-09-16 15:20:26.189,415.5935403385203,9
2024-09-16 15:20:26.191,415.6306276071674,103
2024-09-16 15:20:26.207,415.64441284895264,995
2024-09-16 15:20:26.242,415.5988483388372,6
2024-09-16 15:20:26.278,415.6021715149017,1001
2024-09-16 15:20:26.386,415.6197185329846,7
2024-09-16 15:20:26.393,415.6113423864424,1003
2024-09-16 15:20:26.544,415.62507606807714,998
2024-09-16 15:20:26.559,417.472045963601,12
2024-09-16 15:20:26.574,415.6207166682436,97
2024-09-16 15:20:26.696,415.6110185532591,104
2024-09-16 15:20:26.781,415.6167929387718,95
2024-09-16 15:20:26.821,415.60344173962574,999
2024-09-16 15:20:26.825,415.63123165279256,997
2024-09-16 15:20:26.871,415.6115850261186,8
2024-09-16 15:20:26.895,415.6212610224627,102
2024-09-16 15:20:26.955,415.6407480143974,103
2024-09-16 15:20:27.003,415.667826276758,100
2024-09-16 15:20:27.086,415.6637272412639,1005
2024-09-16 15:20:27.123,,997
2024-09-16 15:20:27.125,41.56623357245317,14
2024-09-16 15:20:27.222,415.6630325941193,997
2024-09-16 15:20:27.295,415.66883274932655,105
2024-09-16 15:20:27.504,415.6498992717607,9
2024-09-16 15:20:27.529,415.6788859687576,102
2024-09-16 15:20:27.640,415.6728317173068,99
2024-09-16 15:20:27.732,415.645975187522,101
2024-09-16 15:20:27.749,415.6380926356036,12
2024-09-16 15:20:27.889,415.6700936927623,99
2024-09-16 15:20:27.907,415.660864795767,97
2024-09-16 15:20:27.935,415.6582200553556,105
2024-09-16 15:20:27.995,415.68474086542847,104
2024-09-16 15:20:28.222,415.6716929573071,5
2024-09-16 15:20:28.272,415.66109484395895,11
2024-09-16 15:20:28.606,415.6574566703696,996
2024-09-16 15:20:28.609,415.65005507150096,95
2024-09-16 15:20:28.747,415.6581049662957,100
2024-09-16 15:20:28.815,415.6663182124649,97
2024-09-16 15:20:29.312,415.6498160531457,1001
2024-09-16 15:20:29.342,415.6621594001825,101
2024-09-16 15:20:29.369,415.65023024045433,12
2024-09-16 15:20:29.403,415.6693523433733,95
2024-09-16 15:20:29.539,415.6649216334466,104
2024-09-16 15:20:29.697,417.4052170621163,999
2024-09-16 15:20:29.801,415.641722813953,99
2024-09-16 15:20:30.014,415.5563482941503,97
2024-09-16 15:20:30.063,415.6495524265641,7
2024-09-16 15:20:30.096,415.6210621777734,11
2024-09-16 15:20:30.166,415.5658956784289,11
2024-09-16 15:20:30.202,415.63568270705895,5
2024-09-16 15:20:30.250,415.6170376188291,98
2024-09-16 15:20:30.260,415.6336247242903,6
2024-09-16 15:20:30.273,415.60935025901085,5
2024-09-16 15:20:30.307,415.5336682276847,13
2024-09-16 15:20:30.507,415.6319364969214,6
2024-09-16 15:20:30.523,415.62931116402,96
2024-09-16 15:20:30.623,415.6340045207489,998
2024-09-16 15:20:30.647,415.52167103313474,14
2024-09-16 15:20:30.723,415.6031501520281,13
2024-09-16 15:20:30.816,415.5114738927694,996
2024-09-16 15:20:30.929,415.6410167235846,7
2024-09-16 15:20:30.999,415.6212024122686,999
2024-09-16 15:20:31.140,415.4956131239312,104
2024-09-16 15:20:31.169,415.4824675280219,1004
2024-09-16 15:20:31.254,415.483668046001,999
2024-09-16 15:20:31.274,415.53316684793225,105
2024-09-16 15:20:31.283,415.5355175025701,103
2024-09-16 15:20:31.386,415.5247676674645,13
2024-09-16 15:20:31.393,415.4810309707214,99
2024-09-16 15:20:31.402,415.4737166013569,999
2024-09-16 15:20:31.481,415.49047320629097,102
2024-09-16 15:20:31.717,415.4725750860232,7
2024-09-16 15:20:31.725,415.5336843979058,1000
2024-09-16 15:20:31.756,415.5071341908592,8
2024-09-16 15:20:31.781,415.47899383595154,96
2024-09-16 15:20:31.814,415.53403936905386,996
2024-09-16 15:20:31.835,415.4676568204536,998
2024-09-16 15:20:31.861,415.4967791750802,96
2024-09-16 15:20:31.934,415.50189076642806,997
2024-09-16 15:20:32.008,415.5233642486583,102
2024-09-16 15:20:33.212,415.49662067638064,104
2024-09-16 15:20:33.277,415.4939534896636,15
2024-09-16 15:20:33.336,415.4704025236334,12
2024-09-16 15:20:33.351,415.4998140595968,997
2024-09-16 15:20:33.451,415.4852148680852,14
2024-09-16 15:20:33.459,415.527349341026,7
2024-09-16 15:20:33.532,415.5141938578815,101
2024-09-16 15:20:33.679,-415.4991140938706,7
2024-09-16 15:20:33.682,415.48652564351727,103
2024-09-16 15:20:33.687,415.4779307339677,1005
2024-09-16 15:20:33.717,415.4724819877064,9
2024-09-16 15:20:33.824,415.4944034669186,998
2024-09-16 15:20:33.868,415.4940931607322,995
2024-09-16 15:20:33.925,415.50316191561865,12
2024-09-16 15:20:34.040,415.5416527200308,105
2024-09-16 15:20:34.194,415.5187952085661,5
2024-09-16 15:20:34.221,415.5102903189221,12
2024-09-16 15:20:34.304,415.5154947990424,103
2024-09-16 15:20:34.380,415.5478077925137,1002
2024-09-16 15:20:34.489,415.5235217304473,96
2024-09-16 15:20:34.660,415.5273699200546,11
2024-09-16 15:20:34.731,415.50518402926593,12
2024-09-16 15:20:34.749,415.5244316830221,1004
2024-09-16 15:20:34.755,415.5294544287216,8
2024-09-16 15:20:34.786,415.5038174562488,102
2024-09-16 15:20:34.880,415.5371215490623,9
2024-09-16 15:20:34.942,415.51195454805054,995
2024-09-16 15:20:35.027,415.61199302779306,99
2024-09-16 15:20:35.049,415.6360602778763,6
2024-09-16 15:20:35.060,415.6054421367349,1002
2024-09-16 15:20:35.081,415.6229349957048,999
2024-09-16 15:20:35.168,415.613551620965,100
2024-09-16 15:20:35.284,415.552648201867,997
2024-09-16 15:20:35.322,415.6220611714452,7
2024-09-16 15:20:35.335,415.6122908632488,10
2024-09-16 15:20:35.337,415.6030023317822,15
2024-09-16 15:20:35.358,415.6254950598659,14
2024-09-16 15:20:35.441,415.616006410754,995
2024-09-16 15:20:35.449,415.59993667039504,1002
2024-09-16 15:20:35.501,415.6176935452639,1004
2024-09-16 15:20:35.501,415.59905858699614,13
2024-09-16 15:20:35.502,415.5666846166415,9
2024-09-16 15:20:35.572,415.613399003652,6
2024-09-16 15:20:35.577,415.5784071547466,8
2024-09-16 15:20:35.644,415.6382046968223,100
2024-09-16 15:20:35.680,415.634240393011,999
2024-09-16 15:20:35.681,415.5524025364388,99
2024-09-16 15:20:35.701,415.6186882076288,100
2024-09-16 15:20:35.716,415.6215175047993,100
2024-09-16 15:20:35.729,415.6106596417105,999
2024-09-16 15:20:35.762,415.6360764664659,15
2024-09-16 15:20:35.868,415.6226722639346,1002
2024-09-16 15:20:35.910,415.61679287479103,997
2024-09-16 15:20:35.930,415.5714471901232,13
2024-09-16 15:20:35.960,415.61737265335694,1004
2024-09-16 15:20:35.974,415.6220100283719,10
2024-09-16 15:20:35.976,415.6039947228633,102
2024-09-16 15:20:36.026,415.6519402451046,14
2024-09-16 15:20:36.049,415.66203212613175,1000
2024-09-16 15:20:36.126,415.67976845834806,10
2024-09-16 15:20:36.126,415.6668333970706,1005
2024-09-16 15:20:36.133,415.681751933394,1002
2024-09-16 15:20:36.150,415.6212985088098,103
2024-09-16 15:20:36.256,415.6725371052687,95
2024-09-16 15:20:36.311,415.6524009881628,1001
2024-09-16 15:20:36.393,415.6120303560477,95
2024-09-16 15:20:36.485,415.65786663377537,13
2024-09-16 15:20:36.532,415.694254283568,1003
2024-09-16 15:20:36.609,415.67542643846673,103
2024-09-16 15:20:36.643,415.6417703886885,100
2024-09-16 15:20:36.689,415.688474565364,13
2024-09-16 15:20:36.718,415.6557562680849,8
2024-09-16 15:20:36.830,415.69835448249967,15
2024-09-16 15:20:36.911,415.6766447777131,13
2024-09-16 15:20:37.004,415.6804131550666,5
2024-09-16 15:20:37.034,415.6888672006231,1002
2024-09-16 15:20:37.111,415.706080225181,7
2024-09-16 15:20:37.134,415.7027123985803,98
2024-09-16 15:20:37.186,415.6741621143207,998
2024-09-16 15:20:37.214,415.6946503167901,105
2024-09-16 15:20:37.234,415.68205517412,15
2024-09-16 15:20:37.256,415.7181071383704,1002
2024-09-16 15:20:37.327,415.7004082540358,15
2024-09-16 15:20:37.340,415.6950030810143,100
2024-09-16 15:20:37.449,415.6892790018814,999
2024-09-16 15:20:37.464,415.6590049641814,10
2024-09-16 15:20:37.499,415.63817329939775,102
2024-09-16 15:20:37.542,415.6731668547168,9
2024-09-16 15:20:37.609,415.6793630204083,10
2024-09-16 15:20:37.632,415.69830280826886,96
2024-09-16 15:20:37.639,415.6491257809824,101
2024-09-16 15:20:37.672,415.7024293203288,97
2024-09-16 15:20:37.675,415.7125700976154,997
2024-09-16 15:20:37.679,415.6797753238183,13
2024-09-16 15:20:37.708,415.70037628390594,104
2024-09-16 15:20:37.760,415.66112971539866,98
2024-09-16 15:20:37.762,415.6662915068759,997
2024-09-16 15:20:37.835,415.6764059716213,996
2024-09-16 15:20:37.862,415.67785501055965,1001
2024-09-16 15:20:37.881,415.6510193034941,104
2024-09-16 15:20:37.897,415.6529614561308,5
2024-09-16 15:20:37.958,415.6586798342138,1000
2024-09-16 15:20:38.349,415.627088060345,11
2024-09-16 15:20:38.377,415.6445071748983,13
2024-09-16 15:20:38.391,415.6411468550943,13
2024-09-16 15:20:38.396,415.6409181660585,1000
2024-09-16 15:20:38.413,415.632966801764,996
2024-09-16 15:20:38.636,415.6284011459919,999
2024-09-16 15:20:38.668,415.6441284089984,999
2024-09-16 15:20:38.756,415.6434505282864,999
2024-09-16 15:20:39.014,415.6745263060322,14
2024-09-16 15:20:39.069,415.6787264786776,10
2024-09-16 15:20:39.166,415.6683342484867,995
2024-09-16 15:20:39.178,415.6133101162079,105
2024-09-16 15:20:39.512,415.6050537048988,1002
2024-09-16 15:20:39.518,415.6095486169816,997
2024-09-16 15:20:39.532,415.668767241712,1001
2024-09-16 15:20:39.538,415.5993374723751,97
2024-09-16 15:20:39.552,415.6502430193012,8
2024-09-16 15:20:39.554,415.6904448619609,105
2024-09-16 15:20:39.694,415.6206549835279,1003
2024-09-16 15:20:39.725,415.6210187279116,104
2024-09-16 15:20:39.926,415.6121665767743,97
2024-09-16 15:20:40.453,415.7022078435755,96
2024-09-16 15:20:40.871,415.71684515905855,1001
2024-09-16 15:20:40.928,415.71025111855135,1001
2024-09-16 15:20:40.978,415.6920502368104,13
2024-09-16 15:20:41.010,415.70370280877,9
2024-09-16 15:20:41.018,415.7158007319064,102
2024-09-16 15:20:41.124,415.67468841015614,14
2024-09-16 15:20:41.210,415.6747036380583,1004
2024-09-16 15:20:41.243,415.7102831055508,1004
2024-09-16 15:20:41.442,415.7217546777445,13
2024-09-16 15:20:41.449,415.70731098542313,95
2024-09-16 15:20:41.712,415.678291274146,995
2024-09-16 15:20:41.761,415.6984487596631,7
2024-09-16 15:20:41.967,415.6694479829858,10
2024-09-16 15:20:42.010,415.6975556477173,13
2024-09-16 15:20:42.086,415.69298077404295,15
2024-09-16 15:20:42.113,415.7037082050915,6
2024-09-16 15:20:42.298,415.69494185965016,7
2024-09-16 15:20:42.690,415.6879476825939,1003
2024-09-16 15:20:42.776,-415.6870074964818,997
2024-09-16 15:20:42.948,415.6879051721838,100
2024-09-16 15:20:43.049,415.7150972503071,1001
2024-09-16 15:20:43.114,415.6975052607669,97
2024-09-16 15:20:43.600,415.7114364583812,8
2024-09-16 15:20:43.872,415.7005769877519,5
2024-09-16 15:20:44.021,415.7336990500238,1002
2024-09-16 15:20:44.027,415.7428483679919,13
2024-09-16 15:20:44.049,415.7117432336842,13
2024-09-16 15:20:44.072,415.6757249166343,997
2024-09-16 15:20:44.105,415.71080856785136,9
2024-09-16 15:20:44.109,415.7337277448221,9
2024-09-16 15:20:44.147,415.77751817372047,101
2024-09-16 15:20:44.222,415.70750937939,998
2024-09-16 15:20:44.249,415.74215679129406,1001
2024-09-16 15:20:44.315,415.7180471729876,13
2024-09-16 15:20:44.360,415.709010051868,995
2024-09-16 15:20:44.361,415.7188098095542,7
2024-09-16 15:20:44.421,415.7220726688782,996
2024-09-16 15:20:44.431,415.7582798269977,103
2024-09-16 15:20:44.468,415.7431349098888,997
2024-09-16 15:20:44.503,415.66867429441055,101
2024-09-16 15:20:44.516,415.7022487640895,8
2024-09-16 15:20:44.528,415.7604956943222,102
2024-09-16 15:20:44.634,415.7193414842272,6
2024-09-16 15:20:44.690,415.7041560690846,97
2024-09-16 15:20:44.709,415.7158133265292,999
2024-09-16 15:20:44.769,415.7320501446856,996
2024-09-16 15:20:44.801,415.7412328025648,98
2024-09-16 15:20:44.821,415.7576542815054,1001
2024-09-16 15:20:44.870,415.7190478828114,5
2024-09-16 15:20:44.928,415.7261152208136,8
2024-09-16 15:20:44.962,415.7136026498628,1000
2024-09-16 15:20:44.996,415.7265844710034,997
2024-09-16 15:20:45.056,415.69600108790667,10
2024-09-16 15:20:45.103,415.695833226768,96
2024-09-16 15:20:45.123,415.68329079630814,102
2024-09-16 15:20:45.171,415.70722000540286,14
2024-09-16 15:20:45.423,,97
2024-09-16 15:20:45.460,415.7486576903436,1003
2024-09-16 15:20:45.528,415.6784693445894,101
2024-09-16 15:20:45.643,415.6921180738095,15
2024-09-16 15:20:45.674,415.6985812419978,1004
2024-09-16 15:20:45.970,415.6982629175133,1004
2024-09-16 15:20:46.042,415.7464476877925,1003
2024-09-16 15:20:46.106,415.7526434328433,103
2024-09-16 15:20:46.281,415.7512249709416,100
2024-09-16 15:20:46.595,415.7208295286388,9
2024-09-16 15:20:47.065,415.7183334426091,5
2024-09-16 15:20:47.216,415.72395899569614,1005
2024-09-16 15:20:47.243,415.7737721563232,1002
2024-09-16 15:20:47.274,415.7208584169631,1000
2024-09-16 15:20:47.437,415.7811565425127,101
2024-09-16 15:20:47.470,415.79254472991306,7
2024-09-16 15:20:47.477,415.8148969572388,999
2024-09-16 15:20:47.503,415.7899836516861,96
2024-09-16 15:20:47.529,415.72106652862186,96
2024-09-16 15:20:47.559,415.7567129281233,998
2024-09-16 15:20:47.639,415.7878564577232,998
2024-09-16 15:20:47.667,415.7960221981226,103
2024-09-16 15:20:47.735,415.8012216251743,1001
2024-09-16 15:20:47.780,415.7169606468568,9
2024-09-16 15:20:47.844,415.69968519125706,1002
2024-09-16 15:20:47.923,415.7061426639208,10
2024-09-16 15:20:48.009,41.58117573710455,1002
2024-09-16 15:20:48.072,415.8309929661205,9
2024-09-16 15:20:48.074,415.8104347995244,105
2024-09-16 15:20:48.093,415.8232259510952,95
2024-09-16 15:20:48.147,415.8350752911379,13
2024-09-16 15:20:48.153,415.822341730053,995
2024-09-16 15:20:48.212,415.8188488087144,97
2024-09-16 15:20:48.279,415.8334882994408,12
2024-09-16 15:20:48.338,415.8217964815197,14
2024-09-16 15:20:48.360,415.8569107767372,997
2024-09-16 15:20:48.361,415.8525415875173,8
2024-09-16 15:20:48.562,415.8512535328874,105
2024-09-16 15:20:48.615,415.8138065845146,101
2024-09-16 15:20:48.674,415.8237308498345,97
2024-09-16 15:20:48.684,415.81755729924606,97
2024-09-16 15:20:48.731,415.8482965140066,996
2024-09-16 15:20:48.849,415.8317612469128,5
2024-09-16 15:20:48.863,415.8356080733852,10
2024-09-16 15:20:48.892,415.8261906248855,104
2024-09-16 15:20:48.904,415.8443511464553,995
2024-09-16 15:20:48.953,415.8236590713972,5
2024-09-16 15:20:49.147,415.8511625894323,997
2024-09-16 15:20:49.960,415.85015723935663,9
2024-09-16 15:20:50.138,415.8673344095353,9
2024-09-16 15:20:50.179,415.8521750247658,6
2024-09-16 15:20:50.240,41.58598331639206,15
2024-09-16 15:20:50.313,415.8612085069975,998
2024-09-16 15:20:50.434,415.8625880300878,98
2024-09-16 15:20:50.478,415.8706469070464,101
2024-09-16 15:20:50.492,415.8455621466049,7
2024-09-16 15:20:50.535,415.8876859157109,12
2024-09-16 15:20:50.677,415.8547397480007,998
2024-09-16 15:20:50.687,415.8662214087884,5
2024-09-16 15:20:50.811,415.8526373444582,98
2024-09-16 15:20:50.897,415.8599745213917,102
2024-09-16 15:20:50.913,415.8375669678895,998
2024-09-16 15:20:50.950,415.86468891830407,997
2024-09-16 15:20:51.000,415.8249124468527,103
2024-09-16 15:20:51.020,415.79945155389913,97
2024-09-16 15:20:51.039,,998
2024-09-16 15:20:51.057,415.82974360783135,11
2024-09-16 15:20:51.128,415.79400709946935,999
2024-09-16 15:20:51.169,415.88512552981854,1003
2024-09-16 15:20:51.178,415.88526820049344,1002
2024-09-16 15:20:51.270,417.1356624008669,103
2024-09-16 15:20:51.441,415.81819966613824,95
2024-09-16 15:20:51.455,415.7927618636132,998
2024-09-16 15:20:51.457,415.8190437099847,97
2024-09-16 15:20:51.569,415.8661490225553,5
2024-09-16 15:20:51.620,415.8492976085393,999
2024-09-16 15:20:51.623,415.8273712413579,6
2024-09-16 15:20:51.664,415.82896980429,1003
2024-09-16 15:20:51.753,415.8577239891882,95
2024-09-16 15:20:51.760,415.86392310947787,6
2024-09-16 15:20:51.864,415.829695871687,997
2024-09-16 15:20:51.998,415.8597019836837,98
2024-09-16 15:20:52.017,415.87787397468793,15
2024-09-16 15:20:52.037,415.8959339252437,15
2024-09-16 15:20:52.050,415.88762253568456,14
2024-09-16 15:20:52.083,415.9066427030837,8
2024-09-16 15:20:52.091,415.863231057305,105
2024-09-16 15:20:52.128,415.8704766803557,101
2024-09-16 15:20:52.141,,9
2024-09-16 15:20:52.253,415.8875363772022,15
2024-09-16 15:20:52.299,415.8906265070358,103
2024-09-16 15:20:52.352,415.8662900484889,7
2024-09-16 15:20:52.379,415.901454862102,105
2024-09-16 15:20:52.406,415.8875656484376,102
2024-09-16 15:20:52.464,41.58852287685915,7
2024-09-16 15:20:52.721,415.89182879788586,5
2024-09-16 15:20:52.801,415.8791355922877,996
2024-09-16 15:20:52.863,415.8894623602641,99
2024-09-16 15:20:52.875,415.87564936148175,14
2024-09-16 15:20:52.944,415.8643872556633,10
2024-09-16 15:20:52.964,415.8729324279476,101
2024-09-16 15:20:52.971,415.88313234507245,1005
2024-09-16 15:20:53.498,415.8894926345488,104
2024-09-16 15:20:54.044,415.90108429361015,95
2024-09-16 15:20:54.060,415.9070435952584,996
2024-09-16 15:20:54.067,415.9142131394127,15
2024-09-16 15:20:54.092,415.89312976401305,11
2024-09-16 15:20:54.117,415.8964466166044,1002
2024-09-16 15:20:54.188,415.8926463738872,103
2024-09-16 15:20:54.194,415.8875146591719,998
2024-09-16 15:20:54.307,415.8758948815565,100
2024-09-16 15:20:54.327,415.8653620840208,97
2024-09-16 15:20:54.344,415.8693638532687,998
2024-09-16 15:20:54.360,415.8823979634676,105
2024-09-16 15:20:54.405,415.8692438180684,97
2024-09-16 15:20:54.432,415.89021436270775,999
2024-09-16 15:20:54.456,-415.881114913198,6
2024-09-16 15:20:54.492,415.8974380320024,12
2024-09-16 15:20:54.516,,101
2024-09-16 15:20:54.599,,100
2024-09-16 15:20:54.625,415.8814214704241,996
2024-09-16 15:20:54.629,415.8827413251024,1002
2024-09-16 15:20:54.676,415.8987754557026,8
2024-09-16 15:20:54.763,415.8971423908652,12
2024-09-16 15:20:54.789,415.8782648288675,103
2024-09-16 15:20:54.825,415.8794831522595,96
2024-09-16 15:20:55.088,415.850186539166,9
2024-09-16 15:20:55.130,415.8110885749281,8
2024-09-16 15:20:55.187,415.8033593195756,105
2024-09-16 15:20:55.252,415.8692213845964,97
2024-09-16 15:20:55.290,415.83366591194266,96
2024-09-16 15:20:55.344,415.863839079952,996
2024-09-16 15:20:55.442,415.8140111433592,997
2024-09-16 15:20:55.447,415.8209334926666,1005
2024-09-16 15:20:55.482,415.8485332811789,11
2024-09-16 15:20:55.539,415.8381544701399,998
2024-09-16 15:20:55.742,415.8170689922774,1005
2024-09-16 15:20:55.758,415.7957963687005,1001
2024-09-16 15:20:55.898,415.8514682473299,11
2024-09-16 15:20:55.909,415.8840295044901,101
2024-09-16 15:20:55.928,415.8622560302274,101
2024-09-16 15:20:55.973,415.821337186943,98
2024-09-16 15:20:56.075,415.7771874311544,99
2024-09-16 15:20:56.132,415.7830066465806,97
2024-09-16 15:20:56.174,415.807463355753,995
2024-09-16 15:20:56.464,415.8135820847169,5
2024-09-16 15:20:56.639,415.7862936152019,10
2024-09-16 15:20:56.685,415.8020829486108,998
2024-09-16 15:20:56.690,415.7916812827659,12
2024-09-16 15:20:56.734,415.78268769158655,998
2024-09-16 15:20:56.776,415.8021194955395,13
2024-09-16 15:20:56.805,415.7838854725513,15
2024-09-16 15:20:56.811,415.7999203270391,998
2024-09-16 15:20:57.022,415.8094594931472,5
2024-09-16 15:20:57.154,415.83901294421855,998
2024-09-16 15:20:57.209,,6
2024-09-16 15:20:57.230,415.8359688194942,102
2024-09-16 15:20:57.273,415.8479446201476,996
2024-09-16 15:20:57.322,415.8362494735587,97
2024-09-16 15:20:57.331,415.8374892211744,1000
2024-09-16 15:20:57.362,415.8150687762638,98
2024-09-16 15:20:57.388,415.8212406546481,12
2024-09-16 15:20:57.449,415.85261893987393,1003
2024-09-16 15:20:57.481,415.8135781623999,7
2024-09-16 15:20:57.537,415.8227371895438,104
2024-09-16 15:20:57.599,415.8186105792999,1004
2024-09-16 15:20:57.603,415.8212446412428,1001
2024-09-16 15:20:57.613,415.8203397728565,1005
2024-09-16 15:20:57.680,415.8307102725787,1003
2024-09-16 15:20:57.746,415.8124619244161,10
2024-09-16 15:20:57.783,415.7880247360266,6
2024-09-16 15:20:57.835,415.83725099375226,101
2024-09-16 15:20:57.846,415.8303481805052,1003
2024-09-16 15:20:57.941,415.83204297548025,1000
2024-09-16 15:20:57.949,415.8321912481535,1002
2024-09-16 15:20:57.949,415.7817708920904,100
2024-09-16 15:20:57.967,415.80832518948375,105
2024-09-16 15:20:58.016,415.80128156844046,11
2024-09-16 15:20:58.067,415.822545512792,1003
2024-09-16 15:20:58.132,41.580323664254685,15
2024-09-16 15:20:58.198,415.83123833341097,6
2024-09-16 15:20:58.233,415.81409565688034,97
2024-09-16 15:20:58.241,415.8580011814274,6
2024-09-16 15:20:58.344,415.799207989546,1005
2024-09-16 15:20:58.376,415.81058829335,1000
2024-09-16 15:20:58.378,415.8319738184716,103
2024-09-16 15:20:58.455,415.81308143483415,96
2024-09-16 15:20:58.570,415.8094714406054,998
2024-09-16 15:20:58.624,415.8189050602537,999
2024-09-16 15:20:58.646,415.8062898971683,13
2024-09-16 15:20:58.692,415.819176273864,1001
2024-09-16 15:20:58.713,41.58373527074225,1000
2024-09-16 15:20:58.716,415.8330471038257,105
2024-09-16 15:20:58.734,415.8329849571781,9
2024-09-16 15:20:58.784,415.8343591090783,103
2024-09-16 15:20:58.807,415.8520286623106,103
2024-09-16 15:20:58.827,415.8263277635794,97
2024-09-16 15:20:58.940,415.8196304887717,13
2024-09-16 15:20:58.957,415.8251751942669,10
2024-09-16 15:20:58.981,415.82632451103126,105
2024-09-16 15:20:59.000,415.8855032168607,1000
2024-09-16 15:20:59.021,415.8782263454571,12
2024-09-16 15:20:59.083,415.8974976182537,7
2024-09-16 15:20:59.114,415.90808353586567,1000
2024-09-16 15:20:59.127,415.92517621706514,96
2024-09-16 15:20:59.247,415.90154599793647,15
2024-09-16 15:20:59.316,415.936025861621,1002
2024-09-16 15:20:59.324,415.8874204120364,97
2024-09-16 15:20:59.335,415.8616913827324,104
2024-09-16 15:20:59.384,415.9163550923144,1002
2024-09-16 15:20:59.385,415.9068283023957,104
2024-09-16 15:20:59.444,415.9164488553644,1003
2024-09-16 15:20:59.466,415.9132342622544,10
2024-09-16 15:20:59.735,415.91560208019314,1002
2024-09-16 15:20:59.871,415.9168769368071,96
2024-09-16 15:20:59.988,415.8860223886796,15
