Timestamp,Price,Size
2024-09-18 14:01:00.054,414.4337141178123,15
2024-09-18 14:01:00.149,414.4556140545656,101
2024-09-18 14:01:00.318,414.3984908558407,1003
2024-09-18 14:01:00.427,414.4734622617596,103
2024-09-18 14:01:00.438,414.38519459129,999
2024-09-18 14:01:00.451,414.4473374543298,996
2024-09-18 14:01:00.528,414.413812025119,96
2024-09-18 14:01:00.547,414.4447071442209,95
2024-09-18 14:01:00.549,41.44625596211782,95
2024-09-18 14:01:00.630,414.4745900563342,999
2024-09-18 14:01:00.668,414.3984315604808,97
2024-09-18 14:01:00.697,414.4620192228913,13
2024-09-18 14:01:00.721,414.483755089144,104
2024-09-18 14:01:00.752,41.44748909690262,104
2024-09-18 14:01:00.752,414.40856652005976,96
2024-09-18 14:01:00.776,414.4673840487658,13
2024-09-18 14:01:00.783,41.44102929973275,12
2024-09-18 14:01:00.830,414.4051086408282,96
2024-09-18 14:01:00.835,414.4078466851989,95
2024-09-18 14:01:00.862,414.44202262553256,13
2024-09-18 14:01:00.913,414.44972569202406,105
2024-09-18 14:01:01.027,414.43747501186806,5
2024-09-18 14:01:01.040,414.3425585233862,999
2024-09-18 14:01:01.091,414.3437272816243,999
2024-09-18 14:01:01.096,414.3972551149211,8
2024-09-18 14:01:01.101,414.35118082170175,101
2024-09-18 14:01:01.127,414.4558448265108,14
2024-09-18 14:01:01.234,414.4699187855493,6
2024-09-18 14:01:01.249,414.4899676486042,98
2024-09-18 14:01:01.410,414.3832461571159,1002
2024-09-18 14:01:01.457,414.424941149975,97
2024-09-18 14:01:01.522,414.4325146777086,101
2024-09-18 14:01:01.561,414.38419270476896,15
2024-09-18 14:01:01.670,414.3656097795211,12
2024-09-18 14:01:01.734,414.4696316772554,995
2024-09-18 14:01:01.739,414.3584246954928,95
2024-09-18 14:01:01.749,414.3795361232058,8
2024-09-18 14:01:01.812,414.35491700329857,14
2024-09-18 14:01:02.002,414.3349807403688,11
2024-09-18 14:01:02.058,414.34713305339415,99
2024-09-18 14:01:02.062,414.346088015898,14
2024-09-18 14:01:02.192,414.33894577322656,7
2024-09-18 14:01:02.236,414.3691692591736,997
2024-09-18 14:01:02.264,414.3241958299983,104
2024-09-18 14:01:02.268,414.3444122613165,15
2024-09-18 14:01:02.301,414.3216458037661,103
2024-09-18 14:01:02.386,414.3464583652538,96
2024-09-18 14:01:02.577,414.3660423076674,1001
2024-09-18 14:01:02.610,414.3355487920514,998
2024-09-18 14:01:02.634,414.3245538129104,998
2024-09-18 14:01:02.767,414.3402994078393,1003
2024-09-18 14:01:02.930,414.3352353719937,95
2024-09-18 14:01:02.939,414.3421064746377,10
2024-09-18 14:01:03.235,414.3286831119469,15
2024-09-18 14:01:03.309,414.31506179355966,1001
2024-09-18 14:01:03.741,414.34616045331177,6
2024-09-18 14:01:04.128,414.30032242125225,100
2024-09-18 14:01:04.138,414.31798537317167,96
2024-09-18 14:01:04.162,414.3333363083973,1001
2024-09-18 14:01:04.164,414.3398333410082,105
2024-09-18 14:01:04.198,414.3078413228637,995
2024-09-18 14:01:04.241,414.3341871335852,995
2024-09-18 14:01:04.371,414.3044164763554,10
2024-09-18 14:01:04.402,414.3309590732286,1004
2024-09-18 14:01:04.442,,100
2024-09-18 14:01:04.637,414.3034802162505,1004
2024-09-18 14:01:04.645,414.31150705098,96
2024-09-18 14:01:04.674,414.29889445349056,95
2024-09-18 14:01:04.734,414.3553543256535,103
2024-09-18 14:01:04.763,414.3361865804495,7
2024-09-18 14:01:04.904,414.32308909932567,8
2024-09-18 14:01:04.920,414.3249260648634,995
2024-09-18 14:01:04.922,414.3258232276197,12
2024-09-18 14:01:04.932,414.3521006153345,1001
2024-09-18 14:01:05.007,414.2905339110024,95
2024-09-18 14:01:05.134,414.289222993977,1000
2024-09-18 14:01:05.168,414.2806181086629,14
2024-09-18 14:01:05.205,414.2586509487257,5
2024-09-18 14:01:05.259,414.2911425761351,997
2024-09-18 14:01:05.471,414.2885702802102,96
2024-09-18 14:01:05.523,414.2781217015476,999
2024-09-18 14:01:05.643,414.30082360161424,1005
2024-09-18 14:01:05.728,414.269590184966,995
2024-09-18 14:01:05.760,414.2886298364487,104
2024-09-18 14:01:05.800,414.292331217698,101
2024-09-18 14:01:05.975,414.2770616927112,998
2024-09-18 14:01:06.030,414.2509847590308,104
2024-09-18 14:01:06.040,414.28996611971206,1005
2024-09-18 14:01:06.083,414.26991269867455,103
2024-09-18 14:01:06.098,414.290375105173,13
2024-09-18 14:01:06.108,414.26170489098376,7
2024-09-18 14:01:06.187,414.2815686654529,14
2024-09-18 14:01:06.188,414.3061639962031,104
2024-09-18 14:01:06.288,414.3330024065327,95
2024-09-18 14:01:06.385,414.28896282568303,15
2024-09-18 14:01:06.410,414.2769939767327,100
2024-09-18 14:01:06.502,414.3103345293732,14
2024-09-18 14:01:06.532,414.2442003623283,104
2024-09-18 14:01:06.589,414.3143759000407,95
2024-09-18 14:01:06.617,414.3148269799279,996
2024-09-18 14:01:06.633,414.27793431613946,10
2024-09-18 14:01:06.642,414.316131187339,104
2024-09-18 14:01:06.648,-414.2778830498166,96
2024-09-18 14:01:06.651,414.29465411722174,13
2024-09-18 14:01:06.725,414.2986516812959,1005
2024-09-18 14:01:06.835,414.2884162184564,11
2024-09-18 14:01:06.865,414.2846545222616,1000
2024-09-18 14:01:06.871,414.2915693427639,98
2024-09-18 14:01:06.890,414.2890614115721,1004
2024-09-18 14:01:07.065,414.32517619094654,96
2024-09-18 14:01:07.612,414.2967442146607,13
2024-09-18 14:01:07.768,414.32688003980303,1005
2024-09-18 14:01:07.985,414.3497473494514,5
2024-09-18 14:01:08.145,414.4135335715133,1004
2024-09-18 14:01:08.168,414.3965411988461,12
2024-09-18 14:01:08.175,41.43809929965499,10
2024-09-18 14:01:08.194,414.3894049241484,103
2024-09-18 14:01:08.228,414.39960926497866,99
2024-09-18 14:01:08.330,414.3763582644764,13
2024-09-18 14:01:08.353,414.3883512991207,5
2024-09-18 14:01:08.375,414.3705979867916,7
2024-09-18 14:01:08.404,414.393021932233,99
2024-09-18 14:01:08.438,414.3888068165808,10
2024-09-18 14:01:08.633,414.3984236200087,104
2024-09-18 14:01:08.663,414.3708326568463,1001
2024-09-18 14:01:08.698,414.4118596992572,996
2024-09-18 14:01:08.724,414.3874952921647,1004
2024-09-18 14:01:08.796,,101
2024-09-18 14:01:08.818,414.39932342061945,99
2024-09-18 14:01:08.854,414.40530803563297,99
2024-09-18 14:01:08.965,414.3684411813316,998
2024-09-18 14:01:09.075,414.4030300516873,1002
2024-09-18 14:01:09.169,414.4810004862807,1000
2024-09-18 14:01:09.223,414.4702665427127,8
2024-09-18 14:01:09.243,414.4672265759818,95
2024-09-18 14:01:09.331,414.43135686447687,96
2024-09-18 14:01:09.349,414.46716805510016,99
2024-09-18 14:01:09.374,414.49282093664016,13
2024-09-18 14:01:09.431,414.4676923051532,1004
2024-09-18 14:01:09.437,414.4663033058689,95
2024-09-18 14:01:09.440,414.4781522644672,105
2024-09-18 14:01:09.466,414.4984756301115,997
2024-09-18 14:01:09.504,414.4902722626214,7
2024-09-18 14:01:09.510,414.49732139040975,1004
2024-09-18 14:01:09.545,414.4452994041943,5
2024-09-18 14:01:09.586,414.48081624111177,998
2024-09-18 14:01:09.597,414.4844330199566,10
2024-09-18 14:01:09.616,414.50545927106526,1000
2024-09-18 14:01:09.621,414.45777085183073,8
2024-09-18 14:01:09.627,414.429547718398,105
2024-09-18 14:01:09.677,414.4589977731098,104
2024-09-18 14:01:09.762,414.4918149416575,10
2024-09-18 14:01:09.767,414.4861988959218,12
2024-09-18 14:01:09.996,414.47836395743474,998
2024-09-18 14:01:10.013,414.459898856998,99
2024-09-18 14:01:10.034,414.447065966233,5
2024-09-18 14:01:10.038,414.46461370314137,1004
2024-09-18 14:01:10.095,414.4216702870627,103
2024-09-18 14:01:10.122,414.4229300168196,97
2024-09-18 14:01:10.124,414.43432159231855,98
2024-09-18 14:01:10.128,414.4564724569068,997
2024-09-18 14:01:10.139,414.4057720288655,1003
2024-09-18 14:01:10.154,414.4337148837556,10
2024-09-18 14:01:10.260,414.3963171751215,7
2024-09-18 14:01:10.272,414.44368626010726,99
2024-09-18 14:01:10.383,414.43605076194257,95
2024-09-18 14:01:10.431,414.4228175069437,99
2024-09-18 14:01:10.472,414.3834989476874,101
2024-09-18 14:01:10.508,414.458954199187,99
2024-09-18 14:01:10.518,414.4515299660864,95
2024-09-18 14:01:10.540,414.46729634164456,104
2024-09-18 14:01:10.669,-414.4482868339181,6
2024-09-18 14:01:10.748,414.4523701476269,5
2024-09-18 14:01:10.750,414.420741996353,8
2024-09-18 14:01:10.760,414.46537916156495,103
2024-09-18 14:01:10.796,414.4101573052008,98
2024-09-18 14:01:10.866,414.4551913917292,105
2024-09-18 14:01:10.868,414.4584252481409,1001
2024-09-18 14:01:10.898,414.45685975318753,101
2024-09-18 14:01:10.926,414.4500148856467,995
2024-09-18 14:01:10.947,414.443105965134,96
2024-09-18 14:01:10.984,414.46924887927713,95
2024-09-18 14:01:11.015,414.4392343331883,102
2024-09-18 14:01:11.062,414.4675657635369,7
2024-09-18 14:01:11.114,414.42568977034864,104
2024-09-18 14:01:11.159,414.4277342740808,11
2024-09-18 14:01:11.228,414.4687749447917,5
2024-09-18 14:01:11.271,414.4377807882763,11
2024-09-18 14:01:11.369,414.420113881304,1002
2024-09-18 14:01:11.371,414.4846305323927,103
2024-09-18 14:01:11.389,414.46146023323627,997
2024-09-18 14:01:11.460,414.4596540710509,12
2024-09-18 14:01:11.461,414.456289723573,6
2024-09-18 14:01:11.542,414.48150616076657,999
2024-09-18 14:01:11.691,414.4629806405294,10
2024-09-18 14:01:11.730,414.4255011899453,97
2024-09-18 14:01:11.758,414.4483163716515,1004
2024-09-18 14:01:11.894,41.44615410594332,8
2024-09-18 14:01:11.942,414.4287720499392,1001
2024-09-18 14:01:11.980,414.4505480673478,1002
2024-09-18 14:01:12.013,414.3834558003455,12
2024-09-18 14:01:12.030,,11
2024-09-18 14:01:12.053,414.3720256322911,997
2024-09-18 14:01:12.057,414.3891890418072,12
2024-09-18 14:01:12.066,414.4525796597665,7
2024-09-18 14:01:12.071,414.38995650407406,104
2024-09-18 14:01:12.172,414.3973013863636,103
2024-09-18 14:01:12.385,414.42823747257455,1000
2024-09-18 14:01:12.531,414.3892955780358,995
2024-09-18 14:01:12.557,414.3981200321184,1005
2024-09-18 14:01:12.564,414.38592188565866,1000
2024-09-18 14:01:12.610,414.38846010080266,1005
2024-09-18 14:01:12.658,414.3896531586961,1001
2024-09-18 14:01:12.735,414.4022973823169,15
2024-09-18 14:01:12.942,414.39650497191326,105
2024-09-18 14:01:12.997,414.3984210288839,996
2024-09-18 14:01:12.998,414.3927249010099,1004
2024-09-18 14:01:13.011,414.4015746447031,7
2024-09-18 14:01:13.014,414.3403457439679,97
2024-09-18 14:01:13.022,414.3764745227489,1003
2024-09-18 14:01:13.047,,1005
2024-09-18 14:01:13.123,414.4066530593879,1001
2024-09-18 14:01:13.124,414.38857968700216,12
2024-09-18 14:01:13.129,414.329471878768,996
2024-09-18 14:01:13.170,414.3924499416592,103
2024-09-18 14:01:13.173,414.4134096202644,997
2024-09-18 14:01:13.209,414.3349011243039,103
2024-09-18 14:01:13.210,414.3694626207066,104
2024-09-18 14:01:13.260,414.3411498067848,1002
2024-09-18 14:01:13.263,414.4114846684754,9
2024-09-18 14:01:13.331,414.4079199733355,998
2024-09-18 14:01:13.363,414.4401392444376,5
2024-09-18 14:01:13.457,414.3739460976227,995
2024-09-18 14:01:13.591,414.36796328302586,1005
2024-09-18 14:01:13.781,414.3927527154845,1002
2024-09-18 14:01:13.816,414.38074192758125,9
2024-09-18 14:01:14.027,414.4402345664143,1001
2024-09-18 14:01:14.033,414.4221658536751,10
2024-09-18 14:01:14.078,414.4216988444128,99
2024-09-18 14:01:14.150,414.4337820086485,999
2024-09-18 14:01:14.323,414.4510162375051,1000
2024-09-18 14:01:14.332,414.4574944224034,95
2024-09-18 14:01:14.376,414.4340962757364,1005
2024-09-18 14:01:14.383,414.42248290207664,12
2024-09-18 14:01:14.383,414.4205021484366,14
2024-09-18 14:01:14.406,414.4401272555066,9
2024-09-18 14:01:14.456,414.4407383746022,101
2024-09-18 14:01:14.459,414.4203728323407,997
2024-09-18 14:01:14.484,414.4359934332294,101
2024-09-18 14:01:14.513,414.42322902846325,9
2024-09-18 14:01:14.562,414.428246922963,5
2024-09-18 14:01:14.567,,11
2024-09-18 14:01:14.732,414.4169766098004,1002
2024-09-18 14:01:14.742,414.420592087531,999
2024-09-18 14:01:14.764,414.4604499129096,102
2024-09-18 14:01:14.799,414.4379053410177,1005
2024-09-18 14:01:14.808,414.45684696617445,997
2024-09-18 14:01:14.820,414.4144915116205,7
2024-09-18 14:01:14.830,414.4495013255285,5
2024-09-18 14:01:14.955,414.4305436884984,1003
2024-09-18 14:01:14.967,414.4063350234284,12
2024-09-18 14:01:15.004,414.3715959891528,14
2024-09-18 14:01:15.071,-414.4197893898716,12
2024-09-18 14:01:15.100,414.4132538931122,15
2024-09-18 14:01:15.122,,6
2024-09-18 14:01:15.132,414.4022810675097,1004
2024-09-18 14:01:15.222,414.3942517424064,11
2024-09-18 14:01:15.223,414.4192197848397,13
2024-09-18 14:01:15.263,414.4065706714044,996
2024-09-18 14:01:15.281,414.4088233962378,97
2024-09-18 14:01:15.294,-414.4005883522484,105
2024-09-18 14:01:15.596,414.3874688617536,14
2024-09-18 14:01:15.634,414.3871414871344,101
2024-09-18 14:01:15.796,414.3963330345468,1005
2024-09-18 14:01:15.928,414.4055818678205,12
2024-09-18 14:01:15.998,414.377847052587,1004
2024-09-18 14:01:15.998,414.4043237569288,997
2024-09-18 14:01:16.020,414.4007245318916,9
2024-09-18 14:01:16.039,414.4178885862333,7
2024-09-18 14:01:16.047,414.4049256868761,103
2024-09-18 14:01:16.106,,1005
2024-09-18 14:01:16.153,414.40775532406064,104
2024-09-18 14:01:16.287,,995
2024-09-18 14:01:16.322,414.4123629476828,101
2024-09-18 14:01:16.325,414.409854435471,11
2024-09-18 14:01:16.497,414.4440648422262,101
2024-09-18 14:01:16.702,414.4627578890473,6
2024-09-18 14:01:16.750,414.4361500730566,996
2024-09-18 14:01:16.870,414.3955541877582,104
2024-09-18 14:01:16.902,414.3882491425201,5
2024-09-18 14:01:16.944,414.4010236786687,9
2024-09-18 14:01:16.965,414.404142662158,98
2024-09-18 14:01:18.057,414.4923072743709,1003
2024-09-18 14:01:18.132,414.5112173706621,1003
2024-09-18 14:01:18.143,414.4732358144815,5
2024-09-18 14:01:18.155,414.4799992034397,995
2024-09-18 14:01:18.181,414.4628148614454,1002
2024-09-18 14:01:18.231,414.485949443762,102
2024-09-18 14:01:18.315,414.5075114106151,13
2024-09-18 14:01:18.365,414.4808196348162,97
2024-09-18 14:01:18.378,414.5156322131639,9
2024-09-18 14:01:18.428,414.49491789794206,8
2024-09-18 14:01:18.481,414.4669255176213,11
2024-09-18 14:01:18.660,414.48469311405614,96
2024-09-18 14:01:18.668,414.4747658354225,1003
2024-09-18 14:01:18.678,414.48747100920576,14
2024-09-18 14:01:18.741,414.5156955633466,12
2024-09-18 14:01:18.805,414.4985678802818,15
2024-09-18 14:01:18.937,414.4638106204485,7
2024-09-18 14:01:18.947,414.4660113783999,996
2024-09-18 14:01:18.968,414.4802103881156,105
2024-09-18 14:01:18.978,414.465656727333,1001
2024-09-18 14:01:19.046,414.48040549513007,998
2024-09-18 14:01:19.109,414.4508965879944,8
2024-09-18 14:01:19.122,414.46766154019946,10
2024-09-18 14:01:19.163,414.4041112420489,103
2024-09-18 14:01:19.174,-414.3926539381827,1000
2024-09-18 14:01:19.187,414.4900205502212,1003
2024-09-18 14:01:19.196,414.3971292086169,997
2024-09-18 14:01:19.242,414.4068350451876,6
2024-09-18 14:01:19.324,414.4208561859174,99
2024-09-18 14:01:19.391,414.48054721688914,96
2024-09-18 14:01:19.405,414.4292493538044,998
2024-09-18 14:01:19.448,414.4161141670064,1000
2024-09-18 14:01:19.453,414.4144560753852,14
2024-09-18 14:01:19.462,414.3885217724695,1005
2024-09-18 14:01:19.504,414.4090432859064,8
2024-09-18 14:01:19.531,414.4374428240289,10
2024-09-18 14:01:19.566,414.4339947805653,100
2024-09-18 14:01:19.571,414.4429019448911,8
2024-09-18 14:01:19.645,414.4087163288135,10
2024-09-18 14:01:19.662,414.45883755328174,999
2024-09-18 14:01:19.730,41.44395322955066,999
2024-09-18 14:01:19.788,414.4064776089683,9
2024-09-18 14:01:19.859,414.395836517043,97
2024-09-18 14:01:19.861,414.4679743063144,999
2024-09-18 14:01:19.878,414.4114095987946,12
2024-09-18 14:01:19.914,414.4132190932971,996
2024-09-18 14:01:20.013,414.37854992710834,100
2024-09-18 14:01:20.089,414.3790676923999,101
2024-09-18 14:01:20.127,414.3767259554807,999
2024-09-18 14:01:20.151,414.3574060671722,103
2024-09-18 14:01:20.215,414.3607399306006,95
2024-09-18 14:01:20.276,414.3735939001239,998
2024-09-18 14:01:20.295,414.3838457863744,101
2024-09-18 14:01:20.359,414.34373190787886,98
2024-09-18 14:01:20.395,414.3884592822784,1004
2024-09-18 14:01:20.425,414.3896130250896,11
2024-09-18 14:01:20.490,414.3910763275714,5
2024-09-18 14:01:20.512,414.38945673546885,101
2024-09-18 14:01:20.515,414.4219467986273,95
2024-09-18 14:01:20.531,414.38344936392775,15
2024-09-18 14:01:20.556,414.3644619287,1002
2024-09-18 14:01:20.630,414.3786064166231,996
2024-09-18 14:01:20.684,414.3506427352176,997
2024-09-18 14:01:20.700,414.41449692870856,95
2024-09-18 14:01:20.721,414.36017231119024,6
2024-09-18 14:01:20.723,414.3752181247931,104
2024-09-18 14:01:20.726,414.3510796365972,1000
2024-09-18 14:01:20.764,414.37872984705785,1000
2024-09-18 14:01:20.768,414.4191348848312,1000
2024-09-18 14:01:20.778,414.3694930767325,1003
2024-09-18 14:01:20.850,414.3856376952373,99
2024-09-18 14:01:20.853,414.35207079715065,103
2024-09-18 14:01:22.029,414.29338699744943,1003
2024-09-18 14:01:22.039,414.36304843945663,7
2024-09-18 14:01:22.059,414.3551155336931,103
2024-09-18 14:01:22.099,414.3033100205983,9
2024-09-18 14:01:22.138,414.3024745466916,1003
2024-09-18 14:01:22.169,414.3148810153623,9
2024-09-18 14:01:22.202,414.2821970380815,7
2024-09-18 14:01:22.270,414.3076139177465,96
2024-09-18 14:01:22.277,414.3073094623878,997
2024-09-18 14:01:22.310,414.30123519301577,998
2024-09-18 14:01:22.323,414.3614517029821,1000
2024-09-18 14:01:22.406,414.3474475883583,11
2024-09-18 14:01:22.496,414.2786163575999,995
2024-09-18 14:01:22.523,414.3361072039584,105
2024-09-18 14:01:22.613,414.31273203855744,102
2024-09-18 14:01:22.679,414.329369659276,105
2024-09-18 14:01:22.764,414.3610615733231,98
2024-09-18 14:01:22.778,414.3554602735575,5
2024-09-18 14:01:22.854,414.3187787245389,95
2024-09-18 14:01:22.890,414.3514087574585,102
2024-09-18 14:01:22.901,414.2961655948384,14
2024-09-18 14:01:22.907,414.31875399521806,999
2024-09-18 14:01:22.914,414.2991169631836,1000
2024-09-18 14:01:22.923,414.3449600127439,1001
2024-09-18 14:01:22.936,414.3018120506536,13
2024-09-18 14:01:22.943,414.3417997833024,101
2024-09-18 14:01:22.978,414.2969037725313,996
2024-09-18 14:01:22.994,414.3249503237652,98
2024-09-18 14:01:23.093,414.3048590310541,15
2024-09-18 14:01:23.146,414.2991328219389,100
2024-09-18 14:01:23.185,414.2681492918398,995
2024-09-18 14:01:23.198,414.3384666157571,997
2024-09-18 14:01:23.309,414.3105822994796,997
2024-09-18 14:01:23.316,414.31959786022327,97
2024-09-18 14:01:23.420,414.3166622801952,14
2024-09-18 14:01:23.470,414.3084262105602,100
2024-09-18 14:01:23.515,414.29156215574574,105
2024-09-18 14:01:23.582,414.3195877156438,997
2024-09-18 14:01:23.751,414.269258010935,15
2024-09-18 14:01:23.787,414.3193091282282,104
2024-09-18 14:01:23.849,414.3197846781028,1005
2024-09-18 14:01:23.854,414.3108700238128,6
2024-09-18 14:01:23.857,414.3331344174562,8
2024-09-18 14:01:23.939,414.2871854195392,995
2024-09-18 14:01:23.984,414.3154771855792,1005
2024-09-18 14:01:23.987,414.3215982973807,95
2024-09-18 14:01:23.997,414.3152700216806,103
2024-09-18 14:01:24.034,414.2679514885394,104
2024-09-18 14:01:24.060,414.25527349152566,95
2024-09-18 14:01:24.120,414.3316259615286,98
2024-09-18 14:01:24.243,414.3229553798427,999
2024-09-18 14:01:24.251,414.2563878367162,997
2024-09-18 14:01:24.278,414.2673236509213,1005
2024-09-18 14:01:24.314,414.3307990964678,95
2024-09-18 14:01:24.318,414.320602983372,100
2024-09-18 14:01:24.323,414.2933812712282,97
2024-09-18 14:01:24.339,414.3259202842908,96
2024-09-18 14:01:24.370,414.2844182007658,96
2024-09-18 14:01:24.402,414.3106232730692,102
2024-09-18 14:01:24.498,414.2735888379193,103
2024-09-18 14:01:24.559,414.3111410542498,1000
2024-09-18 14:01:24.621,414.2629270900872,995
2024-09-18 14:01:24.635,414.2951293446663,95
2024-09-18 14:01:24.698,414.2330591916909,995
2024-09-18 14:01:24.699,414.32049310552645,13
2024-09-18 14:01:24.822,414.25100061965406,1004
2024-09-18 14:01:24.887,414.2443823590387,98
2024-09-18 14:01:24.913,414.25347031747225,998
2024-09-18 14:01:24.970,414.3249445358572,100
2024-09-18 14:01:24.995,414.3013711081004,12
2024-09-18 14:01:25.096,414.21511047960064,97
2024-09-18 14:01:25.169,414.2439800279745,105
2024-09-18 14:01:25.260,414.1950773470063,1004
2024-09-18 14:01:25.269,414.1946292157712,101
2024-09-18 14:01:25.282,414.18795214589926,96
2024-09-18 14:01:25.361,414.21758067042026,105
2024-09-18 14:01:25.416,414.24900200563,1000
2024-09-18 14:01:25.418,414.2067671214308,101
2024-09-18 14:01:25.474,414.2082711314016,10
2024-09-18 14:01:25.574,414.2034973773208,101
2024-09-18 14:01:25.830,414.2133124660421,996
2024-09-18 14:01:25.995,414.2284775071527,8
2024-09-18 14:01:25.996,414.1901811059128,999
2024-09-18 14:01:26.008,414.2267018740532,997
2024-09-18 14:01:26.075,414.25751902437474,103
2024-09-18 14:01:26.111,414.2240364494854,10
2024-09-18 14:01:26.179,414.2470511554513,102
2024-09-18 14:01:26.186,414.2126454888256,104
2024-09-18 14:01:26.233,414.2202185597123,102
2024-09-18 14:01:26.254,414.2461212079372,5
2024-09-18 14:01:26.279,414.23792305909967,14
2024-09-18 14:01:26.294,414.2496008253507,99
2024-09-18 14:01:26.300,414.21726526905576,997
2024-09-18 14:01:26.306,414.2016067827259,95
2024-09-18 14:01:26.587,414.2295506441943,14
2024-09-18 14:01:26.692,414.2183791060879,95
2024-09-18 14:01:26.715,414.23590483095137,95
2024-09-18 14:01:26.747,414.2545232052819,1000
2024-09-18 14:01:26.753,414.2465206653595,96
2024-09-18 14:01:26.795,414.2404783318859,11
2024-09-18 14:01:26.795,414.2305185429882,7
2024-09-18 14:01:26.852,414.2131841165,102
2024-09-18 14:01:26.956,414.2408800727199,99
2024-09-18 14:01:26.962,414.20917050963885,101
2024-09-18 14:01:26.963,414.20130352172765,5
2024-09-18 14:01:26.990,414.2165597756383,1005
2024-09-18 14:01:27.557,414.25085570061,10
2024-09-18 14:01:28.031,414.2298669493141,9
2024-09-18 14:01:28.044,414.2366061423563,6
2024-09-18 14:01:28.204,414.23089469194974,997
2024-09-18 14:01:28.241,414.22582711997353,5
2024-09-18 14:01:28.278,414.2447509004522,104
2024-09-18 14:01:28.298,414.2289713214568,98
2024-09-18 14:01:28.354,414.2513757131729,96
2024-09-18 14:01:28.501,414.2339890350618,7
2024-09-18 14:01:28.527,414.2292768711514,13
2024-09-18 14:01:28.539,414.23565178720025,9
2024-09-18 14:01:28.589,414.237531273661,1003
2024-09-18 14:01:28.702,-414.2405689127382,97
2024-09-18 14:01:28.705,414.22128861634326,997
2024-09-18 14:01:28.931,414.2264560247551,105
2024-09-18 14:01:29.089,414.15714321703126,1005
2024-09-18 14:01:29.094,414.1738933927713,98
2024-09-18 14:01:29.168,414.20667380326574,1003
2024-09-18 14:01:29.174,414.190690809122,1000
2024-09-18 14:01:29.177,414.19307575319465,1001
2024-09-18 14:01:29.239,414.2167890131101,95
2024-09-18 14:01:29.289,414.1338433570072,103
2024-09-18 14:01:29.335,414.2369288019636,12
2024-09-18 14:01:29.340,414.21676840021854,8
2024-09-18 14:01:29.371,414.2057363096044,101
2024-09-18 14:01:29.406,414.1677878964039,103
2024-09-18 14:01:29.429,414.1443945156191,102
2024-09-18 14:01:29.430,414.19585632477447,103
2024-09-18 14:01:29.440,414.23187314079945,995
2024-09-18 14:01:29.501,414.2378658839221,1003
2024-09-18 14:01:29.537,414.245620796824,99
2024-09-18 14:01:29.632,414.1689839292171,1003
2024-09-18 14:01:29.637,414.1475635138048,15
2024-09-18 14:01:29.672,414.2285590939843,995
2024-09-18 14:01:29.794,414.15648443538447,1005
2024-09-18 14:01:29.799,414.2380861811392,8
2024-09-18 14:01:29.807,414.2129968617424,1002
2024-09-18 14:01:29.830,414.14783189053577,101
2024-09-18 14:01:29.859,414.179704807694,104
2024-09-18 14:01:29.935,414.1862877396605,1004
2024-09-18 14:01:29.955,414.1608906083276,10
2024-09-18 14:01:29.990,414.2059186936826,13
2024-09-18 14:01:30.703,414.10913673159,103
2024-09-18 14:01:30.962,414.14694760643846,998
2024-09-18 14:01:31.024,414.07023410635503,1002
2024-09-18 14:01:31.050,414.09003179006646,102
2024-09-18 14:01:31.064,414.096052392407,9
2024-09-18 14:01:31.104,414.0669726484717,95
2024-09-18 14:01:31.111,414.0955426440441,103
2024-09-18 14:01:31.138,414.0949583946848,7
2024-09-18 14:01:31.206,414.07362132513975,997
2024-09-18 14:01:31.207,414.0682784505455,101
2024-09-18 14:01:31.230,414.0614303810226,999
2024-09-18 14:01:31.320,414.0699148195608,10
2024-09-18 14:01:31.330,414.0965787189363,101
2024-09-18 14:01:31.414,414.079020493816,14
2024-09-18 14:01:31.457,414.1013062175924,8
2024-09-18 14:01:31.458,414.0573390651505,996
2024-09-18 14:01:31.466,414.0798228925148,11
2024-09-18 14:01:31.491,414.0991738856513,999
2024-09-18 14:01:31.534,414.0918022636608,101
2024-09-18 14:01:31.570,414.0901705582698,14
2024-09-18 14:01:31.592,414.0635040504304,1004
2024-09-18 14:01:31.643,414.0660753857052,1001
2024-09-18 14:01:31.669,414.0730179957873,98
2024-09-18 14:01:31.708,414.09495982108,97
2024-09-18 14:01:31.710,414.0885660906589,5
2024-09-18 14:01:31.779,414.1033227041316,103
2024-09-18 14:01:31.865,414.0660557489352,995
2024-09-18 14:01:31.879,414.1038229604055,5
2024-09-18 14:01:31.928,414.06641318948425,13
2024-09-18 14:01:31.962,414.06812406256086,1003
2024-09-18 14:01:31.976,414.0745848520967,1003
2024-09-18 14:01:32.073,414.0977258633599,11
2024-09-18 14:01:32.207,414.0831377013295,105
2024-09-18 14:01:32.228,414.07028193622887,995
2024-09-18 14:01:32.266,414.1131204530474,7
2024-09-18 14:01:32.442,414.03785930958463,999
2024-09-18 14:01:32.454,414.0599728336245,5
2024-09-18 14:01:32.485,414.0479438772721,999
2024-09-18 14:01:32.502,414.1053963932503,103
2024-09-18 14:01:32.550,414.1147213707547,998
2024-09-18 14:01:32.562,414.09448851308537,14
2024-09-18 14:01:32.778,414.0438577949361,1000
2024-09-18 14:01:32.927,414.0923598863619,98
2024-09-18 14:01:33.004,414.0278416238869,1004
2024-09-18 14:01:33.006,414.0363403621053,97
2024-09-18 14:01:33.056,414.0000337460414,100
2024-09-18 14:01:33.095,,998
2024-09-18 14:01:33.097,414.0352031787904,1001
2024-09-18 14:01:33.099,414.0287167085305,1000
2024-09-18 14:01:33.137,414.0228791466512,15
2024-09-18 14:01:33.248,414.0173714354752,8
2024-09-18 14:01:33.261,414.0285032027917,7
2024-09-18 14:01:33.286,414.0436092054884,10
2024-09-18 14:01:33.320,414.001692596481,996
2024-09-18 14:01:33.328,413.996436301398,105
2024-09-18 14:01:33.353,414.0261620803206,12
2024-09-18 14:01:33.526,414.0344899362144,11
2024-09-18 14:01:33.671,414.0289537090352,103
2024-09-18 14:01:33.713,414.0348205869552,999
2024-09-18 14:01:33.920,414.0316471698192,99
2024-09-18 14:01:33.949,414.0022297735806,10
2024-09-18 14:01:35.065,414.071681598604,8
2024-09-18 14:01:35.142,414.0429670118814,1001
2024-09-18 14:01:35.166,414.0777899850028,995
2024-09-18 14:01:35.186,414.076867278679,9
2024-09-18 14:01:35.232,414.0498128967467,997
2024-09-18 14:01:35.352,414.04853204726174,1004
2024-09-18 14:01:35.492,414.0668478749173,12
2024-09-18 14:01:35.590,414.054737073577,96
2024-09-18 14:01:35.665,414.05539503742966,95
2024-09-18 14:01:35.667,414.0421409045175,104
2024-09-18 14:01:35.672,414.07388750935127,1003
2024-09-18 14:01:35.768,414.06854979775113,8
2024-09-18 14:01:36.028,414.0807986796644,11
2024-09-18 14:01:36.067,414.0914285487421,95
2024-09-18 14:01:36.095,414.0868817436655,5
2024-09-18 14:01:36.185,414.0887193890355,10
2024-09-18 14:01:36.233,414.0943704142432,101
2024-09-18 14:01:36.417,414.0580353793706,9
2024-09-18 14:01:36.423,414.08354876145614,105
2024-09-18 14:01:36.437,414.058560217766,6
2024-09-18 14:01:36.458,414.0723987540053,12
2024-09-18 14:01:36.562,414.0962933272324,98
2024-09-18 14:01:36.910,414.0727998595495,999
2024-09-18 14:01:36.924,414.0824856464632,95
2024-09-18 14:01:36.933,,998
2024-09-18 14:01:36.997,414.0857149964048,11
2024-09-18 14:01:37.051,414.00498691290784,1003
2024-09-18 14:01:37.052,414.0248279765967,11
2024-09-18 14:01:37.122,414.03646569535937,998
2024-09-18 14:01:37.196,414.0868416703464,105
2024-09-18 14:01:37.243,414.062190440059,104
2024-09-18 14:01:37.435,414.0605452625056,101
2024-09-18 14:01:37.536,414.0686380928896,5
2024-09-18 14:01:37.544,414.01332647719175,13
2024-09-18 14:01:37.587,414.0370695248378,105
2024-09-18 14:01:37.617,414.0838909353259,8
2024-09-18 14:01:37.648,414.0722879911137,997
2024-09-18 14:01:37.667,414.0745775847059,105
2024-09-18 14:01:37.728,414.0177400295729,12
2024-09-18 14:01:37.904,414.0804435954165,1003
2024-09-18 14:01:37.980,414.0854310852165,997
2024-09-18 14:01:38.002,414.0649371151165,96
2024-09-18 14:01:38.034,414.05463593839886,1000
2024-09-18 14:01:38.061,414.0142389271183,995
2024-09-18 14:01:38.085,414.0215412789235,100
2024-09-18 14:01:38.090,414.06745233227406,5
2024-09-18 14:01:38.144,414.0097658159033,997
2024-09-18 14:01:38.180,414.0284253420842,1002
2024-09-18 14:01:38.284,414.0237829791459,98
2024-09-18 14:01:38.331,414.0320541724647,7
2024-09-18 14:01:38.354,414.0242129979392,95
2024-09-18 14:01:38.363,,105
2024-09-18 14:01:38.382,414.0062716874547,998
2024-09-18 14:01:38.385,414.0700189859098,101
2024-09-18 14:01:38.410,414.0142180689343,10
2024-09-18 14:01:38.423,414.0721364950976,5
2024-09-18 14:01:38.466,414.0211596178164,8
2024-09-18 14:01:38.477,414.05782309300633,14
2024-09-18 14:01:38.571,413.9987909852055,12
2024-09-18 14:01:38.630,414.001903266043,100
2024-09-18 14:01:38.665,414.0228746969193,103
2024-09-18 14:01:38.675,414.0389748757636,1003
2024-09-18 14:01:38.771,414.0225545495499,1004
2024-09-18 14:01:38.822,414.04466950352304,99
2024-09-18 14:01:38.829,413.9915824036978,998
2024-09-18 14:01:38.851,413.9748021937316,15
2024-09-18 14:01:38.861,414.0264854563167,97
2024-09-18 14:01:38.929,414.0070898628181,1003
2024-09-18 14:01:38.968,413.97099834733496,999
2024-09-18 14:01:38.994,414.0617872855239,103
2024-09-18 14:01:39.032,414.0191109727568,103
2024-09-18 14:01:39.049,414.05506873020505,102
2024-09-18 14:01:39.246,414.03124998190185,10
2024-09-18 14:01:39.270,414.0422275228991,12
2024-09-18 14:01:39.351,414.0606515319813,6
2024-09-18 14:01:39.433,414.0400681346249,99
2024-09-18 14:01:39.766,414.0331305679016,100
2024-09-18 14:01:39.780,414.0244482744279,102
2024-09-18 14:01:39.786,414.0732784800162,995
2024-09-18 14:01:39.909,414.0502683303081,7
2024-09-18 14:01:40.050,414.0483220267024,10
2024-09-18 14:01:40.157,414.04793211190855,6
2024-09-18 14:01:41.223,414.0459884020912,999
2024-09-18 14:01:41.324,414.0412376168112,1004
2024-09-18 14:01:41.384,414.0386360211513,9
2024-09-18 14:01:41.424,414.0476813848649,6
2024-09-18 14:01:41.712,414.0381166433955,100
2024-09-18 14:01:41.917,414.0448857370361,104
2024-09-18 14:01:41.940,414.026247075184,6
2024-09-18 14:01:42.232,414.0706871825224,98
2024-09-18 14:01:42.303,414.05429146702267,96
2024-09-18 14:01:42.329,414.05821342949537,1004
2024-09-18 14:01:42.506,41.40605916635791,5
2024-09-18 14:01:42.901,414.0650580757035,998
2024-09-18 14:01:43.007,414.0693127404756,1004
2024-09-18 14:01:43.056,414.1316212730668,1005
2024-09-18 14:01:43.097,414.0734121933181,98
2024-09-18 14:01:43.137,414.0846227172295,7
2024-09-18 14:01:43.235,414.13175552514366,95
2024-09-18 14:01:43.243,414.05034697452527,1000
2024-09-18 14:01:43.275,414.1402612085264,9
2024-09-18 14:01:43.292,414.1353493102857,13
2024-09-18 14:01:43.338,414.13379893896666,95
2024-09-18 14:01:43.345,414.1172816024807,102
2024-09-18 14:01:43.387,414.14033495343705,13
2024-09-18 14:01:43.391,414.07166904279546,996
2024-09-18 14:01:43.395,414.09908725925936,1001
2024-09-18 14:01:43.400,414.14683833993394,96
2024-09-18 14:01:43.421,414.1250364556879,15
2024-09-18 14:01:43.526,414.1370291130154,1005
2024-09-18 14:01:43.546,414.1303997172898,12
2024-09-18 14:01:43.606,414.1182261606562,103
2024-09-18 14:01:43.623,414.13062531805855,1005
2024-09-18 14:01:43.664,414.0539533618083,103
2024-09-18 14:01:43.712,414.0651874225731,1002
2024-09-18 14:01:43.762,414.1447179035442,11
2024-09-18 14:01:43.768,414.0786700522474,15
2024-09-18 14:01:43.781,414.08676054483664,15
2024-09-18 14:01:43.792,414.1233629288698,998
2024-09-18 14:01:43.817,414.1229732182582,997
2024-09-18 14:01:43.893,414.1192189487363,9
2024-09-18 14:01:43.904,414.0587608863831,96
2024-09-18 14:01:43.968,414.1096922335687,10
2024-09-18 14:01:43.985,414.08779524378366,1002
2024-09-18 14:01:44.194,414.1276532306267,11
2024-09-18 14:01:44.283,414.1103834851672,1000
2024-09-18 14:01:44.311,414.1221423022205,8
2024-09-18 14:01:44.704,414.12825830506,997
2024-09-18 14:01:45.107,414.1945917918144,996
2024-09-18 14:01:45.160,414.1251366916343,103
2024-09-18 14:01:45.182,414.1805218862239,14
2024-09-18 14:01:45.190,414.1361194850997,14
2024-09-18 14:01:45.228,414.1339623235617,100
2024-09-18 14:01:45.233,414.15386663108114,1000
2024-09-18 14:01:45.332,414.18364400914817,95
2024-09-18 14:01:45.382,414.1847388691462,98
2024-09-18 14:01:45.442,414.1967752091419,103
2024-09-18 14:01:45.457,414.1913226008499,102
2024-09-18 14:01:45.461,414.1425600797517,13
2024-09-18 14:01:45.465,414.1747207229622,1004
2024-09-18 14:01:45.492,414.15715022088375,12
2024-09-18 14:01:45.506,414.1864954842327,101
2024-09-18 14:01:45.561,414.17939920998697,15
2024-09-18 14:01:45.593,414.16760714138303,1005
2024-09-18 14:01:45.653,414.1592741775892,999
2024-09-18 14:01:45.654,414.1559341464484,9
2024-09-18 14:01:45.761,414.1887827593866,13
2024-09-18 14:01:45.833,414.1939843842294,14
2024-09-18 14:01:45.848,414.1686155505214,1002
2024-09-18 14:01:45.858,414.1547449992741,1004
2024-09-18 14:01:45.912,414.1407052891048,6
2024-09-18 14:01:45.952,414.1595896282337,95
2024-09-18 14:01:45.954,414.1398019374637,999
2024-09-18 14:01:46.009,414.27421983034543,999
2024-09-18 14:01:46.111,414.1933708469256,9
2024-09-18 14:01:46.148,414.2111676460128,15
2024-09-18 14:01:46.175,414.1964090831245,5
2024-09-18 14:01:46.199,414.2104302087133,96
2024-09-18 14:01:46.202,414.172594058457,100
2024-09-18 14:01:46.222,414.1992904715634,96
2024-09-18 14:01:46.246,414.26829252956674,1005
2024-09-18 14:01:46.284,414.2243985217707,6
2024-09-18 14:01:46.305,414.1748018665432,103
2024-09-18 14:01:46.334,414.2111810735948,102
2024-09-18 14:01:46.353,414.19388599705536,996
2024-09-18 14:01:46.456,414.1872371244396,996
2024-09-18 14:01:46.490,414.2365874107141,7
2024-09-18 14:01:46.583,414.2561998080933,15
2024-09-18 14:01:46.602,414.2776385749722,97
2024-09-18 14:01:46.635,414.1864905646949,1005
2024-09-18 14:01:46.735,414.1894349615328,11
2024-09-18 14:01:46.766,414.2758835291002,996
2024-09-18 14:01:46.783,414.2952992395548,1000
2024-09-18 14:01:46.790,414.2971594982199,6
2024-09-18 14:01:46.818,414.3087312442611,11
2024-09-18 14:01:46.857,414.2592208818338,998
2024-09-18 14:01:46.903,414.2006647199387,104
2024-09-18 14:01:46.970,414.1957297936413,5
2024-09-18 14:01:46.973,414.2074180602968,1003
2024-09-18 14:01:46.974,414.2727512405118,1000
2024-09-18 14:01:47.029,414.1301692733389,999
2024-09-18 14:01:47.168,414.1207863073491,1003
2024-09-18 14:01:47.185,414.1235801090951,9
2024-09-18 14:01:47.233,414.127969244276,1001
2024-09-18 14:01:47.374,414.1323958411158,95
2024-09-18 14:01:47.377,414.14229100841294,999
2024-09-18 14:01:47.451,414.1238904066207,1005
2024-09-18 14:01:47.491,414.1364104307014,1000
2024-09-18 14:01:47.491,414.1687539606111,103
2024-09-18 14:01:47.735,414.1204400432033,102
2024-09-18 14:01:47.752,414.1290707064308,8
2024-09-18 14:01:47.826,414.1214696692595,1004
2024-09-18 14:01:47.879,414.1314706949862,101
2024-09-18 14:01:47.927,414.1268361424846,1000
2024-09-18 14:01:48.071,414.12200989235487,9
2024-09-18 14:01:48.114,414.1042955334981,96
2024-09-18 14:01:48.327,414.0989787570944,100
2024-09-18 14:01:48.355,414.1093323154745,6
2024-09-18 14:01:48.693,414.1040728112963,102
2024-09-18 14:01:48.839,414.1079844267104,995
2024-09-18 14:01:48.869,414.1142275642953,5
2024-09-18 14:01:48.934,414.09666722692737,1003
2024-09-18 14:01:49.050,414.16642480692457,1004
2024-09-18 14:01:49.099,414.1069014217136,8
2024-09-18 14:01:49.114,414.169894696574,996
2024-09-18 14:01:49.147,41.41443813601813,996
2024-09-18 14:01:49.205,414.1692593813869,1003
2024-09-18 14:01:49.206,41.41080813264804,7
2024-09-18 14:01:49.210,414.13411838475423,1003
2024-09-18 14:01:49.237,414.15756933774657,1000
2024-09-18 14:01:49.372,414.1823842395397,97
2024-09-18 14:01:49.389,414.1768768697574,98
2024-09-18 14:01:49.393,414.1702590409228,1004
2024-09-18 14:01:49.460,414.15769439552986,996
2024-09-18 14:01:49.488,414.1385011048496,995
2024-09-18 14:01:49.561,414.185786600954,97
2024-09-18 14:01:49.582,414.16287517654536,101
2024-09-18 14:01:49.613,414.1199043573175,10
2024-09-18 14:01:49.684,414.14717647390734,1005
2024-09-18 14:01:49.690,414.1836086785062,1005
2024-09-18 14:01:49.693,414.1707407013525,13
2024-09-18 14:01:49.699,414.1772653906305,15
2024-09-18 14:01:49.783,414.1793224998856,1003
2024-09-18 14:01:49.797,414.132390670129,996
2024-09-18 14:01:49.811,414.1582501849904,1005
2024-09-18 14:01:49.913,414.12971015471857,15
2024-09-18 14:01:49.917,414.1215583095705,98
2024-09-18 14:01:49.976,414.1964459704072,998
2024-09-18 14:01:49.993,414.1200843435104,996
2024-09-18 14:01:49.999,414.1589660985507,103
2024-09-18 14:01:50.000,414.1352870287103,6
2024-09-18 14:01:50.042,414.1329258033641,997
2024-09-18 14:01:50.186,414.1036784458185,995
2024-09-18 14:01:50.200,414.1095189509049,104
2024-09-18 14:01:50.245,414.1163572812512,99
2024-09-18 14:01:50.266,414.1352390217157,999
2024-09-18 14:01:50.325,414.1051284700071,11
2024-09-18 14:01:50.367,414.1399834966932,998
2024-09-18 14:01:50.393,414.1288912242284,12
2024-09-18 14:01:50.422,414.13976962995145,101
2024-09-18 14:01:50.429,414.1465845177268,995
2024-09-18 14:01:50.482,414.1230878811245,998
2024-09-18 14:01:50.585,414.1526241380739,99
2024-09-18 14:01:50.595,414.1182638299871,10
2024-09-18 14:01:50.679,414.1242008929741,96
2024-09-18 14:01:50.707,414.1509281282818,996
2024-09-18 14:01:50.765,414.1257711802576,999
2024-09-18 14:01:50.780,414.1357734538528,10
2024-09-18 14:01:50.821,414.1443057539374,1004
2024-09-18 14:01:50.829,414.14050226313566,999
2024-09-18 14:01:50.957,414.15390304981,101
2024-09-18 14:01:50.959,414.1327001284232,5
2024-09-18 14:01:51.009,414.2085687754965,1000
2024-09-18 14:01:51.022,414.1789887852416,10
2024-09-18 14:01:51.045,414.2260699889536,15
2024-09-18 14:01:51.053,414.2088819080162,1004
2024-09-18 14:01:51.054,414.2185348454887,999
2024-09-18 14:01:51.097,414.19771283611175,1003
2024-09-18 14:01:51.142,414.205471331151,998
2024-09-18 14:01:51.207,414.1934123728868,99
2024-09-18 14:01:51.286,414.2071876150951,9
2024-09-18 14:01:51.328,414.1930132569022,97
2024-09-18 14:01:51.345,414.2202924032243,999
2024-09-18 14:01:51.361,414.2344110411177,102
2024-09-18 14:01:51.375,414.2302244884973,104
2024-09-18 14:01:51.384,414.1921154884244,103
2024-09-18 14:01:51.399,414.20637752131455,97
2024-09-18 14:01:51.485,414.20280346023793,1003
2024-09-18 14:01:51.658,414.2195686963008,1000
2024-09-18 14:01:51.717,414.2228300211443,1000
2024-09-18 14:01:51.785,414.2059729246519,105
2024-09-18 14:01:51.858,414.2158150511953,103
2024-09-18 14:01:51.866,414.2269787641166,102
2024-09-18 14:01:52.119,-414.2138811125992,13
2024-09-18 14:01:52.578,414.2118882862084,98
2024-09-18 14:01:52.851,414.2173556993085,101
2024-09-18 14:01:52.870,414.2036016295046,97
2024-09-18 14:01:53.231,414.2203218865759,15
2024-09-18 14:01:53.260,414.23139138698406,13
2024-09-18 14:01:53.295,414.24821495836215,6
2024-09-18 14:01:53.339,414.2306307559779,995
2024-09-18 14:01:53.343,414.2425220251572,7
2024-09-18 14:01:53.379,414.2326596204333,995
2024-09-18 14:01:53.380,414.22111744719047,1002
2024-09-18 14:01:53.413,414.2276086270944,999
2024-09-18 14:01:53.419,414.2225478460722,1003
2024-09-18 14:01:53.457,414.2179609020751,995
2024-09-18 14:01:53.572,414.2122952606026,8
2024-09-18 14:01:53.633,414.2323853995959,1004
2024-09-18 14:01:53.676,414.2451953940562,1002
2024-09-18 14:01:53.680,414.2445371399002,97
2024-09-18 14:01:53.726,414.227118478413,104
2024-09-18 14:01:53.859,414.2343469882158,97
2024-09-18 14:01:53.938,414.22402980221705,13
2024-09-18 14:01:53.946,414.2420804357961,1003
2024-09-18 14:01:53.983,414.2316833129599,97
2024-09-18 14:01:53.985,414.2255888535272,11
2024-09-18 14:01:54.052,414.2345652053949,12
2024-09-18 14:01:54.159,414.2408268333933,98
2024-09-18 14:01:54.305,-414.24813311396025,1004
2024-09-18 14:01:54.444,414.25705617027376,101
2024-09-18 14:01:54.482,414.2322761162311,9
2024-09-18 14:01:54.594,414.2225032056318,13
2024-09-18 14:01:54.721,414.2206597966649,104
2024-09-18 14:01:54.960,414.2265174001844,10
2024-09-18 14:01:54.969,414.23918757113097,15
2024-09-18 14:01:55.010,414.2676337242821,95
2024-09-18 14:01:55.069,414.2658699844989,102
2024-09-18 14:01:55.072,414.2366539961973,997
2024-09-18 14:01:55.144,414.3030764039232,10
2024-09-18 14:01:55.169,414.2519209682703,10
2024-09-18 14:01:55.224,414.25567703429,11
2024-09-18 14:01:55.253,414.2055145621144,13
2024-09-18 14:01:55.379,414.2103625182547,1003
2024-09-18 14:01:55.381,414.285551456021,13
2024-09-18 14:01:55.426,414.2974261656768,997
2024-09-18 14:01:55.443,414.2919662114038,15
2024-09-18 14:01:55.521,414.29691190230585,1005
2024-09-18 14:01:55.555,414.20841589359,996
2024-09-18 14:01:55.636,414.24438982124815,95
2024-09-18 14:01:55.649,,6
2024-09-18 14:01:55.676,414.3004357037991,1001
2024-09-18 14:01:55.713,414.2048949096644,1000
2024-09-18 14:01:55.732,414.2134493969968,102
2024-09-18 14:01:55.758,414.27730467362034,97
2024-09-18 14:01:55.904,414.322488151153,1001
2024-09-18 14:01:55.921,414.2150731817288,9
2024-09-18 14:01:55.932,414.21061922309406,1004
2024-09-18 14:01:55.935,414.2858964856206,1003
2024-09-18 14:01:56.019,414.2762042848564,14
2024-09-18 14:01:56.037,414.2773839410753,6
2024-09-18 14:01:56.054,414.2791594592839,103
2024-09-18 14:01:56.092,414.2509236486471,12
2024-09-18 14:01:56.097,414.2831657203618,14
2024-09-18 14:01:56.101,414.29156541880144,5
2024-09-18 14:01:56.104,414.2937929301975,99
2024-09-18 14:01:56.122,414.27263195072726,1000
2024-09-18 14:01:56.147,414.2888858089694,7
2024-09-18 14:01:56.149,414.2880203411589,7
2024-09-18 14:01:56.177,414.2667019096881,6
2024-09-18 14:01:56.257,414.2659473856525,105
2024-09-18 14:01:56.309,414.2967121607725,7
2024-09-18 14:01:56.325,414.2702442177358,99
2024-09-18 14:01:56.409,414.2940027345815,1003
2024-09-18 14:01:56.463,414.26501890837176,9
2024-09-18 14:01:56.488,414.2506223280082,997
2024-09-18 14:01:56.520,414.28282826943183,100
2024-09-18 14:01:56.522,414.27895735224166,998
2024-09-18 14:01:56.542,414.2951672925744,1001
2024-09-18 14:01:56.721,414.3049238815467,14
2024-09-18 14:01:56.730,414.2751312335459,105
2024-09-18 14:01:56.895,414.2748683324634,6
2024-09-18 14:01:56.914,414.2861317951002,103
2024-09-18 14:01:56.922,414.2535287204457,999
2024-09-18 14:01:56.945,414.278724591494,1000
2024-09-18 14:01:56.951,414.2943710384973,996
2024-09-18 14:01:57.040,414.2738203484774,104
2024-09-18 14:01:57.047,414.265373203988,104
2024-09-18 14:01:57.052,414.2784182295624,98
2024-09-18 14:01:57.081,414.2734619663997,1000
2024-09-18 14:01:57.099,414.26579882617193,15
2024-09-18 14:01:57.126,414.2448371504968,999
2024-09-18 14:01:57.143,414.2814543426464,104
2024-09-18 14:01:57.146,414.2938108260161,99
2024-09-18 14:01:57.193,41.42922621655304,1003
2024-09-18 14:01:57.195,414.282430091421,96
2024-09-18 14:01:57.223,414.26844276380535,95
2024-09-18 14:01:57.286,414.2687509300609,5
2024-09-18 14:01:57.411,414.2584035869765,1002
2024-09-18 14:01:57.425,414.27248760725513,10
2024-09-18 14:01:57.429,414.26232945501977,99
2024-09-18 14:01:57.479,414.289001182709,10
2024-09-18 14:01:57.532,414.27814980039176,1001
2024-09-18 14:01:57.582,414.3001897747625,101
2024-09-18 14:01:57.597,414.2738597418746,13
2024-09-18 14:01:57.606,414.2865873332573,104
2024-09-18 14:01:57.652,414.27770848296615,97
2024-09-18 14:01:57.677,414.2681428646063,95
2024-09-18 14:01:57.843,414.2652338252642,1004
2024-09-18 14:01:57.909,414.2583832271607,96
2024-09-18 14:01:57.959,414.24677125532696,996
2024-09-18 14:01:58.081,414.2693645580853,1001
2024-09-18 14:01:58.189,414.2507392001643,1004
2024-09-18 14:01:58.490,414.2757218713735,6
2024-09-18 14:01:58.756,414.2666287699171,5
2024-09-18 14:01:58.912,414.2538483640485,100
2024-09-18 14:01:59.023,414.2550106895266,12
2024-09-18 14:01:59.035,414.2366856272,105
2024-09-18 14:01:59.083,414.290530372114,95
2024-09-18 14:01:59.102,414.2721544726196,1003
2024-09-18 14:01:59.106,414.32766946257937,10
2024-09-18 14:01:59.117,414.2984719200572,104
2024-09-18 14:01:59.147,414.28249961659833,95
2024-09-18 14:01:59.182,414.317192954433,105
2024-09-18 14:01:59.254,414.28557167816354,97
2024-09-18 14:01:59.261,414.2696578452604,997
2024-09-18 14:01:59.276,414.3239150676175,13
2024-09-18 14:01:59.310,414.3152025758055,98
2024-09-18 14:01:59.322,414.3071474024025,1000
2024-09-18 14:01:59.373,414.2954442612976,104
2024-09-18 14:01:59.478,414.3238421444381,104
2024-09-18 14:01:59.507,414.2680713539466,1003
2024-09-18 14:01:59.583,414.3121138266007,15
2024-09-18 14:01:59.694,414.3237169853728,1002
2024-09-18 14:01:59.696,414.3390388191202,6
2024-09-18 14:01:59.751,414.319498583958,95
2024-09-18 14:01:59.770,414.3359442885183,1003
2024-09-18 14:01:59.784,414.3300666264184,95
2024-09-18 14:01:59.821,414.2608166859093,13
2024-09-18 14:01:59.827,414.2585242350664,14
2024-09-18 14:01:59.938,414.288912415017,1000
2024-09-18 14:01:59.976,414.2388268494235,995
