Timestamp,Price,Size
2024-09-18 12:57:00.051,416.8567459744439,102
2024-09-18 12:57:00.061,416.7729060312291,998
2024-09-18 12:57:00.080,416.82076089656965,8
2024-09-18 12:57:00.147,416.8597152412153,995
2024-09-18 12:57:00.225,-416.81795971463833,99
2024-09-18 12:57:00.305,416.8506163877644,998
2024-09-18 12:57:00.821,416.8617223276331,997
2024-09-18 12:57:00.937,416.79114337659695,96
2024-09-18 12:57:01.013,416.7644978811748,1003
2024-09-18 12:57:01.047,-416.7946988599091,1003
2024-09-18 12:57:01.063,416.79735477639616,1005
2024-09-18 12:57:01.155,416.79020810556574,996
2024-09-18 12:57:01.256,416.7663755115709,98
2024-09-18 12:57:01.291,416.7794696031554,11
2024-09-18 12:57:01.316,416.7670769007895,11
2024-09-18 12:57:01.340,416.7651818399157,95
2024-09-18 12:57:01.342,416.7814615174658,101
2024-09-18 12:57:01.499,416.7876922450594,104
2024-09-18 12:57:01.666,416.7795207020841,99
2024-09-18 12:57:01.681,416.77789713559497,1003
2024-09-18 12:57:01.713,416.7514613079632,997
2024-09-18 12:57:01.777,416.7587910305084,1005
2024-09-18 12:57:01.778,416.7664283655032,105
2024-09-18 12:57:01.797,416.7722485294158,12
2024-09-18 12:57:01.829,416.75525832154335,105
2024-09-18 12:57:01.976,416.7937428172087,13
2024-09-18 12:57:02.096,416.738886770086,1003
2024-09-18 12:57:02.548,416.7694468199471,102
2024-09-18 12:57:02.553,416.7774753073437,96
2024-09-18 12:57:02.699,416.7796857126406,996
2024-09-18 12:57:03.003,416.7642585237408,1000
2024-09-18 12:57:03.430,416.74236600357625,1000
2024-09-18 12:57:04.952,416.7413637353628,99
2024-09-18 12:57:05.118,416.7122920093412,9
2024-09-18 12:57:05.188,-416.7416870954767,96
2024-09-18 12:57:05.206,416.7417617954396,8
2024-09-18 12:57:05.244,416.7056773429361,101
2024-09-18 12:57:05.314,416.730322485485,100
2024-09-18 12:57:05.415,416.73935624536,105
2024-09-18 12:57:05.445,416.7214092975369,9
2024-09-18 12:57:05.571,416.73401165317296,995
2024-09-18 12:57:05.751,,1003
2024-09-18 12:57:05.797,-416.7145054591398,105
2024-09-18 12:57:05.817,416.69160347879256,997
2024-09-18 12:57:05.863,416.71360660799104,15
2024-09-18 12:57:05.970,416.7280212796969,95
2024-09-18 12:57:06.055,416.7875356404982,995
2024-09-18 12:57:06.057,416.7578134205644,99
2024-09-18 12:57:06.172,416.76199660472736,14
2024-09-18 12:57:06.192,416.74692132572505,7
2024-09-18 12:57:06.231,416.7600171798936,1004
2024-09-18 12:57:06.238,416.79090801178495,97
2024-09-18 12:57:06.258,416.8153459056592,998
2024-09-18 12:57:06.275,416.7310422748244,15
2024-09-18 12:57:06.276,416.7793996255508,8
2024-09-18 12:57:06.307,416.811300199137,96
2024-09-18 12:57:06.350,416.8000855779818,96
2024-09-18 12:57:06.377,416.7484669777177,995
2024-09-18 12:57:06.378,416.7922553910804,997
2024-09-18 12:57:06.410,416.8137128395069,997
2024-09-18 12:57:06.423,416.7905643854467,15
2024-09-18 12:57:06.519,416.8154816250157,98
2024-09-18 12:57:06.586,416.7421430537656,98
2024-09-18 12:57:06.603,416.7633629265909,995
2024-09-18 12:57:06.664,416.7610694931995,95
2024-09-18 12:57:06.668,416.7875828208882,101
2024-09-18 12:57:06.678,416.7911003879322,8
2024-09-18 12:57:06.681,416.79498743785103,14
2024-09-18 12:57:06.867,416.8098151820551,1002
2024-09-18 12:57:06.896,416.7814442758227,997
2024-09-18 12:57:06.998,416.7552920105052,1000
2024-09-18 12:57:07.030,416.7391489221043,997
2024-09-18 12:57:07.031,416.7312884931475,1003
2024-09-18 12:57:07.070,416.74261612059047,998
2024-09-18 12:57:07.287,416.73887565848304,6
2024-09-18 12:57:07.610,416.7206483714368,8
2024-09-18 12:57:07.816,416.7123916136511,5
2024-09-18 12:57:07.827,416.7265205945453,105
2024-09-18 12:57:08.006,416.6886381147902,99
2024-09-18 12:57:08.086,416.69045402321456,104
2024-09-18 12:57:08.099,416.7364716206633,1000
2024-09-18 12:57:08.173,416.6841087144043,1001
2024-09-18 12:57:08.244,416.7101888063384,9
2024-09-18 12:57:08.251,416.7400368848912,1003
2024-09-18 12:57:08.266,416.7209362520867,99
2024-09-18 12:57:08.305,416.6755423073767,104
2024-09-18 12:57:08.420,416.71098632431193,1001
2024-09-18 12:57:08.445,416.7404893548644,15
2024-09-18 12:57:08.499,416.71478493684026,5
2024-09-18 12:57:08.561,416.7002348593845,102
2024-09-18 12:57:08.564,416.7368671530679,98
2024-09-18 12:57:08.578,416.7561923291026,11
2024-09-18 12:57:08.605,416.7463838493142,11
2024-09-18 12:57:08.769,416.7169665009038,102
2024-09-18 12:57:08.783,416.6866792252971,8
2024-09-18 12:57:08.796,416.7065932771742,101
2024-09-18 12:57:08.994,,997
2024-09-18 12:57:09.008,416.7078517701295,11
2024-09-18 12:57:09.075,416.6703140385577,102
2024-09-18 12:57:09.081,416.65073330555487,996
2024-09-18 12:57:09.091,416.735100243633,13
2024-09-18 12:57:09.216,416.7200299876456,6
2024-09-18 12:57:09.233,416.7106264482592,5
2024-09-18 12:57:09.279,416.7191394010876,1005
2024-09-18 12:57:09.368,416.6800998369629,9
2024-09-18 12:57:09.371,416.7092860897264,998
2024-09-18 12:57:09.376,416.6449660438039,104
2024-09-18 12:57:09.403,416.7275524385509,998
2024-09-18 12:57:09.426,416.713352213753,1002
2024-09-18 12:57:09.455,41.66939162520936,1001
2024-09-18 12:57:09.500,416.6467259724749,97
2024-09-18 12:57:09.508,416.69551854963305,100
2024-09-18 12:57:09.545,416.7114404041861,1005
2024-09-18 12:57:09.592,416.68306426567375,7
2024-09-18 12:57:09.644,416.7232128809082,104
2024-09-18 12:57:09.668,-416.6916895183573,102
2024-09-18 12:57:09.677,416.6958409587576,99
2024-09-18 12:57:09.691,416.7498421916072,999
2024-09-18 12:57:09.732,416.70397420956033,95
2024-09-18 12:57:09.765,416.7234330516865,1003
2024-09-18 12:57:09.778,416.71034270106674,15
2024-09-18 12:57:09.782,416.7236486474245,12
2024-09-18 12:57:09.890,416.7052525555165,1004
2024-09-18 12:57:09.956,-416.6567842970653,996
2024-09-18 12:57:09.968,416.7284686841106,98
2024-09-18 12:57:09.974,416.7476200659007,96
2024-09-18 12:57:10.009,416.6528762995065,97
2024-09-18 12:57:10.025,416.668148139906,103
2024-09-18 12:57:10.038,416.66314471268623,105
2024-09-18 12:57:10.066,416.6524836280513,101
2024-09-18 12:57:10.116,416.6384628960607,100
2024-09-18 12:57:10.417,416.6735385094363,11
2024-09-18 12:57:10.475,416.6668235134901,14
2024-09-18 12:57:10.642,416.6564778646086,97
2024-09-18 12:57:10.698,416.6495082431668,15
2024-09-18 12:57:10.741,416.64326984691934,996
2024-09-18 12:57:10.941,416.6466540940122,1004
2024-09-18 12:57:11.007,416.64406042156014,996
2024-09-18 12:57:11.289,416.6612154327015,97
2024-09-18 12:57:11.378,416.6490859482601,1003
2024-09-18 12:57:11.379,416.66919614654057,5
2024-09-18 12:57:11.384,41.66507083000454,1001
2024-09-18 12:57:11.403,416.6430503659729,104
2024-09-18 12:57:11.407,416.6515836521913,103
2024-09-18 12:57:11.430,416.65174423206486,96
2024-09-18 12:57:11.526,416.6515556655438,1004
2024-09-18 12:57:11.616,416.6415905799002,998
2024-09-18 12:57:11.639,416.6410536511834,96
2024-09-18 12:57:11.675,416.6558913120975,1003
2024-09-18 12:57:11.697,416.6502489687877,999
2024-09-18 12:57:11.768,416.649025949954,101
2024-09-18 12:57:11.850,416.65123115761753,6
2024-09-18 12:57:11.939,416.63894046136727,14
2024-09-18 12:57:12.051,416.6699328125869,101
2024-09-18 12:57:12.113,416.6874903685669,1004
2024-09-18 12:57:12.149,416.6606885632234,1003
2024-09-18 12:57:12.150,416.7186351792794,95
2024-09-18 12:57:12.215,416.6929058453735,96
2024-09-18 12:57:12.231,416.693863696716,5
2024-09-18 12:57:12.274,416.7635188226028,101
2024-09-18 12:57:12.297,416.7834925917149,98
2024-09-18 12:57:12.318,416.6935362555753,9
2024-09-18 12:57:12.353,416.7101582063698,9
2024-09-18 12:57:12.367,416.66953090827593,104
2024-09-18 12:57:12.387,416.6891529642246,12
2024-09-18 12:57:12.435,416.69150914861217,95
2024-09-18 12:57:12.446,416.7509922367325,98
2024-09-18 12:57:12.511,416.6384005200648,9
2024-09-18 12:57:12.530,416.6437040364748,98
2024-09-18 12:57:12.533,416.7565759673005,1000
2024-09-18 12:57:12.624,416.7102892415464,96
2024-09-18 12:57:12.644,416.74110660931234,102
2024-09-18 12:57:12.702,41.66776833945335,13
2024-09-18 12:57:12.721,416.68492831110245,11
2024-09-18 12:57:12.743,416.661559817672,100
2024-09-18 12:57:12.755,416.7106033087599,12
2024-09-18 12:57:12.799,416.6985203944072,999
2024-09-18 12:57:12.825,416.6685951899781,1001
2024-09-18 12:57:12.825,416.7347969579519,9
2024-09-18 12:57:12.861,416.66550959728255,996
2024-09-18 12:57:12.893,416.7763549691094,6
2024-09-18 12:57:13.143,416.7401507144872,1002
2024-09-18 12:57:13.257,416.7743015081937,1005
2024-09-18 12:57:13.332,416.75381424433823,101
2024-09-18 12:57:13.378,416.76539708767456,998
2024-09-18 12:57:13.399,416.7485802865504,1001
2024-09-18 12:57:13.406,416.78693692760345,10
2024-09-18 12:57:13.491,416.7662897478807,95
2024-09-18 12:57:13.553,416.7537097008189,1002
2024-09-18 12:57:13.575,416.7568819202649,6
2024-09-18 12:57:13.617,416.7495899509821,104
2024-09-18 12:57:13.635,416.7803402342775,8
2024-09-18 12:57:13.640,416.7650877817115,105
2024-09-18 12:57:13.670,416.772949724306,100
2024-09-18 12:57:13.722,416.7467673319159,999
2024-09-18 12:57:13.769,416.7580762372268,998
2024-09-18 12:57:14.007,416.7913200419541,102
2024-09-18 12:57:14.481,416.7779852611543,95
2024-09-18 12:57:14.600,416.8024296931557,10
2024-09-18 12:57:14.652,416.7732807891972,5
2024-09-18 12:57:14.967,416.7920474941211,997
2024-09-18 12:57:15.192,416.7956678954407,1002
2024-09-18 12:57:15.459,416.8002163926513,96
2024-09-18 12:57:15.542,416.77858661153846,100
2024-09-18 12:57:15.815,416.7990280764643,995
2024-09-18 12:57:15.942,416.7806290338351,1003
2024-09-18 12:57:16.013,416.7812668909182,95
2024-09-18 12:57:16.176,416.77634684695687,101
2024-09-18 12:57:16.248,416.7415696649628,97
2024-09-18 12:57:16.268,416.7935167089548,1005
2024-09-18 12:57:16.358,416.7901363882655,100
2024-09-18 12:57:16.394,416.78893792804496,96
2024-09-18 12:57:16.497,416.7833744019839,14
2024-09-18 12:57:16.505,416.7741517356469,997
2024-09-18 12:57:16.562,416.79797930933046,1005
2024-09-18 12:57:16.641,416.7641404830456,103
2024-09-18 12:57:16.650,416.7812060186136,996
2024-09-18 12:57:16.655,41.67806866317005,12
2024-09-18 12:57:16.691,416.7539058907503,8
2024-09-18 12:57:16.708,416.7923713012359,5
2024-09-18 12:57:16.758,416.77561739156215,8
2024-09-18 12:57:16.940,416.7940681919069,14
2024-09-18 12:57:16.944,416.7537268340291,100
2024-09-18 12:57:17.492,416.72095474551,105
2024-09-18 12:57:18.032,416.7228361445137,96
2024-09-18 12:57:18.036,416.74008751814506,15
2024-09-18 12:57:18.140,416.7341942828481,99
2024-09-18 12:57:18.457,416.7303239813904,1005
2024-09-18 12:57:18.520,416.7303623747361,10
2024-09-18 12:57:18.576,416.7087068683117,995
2024-09-18 12:57:18.989,416.7327213489861,95
2024-09-18 12:57:19.087,416.72315837778217,9
2024-09-18 12:57:19.127,416.64462159743607,996
2024-09-18 12:57:19.153,416.70070473211695,999
2024-09-18 12:57:19.253,416.648499189693,13
2024-09-18 12:57:19.284,416.7003175819189,10
2024-09-18 12:57:19.295,416.6896691844979,9
2024-09-18 12:57:19.336,416.6256963148626,102
2024-09-18 12:57:19.352,416.65717082685,8
2024-09-18 12:57:19.406,416.6808457022066,95
2024-09-18 12:57:19.442,416.6892607071107,12
2024-09-18 12:57:19.479,416.6997629172067,999
2024-09-18 12:57:19.547,416.6896131198244,100
2024-09-18 12:57:19.604,416.620707728824,996
2024-09-18 12:57:19.610,416.7068162000428,996
2024-09-18 12:57:19.664,416.6226789721107,8
2024-09-18 12:57:19.713,,7
2024-09-18 12:57:19.732,416.6985668376368,996
2024-09-18 12:57:19.783,416.69396945664425,9
2024-09-18 12:57:19.791,416.697801819915,8
2024-09-18 12:57:19.859,416.6562795455594,7
2024-09-18 12:57:19.896,416.7104787197547,11
2024-09-18 12:57:19.896,416.6585945712786,8
2024-09-18 12:57:19.919,416.64545109181387,997
2024-09-18 12:57:19.965,416.649363423354,95
2024-09-18 12:57:19.966,416.7087932454931,15
2024-09-18 12:57:19.968,416.7235838556336,101
2024-09-18 12:57:20.007,416.5480442809413,15
2024-09-18 12:57:20.048,416.5654949463839,13
2024-09-18 12:57:20.061,416.603211822052,15
2024-09-18 12:57:20.119,416.6116983690313,1001
2024-09-18 12:57:20.161,416.6121571842668,100
2024-09-18 12:57:20.232,416.5604042297008,1003
2024-09-18 12:57:20.319,416.5408292673745,5
2024-09-18 12:57:20.349,416.5620598481032,95
2024-09-18 12:57:20.386,416.5913999655634,104
2024-09-18 12:57:20.397,416.5763939913549,105
2024-09-18 12:57:20.427,416.5654463633211,96
2024-09-18 12:57:20.649,416.5581003314091,99
2024-09-18 12:57:20.663,416.5417513464545,996
2024-09-18 12:57:20.673,416.5701658138247,97
2024-09-18 12:57:20.715,416.585987406978,11
2024-09-18 12:57:20.723,416.6201139170688,1004
2024-09-18 12:57:20.813,416.56785259878336,104
2024-09-18 12:57:20.814,416.59988283585,998
2024-09-18 12:57:20.886,416.5530022954819,14
2024-09-18 12:57:20.890,416.5888987631565,95
2024-09-18 12:57:20.920,416.5724585073924,96
2024-09-18 12:57:20.966,416.5599086183684,13
2024-09-18 12:57:21.078,416.61968488841535,1005
2024-09-18 12:57:21.171,416.5943785946656,5
2024-09-18 12:57:21.392,416.6065124118385,98
2024-09-18 12:57:21.420,416.5600306947372,99
2024-09-18 12:57:21.450,416.61801819516575,12
2024-09-18 12:57:21.530,416.6087296976604,998
2024-09-18 12:57:21.597,416.6098303026872,105
2024-09-18 12:57:21.600,416.6223729320633,1005
2024-09-18 12:57:21.726,416.597483533131,999
2024-09-18 12:57:21.748,416.6164681931992,6
2024-09-18 12:57:21.794,416.6264028961464,105
2024-09-18 12:57:21.980,416.5977693488896,1000
2024-09-18 12:57:22.669,416.5996832584768,95
2024-09-18 12:57:23.015,416.6434629741915,1005
2024-09-18 12:57:23.078,416.6611784883696,12
2024-09-18 12:57:23.139,416.6204682309022,103
2024-09-18 12:57:23.156,416.57527812005367,9
2024-09-18 12:57:23.160,416.6396415062704,15
2024-09-18 12:57:23.242,416.6002645889153,105
2024-09-18 12:57:23.259,416.6381878853071,102
2024-09-18 12:57:23.345,416.6184285953241,103
2024-09-18 12:57:23.360,416.5917047606056,6
2024-09-18 12:57:23.396,416.598327275,98
2024-09-18 12:57:23.424,416.63128910318966,12
2024-09-18 12:57:23.494,416.6675019674098,1005
2024-09-18 12:57:23.509,416.5998048524666,995
2024-09-18 12:57:23.538,416.57933946676906,98
2024-09-18 12:57:23.570,416.5822664303199,11
2024-09-18 12:57:23.681,416.6105318785811,1005
2024-09-18 12:57:23.692,416.60339559505246,97
2024-09-18 12:57:23.841,416.602481239191,12
2024-09-18 12:57:23.874,416.5714985778792,999
2024-09-18 12:57:23.874,416.5937533176715,1002
2024-09-18 12:57:23.898,416.60071077363983,103
2024-09-18 12:57:23.906,416.592455980826,1004
2024-09-18 12:57:23.914,416.62084730594427,997
2024-09-18 12:57:23.973,416.6584542129978,97
2024-09-18 12:57:23.975,416.6435061730245,12
2024-09-18 12:57:24.010,416.5108721197684,996
2024-09-18 12:57:24.036,416.4578716416391,98
2024-09-18 12:57:24.044,416.47568248302,1000
2024-09-18 12:57:24.125,416.5058123307113,10
2024-09-18 12:57:24.138,416.52016368601176,100
2024-09-18 12:57:24.192,416.53022976245137,98
2024-09-18 12:57:24.237,416.5988012501694,96
2024-09-18 12:57:24.259,416.46448625066233,997
2024-09-18 12:57:24.287,416.4905205631432,99
2024-09-18 12:57:24.287,416.4955243885457,11
2024-09-18 12:57:24.309,416.4853935804456,997
2024-09-18 12:57:24.335,416.484691486264,11
2024-09-18 12:57:24.366,416.5147987200039,11
2024-09-18 12:57:24.369,416.48713518130455,6
2024-09-18 12:57:24.476,416.5691499989417,5
2024-09-18 12:57:24.479,41.65958269998047,1005
2024-09-18 12:57:24.480,416.4640207965007,6
2024-09-18 12:57:24.484,416.46737784360965,5
2024-09-18 12:57:24.486,416.5818626955423,13
2024-09-18 12:57:24.539,416.4703025647725,1002
2024-09-18 12:57:24.544,416.4855112069275,996
2024-09-18 12:57:24.596,416.4473614548694,1001
2024-09-18 12:57:24.686,416.5454256437701,11
2024-09-18 12:57:24.696,416.43578865744576,1002
2024-09-18 12:57:24.731,416.4501041494492,6
2024-09-18 12:57:24.736,416.46973222958593,9
2024-09-18 12:57:24.774,416.4723873637972,13
2024-09-18 12:57:24.800,416.4738175087379,101
2024-09-18 12:57:24.804,416.48017889911074,1000
2024-09-18 12:57:24.879,416.59917629914463,15
2024-09-18 12:57:25.005,416.4553707504508,1003
2024-09-18 12:57:25.013,416.4288026409287,8
2024-09-18 12:57:25.029,416.4299520578441,15
2024-09-18 12:57:25.126,416.4592137314253,99
2024-09-18 12:57:25.152,416.4195262947049,1001
2024-09-18 12:57:25.296,416.4469583771282,1001
2024-09-18 12:57:25.348,416.45938797180776,1002
2024-09-18 12:57:25.367,416.4436198582127,998
2024-09-18 12:57:25.454,416.44244274867447,14
2024-09-18 12:57:25.490,416.4416613845072,10
2024-09-18 12:57:25.601,416.44688366924606,8
2024-09-18 12:57:25.679,416.4325140431668,5
2024-09-18 12:57:25.787,416.4579686642648,1002
2024-09-18 12:57:25.900,416.46014206693866,98
2024-09-18 12:57:25.902,416.4495718741746,104
2024-09-18 12:57:26.026,416.4506280586445,97
2024-09-18 12:57:26.035,416.40118219959845,12
2024-09-18 12:57:26.052,416.4526959692996,102
2024-09-18 12:57:26.146,416.3970134821295,97
2024-09-18 12:57:26.163,416.3795126820329,10
2024-09-18 12:57:26.215,416.468731236696,5
2024-09-18 12:57:26.221,416.465127976258,8
2024-09-18 12:57:26.230,416.4548989533122,104
2024-09-18 12:57:26.243,416.46444874746027,1001
2024-09-18 12:57:26.255,416.407186192553,9
2024-09-18 12:57:26.301,416.4102126826564,13
2024-09-18 12:57:26.367,416.4045939145949,14
2024-09-18 12:57:26.372,416.3904022384088,96
2024-09-18 12:57:26.380,416.4578059178644,1000
2024-09-18 12:57:26.447,416.4379352866016,96
2024-09-18 12:57:26.464,416.5023300250482,996
2024-09-18 12:57:26.503,416.3766468476292,995
2024-09-18 12:57:26.524,416.4512227374344,99
2024-09-18 12:57:26.622,416.4908364166243,1000
2024-09-18 12:57:26.691,416.4464849727879,104
2024-09-18 12:57:26.759,416.4387005601427,11
2024-09-18 12:57:26.762,416.41327251310736,11
2024-09-18 12:57:26.790,416.42798846262895,12
2024-09-18 12:57:26.817,416.48003906707095,1005
2024-09-18 12:57:26.990,416.42251316987705,997
2024-09-18 12:57:27.069,416.4227769958303,13
2024-09-18 12:57:27.192,416.39983560633146,997
2024-09-18 12:57:27.296,416.4751025077496,13
2024-09-18 12:57:27.312,416.4411630126992,1000
2024-09-18 12:57:27.336,416.4116356476527,995
2024-09-18 12:57:27.341,416.4437735902349,1004
2024-09-18 12:57:27.432,416.4562392079623,98
2024-09-18 12:57:27.434,416.441866455981,14
2024-09-18 12:57:27.476,416.4170171049923,1004
2024-09-18 12:57:27.512,416.46485855126366,5
2024-09-18 12:57:27.521,-416.4174928599078,8
2024-09-18 12:57:27.543,416.4187467367138,1001
2024-09-18 12:57:27.612,416.4580167464615,102
2024-09-18 12:57:27.687,416.4352660995981,1001
2024-09-18 12:57:27.712,416.43635524832,98
2024-09-18 12:57:27.741,416.45977911754335,6
2024-09-18 12:57:27.774,416.4454994165055,998
2024-09-18 12:57:27.791,416.4098665213184,100
2024-09-18 12:57:27.793,416.3964315112121,11
2024-09-18 12:57:27.875,416.4272760353292,8
2024-09-18 12:57:27.895,416.399022733727,1001
2024-09-18 12:57:27.968,,6
2024-09-18 12:57:28.004,416.481860214855,11
2024-09-18 12:57:28.004,416.4700746478336,1001
2024-09-18 12:57:28.089,416.53312383212295,99
2024-09-18 12:57:28.121,416.5103583968741,1002
2024-09-18 12:57:28.123,416.5075552494732,104
2024-09-18 12:57:28.158,416.513388873836,1005
2024-09-18 12:57:28.185,416.52983802140926,1001
2024-09-18 12:57:28.191,416.52505152074144,10
2024-09-18 12:57:28.227,416.5306434679545,7
2024-09-18 12:57:28.240,416.51062510200194,1000
2024-09-18 12:57:28.268,416.5141408240749,105
2024-09-18 12:57:28.297,416.5293371924192,10
2024-09-18 12:57:28.308,416.4790221337532,999
2024-09-18 12:57:28.310,416.4825743625336,99
2024-09-18 12:57:28.328,416.4860836433773,99
2024-09-18 12:57:28.550,416.5426272581655,11
2024-09-18 12:57:28.558,416.5645217663153,10
2024-09-18 12:57:28.660,416.5443733694731,1005
2024-09-18 12:57:28.690,416.522348200793,105
2024-09-18 12:57:28.711,416.5030961468968,98
2024-09-18 12:57:28.724,416.4746396198458,995
2024-09-18 12:57:28.739,416.5266730361975,103
2024-09-18 12:57:28.755,416.53392783306543,99
2024-09-18 12:57:28.769,416.5414246411484,1003
2024-09-18 12:57:28.819,,103
2024-09-18 12:57:28.889,416.5190111517054,100
2024-09-18 12:57:28.908,416.54092002341554,95
2024-09-18 12:57:28.985,416.5530641285361,100
2024-09-18 12:57:29.088,416.5433371027248,14
2024-09-18 12:57:29.124,416.5472123672613,97
2024-09-18 12:57:29.201,416.5219380922288,99
2024-09-18 12:57:29.391,416.5187463419402,6
2024-09-18 12:57:29.438,416.5523904895375,1002
2024-09-18 12:57:29.483,416.5217128781039,95
2024-09-18 12:57:29.506,416.5211492394752,996
2024-09-18 12:57:29.625,416.5093787676829,101
2024-09-18 12:57:29.647,416.5138601520361,11
2024-09-18 12:57:29.659,416.5222820717863,999
2024-09-18 12:57:29.831,416.5546254340823,13
2024-09-18 12:57:29.853,416.5292953085264,995
2024-09-18 12:57:29.915,416.5700044501312,996
2024-09-18 12:57:29.924,416.5243188133109,7
2024-09-18 12:57:29.980,416.536701328911,1001
2024-09-18 12:57:30.007,416.4924568592625,101
2024-09-18 12:57:30.111,416.4972035733509,98
2024-09-18 12:57:30.178,416.472929772523,14
2024-09-18 12:57:30.193,416.4869161894306,6
2024-09-18 12:57:30.290,416.5036139588625,11
2024-09-18 12:57:30.308,416.5441461535154,97
2024-09-18 12:57:30.310,416.4944939988407,997
2024-09-18 12:57:30.349,416.50602637265536,103
2024-09-18 12:57:30.389,416.4815962891379,11
2024-09-18 12:57:30.503,416.5005880619833,1001
2024-09-18 12:57:30.520,416.5286449575405,105
2024-09-18 12:57:30.530,416.4852209479185,105
2024-09-18 12:57:30.551,416.4647631867731,96
2024-09-18 12:57:30.557,41.64888266537716,9
2024-09-18 12:57:30.567,416.5463714295691,102
2024-09-18 12:57:30.577,416.4633610023276,97
2024-09-18 12:57:30.626,416.48706263495984,999
2024-09-18 12:57:30.636,416.4633442810656,101
2024-09-18 12:57:30.644,416.5069307957214,995
2024-09-18 12:57:30.688,416.4686941922712,9
2024-09-18 12:57:30.712,416.4844462619681,14
2024-09-18 12:57:30.713,416.4670138056816,15
2024-09-18 12:57:30.713,416.4615783628169,95
2024-09-18 12:57:30.956,416.4913482804754,103
2024-09-18 12:57:30.963,416.44644172051926,12
2024-09-18 12:57:31.116,416.5587235207978,101
2024-09-18 12:57:31.267,416.5318546077707,6
2024-09-18 12:57:31.302,416.5444431995029,1003
2024-09-18 12:57:31.389,416.54226366390833,7
2024-09-18 12:57:31.424,416.54309797484046,104
2024-09-18 12:57:31.471,416.5429904918494,5
2024-09-18 12:57:31.559,416.5612921658232,103
2024-09-18 12:57:31.618,416.5392603592146,15
2024-09-18 12:57:31.628,416.545043673642,11
2024-09-18 12:57:31.801,416.5400368788033,999
2024-09-18 12:57:31.826,416.5576679996045,13
2024-09-18 12:57:31.876,416.5527164488347,15
2024-09-18 12:57:31.896,416.54392980647526,105
2024-09-18 12:57:31.946,416.5408036819909,11
2024-09-18 12:57:31.946,416.53865667471536,10
2024-09-18 12:57:31.981,416.53740513413135,1004
2024-09-18 12:57:32.009,416.5138265137924,13
2024-09-18 12:57:32.017,416.5156022924064,98
2024-09-18 12:57:32.272,416.50589686212544,6
2024-09-18 12:57:32.281,416.5324259055584,12
2024-09-18 12:57:32.324,416.5208478569129,99
2024-09-18 12:57:32.337,416.511783004876,6
2024-09-18 12:57:32.339,416.5678314646191,998
2024-09-18 12:57:32.406,416.5305779640207,995
2024-09-18 12:57:32.427,416.5693994265821,998
2024-09-18 12:57:32.520,416.5430380905335,104
2024-09-18 12:57:32.543,416.5421390549897,1001
2024-09-18 12:57:32.600,416.53901425043136,999
2024-09-18 12:57:32.610,416.5398927696259,102
2024-09-18 12:57:32.714,416.5652984884578,7
2024-09-18 12:57:32.754,416.5563514412431,1005
2024-09-18 12:57:32.817,416.5564170366575,102
2024-09-18 12:57:32.905,416.5277945992973,11
2024-09-18 12:57:32.964,416.5604143429085,13
2024-09-18 12:57:32.982,416.5245068864671,98
2024-09-18 12:57:32.992,416.5585756702556,99
2024-09-18 12:57:33.052,416.5139241825215,12
2024-09-18 12:57:33.436,416.5127462757522,996
2024-09-18 12:57:33.546,416.5325774819779,102
2024-09-18 12:57:33.965,416.5172417371064,13
2024-09-18 12:57:34.003,416.4802830154188,11
2024-09-18 12:57:34.067,416.4784092516844,99
2024-09-18 12:57:34.107,416.4612850792355,13
2024-09-18 12:57:34.181,416.47258836316337,101
2024-09-18 12:57:34.186,416.44694142746016,1005
2024-09-18 12:57:34.240,416.4868194202558,104
2024-09-18 12:57:34.313,416.4926910843847,14
2024-09-18 12:57:34.345,416.5105276326845,95
2024-09-18 12:57:34.349,416.4503756745053,1001
2024-09-18 12:57:34.386,416.4498604616125,12
2024-09-18 12:57:34.435,416.4794720467749,13
2024-09-18 12:57:34.451,416.47507723450445,999
2024-09-18 12:57:34.526,416.4975613603009,1002
2024-09-18 12:57:34.534,416.4841496682512,14
2024-09-18 12:57:34.557,416.4634140533266,95
2024-09-18 12:57:34.632,416.4916130001134,996
2024-09-18 12:57:34.652,416.4590874516375,102
2024-09-18 12:57:34.667,416.46052208152815,14
2024-09-18 12:57:34.761,416.4626438026023,10
2024-09-18 12:57:34.782,416.4777712025112,13
2024-09-18 12:57:34.871,416.4673099605696,96
2024-09-18 12:57:34.881,416.4479005883084,999
2024-09-18 12:57:34.895,416.4503739663398,101
2024-09-18 12:57:34.950,416.457625217274,999
2024-09-18 12:57:34.961,416.5051726744768,9
2024-09-18 12:57:35.016,416.4535769108214,14
2024-09-18 12:57:35.026,416.46400521847016,98
2024-09-18 12:57:35.117,416.4405503778278,98
2024-09-18 12:57:35.127,416.4460990054536,1000
2024-09-18 12:57:35.263,416.4407216717767,104
2024-09-18 12:57:35.288,416.4565790179591,8
2024-09-18 12:57:35.351,416.44888335315005,102
2024-09-18 12:57:35.406,416.4499100964849,14
2024-09-18 12:57:35.421,416.4646782018069,101
2024-09-18 12:57:35.441,416.4395452134193,999
2024-09-18 12:57:35.529,416.4568015765664,102
2024-09-18 12:57:35.561,416.4526242539943,1000
2024-09-18 12:57:35.748,416.45593201749233,6
2024-09-18 12:57:35.773,416.44621635539096,100
2024-09-18 12:57:35.876,416.4456390502552,995
2024-09-18 12:57:35.883,416.44471493721096,997
2024-09-18 12:57:36.086,416.5236539889898,9
2024-09-18 12:57:36.126,416.4505203320112,1004
2024-09-18 12:57:36.371,416.522081640668,13
2024-09-18 12:57:36.457,416.4860462932319,6
2024-09-18 12:57:36.470,416.5209721755886,6
2024-09-18 12:57:36.475,416.4427268374232,97
2024-09-18 12:57:36.677,416.52320801974935,100
2024-09-18 12:57:36.720,416.44004190937306,12
2024-09-18 12:57:36.721,416.458327677898,1001
2024-09-18 12:57:36.769,416.5311825289924,101
2024-09-18 12:57:36.809,416.46432913083095,12
2024-09-18 12:57:36.822,416.50519995551633,1005
2024-09-18 12:57:36.823,416.527974256301,100
2024-09-18 12:57:36.895,416.51233485371,998
2024-09-18 12:57:36.913,416.4511134104511,5
2024-09-18 12:57:36.927,416.53234247413496,13
2024-09-18 12:57:36.983,416.5085421373992,11
2024-09-18 12:57:37.016,416.5218189058622,1000
2024-09-18 12:57:37.049,416.54577953999706,997
2024-09-18 12:57:37.129,416.5591568248581,998
2024-09-18 12:57:37.217,416.5380217766536,999
2024-09-18 12:57:37.285,416.5325878025249,1004
2024-09-18 12:57:37.377,416.5439660137061,11
2024-09-18 12:57:37.391,416.54962542246,7
2024-09-18 12:57:37.398,416.5574251170587,1002
2024-09-18 12:57:37.463,416.5342379109392,12
2024-09-18 12:57:37.556,416.5288013608181,5
2024-09-18 12:57:37.611,416.55661488525897,103
2024-09-18 12:57:37.900,416.56588524329214,1003
2024-09-18 12:57:37.962,416.54260010523615,1002
2024-09-18 12:57:38.164,416.5235941017031,99
2024-09-18 12:57:38.201,416.5081496414781,13
2024-09-18 12:57:38.254,416.5261638209624,102
2024-09-18 12:57:38.425,416.5408944045803,100
2024-09-18 12:57:38.468,416.5169665475925,995
2024-09-18 12:57:38.500,416.5208818553661,1003
2024-09-18 12:57:38.659,416.546216285711,105
2024-09-18 12:57:38.725,416.5304494320369,95
2024-09-18 12:57:38.964,416.5333880644212,103
2024-09-18 12:57:39.023,416.5355053744419,97
2024-09-18 12:57:39.042,416.48024383904993,1005
2024-09-18 12:57:39.209,416.4433060243119,15
2024-09-18 12:57:39.249,416.5690000598421,103
2024-09-18 12:57:39.269,416.4870122406864,95
2024-09-18 12:57:39.299,416.4738950834903,998
2024-09-18 12:57:39.351,416.5245679224976,10
2024-09-18 12:57:39.383,416.5885136163527,1002
2024-09-18 12:57:39.428,416.49152151498777,102
2024-09-18 12:57:39.432,416.51413833420605,14
2024-09-18 12:57:39.442,416.575390056311,995
2024-09-18 12:57:39.474,416.5620999247025,96
2024-09-18 12:57:39.489,416.6023119280729,98
2024-09-18 12:57:39.528,416.4777238102839,995
2024-09-18 12:57:39.572,416.4666538391381,995
2024-09-18 12:57:39.580,416.451430254624,7
2024-09-18 12:57:39.589,416.5240504453706,104
2024-09-18 12:57:39.650,416.5649707556011,999
2024-09-18 12:57:39.708,416.4851684747183,1003
2024-09-18 12:57:39.721,416.4692848429864,96
2024-09-18 12:57:39.796,41.64863811134758,15
2024-09-18 12:57:39.834,416.5814018016637,14
2024-09-18 12:57:39.852,416.5269985802445,995
2024-09-18 12:57:39.856,416.5419062090757,98
2024-09-18 12:57:39.859,416.456344265364,8
2024-09-18 12:57:39.859,416.4880928780756,1000
2024-09-18 12:57:39.911,416.5626096423925,1004
2024-09-18 12:57:39.926,416.4795577716775,1000
2024-09-18 12:57:39.960,416.5890999761722,5
2024-09-18 12:57:39.999,416.5222075854657,95
2024-09-18 12:57:40.073,416.4853120263612,1003
2024-09-18 12:57:40.157,416.4850488055436,996
2024-09-18 12:57:40.493,416.4824785110658,100
2024-09-18 12:57:41.199,416.4841229161963,6
2024-09-18 12:57:41.213,416.5163397106864,7
2024-09-18 12:57:41.244,416.5055455400034,15
2024-09-18 12:57:41.329,416.5579778816772,1000
2024-09-18 12:57:41.414,416.5628568321971,11
2024-09-18 12:57:41.442,416.5363829591645,1004
2024-09-18 12:57:41.447,416.5818302266868,13
2024-09-18 12:57:41.450,416.5158005772611,101
2024-09-18 12:57:41.515,416.5038139601651,104
2024-09-18 12:57:41.543,416.490820287496,10
2024-09-18 12:57:41.610,416.48913077361584,5
2024-09-18 12:57:41.731,416.5439007920816,10
2024-09-18 12:57:41.763,416.48888584418575,102
2024-09-18 12:57:41.791,416.5983179113726,105
2024-09-18 12:57:41.793,416.471805016898,995
2024-09-18 12:57:41.866,416.5453501002394,14
2024-09-18 12:57:42.146,416.5896834802901,104
2024-09-18 12:57:42.165,416.5740650627188,102
2024-09-18 12:57:42.184,416.5776984448477,6
2024-09-18 12:57:42.209,416.6119486309224,99
2024-09-18 12:57:42.383,416.5756993987903,999
2024-09-18 12:57:42.383,416.5921215989303,13
2024-09-18 12:57:42.501,416.5620475214247,99
2024-09-18 12:57:42.556,416.5779945670661,1001
2024-09-18 12:57:42.865,41.658430504283615,996
2024-09-18 12:57:42.865,416.593655039409,1004
2024-09-18 12:57:43.054,416.5580343884512,1005
2024-09-18 12:57:43.065,416.56006521848286,996
2024-09-18 12:57:43.083,416.5440071982952,101
2024-09-18 12:57:43.091,416.56053571799305,998
2024-09-18 12:57:43.131,416.55504398171576,998
2024-09-18 12:57:43.306,416.57530666507495,1003
2024-09-18 12:57:43.349,416.5442672032831,6
2024-09-18 12:57:43.357,416.54356181244174,996
2024-09-18 12:57:43.363,416.5645412029968,97
2024-09-18 12:57:43.468,416.5660867954755,13
2024-09-18 12:57:43.504,416.542722731121,998
2024-09-18 12:57:43.528,416.5578353025876,10
2024-09-18 12:57:43.539,416.5598323742448,11
2024-09-18 12:57:43.554,416.571212812156,98
2024-09-18 12:57:43.698,416.55821745689263,102
2024-09-18 12:57:43.764,416.5678010454548,1002
2024-09-18 12:57:43.797,416.5571938245512,100
2024-09-18 12:57:43.803,416.5661305032744,1002
2024-09-18 12:57:43.825,416.55620440285526,995
2024-09-18 12:57:43.832,416.5393805147713,1005
2024-09-18 12:57:43.854,416.5530248715874,1003
2024-09-18 12:57:44.157,416.5487509858172,1002
2024-09-18 12:57:44.163,,1005
2024-09-18 12:57:44.243,416.6098105175811,102
2024-09-18 12:57:44.244,416.5893738402023,9
2024-09-18 12:57:44.373,416.56089315115634,1004
2024-09-18 12:57:44.474,416.57917491074846,103
2024-09-18 12:57:44.481,416.5909648581401,96
2024-09-18 12:57:44.540,416.58964992080274,1005
2024-09-18 12:57:44.546,416.612883575978,10
2024-09-18 12:57:44.740,416.5675980935309,10
2024-09-18 12:57:44.807,416.5462603481317,100
2024-09-18 12:57:44.809,416.6116993075927,14
2024-09-18 12:57:44.925,416.5765530600734,5
2024-09-18 12:57:44.935,,100
2024-09-18 12:57:44.959,416.5906996701461,1000
2024-09-18 12:57:45.078,416.5849308717636,997
2024-09-18 12:57:45.079,416.5727956889471,14
2024-09-18 12:57:45.121,416.57937627161016,100
2024-09-18 12:57:45.129,416.6062053489347,1000
2024-09-18 12:57:45.149,416.5954058036139,103
2024-09-18 12:57:45.210,416.5866004646999,99
2024-09-18 12:57:45.285,416.567285006541,104
2024-09-18 12:57:45.291,416.583462940358,998
2024-09-18 12:57:45.318,416.5942447457024,1002
2024-09-18 12:57:45.350,416.5480420097989,998
2024-09-18 12:57:45.363,416.58652088548354,1002
2024-09-18 12:57:45.385,416.5989103407654,97
2024-09-18 12:57:45.403,416.57609592199486,996
2024-09-18 12:57:45.461,416.56883085496696,104
2024-09-18 12:57:45.474,416.5516509579765,995
2024-09-18 12:57:45.488,416.55273120102703,95
2024-09-18 12:57:45.516,416.5864014247069,98
2024-09-18 12:57:45.576,416.5935573460936,6
2024-09-18 12:57:45.743,416.5771715656513,1003
2024-09-18 12:57:45.762,416.5880270695706,99
2024-09-18 12:57:45.771,416.5619848292275,101
2024-09-18 12:57:45.810,416.5769389453401,96
2024-09-18 12:57:45.849,416.581540395036,102
2024-09-18 12:57:45.855,416.5709018986452,1003
2024-09-18 12:57:45.861,416.5749079413881,996
2024-09-18 12:57:45.884,416.5920687728269,97
2024-09-18 12:57:45.949,416.5740013108797,103
2024-09-18 12:57:45.977,416.5838121425609,102
2024-09-18 12:57:46.493,416.6029631314897,99
2024-09-18 12:57:46.944,416.600285800925,105
2024-09-18 12:57:46.998,416.5939831453645,15
2024-09-18 12:57:47.008,416.5505883104932,999
2024-09-18 12:57:47.009,416.55276899802175,10
2024-09-18 12:57:47.027,416.5989930463735,97
2024-09-18 12:57:47.118,416.60313351867336,10
2024-09-18 12:57:47.128,416.53989915695246,100
2024-09-18 12:57:47.154,416.596169381034,1004
2024-09-18 12:57:47.204,416.6058094509783,11
2024-09-18 12:57:47.204,416.5968331135289,1001
2024-09-18 12:57:47.251,416.601315584658,13
2024-09-18 12:57:47.394,416.5491626275903,997
2024-09-18 12:57:47.421,416.59195479214935,13
2024-09-18 12:57:47.486,416.53438664372055,997
2024-09-18 12:57:47.503,416.5647485580482,995
2024-09-18 12:57:47.558,416.5854670806951,105
2024-09-18 12:57:47.591,416.5729960487692,105
2024-09-18 12:57:47.593,416.5379246972908,8
2024-09-18 12:57:47.602,416.56171591158136,98
2024-09-18 12:57:47.615,416.5536659660677,14
2024-09-18 12:57:47.697,416.54575583474025,6
2024-09-18 12:57:47.797,416.55031067840594,5
2024-09-18 12:57:47.904,416.54328965948633,5
2024-09-18 12:57:47.914,416.5392434720767,5
2024-09-18 12:57:47.945,416.589256212288,8
2024-09-18 12:57:47.962,416.5564429421341,7
2024-09-18 12:57:47.972,416.5747349932064,10
2024-09-18 12:57:47.978,416.5667628524845,104
2024-09-18 12:57:48.216,41.65663158734745,103
2024-09-18 12:57:48.262,416.57662166797513,101
2024-09-18 12:57:48.340,416.583819098888,1000
2024-09-18 12:57:48.382,416.5587894681665,997
2024-09-18 12:57:48.387,416.5766554453496,7
2024-09-18 12:57:48.389,416.56811759155096,104
2024-09-18 12:57:48.462,416.5629784854654,102
2024-09-18 12:57:48.532,416.56743192981753,9
2024-09-18 12:57:48.542,416.5468161958768,104
2024-09-18 12:57:48.548,416.5835533146592,998
2024-09-18 12:57:48.583,416.5593835068768,997
2024-09-18 12:57:48.627,416.5699054599944,103
2024-09-18 12:57:48.636,416.55615452075176,14
2024-09-18 12:57:48.672,416.562410497689,1005
2024-09-18 12:57:48.821,416.5583131565078,995
2024-09-18 12:57:48.874,416.5562614258054,9
2024-09-18 12:57:48.876,416.5638969816056,995
2024-09-18 12:57:48.994,416.5632629492422,6
2024-09-18 12:57:49.031,416.598999105144,103
2024-09-18 12:57:49.118,416.5814998518321,1005
2024-09-18 12:57:49.244,416.589541275014,5
2024-09-18 12:57:49.670,416.594716747169,96
2024-09-18 12:57:49.712,416.6001938448817,99
2024-09-18 12:57:50.004,416.56306686151015,995
2024-09-18 12:57:50.121,416.51211304430086,100
2024-09-18 12:57:50.139,416.5739420436557,104
2024-09-18 12:57:50.150,416.539922853339,104
2024-09-18 12:57:50.177,416.5209821881169,98
2024-09-18 12:57:50.178,416.57833915927694,95
2024-09-18 12:57:50.271,416.52021749581735,999
2024-09-18 12:57:50.397,416.5743916392916,5
2024-09-18 12:57:50.398,416.5209175002241,98
2024-09-18 12:57:50.471,416.5028771228125,95
2024-09-18 12:57:50.474,416.5262939773721,8
2024-09-18 12:57:50.540,416.5912981716598,998
2024-09-18 12:57:50.546,416.5672226537943,15
2024-09-18 12:57:50.569,416.519098113312,995
2024-09-18 12:57:50.593,416.5201899102833,997
2024-09-18 12:57:50.595,,1001
2024-09-18 12:57:50.637,416.5428071707549,102
2024-09-18 12:57:50.721,416.583111780877,105
2024-09-18 12:57:50.730,416.49832176164574,12
2024-09-18 12:57:50.737,416.52758993668033,103
2024-09-18 12:57:50.853,416.5006033291083,6
2024-09-18 12:57:50.873,416.509429344793,6
2024-09-18 12:57:50.885,416.5681438563788,1005
2024-09-18 12:57:50.886,416.505264123206,99
2024-09-18 12:57:51.200,416.4766931620501,6
2024-09-18 12:57:51.208,416.48050975397,6
2024-09-18 12:57:51.370,416.5221947080602,1002
2024-09-18 12:57:51.430,416.4502971555347,104
2024-09-18 12:57:51.578,416.4546821188802,102
2024-09-18 12:57:51.669,416.4972116199893,1004
2024-09-18 12:57:51.902,416.4761237163408,1005
2024-09-18 12:57:52.031,416.4398637143558,10
2024-09-18 12:57:52.170,416.4547497821559,997
2024-09-18 12:57:52.183,416.4486543380169,5
2024-09-18 12:57:52.257,416.43293346223976,997
2024-09-18 12:57:52.265,416.4397001377647,101
2024-09-18 12:57:52.402,416.440886602833,100
2024-09-18 12:57:52.430,416.4287035336085,100
2024-09-18 12:57:52.473,416.4365235369124,104
2024-09-18 12:57:52.483,-416.4812357070414,7
2024-09-18 12:57:52.535,416.4528090892625,9
2024-09-18 12:57:52.670,416.4341928570429,12
2024-09-18 12:57:52.756,416.4471381498537,7
2024-09-18 12:57:52.789,416.4369981456091,99
2024-09-18 12:57:52.817,416.4647447939208,14
2024-09-18 12:57:52.819,416.439959819295,7
2024-09-18 12:57:52.823,,5
2024-09-18 12:57:52.852,416.45209113427416,13
2024-09-18 12:57:53.051,416.4321340947762,99
2024-09-18 12:57:53.093,416.451062942889,1003
2024-09-18 12:57:53.151,416.4308648516032,997
2024-09-18 12:57:53.297,416.4548862474045,15
2024-09-18 12:57:53.309,416.4269702852504,1004
2024-09-18 12:57:53.388,416.46958257723657,14
2024-09-18 12:57:53.412,416.4231145221288,9
2024-09-18 12:57:53.423,416.4096943525444,995
2024-09-18 12:57:53.504,416.4568759653285,97
2024-09-18 12:57:53.522,416.468767225459,14
2024-09-18 12:57:53.546,416.4355122491343,5
2024-09-18 12:57:53.558,416.452441862853,103
2024-09-18 12:57:53.566,416.4572305803784,102
2024-09-18 12:57:53.652,416.4519977105234,14
2024-09-18 12:57:53.844,-416.4400593817082,5
2024-09-18 12:57:53.847,416.43249423880826,100
2024-09-18 12:57:53.962,416.42690395781307,98
2024-09-18 12:57:54.007,416.4061531786149,11
2024-09-18 12:57:54.084,416.4052551064357,100
2024-09-18 12:57:54.103,416.3816184785773,7
2024-09-18 12:57:54.119,416.4108861459016,8
2024-09-18 12:57:54.126,416.3971548086528,10
2024-09-18 12:57:54.207,416.4445370577464,105
2024-09-18 12:57:54.285,416.44134207969705,5
2024-09-18 12:57:54.372,416.4076976392985,98
2024-09-18 12:57:54.420,416.4263098014499,8
2024-09-18 12:57:54.428,416.4082023128751,95
2024-09-18 12:57:54.436,416.3916639269867,15
2024-09-18 12:57:54.451,416.4230080889312,6
2024-09-18 12:57:54.578,416.3711271751325,995
2024-09-18 12:57:54.600,416.40742981101647,12
2024-09-18 12:57:54.624,416.4299990687911,11
2024-09-18 12:57:54.781,416.3836587481854,99
2024-09-18 12:57:54.976,416.41382394026976,101
2024-09-18 12:57:55.002,416.3801369221056,102
2024-09-18 12:57:55.018,-416.3920611346865,1002
2024-09-18 12:57:55.019,416.39676128326846,12
2024-09-18 12:57:55.110,416.39105687445664,9
2024-09-18 12:57:55.297,416.4045627024312,14
2024-09-18 12:57:55.299,416.3803325689913,8
2024-09-18 12:57:55.340,416.3933105628007,9
2024-09-18 12:57:55.370,416.3994534450693,95
2024-09-18 12:57:55.393,416.3978152364201,96
2024-09-18 12:57:55.454,416.4016636016197,96
2024-09-18 12:57:55.658,416.38037434636897,14
2024-09-18 12:57:55.739,416.398068335131,1000
2024-09-18 12:57:55.803,416.3812098074575,7
2024-09-18 12:57:55.864,416.39463788511136,1005
2024-09-18 12:57:55.900,416.39671914585216,103
2024-09-18 12:57:56.057,416.370659578089,8
2024-09-18 12:57:56.127,416.3689528936344,102
2024-09-18 12:57:56.160,416.3954125354524,98
2024-09-18 12:57:56.193,416.3784029092384,98
2024-09-18 12:57:56.199,416.3977386864319,1003
2024-09-18 12:57:56.211,416.4054184386504,5
2024-09-18 12:57:56.226,416.40261999461774,104
2024-09-18 12:57:56.227,416.3843904638615,104
2024-09-18 12:57:56.252,416.3996523431229,10
2024-09-18 12:57:56.261,416.395177387999,105
2024-09-18 12:57:56.371,416.3739924681488,103
2024-09-18 12:57:56.507,416.3538965171577,98
2024-09-18 12:57:56.509,416.35962260873055,998
2024-09-18 12:57:56.524,416.3769674966309,98
2024-09-18 12:57:56.529,416.383307547573,95
2024-09-18 12:57:56.539,416.3626154627688,998
2024-09-18 12:57:56.586,416.3634079221421,1004
2024-09-18 12:57:56.666,416.3936527058784,999
2024-09-18 12:57:56.755,416.36882996131993,997
2024-09-18 12:57:56.846,416.38161958403134,997
2024-09-18 12:57:56.850,416.38693995259376,1002
2024-09-18 12:57:56.935,416.3887032345524,995
2024-09-18 12:57:56.937,416.34763535945,1005
2024-09-18 12:57:56.947,416.4014721637209,5
2024-09-18 12:57:56.987,416.3760374318272,7
2024-09-18 12:57:57.045,416.341683503007,9
2024-09-18 12:57:57.156,416.35986421350657,15
2024-09-18 12:57:57.346,416.3725056660828,104
2024-09-18 12:57:57.504,41.634732531739886,104
2024-09-18 12:57:57.525,416.3605221114073,105
2024-09-18 12:57:57.822,416.3469947050785,10
2024-09-18 12:57:58.028,416.4194135954565,11
2024-09-18 12:57:58.047,416.4056317286751,104
2024-09-18 12:57:58.102,416.3889549308665,98
2024-09-18 12:57:58.223,416.4357820016691,103
2024-09-18 12:57:58.268,416.4182418448034,105
2024-09-18 12:57:58.298,416.40986641627296,5
2024-09-18 12:57:58.298,416.3623217088758,100
2024-09-18 12:57:58.326,416.4042312240972,9
2024-09-18 12:57:58.378,416.37293975800463,9
2024-09-18 12:57:58.405,416.4110841228024,105
2024-09-18 12:57:58.537,416.3998613148458,995
2024-09-18 12:57:58.546,416.41027931523246,8
2024-09-18 12:57:58.559,416.4078232643728,15
2024-09-18 12:57:58.559,416.39728145940734,12
2024-09-18 12:57:58.571,416.3861976253068,97
2024-09-18 12:57:58.595,416.3717189814262,99
2024-09-18 12:57:58.612,416.4033797648355,98
2024-09-18 12:57:58.623,416.3588889284348,998
2024-09-18 12:57:58.629,416.39104089903685,997
2024-09-18 12:57:58.635,416.3858658705455,104
2024-09-18 12:57:58.749,416.3670908022821,6
2024-09-18 12:57:58.858,416.3911053252745,13
2024-09-18 12:57:59.122,416.39487160680767,1001
2024-09-18 12:57:59.163,416.3916606508811,9
2024-09-18 12:57:59.290,416.39026646012815,103
2024-09-18 12:57:59.379,416.3831999872376,1002
2024-09-18 12:57:59.485,416.4163887585906,8
2024-09-18 12:57:59.532,416.4059572275346,96
2024-09-18 12:57:59.539,416.3732944576008,1003
2024-09-18 12:57:59.627,416.3571956975181,99
2024-09-18 12:57:59.667,416.3877128089586,105
2024-09-18 12:57:59.822,416.39621118413714,9
2024-09-18 12:57:59.842,416.3931467825384,13
2024-09-18 12:57:59.854,416.3613037360385,997
2024-09-18 12:57:59.922,416.3910424967721,99
2024-09-18 12:57:59.942,416.3999381006348,99
2024-09-18 12:57:59.968,416.4137085324895,98
2024-09-18 12:57:59.977,416.3919693121263,98
