Timestamp,Price,Size
2024-09-19 13:32:00.000,422.3561211953455,1005
2024-09-19 13:32:00.008,422.3133891707064,98
2024-09-19 13:32:00.024,422.3158365774023,11
2024-09-19 13:32:00.070,422.3035710536553,10
2024-09-19 13:32:00.155,422.2441874583136,105
2024-09-19 13:32:00.382,422.2504605162442,5
2024-09-19 13:32:00.503,422.300566948108,999
2024-09-19 13:32:00.550,422.3174608005256,101
2024-09-19 13:32:00.574,422.2593208159721,98
2024-09-19 13:32:00.607,422.2555843449059,11
2024-09-19 13:32:00.614,422.3428232925971,6
2024-09-19 13:32:00.691,422.3126464217752,102
2024-09-19 13:32:00.721,422.274158390134,10
2024-09-19 13:32:00.760,422.3398662927716,104
2024-09-19 13:32:00.828,422.2504151651527,95
2024-09-19 13:32:00.871,422.2794583902358,103
2024-09-19 13:32:00.887,422.28964901739175,5
2024-09-19 13:32:00.908,422.3112095266322,12
2024-09-19 13:32:00.916,42.23267683891458,14
2024-09-19 13:32:01.015,422.2214061063309,7
2024-09-19 13:32:01.055,422.2348287644821,9
2024-09-19 13:32:01.090,422.2185726418047,100
2024-09-19 13:32:01.109,422.2454324170007,95
2024-09-19 13:32:01.167,422.2397273072304,1002
2024-09-19 13:32:01.208,422.2376946512559,103
2024-09-19 13:32:01.225,422.25349878405353,6
2024-09-19 13:32:01.226,422.2343981012644,98
2024-09-19 13:32:01.229,422.2199110076373,1002
2024-09-19 13:32:01.234,422.2815434702257,104
2024-09-19 13:32:01.261,422.2788879903735,997
2024-09-19 13:32:01.338,422.29410879821137,105
2024-09-19 13:32:01.343,422.2441742780268,14
2024-09-19 13:32:01.423,422.2419247440304,104
2024-09-19 13:32:01.479,422.21889574708,99
2024-09-19 13:32:01.510,422.2847361744712,996
2024-09-19 13:32:01.613,422.1949152875412,998
2024-09-19 13:32:01.614,422.21343881468346,998
2024-09-19 13:32:01.680,422.2177047575631,5
2024-09-19 13:32:01.685,422.2498737091198,103
2024-09-19 13:32:01.750,422.2453803895079,105
2024-09-19 13:32:01.803,422.2413531536547,5
2024-09-19 13:32:01.892,422.211085030112,998
2024-09-19 13:32:01.898,42.22195361884084,1000
2024-09-19 13:32:01.913,422.2251057445674,1003
2024-09-19 13:32:01.924,422.2829758073111,6
2024-09-19 13:32:01.932,422.214654429284,1001
2024-09-19 13:32:02.034,422.20360553100807,996
2024-09-19 13:32:02.128,422.21465395530254,6
2024-09-19 13:32:02.182,422.1885270012474,9
2024-09-19 13:32:02.258,422.2187749415862,96
2024-09-19 13:32:02.264,422.1957428440691,7
2024-09-19 13:32:02.303,422.2010365222991,11
2024-09-19 13:32:02.335,42.22458520612918,10
2024-09-19 13:32:02.336,422.2014441246696,1002
2024-09-19 13:32:02.350,422.1978270931591,7
2024-09-19 13:32:02.382,422.1811068733487,1002
2024-09-19 13:32:02.487,422.21772053376,98
2024-09-19 13:32:02.529,422.2101558849049,11
2024-09-19 13:32:02.531,42.21997969063975,1000
2024-09-19 13:32:02.580,422.2193723764296,10
2024-09-19 13:32:02.593,422.2393218513682,14
2024-09-19 13:32:02.697,422.1994592058062,10
2024-09-19 13:32:02.705,422.1959185788419,15
2024-09-19 13:32:02.787,422.2274498361222,997
2024-09-19 13:32:02.823,422.1912969931341,98
2024-09-19 13:32:02.866,422.2174516902063,104
2024-09-19 13:32:02.881,422.2011854179343,996
2024-09-19 13:32:02.919,422.2455456581122,997
2024-09-19 13:32:02.934,422.1921181562577,15
2024-09-19 13:32:03.026,422.25520087092616,9
2024-09-19 13:32:03.065,422.21272299036445,6
2024-09-19 13:32:03.086,422.24058119289145,996
2024-09-19 13:32:03.120,422.2133778961101,11
2024-09-19 13:32:03.123,422.2539189240407,12
2024-09-19 13:32:03.197,42.22277447838257,10
2024-09-19 13:32:03.330,422.2412035640944,996
2024-09-19 13:32:03.343,422.2408242948051,1001
2024-09-19 13:32:03.353,422.2252155991259,6
2024-09-19 13:32:03.367,422.2375611520527,97
2024-09-19 13:32:03.371,422.2387986141872,15
2024-09-19 13:32:03.375,422.236900146676,996
2024-09-19 13:32:03.386,422.2358384923038,15
2024-09-19 13:32:03.390,422.2440601413092,1001
2024-09-19 13:32:03.481,422.2069265761253,1000
2024-09-19 13:32:03.584,422.2158953758647,1000
2024-09-19 13:32:03.625,422.2382741184422,99
2024-09-19 13:32:04.118,422.2118970977449,1000
2024-09-19 13:32:04.208,422.2337961254885,1001
2024-09-19 13:32:04.246,422.24277930089625,100
2024-09-19 13:32:04.354,422.2090441721815,996
2024-09-19 13:32:04.408,422.2504916297101,10
2024-09-19 13:32:04.490,422.2443179706791,998
2024-09-19 13:32:04.560,422.2435685931828,1005
2024-09-19 13:32:04.732,422.2193008015979,1003
2024-09-19 13:32:04.762,422.2261632591242,105
2024-09-19 13:32:04.904,422.21954512501605,995
2024-09-19 13:32:05.054,422.2233639281914,95
2024-09-19 13:32:05.229,422.2189099698889,999
2024-09-19 13:32:05.888,422.1955572025759,102
2024-09-19 13:32:05.975,422.238986187137,100
2024-09-19 13:32:06.274,422.23689195725296,1000
2024-09-19 13:32:06.586,422.2505470741341,998
2024-09-19 13:32:06.872,422.2430536522272,996
2024-09-19 13:32:07.015,422.21163786494856,12
2024-09-19 13:32:07.066,422.1870375054287,103
2024-09-19 13:32:07.095,422.23955250516826,8
2024-09-19 13:32:07.223,422.18739054412674,999
2024-09-19 13:32:07.269,422.1979338986172,1000
2024-09-19 13:32:07.288,422.2309604462823,7
2024-09-19 13:32:07.478,422.2453982681536,5
2024-09-19 13:32:07.500,422.20241296087096,998
2024-09-19 13:32:07.509,,98
2024-09-19 13:32:07.522,422.1894405970862,101
2024-09-19 13:32:07.540,422.1953699622486,1001
2024-09-19 13:32:07.620,422.20082034994687,14
2024-09-19 13:32:07.647,422.1756979909055,996
2024-09-19 13:32:07.654,422.2102916684452,7
2024-09-19 13:32:07.669,422.1851920953662,996
2024-09-19 13:32:07.734,422.1926419377391,1002
2024-09-19 13:32:07.813,422.1818518958647,99
2024-09-19 13:32:07.864,422.1954328731389,14
2024-09-19 13:32:07.873,422.2076989133889,99
2024-09-19 13:32:07.945,422.1937523685195,1005
2024-09-19 13:32:08.221,422.1975339773947,999
2024-09-19 13:32:08.536,-422.19605107373246,13
2024-09-19 13:32:08.797,422.19029144713807,15
2024-09-19 13:32:09.007,422.1902595514074,101
2024-09-19 13:32:09.132,422.1895357580238,8
2024-09-19 13:32:09.189,422.1781686300935,97
2024-09-19 13:32:09.199,422.1973161020663,1001
2024-09-19 13:32:09.212,422.220547696634,1004
2024-09-19 13:32:09.236,422.2153083618487,100
2024-09-19 13:32:09.281,-422.21435817642407,97
2024-09-19 13:32:09.285,422.2014610706839,6
2024-09-19 13:32:09.384,422.1918838036427,996
2024-09-19 13:32:09.615,422.2026346456468,99
2024-09-19 13:32:09.647,422.2156418141288,995
2024-09-19 13:32:09.727,422.19216434992506,14
2024-09-19 13:32:09.771,-422.1776797223944,8
2024-09-19 13:32:09.802,422.21411410236,100
2024-09-19 13:32:09.847,422.1732985736618,8
2024-09-19 13:32:09.861,422.2044275063329,9
2024-09-19 13:32:09.870,422.2195957834524,15
2024-09-19 13:32:09.871,422.1982096123868,12
2024-09-19 13:32:09.912,422.2262812633308,6
2024-09-19 13:32:09.988,422.1971680690372,14
2024-09-19 13:32:10.092,,105
2024-09-19 13:32:10.199,422.1500403867823,15
2024-09-19 13:32:10.319,422.1456329502207,9
2024-09-19 13:32:10.446,422.15560136135946,97
2024-09-19 13:32:10.498,422.1589174419556,6
2024-09-19 13:32:10.534,422.1608958450954,9
2024-09-19 13:32:11.007,422.1561261651708,14
2024-09-19 13:32:11.173,422.1862166446047,13
2024-09-19 13:32:11.183,422.1573338460484,1005
2024-09-19 13:32:11.197,422.1623251426574,13
2024-09-19 13:32:11.309,422.1571326706628,105
2024-09-19 13:32:11.478,422.1751771770883,996
2024-09-19 13:32:11.576,422.14940818341387,999
2024-09-19 13:32:11.629,422.1492181887948,15
2024-09-19 13:32:11.630,422.1739633319744,1002
2024-09-19 13:32:11.657,422.1507696619411,95
2024-09-19 13:32:11.678,422.1743317948633,999
2024-09-19 13:32:11.719,422.15386518586894,13
2024-09-19 13:32:11.763,422.1488339663334,100
2024-09-19 13:32:11.816,422.1534304022056,9
2024-09-19 13:32:11.891,422.16020854957895,102
2024-09-19 13:32:11.972,422.1942070432369,9
2024-09-19 13:32:12.051,422.2104987565274,95
2024-09-19 13:32:12.054,422.1745354431609,1005
2024-09-19 13:32:12.078,422.1559041178862,14
2024-09-19 13:32:12.120,422.1566880732444,8
2024-09-19 13:32:12.122,422.22000665584807,999
2024-09-19 13:32:12.123,42.21819940833024,95
2024-09-19 13:32:12.125,422.1650104728455,995
2024-09-19 13:32:12.151,422.1358779037053,95
2024-09-19 13:32:12.255,422.1865842148432,1002
2024-09-19 13:32:12.270,422.1363874481901,10
2024-09-19 13:32:12.330,422.1961998591856,98
2024-09-19 13:32:12.347,422.18951237676544,97
2024-09-19 13:32:12.370,422.1703444234155,14
2024-09-19 13:32:12.378,422.17656945538926,6
2024-09-19 13:32:12.426,422.19629728571056,13
2024-09-19 13:32:12.438,422.1995522773999,1003
2024-09-19 13:32:12.474,-422.1849465024397,999
2024-09-19 13:32:12.596,422.1782728219804,6
2024-09-19 13:32:12.608,422.2170263095121,95
2024-09-19 13:32:12.638,422.1865507362302,103
2024-09-19 13:32:12.709,422.1902963011856,13
2024-09-19 13:32:12.804,422.2174071617669,996
2024-09-19 13:32:12.823,422.17227023860806,97
2024-09-19 13:32:12.835,422.1745482024021,7
2024-09-19 13:32:12.921,422.2085120453706,95
2024-09-19 13:32:12.927,422.22989764840906,1005
2024-09-19 13:32:12.954,422.16916645630414,1002
2024-09-19 13:32:12.965,422.1541173303521,6
2024-09-19 13:32:13.044,422.2611642519258,100
2024-09-19 13:32:13.066,422.2251176169141,11
2024-09-19 13:32:13.089,422.1682114790279,102
2024-09-19 13:32:13.125,422.2106121252216,7
2024-09-19 13:32:13.127,422.1725177334736,998
2024-09-19 13:32:13.157,422.2663977213608,998
2024-09-19 13:32:13.187,422.2522207628262,12
2024-09-19 13:32:13.365,422.144287342167,998
2024-09-19 13:32:13.437,422.13824011770106,1004
2024-09-19 13:32:13.530,422.2712246436424,12
2024-09-19 13:32:13.638,422.2681321837644,1004
2024-09-19 13:32:13.668,422.17054139783,14
2024-09-19 13:32:13.685,42.219713301698654,7
2024-09-19 13:32:13.764,422.1745826432927,102
2024-09-19 13:32:13.857,422.19503620860365,15
2024-09-19 13:32:13.885,422.2483847310411,99
2024-09-19 13:32:13.900,422.2040228438936,12
2024-09-19 13:32:14.003,422.3248896821625,97
2024-09-19 13:32:14.007,422.37947021221913,999
2024-09-19 13:32:14.080,422.2560209543763,98
2024-09-19 13:32:14.097,422.44472935020514,1005
2024-09-19 13:32:14.100,422.3290892102923,998
2024-09-19 13:32:14.125,422.4797696870051,100
2024-09-19 13:32:14.130,422.25821241057946,1003
2024-09-19 13:32:14.146,422.4104565010176,102
2024-09-19 13:32:14.200,422.3082029600731,995
2024-09-19 13:32:14.241,422.40228699852304,1005
2024-09-19 13:32:14.344,422.25680746507226,13
2024-09-19 13:32:14.375,422.27050641476535,1002
2024-09-19 13:32:14.398,422.33283185756574,8
2024-09-19 13:32:14.409,422.33641855773067,97
2024-09-19 13:32:14.496,422.3727933862568,11
2024-09-19 13:32:14.647,422.3300882658288,7
2024-09-19 13:32:14.836,422.3709943934063,12
2024-09-19 13:32:14.873,422.35888420590607,100
2024-09-19 13:32:14.884,422.3126139305739,1003
2024-09-19 13:32:14.909,422.45401826783007,1001
2024-09-19 13:32:14.935,422.345642581733,9
2024-09-19 13:32:14.998,422.4596838545018,6
2024-09-19 13:32:16.173,422.5133568725863,995
2024-09-19 13:32:16.182,422.4917856944914,96
2024-09-19 13:32:16.449,422.56965080183215,999
2024-09-19 13:32:16.466,422.50905553215983,1001
2024-09-19 13:32:16.490,422.4949959539076,1000
2024-09-19 13:32:16.605,422.5727311459775,15
2024-09-19 13:32:16.622,422.5799482096671,99
2024-09-19 13:32:16.686,422.5036682288346,97
2024-09-19 13:32:16.763,422.57173334172967,105
2024-09-19 13:32:16.785,422.5772967244007,99
2024-09-19 13:32:16.918,422.578843439464,1000
2024-09-19 13:32:16.959,422.5481347151498,13
2024-09-19 13:32:16.967,422.56912731896114,1001
2024-09-19 13:32:16.968,422.5921112226732,105
2024-09-19 13:32:16.981,422.5910717940218,100
2024-09-19 13:32:17.017,422.5574655407733,13
2024-09-19 13:32:17.091,422.53571229113896,97
2024-09-19 13:32:17.127,422.5296520492057,14
2024-09-19 13:32:17.214,422.5386505704412,996
2024-09-19 13:32:17.359,422.5571103652105,12
2024-09-19 13:32:17.380,422.5349968854623,99
2024-09-19 13:32:17.893,422.52741461619615,105
2024-09-19 13:32:17.949,422.5483609648943,104
2024-09-19 13:32:18.035,422.5328898049368,9
2024-09-19 13:32:18.108,422.5181230062227,102
2024-09-19 13:32:18.182,-422.5210434866044,9
2024-09-19 13:32:18.253,422.5532411557641,1003
2024-09-19 13:32:18.348,422.53514293691165,1000
2024-09-19 13:32:18.514,422.5147672755249,99
2024-09-19 13:32:18.593,422.5143890254248,1001
2024-09-19 13:32:18.635,422.5403487430882,13
2024-09-19 13:32:18.680,422.5123228468439,11
2024-09-19 13:32:18.940,42.2548722637784,14
2024-09-19 13:32:18.988,42.25163174681945,1002
2024-09-19 13:32:19.014,422.5367478081578,105
2024-09-19 13:32:19.022,422.5207737297556,11
2024-09-19 13:32:19.042,422.54370920263625,997
2024-09-19 13:32:19.066,422.5151121784613,9
2024-09-19 13:32:19.108,422.5202132760576,10
2024-09-19 13:32:19.205,422.5679978417317,14
2024-09-19 13:32:19.206,422.5315563461077,999
2024-09-19 13:32:19.370,422.5579664000626,1002
2024-09-19 13:32:19.370,422.5195859411101,14
2024-09-19 13:32:19.371,422.5026825623716,97
2024-09-19 13:32:19.438,422.5160775197693,1002
2024-09-19 13:32:19.493,422.5295599562268,7
2024-09-19 13:32:19.627,422.5302409991471,99
2024-09-19 13:32:19.661,422.55639062118,995
2024-09-19 13:32:19.736,422.5246060446749,999
2024-09-19 13:32:19.758,422.5009269182056,100
2024-09-19 13:32:19.902,422.5095492640972,10
2024-09-19 13:32:19.928,422.5166647543092,99
2024-09-19 13:32:20.101,422.5717069435549,998
2024-09-19 13:32:20.110,422.5401786042932,102
2024-09-19 13:32:20.179,422.5414868029014,1004
2024-09-19 13:32:20.241,422.5573680068592,1003
2024-09-19 13:32:20.359,422.5581973228728,1001
2024-09-19 13:32:20.440,422.53177193774536,995
2024-09-19 13:32:20.607,422.57120506798685,101
2024-09-19 13:32:20.674,422.5401677663207,97
2024-09-19 13:32:20.766,422.54196365319336,103
2024-09-19 13:32:20.969,422.5654668346901,998
2024-09-19 13:32:21.296,422.5251073630654,95
2024-09-19 13:32:21.358,422.4970368833343,6
2024-09-19 13:32:21.379,422.4936077389111,10
2024-09-19 13:32:21.819,422.5022616231362,12
2024-09-19 13:32:21.940,422.5121585191085,8
2024-09-19 13:32:22.061,422.5061768856528,996
2024-09-19 13:32:22.140,422.5006556092277,103
2024-09-19 13:32:22.504,422.4714667748975,996
2024-09-19 13:32:23.025,422.43822552546703,10
2024-09-19 13:32:23.172,422.4422133000626,8
2024-09-19 13:32:23.277,422.43187643505325,101
2024-09-19 13:32:23.423,422.4338495487697,9
2024-09-19 13:32:23.463,422.408442560421,996
2024-09-19 13:32:23.476,422.4291368673041,102
2024-09-19 13:32:23.778,422.4225883351769,10
2024-09-19 13:32:23.815,422.4477044326992,98
2024-09-19 13:32:23.819,422.4122104758946,996
2024-09-19 13:32:23.821,422.4430660435413,10
2024-09-19 13:32:23.830,422.4320676585163,15
2024-09-19 13:32:23.853,422.4257483723531,1000
2024-09-19 13:32:23.969,422.4314509778839,6
2024-09-19 13:32:23.979,422.4159503521673,100
2024-09-19 13:32:23.988,422.42598367744097,7
2024-09-19 13:32:24.831,422.41765374436807,101
2024-09-19 13:32:24.917,422.41512163037913,102
2024-09-19 13:32:25.343,422.419429740569,13
2024-09-19 13:32:25.504,422.4026500621866,14
2024-09-19 13:32:25.518,422.39736076509854,996
2024-09-19 13:32:25.667,422.3909194205146,103
2024-09-19 13:32:25.857,422.4109212864932,8
2024-09-19 13:32:25.877,422.4059928093863,998
2024-09-19 13:32:25.887,422.4086941330207,12
2024-09-19 13:32:26.053,422.4217160834152,7
2024-09-19 13:32:26.158,422.4157960855215,100
2024-09-19 13:32:26.290,422.4166590958828,96
2024-09-19 13:32:26.364,422.4163700164549,97
2024-09-19 13:32:26.399,422.4188903280948,5
2024-09-19 13:32:26.429,422.3971643757354,8
2024-09-19 13:32:26.451,422.4064278493648,100
2024-09-19 13:32:26.461,422.4291311622555,5
2024-09-19 13:32:26.508,422.389727081927,15
2024-09-19 13:32:26.586,422.4024904946278,100
2024-09-19 13:32:26.718,422.4297903420816,96
2024-09-19 13:32:26.730,422.3911205133968,6
2024-09-19 13:32:26.810,422.4090838056917,98
2024-09-19 13:32:26.932,422.4118040874303,9
2024-09-19 13:32:27.052,422.4721228929805,103
2024-09-19 13:32:27.066,422.4135970545543,999
2024-09-19 13:32:27.104,422.5157396350659,102
2024-09-19 13:32:27.120,422.5529814879116,99
2024-09-19 13:32:27.162,422.4413437131536,101
2024-09-19 13:32:27.219,-42.255621570742285,15
2024-09-19 13:32:27.269,422.5942586685711,98
2024-09-19 13:32:27.278,422.4112967563745,95
2024-09-19 13:32:27.326,422.5200081130752,997
2024-09-19 13:32:27.333,422.4256151943172,1002
2024-09-19 13:32:27.335,422.4222744009281,7
2024-09-19 13:32:27.401,422.3933006535616,1004
2024-09-19 13:32:27.448,422.58650323511785,100
2024-09-19 13:32:27.471,422.4205158695268,12
2024-09-19 13:32:27.472,422.4884719200451,15
2024-09-19 13:32:27.493,422.4564709220377,5
2024-09-19 13:32:27.532,422.504216474656,104
2024-09-19 13:32:27.541,422.4248738639489,99
2024-09-19 13:32:27.550,422.5502239400003,996
2024-09-19 13:32:27.600,422.47425508683466,100
2024-09-19 13:32:27.737,422.42636680166527,11
2024-09-19 13:32:27.791,422.5503704232431,998
2024-09-19 13:32:27.831,422.46135376648704,1000
2024-09-19 13:32:27.853,422.5818546741893,101
2024-09-19 13:32:27.915,-422.5222633809928,7
2024-09-19 13:32:27.936,422.541162538288,999
2024-09-19 13:32:27.983,422.5423220099764,1002
2024-09-19 13:32:27.999,422.42150089608674,999
2024-09-19 13:32:28.181,422.6031662118641,13
2024-09-19 13:32:29.082,422.5798500403829,104
2024-09-19 13:32:29.091,422.5942842438215,10
2024-09-19 13:32:29.123,422.5768545811256,1001
2024-09-19 13:32:29.152,422.5971928481574,997
2024-09-19 13:32:29.420,422.63470452603394,99
2024-09-19 13:32:29.422,422.63744722641513,99
2024-09-19 13:32:29.445,422.6046120385886,99
2024-09-19 13:32:29.492,-422.6397296074603,15
2024-09-19 13:32:29.503,422.5712240160285,103
2024-09-19 13:32:29.905,422.6112208374996,11
2024-09-19 13:32:29.957,422.6035132482282,14
2024-09-19 13:32:30.013,422.50906908440345,7
2024-09-19 13:32:30.021,422.6127712456021,101
2024-09-19 13:32:30.045,422.6137334372485,10
2024-09-19 13:32:30.070,422.6110071516657,1005
2024-09-19 13:32:30.138,422.6031395473732,998
2024-09-19 13:32:30.151,422.5513499195732,8
2024-09-19 13:32:30.294,,10
2024-09-19 13:32:30.341,422.59870143732337,995
2024-09-19 13:32:30.362,422.5922392340016,100
2024-09-19 13:32:30.376,422.6276846917259,998
2024-09-19 13:32:30.410,422.5472371108464,96
2024-09-19 13:32:30.436,422.5968091348438,9
2024-09-19 13:32:30.616,422.6156957501855,14
2024-09-19 13:32:30.624,422.58479180295046,98
2024-09-19 13:32:30.658,422.6270881500443,100
2024-09-19 13:32:30.758,422.5147952445359,7
2024-09-19 13:32:30.903,42.259517196288186,11
2024-09-19 13:32:30.904,422.61035331625686,8
2024-09-19 13:32:31.034,422.5402702405224,10
2024-09-19 13:32:31.087,422.5308665175455,998
2024-09-19 13:32:31.096,422.54443010250793,97
2024-09-19 13:32:31.205,422.5312061773843,102
2024-09-19 13:32:31.208,-422.5435027045842,101
2024-09-19 13:32:31.211,422.5328252124729,1004
2024-09-19 13:32:31.242,422.55536891941705,102
2024-09-19 13:32:31.271,422.5126063095943,95
2024-09-19 13:32:31.287,422.52625600514745,10
2024-09-19 13:32:31.429,422.59694535327696,104
2024-09-19 13:32:31.477,422.55564122987937,102
2024-09-19 13:32:31.515,422.5586443660706,102
2024-09-19 13:32:31.549,422.5357349856333,10
2024-09-19 13:32:31.630,422.55636309390064,11
2024-09-19 13:32:31.671,422.5691178971518,13
2024-09-19 13:32:31.683,422.57718352575085,12
2024-09-19 13:32:31.733,422.5324922262724,8
2024-09-19 13:32:31.880,422.54488643358366,14
2024-09-19 13:32:31.886,422.5569404820563,1001
2024-09-19 13:32:31.938,422.6297726414295,99
2024-09-19 13:32:31.944,422.6136839029802,98
2024-09-19 13:32:31.948,422.6170346733976,998
2024-09-19 13:32:32.061,422.652804608724,98
2024-09-19 13:32:32.088,422.6603930907741,1003
2024-09-19 13:32:32.271,422.6814891877879,998
2024-09-19 13:32:32.304,422.64775141897184,1000
2024-09-19 13:32:32.335,422.6908628819356,1003
2024-09-19 13:32:32.542,422.6399076781738,996
2024-09-19 13:32:32.751,422.65697433617146,5
2024-09-19 13:32:32.773,422.6443077539202,97
2024-09-19 13:32:32.820,422.6357740582262,1001
2024-09-19 13:32:32.846,422.6807397447175,6
2024-09-19 13:32:32.867,422.6550295440713,96
2024-09-19 13:32:32.902,422.6477470141688,1005
2024-09-19 13:32:32.934,422.6610778894359,9
2024-09-19 13:32:32.956,422.6429644517131,7
2024-09-19 13:32:32.978,422.6318926041112,97
2024-09-19 13:32:33.040,422.7775810373222,5
2024-09-19 13:32:33.069,422.7417067640435,13
2024-09-19 13:32:33.104,422.7052908539784,999
2024-09-19 13:32:33.121,422.721401376678,15
2024-09-19 13:32:33.131,422.6217279473476,100
2024-09-19 13:32:33.181,422.6271220780504,103
2024-09-19 13:32:33.293,422.7146286798126,1005
2024-09-19 13:32:33.320,422.6550128046844,1003
2024-09-19 13:32:33.428,422.6637592813975,999
2024-09-19 13:32:33.453,422.7722780120884,99
2024-09-19 13:32:33.578,422.7075161375994,995
2024-09-19 13:32:33.594,422.760840418164,1000
2024-09-19 13:32:33.598,422.63706429801925,5
2024-09-19 13:32:33.672,422.6932880517943,995
2024-09-19 13:32:33.691,422.7705183738861,13
2024-09-19 13:32:33.747,422.66478866833074,1000
2024-09-19 13:32:33.842,422.6894126047121,98
2024-09-19 13:32:33.975,422.77854269728897,1000
2024-09-19 13:32:34.387,42.27544305337429,1004
2024-09-19 13:32:34.421,422.7808693438898,96
2024-09-19 13:32:34.709,422.7427691194902,12
2024-09-19 13:32:34.719,422.7811143390711,15
2024-09-19 13:32:34.760,422.7409209256566,11
2024-09-19 13:32:34.790,422.75701528421945,100
2024-09-19 13:32:34.868,422.7530997025736,14
2024-09-19 13:32:35.144,422.81156806725136,1003
2024-09-19 13:32:35.195,422.8193667950552,99
2024-09-19 13:32:35.273,422.75432383962914,11
2024-09-19 13:32:35.306,422.8072497247944,100
2024-09-19 13:32:35.369,422.7943492008259,6
2024-09-19 13:32:35.422,422.8195314364641,9
2024-09-19 13:32:35.472,422.7941548762437,7
2024-09-19 13:32:35.475,422.81826536061726,7
2024-09-19 13:32:35.515,422.8187508437439,14
2024-09-19 13:32:35.515,422.81950333524514,1004
2024-09-19 13:32:35.610,422.74468992316986,100
2024-09-19 13:32:35.629,422.79981083028935,100
2024-09-19 13:32:35.642,422.7617207175088,1004
2024-09-19 13:32:35.647,422.8263352259261,104
2024-09-19 13:32:35.722,422.7995480850007,1002
2024-09-19 13:32:35.731,-422.7551672549763,5
2024-09-19 13:32:35.790,422.8028577895469,96
2024-09-19 13:32:35.808,422.7562711862959,10
2024-09-19 13:32:35.837,422.7915338158857,8
2024-09-19 13:32:35.851,422.7481212851537,995
2024-09-19 13:32:35.938,422.7798495194359,99
2024-09-19 13:32:35.945,422.8040438351405,14
2024-09-19 13:32:36.275,422.8298634162383,14
2024-09-19 13:32:38.007,422.84899431992943,1005
2024-09-19 13:32:38.017,422.8213746201952,997
2024-09-19 13:32:38.075,422.84851281418486,5
2024-09-19 13:32:38.272,422.8209213587711,995
2024-09-19 13:32:38.297,,97
2024-09-19 13:32:38.429,422.8292927682397,10
2024-09-19 13:32:38.455,422.8744166874095,995
2024-09-19 13:32:38.528,422.8207228856711,1000
2024-09-19 13:32:38.581,422.7901252658037,5
2024-09-19 13:32:38.610,422.8257329049773,13
2024-09-19 13:32:38.665,422.80967890152914,997
2024-09-19 13:32:38.702,422.8287827148141,995
2024-09-19 13:32:38.707,422.83453880426765,997
2024-09-19 13:32:38.711,422.8092833078312,6
2024-09-19 13:32:38.758,422.8579617025246,12
2024-09-19 13:32:38.927,422.82111971909023,15
2024-09-19 13:32:39.101,422.9410058003372,1002
2024-09-19 13:32:39.135,422.9311884472565,101
2024-09-19 13:32:39.177,422.8991020593788,10
2024-09-19 13:32:39.183,422.951974059981,102
2024-09-19 13:32:39.308,422.9128622735937,105
2024-09-19 13:32:39.361,422.91605274497874,15
2024-09-19 13:32:39.480,422.9419810527401,1003
2024-09-19 13:32:39.531,422.9446372007387,98
2024-09-19 13:32:39.540,422.8723765947415,12
2024-09-19 13:32:39.606,422.91117089179465,105
2024-09-19 13:32:39.707,422.953467632187,105
2024-09-19 13:32:39.716,422.9459389018485,102
2024-09-19 13:32:39.745,422.924938815718,1001
2024-09-19 13:32:39.771,422.8774153968155,95
2024-09-19 13:32:39.888,422.9483230038284,12
2024-09-19 13:32:39.939,422.9365487539261,101
2024-09-19 13:32:39.993,422.9344991426539,997
2024-09-19 13:32:40.001,422.97125032202285,1000
2024-09-19 13:32:40.151,422.9601989134395,10
2024-09-19 13:32:40.195,422.9462747531247,12
2024-09-19 13:32:40.440,422.9570421316184,99
2024-09-19 13:32:40.549,422.9694952628881,995
2024-09-19 13:32:40.881,422.97108025122265,97
2024-09-19 13:32:41.258,422.9353903892047,1003
2024-09-19 13:32:41.526,,1005
2024-09-19 13:32:41.545,422.9356789246455,996
2024-09-19 13:32:41.579,422.94354344005467,6
2024-09-19 13:32:41.745,422.93386590589193,96
2024-09-19 13:32:41.767,422.94571262050727,96
2024-09-19 13:32:41.801,422.9258883429095,10
2024-09-19 13:32:41.834,422.9360709602237,1000
2024-09-19 13:32:42.000,422.8570443792543,1002
2024-09-19 13:32:42.069,422.858865302438,103
2024-09-19 13:32:42.088,422.8760359788686,5
2024-09-19 13:32:42.191,422.86557914241627,15
2024-09-19 13:32:42.329,422.8226807173413,1001
2024-09-19 13:32:42.407,422.8452798584145,104
2024-09-19 13:32:42.455,-422.8500582867309,1000
2024-09-19 13:32:42.458,422.8986367020736,11
2024-09-19 13:32:42.482,422.91377529164055,1005
2024-09-19 13:32:42.483,422.8977302837207,1000
2024-09-19 13:32:42.495,422.84212686965407,8
2024-09-19 13:32:42.505,422.85946327968645,1000
2024-09-19 13:32:42.541,422.84551752035054,105
2024-09-19 13:32:42.572,422.9202480461093,96
2024-09-19 13:32:42.653,422.86087275852105,98
2024-09-19 13:32:42.716,422.8608665736286,105
2024-09-19 13:32:42.727,422.84196467714975,96
2024-09-19 13:32:42.804,422.86232267775614,105
2024-09-19 13:32:42.822,422.8512778190864,1000
2024-09-19 13:32:42.874,422.8384572154576,8
2024-09-19 13:32:42.889,422.8499034764481,1004
2024-09-19 13:32:42.938,422.9097026240269,97
2024-09-19 13:32:43.271,422.8115552880356,997
2024-09-19 13:32:44.008,422.80273280024704,104
2024-09-19 13:32:44.018,422.7825366283371,10
2024-09-19 13:32:44.057,422.789555588948,1003
2024-09-19 13:32:44.061,422.8085764641686,999
2024-09-19 13:32:44.178,422.7883054655514,105
2024-09-19 13:32:44.194,422.7812230046165,101
2024-09-19 13:32:44.213,422.8032546770384,15
2024-09-19 13:32:44.241,422.7801241190688,1002
2024-09-19 13:32:44.262,422.8044136430168,995
2024-09-19 13:32:44.304,-422.7575436603642,100
2024-09-19 13:32:44.336,422.7966123607172,101
2024-09-19 13:32:44.355,422.81023460573647,8
2024-09-19 13:32:44.387,422.80893302618966,1003
2024-09-19 13:32:44.504,422.7861759443557,1005
2024-09-19 13:32:44.516,422.803095491321,105
2024-09-19 13:32:44.541,422.8013011700415,96
2024-09-19 13:32:44.576,422.7864153667773,1005
2024-09-19 13:32:44.588,422.8039348367577,10
2024-09-19 13:32:44.611,422.8022098954741,1001
2024-09-19 13:32:44.706,422.77289611356593,995
2024-09-19 13:32:44.780,422.7787830279995,104
2024-09-19 13:32:44.786,422.764120155984,15
2024-09-19 13:32:44.826,422.77954557200337,996
2024-09-19 13:32:45.008,422.7356546690652,997
2024-09-19 13:32:45.140,422.7196623319662,9
2024-09-19 13:32:45.146,422.7276127157346,5
2024-09-19 13:32:45.150,422.7636024771602,999
2024-09-19 13:32:45.157,422.7709417179087,11
2024-09-19 13:32:45.224,422.7655676520554,1005
2024-09-19 13:32:45.372,422.7534653879585,104
2024-09-19 13:32:45.389,422.7645376826053,11
2024-09-19 13:32:45.493,422.7603572422073,96
2024-09-19 13:32:45.495,422.7231967891578,97
2024-09-19 13:32:45.545,422.7330268517245,5
2024-09-19 13:32:45.599,422.73345217043817,6
2024-09-19 13:32:45.792,422.726534444321,99
2024-09-19 13:32:45.799,422.74230365814697,1005
2024-09-19 13:32:45.803,422.7744418658186,1002
2024-09-19 13:32:45.822,422.7347306414247,999
2024-09-19 13:32:45.828,422.7395485127331,9
2024-09-19 13:32:45.847,422.7470455036233,8
2024-09-19 13:32:45.858,422.728007871993,7
2024-09-19 13:32:45.873,422.7568860991454,12
2024-09-19 13:32:45.909,422.7500326503927,105
2024-09-19 13:32:45.986,422.7447982539454,8
2024-09-19 13:32:46.014,422.75198411103366,1005
2024-09-19 13:32:46.193,422.67678140591335,999
2024-09-19 13:32:46.282,422.7325313960476,11
2024-09-19 13:32:46.283,422.70127415777125,97
2024-09-19 13:32:46.329,422.6796291126436,998
2024-09-19 13:32:46.370,422.7329719238418,995
2024-09-19 13:32:46.400,422.7288913611428,9
2024-09-19 13:32:46.428,422.7601181463236,1000
2024-09-19 13:32:46.430,422.74429042480784,102
2024-09-19 13:32:46.433,422.7410941059048,1004
2024-09-19 13:32:46.477,422.70826727982745,12
2024-09-19 13:32:46.489,422.7275690438027,101
2024-09-19 13:32:46.541,422.6752755561737,104
2024-09-19 13:32:46.606,422.6841581454959,1003
2024-09-19 13:32:46.684,422.69567717605287,996
2024-09-19 13:32:46.775,422.68845924962415,6
2024-09-19 13:32:46.777,422.7571162771178,999
2024-09-19 13:32:46.802,422.7461630446684,999
2024-09-19 13:32:46.818,422.75892429613407,98
2024-09-19 13:32:46.872,422.6792220040096,11
2024-09-19 13:32:46.891,422.7009773098281,1000
2024-09-19 13:32:46.936,422.6789380919057,8
2024-09-19 13:32:46.945,422.76024859076574,13
2024-09-19 13:32:46.988,422.728560806042,101
2024-09-19 13:32:47.247,422.7136925169698,998
2024-09-19 13:32:47.249,422.690218615148,1002
2024-09-19 13:32:47.294,422.6902078816459,103
2024-09-19 13:32:47.529,422.7442354222586,100
2024-09-19 13:32:47.714,422.7427237412637,14
2024-09-19 13:32:47.733,422.75659402285874,9
2024-09-19 13:32:47.759,422.6988405736046,95
2024-09-19 13:32:47.778,422.7340531701056,7
2024-09-19 13:32:47.785,422.7036180490474,8
2024-09-19 13:32:47.845,422.7590541215691,11
2024-09-19 13:32:48.022,422.7663034537035,11
2024-09-19 13:32:48.027,422.7927043154359,7
2024-09-19 13:32:48.080,422.685327294499,8
2024-09-19 13:32:48.129,422.6840456042544,14
2024-09-19 13:32:48.222,422.7651137167839,1000
2024-09-19 13:32:48.225,422.79288056246185,10
2024-09-19 13:32:48.305,422.7497753947709,1000
2024-09-19 13:32:48.307,422.7485634106586,103
2024-09-19 13:32:48.334,422.78644243964857,98
2024-09-19 13:32:48.350,422.7996149602822,100
2024-09-19 13:32:48.396,422.76525021190673,13
2024-09-19 13:32:48.415,422.7093732954023,12
2024-09-19 13:32:48.493,422.7652895958324,1000
2024-09-19 13:32:48.499,422.7065894512692,8
2024-09-19 13:32:48.504,422.6742339508973,996
2024-09-19 13:32:48.530,422.6704411166592,100
2024-09-19 13:32:48.566,422.78576201194176,1002
2024-09-19 13:32:48.568,422.6689394851156,98
2024-09-19 13:32:48.579,422.67753723368935,7
2024-09-19 13:32:48.689,422.810170831884,1003
2024-09-19 13:32:48.732,422.7918736081004,7
2024-09-19 13:32:48.850,422.7806799148752,105
2024-09-19 13:32:48.876,422.7713313065461,8
2024-09-19 13:32:48.883,422.6890931274956,998
2024-09-19 13:32:48.989,422.6844465844597,7
2024-09-19 13:32:48.997,422.6764920975704,999
2024-09-19 13:32:48.998,422.7305298471919,101
2024-09-19 13:32:49.100,422.80579884521023,997
2024-09-19 13:32:49.104,422.8005151140871,6
2024-09-19 13:32:49.111,422.8255168114183,995
2024-09-19 13:32:49.267,422.839738733824,10
2024-09-19 13:32:49.351,422.8064429739517,101
2024-09-19 13:32:49.448,422.79869409728735,6
2024-09-19 13:32:49.508,422.8343089320712,999
2024-09-19 13:32:49.530,422.8084266063951,5
2024-09-19 13:32:49.569,422.8116380701473,13
2024-09-19 13:32:49.653,422.814097271533,999
2024-09-19 13:32:49.675,422.8294840544823,12
2024-09-19 13:32:49.717,422.84801880567454,10
2024-09-19 13:32:49.780,422.8080541126558,101
2024-09-19 13:32:49.786,422.82430410802107,6
2024-09-19 13:32:49.811,422.8135279041819,103
2024-09-19 13:32:50.010,422.8740687583444,102
2024-09-19 13:32:50.100,422.84375897789806,1005
2024-09-19 13:32:50.130,422.8293674255669,102
2024-09-19 13:32:50.161,422.77753586912246,9
2024-09-19 13:32:50.231,422.8291003599023,7
2024-09-19 13:32:50.232,422.86540941615823,995
2024-09-19 13:32:50.454,422.8161068775338,99
2024-09-19 13:32:50.460,422.8381495964234,96
2024-09-19 13:32:50.514,422.7940210524132,1002
2024-09-19 13:32:50.524,422.8004358577863,100
2024-09-19 13:32:50.531,422.8272811397525,10
2024-09-19 13:32:50.548,422.80572825577815,98
2024-09-19 13:32:50.556,422.87387496453175,999
2024-09-19 13:32:50.625,422.868983206436,98
2024-09-19 13:32:50.718,422.7955215115583,999
2024-09-19 13:32:50.757,422.8896342478192,1000
2024-09-19 13:32:50.835,422.8250828643436,7
2024-09-19 13:32:50.836,422.89013629364257,15
2024-09-19 13:32:50.861,422.82239387931577,996
2024-09-19 13:32:50.883,422.8100770186417,1001
2024-09-19 13:32:50.886,422.8186252086434,102
2024-09-19 13:32:50.893,422.88209918949536,1002
2024-09-19 13:32:50.901,422.7934381133345,9
2024-09-19 13:32:50.912,422.8537677007672,104
2024-09-19 13:32:50.925,422.84904292593774,95
2024-09-19 13:32:50.962,422.8004001709102,101
2024-09-19 13:32:50.968,422.8638255181053,999
2024-09-19 13:32:50.996,422.86489181472336,5
2024-09-19 13:32:51.136,422.8761386782104,12
2024-09-19 13:32:51.183,422.8773471458186,1003
2024-09-19 13:32:51.232,422.8980733493881,99
2024-09-19 13:32:51.518,422.8970598323505,12
2024-09-19 13:32:51.649,422.8892499575941,15
2024-09-19 13:32:51.654,422.8978299254706,6
2024-09-19 13:32:51.692,422.8817979655677,96
2024-09-19 13:32:51.960,422.8892813467366,9
2024-09-19 13:32:52.018,422.8763182549751,97
2024-09-19 13:32:52.059,422.9265217407298,1000
2024-09-19 13:32:52.133,422.8849721176729,1005
2024-09-19 13:32:52.395,422.9136855376767,1003
2024-09-19 13:32:52.416,422.9040639044457,96
2024-09-19 13:32:52.458,422.9167961185698,102
2024-09-19 13:32:52.535,422.9147543079829,99
2024-09-19 13:32:52.722,422.8944292324651,1003
2024-09-19 13:32:52.857,-422.922975506229,1003
2024-09-19 13:32:52.864,422.92473225620296,1001
2024-09-19 13:32:52.958,422.90482973177535,6
2024-09-19 13:32:53.015,422.8675851269927,7
2024-09-19 13:32:53.152,422.89076079560425,101
2024-09-19 13:32:53.156,422.8944214008216,1001
2024-09-19 13:32:53.268,422.8642953687756,5
2024-09-19 13:32:53.269,422.86636830173535,100
2024-09-19 13:32:53.388,422.852854060218,12
2024-09-19 13:32:53.591,422.8618567248406,10
2024-09-19 13:32:53.611,422.8937063291728,1002
2024-09-19 13:32:53.647,422.9214380427466,11
2024-09-19 13:32:53.699,422.9045036446352,1003
2024-09-19 13:32:53.754,422.8722701757309,1002
2024-09-19 13:32:53.815,422.9097501134552,98
2024-09-19 13:32:54.137,422.8222056923192,101
2024-09-19 13:32:54.179,422.7922860411896,97
2024-09-19 13:32:54.241,422.8034995388933,1005
2024-09-19 13:32:54.262,422.815347888692,12
2024-09-19 13:32:54.265,422.8609458033473,1004
2024-09-19 13:32:54.267,422.82199236648006,15
2024-09-19 13:32:54.310,422.8180387459999,1002
2024-09-19 13:32:54.366,422.8252523155507,1000
2024-09-19 13:32:54.381,422.81695935018666,95
2024-09-19 13:32:54.427,422.82648090745033,103
2024-09-19 13:32:54.519,422.8251076140846,995
2024-09-19 13:32:54.527,422.8181409836616,98
2024-09-19 13:32:54.584,422.8177807763821,105
2024-09-19 13:32:54.595,-422.831188716434,1005
2024-09-19 13:32:54.625,422.8099459839586,96
2024-09-19 13:32:54.648,422.8039518540373,997
2024-09-19 13:32:54.660,422.8216500485097,100
2024-09-19 13:32:54.691,422.80306514833126,1003
2024-09-19 13:32:54.694,422.81698561787886,7
2024-09-19 13:32:54.712,422.8132984001558,10
2024-09-19 13:32:54.722,422.8073969350112,9
2024-09-19 13:32:54.782,422.8527237486342,1005
2024-09-19 13:32:54.804,422.79043748882646,100
2024-09-19 13:32:54.872,422.7920507652197,97
2024-09-19 13:32:55.216,422.8363300589057,999
2024-09-19 13:32:55.366,422.8379583229157,1003
2024-09-19 13:32:55.409,422.8428908058565,104
2024-09-19 13:32:56.008,422.8698734616566,995
2024-09-19 13:32:56.028,422.8753996777314,98
2024-09-19 13:32:56.034,422.84712802037353,9
2024-09-19 13:32:56.043,422.87936991861375,13
2024-09-19 13:32:56.066,422.8793304668949,105
2024-09-19 13:32:56.076,422.913737386045,97
2024-09-19 13:32:56.258,422.91278529202407,102
2024-09-19 13:32:56.290,422.8757888096368,104
2024-09-19 13:32:56.377,422.9231657092882,101
2024-09-19 13:32:56.410,422.9054549952186,999
2024-09-19 13:32:56.418,422.9121961017037,1004
2024-09-19 13:32:56.429,,15
2024-09-19 13:32:56.610,422.8555699594919,7
2024-09-19 13:32:56.630,422.8751348730938,97
2024-09-19 13:32:56.778,422.8840994013513,1004
2024-09-19 13:32:56.808,422.90758298478266,999
2024-09-19 13:32:56.828,422.8477226705915,1000
2024-09-19 13:32:56.869,422.874529348974,13
2024-09-19 13:32:56.876,422.8807426113239,14
2024-09-19 13:32:56.884,422.917731779981,8
2024-09-19 13:32:56.905,422.9016032824977,1004
2024-09-19 13:32:56.935,422.9001979175064,101
2024-09-19 13:32:56.943,422.8755295994911,103
2024-09-19 13:32:56.993,422.8908971298076,103
2024-09-19 13:32:57.033,422.9056906137404,105
2024-09-19 13:32:57.603,422.8921804941788,102
2024-09-19 13:32:57.854,42.28996548603221,97
2024-09-19 13:32:58.075,422.8429298349844,999
2024-09-19 13:32:58.137,422.8371417442631,98
2024-09-19 13:32:58.412,422.90642797399136,102
2024-09-19 13:32:58.463,,1004
2024-09-19 13:32:58.653,422.8674849596233,101
2024-09-19 13:32:58.788,422.81979817158106,102
2024-09-19 13:32:58.791,422.8949706936487,15
2024-09-19 13:32:58.804,422.86648870689874,7
2024-09-19 13:32:58.927,422.90640319356015,1000
2024-09-19 13:32:58.934,422.8856962423296,6
2024-09-19 13:32:59.268,422.8070445935904,97
