Timestamp,Price,Size
2024-09-19 11:06:00.056,419.7763165046584,101
2024-09-19 11:06:00.059,419.7705683542607,12
2024-09-19 11:06:00.073,419.759069382216,96
2024-09-19 11:06:00.088,419.7680546344265,997
2024-09-19 11:06:00.152,419.7582888229415,14
2024-09-19 11:06:00.169,419.7469720587392,5
2024-09-19 11:06:00.260,419.7514870617989,1001
2024-09-19 11:06:00.373,419.7700560410883,1002
2024-09-19 11:06:00.423,419.75222352502993,96
2024-09-19 11:06:00.438,419.7318060075176,1000
2024-09-19 11:06:00.465,419.7715572491999,15
2024-09-19 11:06:00.524,419.777437749816,100
2024-09-19 11:06:00.525,419.7698100581068,1000
2024-09-19 11:06:00.618,419.7721998674693,100
2024-09-19 11:06:00.688,419.7816728875392,98
2024-09-19 11:06:00.742,419.7375782156514,5
2024-09-19 11:06:00.864,419.7705778308647,101
2024-09-19 11:06:00.881,419.74020929640767,12
2024-09-19 11:06:00.895,419.75916762893047,999
2024-09-19 11:06:00.907,419.7619686532087,15
2024-09-19 11:06:00.964,419.79388532342665,102
2024-09-19 11:06:01.084,419.7845444789388,996
2024-09-19 11:06:01.157,419.803269171661,1003
2024-09-19 11:06:01.302,419.79496562019017,95
2024-09-19 11:06:01.389,419.80038107413617,6
2024-09-19 11:06:01.491,419.805246859252,6
2024-09-19 11:06:01.502,419.80527816239146,7
2024-09-19 11:06:01.749,419.78631394229257,103
2024-09-19 11:06:01.857,419.78420707105806,6
2024-09-19 11:06:02.073,419.7927945298344,1001
2024-09-19 11:06:02.315,419.7679617899285,9
2024-09-19 11:06:02.336,419.7741376515429,998
2024-09-19 11:06:02.430,419.7585302221063,102
2024-09-19 11:06:02.587,419.7809613782743,998
2024-09-19 11:06:02.714,419.8070438160364,6
2024-09-19 11:06:02.835,419.7719507552218,15
2024-09-19 11:06:02.938,419.7684804808837,98
2024-09-19 11:06:02.987,419.7680220779328,105
2024-09-19 11:06:03.080,419.8165520063179,1002
2024-09-19 11:06:03.114,419.7472098111793,1001
2024-09-19 11:06:03.192,419.7950405242648,1003
2024-09-19 11:06:03.205,419.7976697393304,15
2024-09-19 11:06:03.238,419.7454680546008,1003
2024-09-19 11:06:03.260,419.7898801761684,10
2024-09-19 11:06:03.361,419.7780366678808,1000
2024-09-19 11:06:03.370,419.7405133312436,13
2024-09-19 11:06:03.402,419.7605237679697,104
2024-09-19 11:06:03.478,-419.7398039283016,1004
2024-09-19 11:06:03.713,419.8080629039071,100
2024-09-19 11:06:03.720,419.7466061321625,13
2024-09-19 11:06:03.736,419.7375648773887,7
2024-09-19 11:06:03.775,419.7933452052135,997
2024-09-19 11:06:03.813,419.72837882867327,1005
2024-09-19 11:06:03.855,,9
2024-09-19 11:06:03.906,419.7404561179089,96
2024-09-19 11:06:03.919,419.7287917317258,1001
2024-09-19 11:06:03.967,419.7818109169504,101
2024-09-19 11:06:04.001,419.84364845455474,95
2024-09-19 11:06:04.068,-419.8498685870567,102
2024-09-19 11:06:04.138,419.8365825425475,100
2024-09-19 11:06:04.163,419.8292896491295,1004
2024-09-19 11:06:04.206,419.823596220744,9
2024-09-19 11:06:04.271,419.8260802346449,100
2024-09-19 11:06:04.335,419.80431446403816,14
2024-09-19 11:06:04.358,419.7863454424956,104
2024-09-19 11:06:04.363,419.79204858778775,12
2024-09-19 11:06:04.376,419.7779460308636,12
2024-09-19 11:06:04.388,419.8247612862888,9
2024-09-19 11:06:04.389,419.7619384253217,12
2024-09-19 11:06:04.398,419.8448456620837,5
2024-09-19 11:06:04.412,419.7763027103568,95
2024-09-19 11:06:04.428,419.82515156670206,8
2024-09-19 11:06:04.503,419.82592438689,11
2024-09-19 11:06:04.516,419.844425174198,102
2024-09-19 11:06:04.540,419.7796666746465,11
2024-09-19 11:06:04.541,419.8442031097896,996
2024-09-19 11:06:04.565,419.8168211744401,100
2024-09-19 11:06:04.579,419.8241204600823,103
2024-09-19 11:06:04.753,419.7998075208773,1002
2024-09-19 11:06:04.855,419.8036607060133,10
2024-09-19 11:06:04.894,419.8225839560093,995
2024-09-19 11:06:04.900,419.82074195802585,98
2024-09-19 11:06:04.910,419.7860707008165,9
2024-09-19 11:06:04.927,419.7956565260799,995
2024-09-19 11:06:04.981,419.8239865402051,1002
2024-09-19 11:06:05.031,-419.8929196376231,997
2024-09-19 11:06:05.033,419.86629856834816,8
2024-09-19 11:06:05.091,419.8466666044662,14
2024-09-19 11:06:05.096,419.8570687225928,96
2024-09-19 11:06:05.183,419.87229940765695,998
2024-09-19 11:06:05.242,419.8339750136963,15
2024-09-19 11:06:05.380,419.8988068594376,1000
2024-09-19 11:06:05.406,419.8637939718269,999
2024-09-19 11:06:05.484,419.839203132437,8
2024-09-19 11:06:05.525,419.8227548850893,997
2024-09-19 11:06:05.761,419.9037296363065,1001
2024-09-19 11:06:05.772,419.8976405547673,102
2024-09-19 11:06:05.800,419.8321368955672,997
2024-09-19 11:06:05.828,419.841976781924,96
2024-09-19 11:06:05.893,419.8291212719809,1005
2024-09-19 11:06:05.920,419.9141288989581,9
2024-09-19 11:06:06.081,419.9195525846178,997
2024-09-19 11:06:06.111,419.9306612197248,12
2024-09-19 11:06:06.414,419.9484522481886,15
2024-09-19 11:06:06.636,419.9459801955159,102
2024-09-19 11:06:06.774,419.9392243816304,100
2024-09-19 11:06:06.836,419.9271987935592,997
2024-09-19 11:06:06.851,419.9233284986279,15
2024-09-19 11:06:07.001,419.9163186542443,5
2024-09-19 11:06:07.087,419.8594897906913,1004
2024-09-19 11:06:07.099,419.931248883969,6
2024-09-19 11:06:07.201,419.9401699471943,1002
2024-09-19 11:06:07.209,,11
2024-09-19 11:06:07.209,419.9262879168242,103
2024-09-19 11:06:07.319,419.8883956151507,999
2024-09-19 11:06:07.340,419.89122807734486,102
2024-09-19 11:06:07.390,419.9215243844448,1002
2024-09-19 11:06:07.445,419.9279922090414,995
2024-09-19 11:06:07.459,419.93545573527433,95
2024-09-19 11:06:07.471,419.92208397857337,1002
2024-09-19 11:06:07.485,419.923341463488,104
2024-09-19 11:06:07.486,419.924355746476,7
2024-09-19 11:06:07.614,419.9118211949346,14
2024-09-19 11:06:07.727,419.8859682272048,13
2024-09-19 11:06:07.730,419.919819999506,105
2024-09-19 11:06:07.753,41.989474578531095,10
2024-09-19 11:06:07.764,419.8932673771785,7
2024-09-19 11:06:07.835,419.9348390900345,12
2024-09-19 11:06:07.891,419.9078357496788,99
2024-09-19 11:06:08.214,419.92144336271554,14
2024-09-19 11:06:08.423,419.9139097579673,7
2024-09-19 11:06:08.556,419.9142420285703,105
2024-09-19 11:06:08.615,419.9294778200865,5
2024-09-19 11:06:08.802,419.9060550467787,999
2024-09-19 11:06:09.006,419.92165136720325,105
2024-09-19 11:06:09.007,419.9261604972354,9
2024-09-19 11:06:09.112,419.9171506584809,998
2024-09-19 11:06:09.115,419.9329228252145,98
2024-09-19 11:06:09.118,419.9107698865977,14
2024-09-19 11:06:09.164,419.94224954387306,96
2024-09-19 11:06:09.195,419.9390581436282,998
2024-09-19 11:06:09.226,419.93965076360087,1003
2024-09-19 11:06:09.291,419.9278819090642,997
2024-09-19 11:06:09.334,41.992598703831696,13
2024-09-19 11:06:09.352,419.92588449838,1000
2024-09-19 11:06:09.365,419.9220392991829,99
2024-09-19 11:06:09.368,419.9324253766712,98
2024-09-19 11:06:09.369,419.9074048928365,1003
2024-09-19 11:06:09.375,419.927689970318,105
2024-09-19 11:06:09.388,419.9564738890196,1005
2024-09-19 11:06:09.389,419.9357664959173,100
2024-09-19 11:06:09.441,419.9198382712804,995
2024-09-19 11:06:09.470,419.9210350637041,105
2024-09-19 11:06:09.504,419.9563299702968,1005
2024-09-19 11:06:09.596,419.9379830555665,996
2024-09-19 11:06:09.693,419.9237854498268,999
2024-09-19 11:06:09.728,419.92120314069626,99
2024-09-19 11:06:09.765,419.92115170111686,7
2024-09-19 11:06:09.797,419.916804053933,12
2024-09-19 11:06:09.865,419.9205032478909,13
2024-09-19 11:06:09.943,419.9280940805166,103
2024-09-19 11:06:09.954,419.9088000406202,8
2024-09-19 11:06:10.017,419.9841851496567,95
2024-09-19 11:06:10.026,419.9266257831106,9
2024-09-19 11:06:10.043,419.962520393004,1004
2024-09-19 11:06:10.115,419.97617644059176,104
2024-09-19 11:06:10.190,419.9573219120973,1001
2024-09-19 11:06:10.193,419.9943595384144,998
2024-09-19 11:06:10.212,419.9514880767638,99
2024-09-19 11:06:10.235,-419.944810465848,103
2024-09-19 11:06:10.257,419.9516996246017,1003
2024-09-19 11:06:10.263,420.0045660665154,998
2024-09-19 11:06:10.291,419.9948484499509,1001
2024-09-19 11:06:10.292,420.01544605764985,95
2024-09-19 11:06:10.311,419.9652520634507,10
2024-09-19 11:06:10.318,419.9527371067577,995
2024-09-19 11:06:10.324,419.98302390248807,1005
2024-09-19 11:06:10.346,419.9325184069217,10
2024-09-19 11:06:10.445,419.953635464992,103
2024-09-19 11:06:10.451,419.9739495440269,14
2024-09-19 11:06:10.491,420.0010904695046,6
2024-09-19 11:06:10.541,419.9549372678493,104
2024-09-19 11:06:10.575,419.9899927618587,15
2024-09-19 11:06:10.622,419.99540801110805,103
2024-09-19 11:06:10.625,419.9685906665727,995
2024-09-19 11:06:10.635,419.9505639342341,101
2024-09-19 11:06:10.722,419.9506560278394,11
2024-09-19 11:06:10.840,420.01446168982335,98
2024-09-19 11:06:10.843,419.9554194729349,1004
2024-09-19 11:06:10.860,419.9943794888409,13
2024-09-19 11:06:10.867,419.9608459770962,100
2024-09-19 11:06:10.971,419.97032605507366,1005
2024-09-19 11:06:11.009,419.95125561191895,103
2024-09-19 11:06:11.040,419.96223337985816,10
2024-09-19 11:06:11.175,419.9721083803124,101
2024-09-19 11:06:11.231,419.9602653912018,12
2024-09-19 11:06:11.356,419.9641163862107,999
2024-09-19 11:06:11.472,419.9690273189007,96
2024-09-19 11:06:11.619,419.9806988781388,8
2024-09-19 11:06:11.662,420.0038439285793,7
2024-09-19 11:06:11.676,420.0154371135417,101
2024-09-19 11:06:11.695,419.9957332618242,101
2024-09-19 11:06:11.798,419.9616157554216,11
2024-09-19 11:06:11.814,419.9578664841912,12
2024-09-19 11:06:11.874,419.9524800405901,98
2024-09-19 11:06:11.884,419.98598318987285,105
2024-09-19 11:06:11.897,420.0139880438553,11
2024-09-19 11:06:11.918,420.00526739862926,99
2024-09-19 11:06:11.964,419.9489858409584,100
2024-09-19 11:06:11.966,419.9692769858116,15
2024-09-19 11:06:11.990,420.0117364468009,9
2024-09-19 11:06:11.994,419.9445318987968,10
2024-09-19 11:06:12.043,419.9337908834931,996
2024-09-19 11:06:12.110,419.9361875868651,100
2024-09-19 11:06:12.127,419.9415045479164,1004
2024-09-19 11:06:12.182,419.9889264389196,99
2024-09-19 11:06:12.198,419.9213742196936,8
2024-09-19 11:06:12.225,419.9716453499708,1005
2024-09-19 11:06:12.255,419.938371735614,1000
2024-09-19 11:06:12.282,419.9723750010819,1003
2024-09-19 11:06:12.296,419.9219041702394,1000
2024-09-19 11:06:12.317,419.9139003826564,998
2024-09-19 11:06:12.346,419.9171529059411,1002
2024-09-19 11:06:12.489,420.004448759873,99
2024-09-19 11:06:12.591,419.9312603205055,100
2024-09-19 11:06:12.608,419.9502429487736,996
2024-09-19 11:06:12.609,419.9231606057459,11
2024-09-19 11:06:12.641,419.9832233519287,13
2024-09-19 11:06:12.654,419.99140141039777,995
2024-09-19 11:06:12.672,420.0022712110203,995
2024-09-19 11:06:12.735,419.9815586493503,95
2024-09-19 11:06:12.758,419.99884802644215,1005
2024-09-19 11:06:12.783,419.9255915097115,102
2024-09-19 11:06:12.943,419.9164732590986,10
2024-09-19 11:06:12.945,41.99372039600641,10
2024-09-19 11:06:12.972,419.91258941970494,104
2024-09-19 11:06:12.982,420.0159661568627,999
2024-09-19 11:06:13.078,419.94097014547503,9
2024-09-19 11:06:13.312,419.9474099779737,11
2024-09-19 11:06:13.340,419.9471790704472,6
2024-09-19 11:06:13.495,419.9191121379892,1002
2024-09-19 11:06:13.629,419.949601829419,101
2024-09-19 11:06:13.638,419.95183289359386,9
2024-09-19 11:06:13.716,419.9706393830254,97
2024-09-19 11:06:13.799,419.9522826186543,7
2024-09-19 11:06:13.852,419.9569168017846,103
2024-09-19 11:06:14.047,419.93671790545295,104
2024-09-19 11:06:14.363,419.9335386428213,7
2024-09-19 11:06:15.070,419.9490222562391,97
2024-09-19 11:06:15.264,-419.9410877665339,11
2024-09-19 11:06:15.533,419.9364685600831,13
2024-09-19 11:06:15.594,419.9304724782228,1005
2024-09-19 11:06:15.676,419.9491728398071,101
2024-09-19 11:06:16.003,419.9628743524722,1000
2024-09-19 11:06:16.024,419.97555325539287,1004
2024-09-19 11:06:16.032,419.9222638358565,1003
2024-09-19 11:06:16.174,419.9324252121911,14
2024-09-19 11:06:16.350,419.9668860085136,100
2024-09-19 11:06:16.379,419.9143150681916,996
2024-09-19 11:06:16.421,419.9412843977034,12
2024-09-19 11:06:16.519,419.9354035255855,102
2024-09-19 11:06:16.522,419.97757625988834,10
2024-09-19 11:06:16.572,419.96186027308994,103
2024-09-19 11:06:16.606,419.9268404582866,8
2024-09-19 11:06:16.629,419.9166623504683,999
2024-09-19 11:06:16.706,419.93738152744055,7
2024-09-19 11:06:16.827,419.95047235237377,102
2024-09-19 11:06:16.924,419.9467060965303,10
2024-09-19 11:06:16.925,419.9452169842527,102
2024-09-19 11:06:17.148,419.9636653518935,96
2024-09-19 11:06:17.253,419.93140640904056,7
2024-09-19 11:06:17.716,419.937976554935,95
2024-09-19 11:06:17.879,419.95184045101473,102
2024-09-19 11:06:17.896,419.9155965177553,995
2024-09-19 11:06:17.947,-419.9567655782344,100
2024-09-19 11:06:18.415,419.94407251553184,99
2024-09-19 11:06:18.533,419.9394605617234,6
2024-09-19 11:06:18.599,419.9393528004599,6
2024-09-19 11:06:18.658,419.931131503199,103
2024-09-19 11:06:18.991,419.9384061023768,8
2024-09-19 11:06:19.162,419.9619642758065,1002
2024-09-19 11:06:19.178,419.9374312608497,999
2024-09-19 11:06:19.227,419.9438555611055,100
2024-09-19 11:06:19.328,419.9434743518646,7
2024-09-19 11:06:19.360,419.9321085865568,12
2024-09-19 11:06:19.448,419.92660234261655,14
2024-09-19 11:06:19.519,419.9482204363246,12
2024-09-19 11:06:19.538,419.9449637309952,997
2024-09-19 11:06:19.552,419.9420296477,9
2024-09-19 11:06:19.557,419.9550173433968,997
2024-09-19 11:06:19.558,419.90871191095584,5
2024-09-19 11:06:19.594,419.9457907629478,8
2024-09-19 11:06:19.617,419.93912689031913,12
2024-09-19 11:06:19.883,419.9331645814397,996
2024-09-19 11:06:19.917,419.9594184600319,96
2024-09-19 11:06:19.951,419.9532764420306,95
2024-09-19 11:06:19.962,419.91459591569406,99
2024-09-19 11:06:19.998,419.94576711317006,995
2024-09-19 11:06:19.999,419.9519010288776,99
2024-09-19 11:06:20.018,419.9182180248424,1005
2024-09-19 11:06:20.373,419.9483611575471,105
2024-09-19 11:06:20.375,419.94451383713226,8
2024-09-19 11:06:20.422,419.9328520901268,99
2024-09-19 11:06:20.500,419.9004225863277,10
2024-09-19 11:06:20.568,419.9170586786942,6
2024-09-19 11:06:20.670,41.9928271042695,9
2024-09-19 11:06:20.748,419.91297723740666,5
2024-09-19 11:06:20.803,419.9198573505178,102
2024-09-19 11:06:20.804,419.9275811258514,1002
2024-09-19 11:06:20.849,419.9493100812514,8
2024-09-19 11:06:20.990,419.93232215119787,12
2024-09-19 11:06:21.131,419.85338576516784,1002
2024-09-19 11:06:21.282,419.8963698991573,14
2024-09-19 11:06:21.329,419.8897100095834,97
2024-09-19 11:06:21.461,419.8651567994408,9
2024-09-19 11:06:21.467,419.85997839745386,998
2024-09-19 11:06:21.470,419.92129240678577,105
2024-09-19 11:06:21.562,419.9407727623367,996
2024-09-19 11:06:21.677,419.8815026827391,105
2024-09-19 11:06:21.791,419.9078330396949,999
2024-09-19 11:06:21.814,419.913276725637,104
2024-09-19 11:06:21.915,419.8894240904512,102
2024-09-19 11:06:21.932,419.874979880206,11
2024-09-19 11:06:22.142,419.8894703656271,995
2024-09-19 11:06:22.196,419.9053022080808,101
2024-09-19 11:06:22.234,419.8863765359145,999
2024-09-19 11:06:22.442,419.8969583944317,1000
2024-09-19 11:06:22.521,419.9438406641354,101
2024-09-19 11:06:22.535,419.849955873897,102
2024-09-19 11:06:22.583,419.8901600850438,104
2024-09-19 11:06:22.673,41.98447281107997,10
2024-09-19 11:06:22.711,419.89738302959927,1005
2024-09-19 11:06:22.815,419.8967434986246,102
2024-09-19 11:06:22.823,419.9021577239303,8
2024-09-19 11:06:22.840,419.877505331842,997
2024-09-19 11:06:22.842,419.8661596641669,97
2024-09-19 11:06:22.854,419.8794112001776,1005
2024-09-19 11:06:22.868,419.92046335206777,10
2024-09-19 11:06:22.914,419.89315432357984,996
2024-09-19 11:06:22.922,419.892655537042,1000
2024-09-19 11:06:22.945,419.874303781592,998
2024-09-19 11:06:23.031,419.9924150870441,100
2024-09-19 11:06:23.263,420.0116749587904,6
2024-09-19 11:06:23.365,419.9565779963781,996
2024-09-19 11:06:23.637,419.9991520044442,103
2024-09-19 11:06:23.781,419.9594790182073,999
2024-09-19 11:06:23.859,420.012472980616,103
2024-09-19 11:06:23.897,419.958353735586,999
2024-09-19 11:06:24.054,419.99587155180114,1005
2024-09-19 11:06:24.237,419.982590700861,103
2024-09-19 11:06:24.257,420.0128835225552,11
2024-09-19 11:06:24.308,419.9755589971087,101
2024-09-19 11:06:24.321,419.9872043909013,999
2024-09-19 11:06:24.487,419.9781413958922,1005
2024-09-19 11:06:24.525,41.999113180206336,999
2024-09-19 11:06:24.656,419.97640701374826,7
2024-09-19 11:06:24.691,419.97210716860366,11
2024-09-19 11:06:24.704,419.9670507366611,10
2024-09-19 11:06:24.969,420.0170696576725,10
2024-09-19 11:06:24.970,419.9828516981192,1005
2024-09-19 11:06:25.040,419.9956046425628,104
2024-09-19 11:06:25.082,419.9832850599879,10
2024-09-19 11:06:25.132,419.9764304359877,15
2024-09-19 11:06:25.298,420.0052373179918,96
2024-09-19 11:06:25.312,419.99489637133473,7
2024-09-19 11:06:25.324,419.9885253745566,97
2024-09-19 11:06:25.375,419.9564262058015,5
2024-09-19 11:06:25.437,419.9644607075039,9
2024-09-19 11:06:25.440,419.96609950695455,998
2024-09-19 11:06:25.493,419.96452483545033,995
2024-09-19 11:06:25.718,419.9880716437288,96
2024-09-19 11:06:25.759,419.9680335806442,103
2024-09-19 11:06:25.842,419.9861123481616,1004
2024-09-19 11:06:25.855,419.9953530115639,8
2024-09-19 11:06:25.872,419.99726748682383,1001
2024-09-19 11:06:25.872,419.98296838976887,5
2024-09-19 11:06:25.873,419.9858149215584,1000
2024-09-19 11:06:25.900,419.97237014939793,105
2024-09-19 11:06:25.945,419.9831986581688,997
2024-09-19 11:06:26.169,419.9562056714594,5
2024-09-19 11:06:26.234,419.956373131373,15
2024-09-19 11:06:26.500,419.9488667900045,13
2024-09-19 11:06:26.551,419.9514972948459,100
2024-09-19 11:06:26.620,419.94565769653866,996
2024-09-19 11:06:26.665,419.9533104161493,8
2024-09-19 11:06:26.747,419.9799875589488,8
2024-09-19 11:06:26.908,419.9408609424022,7
2024-09-19 11:06:27.213,419.8763409359459,11
2024-09-19 11:06:27.276,419.9008070751804,13
2024-09-19 11:06:27.287,419.8829806099332,1000
2024-09-19 11:06:27.317,419.8772085860694,12
2024-09-19 11:06:27.333,419.9569803438121,15
2024-09-19 11:06:27.375,419.89469517703935,7
2024-09-19 11:06:27.380,419.9062483922961,1002
2024-09-19 11:06:27.409,419.8871760779338,8
2024-09-19 11:06:27.539,419.87472222511286,995
2024-09-19 11:06:27.569,419.9018371391178,6
2024-09-19 11:06:27.577,419.9114109082079,15
2024-09-19 11:06:27.639,419.9742179622816,95
2024-09-19 11:06:27.653,419.9443767089099,995
2024-09-19 11:06:27.709,419.8858695964481,995
2024-09-19 11:06:27.825,41.987134233987724,102
2024-09-19 11:06:27.845,419.8864499912052,103
2024-09-19 11:06:27.857,419.8830088668311,105
2024-09-19 11:06:27.917,419.88176561205626,96
2024-09-19 11:06:27.917,419.96054381296113,1005
2024-09-19 11:06:27.952,419.8931185802666,101
2024-09-19 11:06:27.953,419.9638168654942,999
2024-09-19 11:06:27.959,419.9833458141548,15
2024-09-19 11:06:27.967,419.94718696301845,1000
2024-09-19 11:06:27.998,419.96329052340553,102
2024-09-19 11:06:28.203,419.91702960035417,101
2024-09-19 11:06:28.261,419.93030234376977,14
2024-09-19 11:06:28.872,419.9232234910835,997
2024-09-19 11:06:29.165,419.8626400596847,95
2024-09-19 11:06:29.407,419.90353225307257,101
2024-09-19 11:06:29.418,419.8663889017581,98
2024-09-19 11:06:29.427,419.8763967670668,1000
2024-09-19 11:06:29.688,419.90498040836695,9
2024-09-19 11:06:29.704,419.8873787711022,97
2024-09-19 11:06:29.859,419.9218600412092,13
2024-09-19 11:06:29.881,419.91441192671954,102
2024-09-19 11:06:29.888,419.8624718162838,7
2024-09-19 11:06:30.071,419.8864572249988,13
2024-09-19 11:06:30.096,419.8592644519479,5
2024-09-19 11:06:30.176,419.87376587408863,1004
2024-09-19 11:06:30.295,419.861410238872,9
2024-09-19 11:06:30.312,419.8645819897526,100
2024-09-19 11:06:30.473,419.84484859664906,98
2024-09-19 11:06:31.310,419.87295762075166,9
2024-09-19 11:06:31.486,419.85273050979714,95
2024-09-19 11:06:31.778,419.8492603180392,5
2024-09-19 11:06:31.918,419.8640264821692,9
2024-09-19 11:06:31.952,419.8542381795416,1002
2024-09-19 11:06:32.036,419.8627599197269,99
2024-09-19 11:06:32.067,419.8337468463149,997
2024-09-19 11:06:32.111,419.85018507837424,98
2024-09-19 11:06:32.145,419.82382584672,6
2024-09-19 11:06:32.590,419.84507901397455,6
2024-09-19 11:06:32.625,419.8522359580575,102
2024-09-19 11:06:32.660,419.8629073910793,98
2024-09-19 11:06:32.685,419.8500437028108,6
2024-09-19 11:06:32.897,419.8508777921732,1005
2024-09-19 11:06:32.955,419.8712422779942,10
2024-09-19 11:06:32.970,419.87854829132624,999
2024-09-19 11:06:33.039,419.83572014280384,97
2024-09-19 11:06:33.165,419.8246490863962,11
2024-09-19 11:06:33.192,419.83768595086246,104
2024-09-19 11:06:33.253,419.82979183636746,995
2024-09-19 11:06:33.439,419.8453712864709,1000
2024-09-19 11:06:33.520,419.8144892458654,1002
2024-09-19 11:06:33.589,419.83183587152905,98
2024-09-19 11:06:33.770,419.82848049343664,96
2024-09-19 11:06:33.831,419.8284869778474,14
2024-09-19 11:06:33.899,419.8219385791929,101
2024-09-19 11:06:33.991,419.80886816414426,1005
2024-09-19 11:06:34.147,419.7848628224864,11
2024-09-19 11:06:34.191,419.8071134344181,12
2024-09-19 11:06:34.319,419.818038572366,10
2024-09-19 11:06:34.335,419.8171585423156,997
2024-09-19 11:06:34.664,419.8162292502832,997
2024-09-19 11:06:35.062,419.7816425817508,96
2024-09-19 11:06:35.067,419.8131833837362,995
2024-09-19 11:06:35.153,419.7730141112608,15
2024-09-19 11:06:35.171,419.78299250867394,10
2024-09-19 11:06:35.194,419.8397720096624,96
2024-09-19 11:06:35.241,419.8329203827016,6
2024-09-19 11:06:35.246,419.74778675060526,1003
2024-09-19 11:06:35.272,419.76633552495264,96
2024-09-19 11:06:35.272,419.8235425449936,995
2024-09-19 11:06:35.303,419.758592316944,6
2024-09-19 11:06:35.330,419.7981255582108,95
2024-09-19 11:06:35.372,419.7762446900708,99
2024-09-19 11:06:35.397,419.8378106730195,95
2024-09-19 11:06:35.414,419.7784812870048,1005
2024-09-19 11:06:35.434,419.8141204506362,997
2024-09-19 11:06:35.445,419.8387548821066,1005
2024-09-19 11:06:35.460,419.7748553548076,995
2024-09-19 11:06:35.531,419.7985257649953,101
2024-09-19 11:06:35.548,419.77275484190665,6
2024-09-19 11:06:35.575,419.8036118397433,5
2024-09-19 11:06:35.581,419.81918692633786,10
2024-09-19 11:06:35.681,419.7869526646099,5
2024-09-19 11:06:35.682,419.8084904905052,11
2024-09-19 11:06:35.734,419.78233649789433,96
2024-09-19 11:06:35.770,419.8095379387909,101
2024-09-19 11:06:35.797,419.8350570322379,1004
2024-09-19 11:06:35.864,419.8247028435033,998
2024-09-19 11:06:35.871,419.8247602759524,12
2024-09-19 11:06:35.873,419.8099015685776,13
2024-09-19 11:06:35.917,419.7558016664212,8
2024-09-19 11:06:36.039,419.8031052651344,1005
2024-09-19 11:06:36.172,419.81968445327146,1002
2024-09-19 11:06:36.667,419.82491330138265,104
2024-09-19 11:06:37.049,419.8131091832813,96
2024-09-19 11:06:37.051,419.8042029528952,104
2024-09-19 11:06:37.060,419.74825011325294,1004
2024-09-19 11:06:37.164,419.7939472567649,100
2024-09-19 11:06:37.186,,1001
2024-09-19 11:06:37.273,419.7907233896804,6
2024-09-19 11:06:37.297,419.7503467458057,1000
2024-09-19 11:06:37.300,419.76396176319525,105
2024-09-19 11:06:37.337,419.7964840040216,1003
2024-09-19 11:06:37.369,419.77111317489977,997
2024-09-19 11:06:37.548,419.78103378503727,10
2024-09-19 11:06:37.574,419.7869083501111,11
2024-09-19 11:06:37.578,419.77461573084287,999
2024-09-19 11:06:37.592,419.803623979305,102
2024-09-19 11:06:37.618,419.7793175860424,13
2024-09-19 11:06:37.621,419.7734283266728,7
2024-09-19 11:06:37.663,419.7749246033604,96
2024-09-19 11:06:37.678,419.7979605592734,997
2024-09-19 11:06:37.728,419.75757866820686,7
2024-09-19 11:06:37.740,419.7701081971537,13
2024-09-19 11:06:37.757,419.7515983604842,12
2024-09-19 11:06:37.774,419.7775981717619,996
2024-09-19 11:06:37.781,419.7974263742784,15
2024-09-19 11:06:37.867,419.82751254073145,6
2024-09-19 11:06:37.869,419.7610918313853,11
2024-09-19 11:06:38.072,,6
2024-09-19 11:06:38.156,419.9050630106544,998
2024-09-19 11:06:38.232,419.8549290607936,103
2024-09-19 11:06:38.246,419.79851137582494,101
2024-09-19 11:06:38.338,419.80309844429473,1001
2024-09-19 11:06:38.346,419.84317416252514,101
2024-09-19 11:06:38.468,419.8315900279313,6
2024-09-19 11:06:38.588,419.82851694577175,1004
2024-09-19 11:06:38.633,419.8314930144942,8
2024-09-19 11:06:38.853,419.9007450036095,12
2024-09-19 11:06:38.916,419.89844863537576,98
2024-09-19 11:06:38.954,419.88368437848806,14
2024-09-19 11:06:39.031,419.8899773550895,12
2024-09-19 11:06:39.259,419.8743523383182,97
2024-09-19 11:06:39.272,419.9001372236845,1002
2024-09-19 11:06:39.298,419.88828653096186,13
2024-09-19 11:06:39.425,419.8681234670908,103
2024-09-19 11:06:39.680,419.8672597823547,97
2024-09-19 11:06:39.746,419.8706052731764,6
2024-09-19 11:06:39.754,419.8955926703672,1005
2024-09-19 11:06:39.827,419.8749926790696,6
2024-09-19 11:06:39.940,419.8694527260066,998
2024-09-19 11:06:39.968,419.88336757002537,14
2024-09-19 11:06:40.128,419.8442098746775,1003
2024-09-19 11:06:40.171,419.8686928856581,100
2024-09-19 11:06:40.207,419.7957147357598,13
2024-09-19 11:06:40.208,419.8599604021874,96
2024-09-19 11:06:40.211,419.839370815264,15
2024-09-19 11:06:40.297,419.879764530485,14
2024-09-19 11:06:40.302,419.8621638041967,103
2024-09-19 11:06:40.431,419.79801539392497,996
2024-09-19 11:06:40.545,419.8069692550656,998
2024-09-19 11:06:40.569,419.8550853602937,997
2024-09-19 11:06:40.571,419.8425400068224,999
2024-09-19 11:06:40.583,419.8977318485837,14
2024-09-19 11:06:40.620,419.8568782295652,6
2024-09-19 11:06:40.759,419.8688992319226,99
2024-09-19 11:06:41.059,419.8096684026802,998
2024-09-19 11:06:41.285,419.7883545158689,1000
2024-09-19 11:06:41.620,419.7903471137881,98
2024-09-19 11:06:41.726,419.7977294095824,13
2024-09-19 11:06:41.815,419.7947247393338,9
2024-09-19 11:06:41.878,419.7864362411687,103
2024-09-19 11:06:41.932,419.7993763325239,1004
2024-09-19 11:06:42.058,419.7722462071633,5
2024-09-19 11:06:42.210,419.779512245399,998
2024-09-19 11:06:42.261,419.7799761408643,97
2024-09-19 11:06:42.283,419.7538093221268,998
2024-09-19 11:06:42.347,419.7728503664373,5
2024-09-19 11:06:42.353,419.776446833937,995
2024-09-19 11:06:42.367,419.7861253960901,7
2024-09-19 11:06:42.434,419.79234399253664,12
2024-09-19 11:06:42.541,419.7867179517419,103
2024-09-19 11:06:42.643,419.7662033344609,104
2024-09-19 11:06:42.966,419.7889776705084,1002
2024-09-19 11:06:42.985,419.7550031470261,6
2024-09-19 11:06:43.465,419.7547499853327,1000
2024-09-19 11:06:43.485,419.759520671414,98
2024-09-19 11:06:43.491,419.79156094518464,1002
2024-09-19 11:06:43.518,419.760015399364,102
2024-09-19 11:06:43.601,419.79974856451497,1005
2024-09-19 11:06:43.619,419.7608853005996,104
2024-09-19 11:06:43.629,419.7727419923799,6
2024-09-19 11:06:43.638,419.7668217001039,1000
2024-09-19 11:06:43.769,419.7805997636767,103
2024-09-19 11:06:43.909,419.771777916112,13
2024-09-19 11:06:44.010,419.7960398949359,99
2024-09-19 11:06:44.021,419.82023247358336,96
2024-09-19 11:06:44.092,419.8099412458776,14
2024-09-19 11:06:44.201,419.8118123971052,996
2024-09-19 11:06:44.204,419.82216308186,997
2024-09-19 11:06:44.232,419.81528766076735,103
2024-09-19 11:06:44.553,419.8141587197176,13
2024-09-19 11:06:44.584,419.7880549080549,105
2024-09-19 11:06:44.617,419.7951355771352,98
2024-09-19 11:06:44.979,419.8355166952695,1001
2024-09-19 11:06:45.000,419.8533467597471,96
2024-09-19 11:06:45.010,419.847151499903,96
2024-09-19 11:06:45.017,419.85296162604016,998
2024-09-19 11:06:45.024,419.7979618424879,10
2024-09-19 11:06:45.085,419.8478103409726,15
2024-09-19 11:06:45.190,419.8264324018463,9
2024-09-19 11:06:45.236,419.819711388489,1000
2024-09-19 11:06:45.241,419.8005343147004,9
2024-09-19 11:06:45.291,419.8117303668612,104
2024-09-19 11:06:45.398,419.84296211311135,1001
2024-09-19 11:06:45.432,419.8470190213885,100
2024-09-19 11:06:45.457,419.8310690302002,7
2024-09-19 11:06:45.466,419.83293713824986,1005
2024-09-19 11:06:45.477,419.8204563813643,997
2024-09-19 11:06:45.624,419.8612388376844,15
2024-09-19 11:06:45.639,419.85302937704313,14
2024-09-19 11:06:45.654,419.8206372560917,998
2024-09-19 11:06:45.681,419.833960106666,97
2024-09-19 11:06:45.708,419.8367932073593,1004
2024-09-19 11:06:45.712,419.8323508579246,105
2024-09-19 11:06:45.726,419.8172594794907,99
2024-09-19 11:06:45.727,419.8167056428661,9
2024-09-19 11:06:45.768,419.8343167107647,998
2024-09-19 11:06:45.772,419.8094169384654,7
2024-09-19 11:06:45.805,419.7974799518189,98
2024-09-19 11:06:45.829,419.8291112947396,101
2024-09-19 11:06:45.870,419.8132501578901,14
2024-09-19 11:06:45.885,419.8446080297374,999
2024-09-19 11:06:45.886,419.832921172054,998
2024-09-19 11:06:46.189,419.7939849225982,8
2024-09-19 11:06:46.271,419.71179556838433,1002
2024-09-19 11:06:46.279,419.6788293465966,98
2024-09-19 11:06:46.333,419.6907003630537,1004
2024-09-19 11:06:46.437,419.7112867873967,995
2024-09-19 11:06:46.664,419.68617802812577,12
2024-09-19 11:06:46.707,419.6705716962017,1001
2024-09-19 11:06:46.718,419.737564644922,97
2024-09-19 11:06:46.776,419.7745922164719,100
2024-09-19 11:06:46.796,419.729922722587,14
2024-09-19 11:06:47.004,419.619990963989,97
2024-09-19 11:06:47.036,419.6206493628301,97
2024-09-19 11:06:47.065,419.61354488145497,100
2024-09-19 11:06:47.098,419.6509602125109,1003
2024-09-19 11:06:47.100,419.6369331182381,14
2024-09-19 11:06:47.113,419.5996491660962,11
2024-09-19 11:06:47.210,419.63605229183855,100
2024-09-19 11:06:47.252,419.6590483845361,11
2024-09-19 11:06:47.287,419.6163732310003,95
2024-09-19 11:06:47.290,419.6239871869449,99
2024-09-19 11:06:47.313,419.6165088213494,997
2024-09-19 11:06:47.367,419.6049551924285,103
2024-09-19 11:06:47.393,419.6157423374509,1004
2024-09-19 11:06:47.420,419.6613409841327,99
2024-09-19 11:06:47.425,419.6299721457141,15
2024-09-19 11:06:47.431,419.67315918164667,12
2024-09-19 11:06:47.449,419.6174404449148,1004
2024-09-19 11:06:47.550,419.6733670683967,104
2024-09-19 11:06:47.575,419.605602849063,12
2024-09-19 11:06:47.675,419.6328639466946,14
2024-09-19 11:06:47.724,419.6655948494466,11
2024-09-19 11:06:47.802,419.5995935699967,13
2024-09-19 11:06:47.816,419.6100229537104,10
2024-09-19 11:06:47.841,419.6646478053463,1000
2024-09-19 11:06:47.899,419.6123249655736,7
2024-09-19 11:06:48.060,419.6119423314388,1003
2024-09-19 11:06:48.062,419.6369275539122,101
2024-09-19 11:06:48.104,419.6546923962143,14
2024-09-19 11:06:48.137,419.6213199783938,7
2024-09-19 11:06:48.146,419.692346305305,1002
2024-09-19 11:06:48.168,419.5915160967331,1000
2024-09-19 11:06:48.320,419.6894307422507,11
2024-09-19 11:06:48.325,-419.5962462765467,11
2024-09-19 11:06:48.464,419.6905286134135,15
2024-09-19 11:06:48.467,419.612669876531,13
2024-09-19 11:06:48.598,419.65667398839327,1000
2024-09-19 11:06:48.654,419.6025484349408,6
2024-09-19 11:06:48.694,419.6795056455269,15
2024-09-19 11:06:48.855,419.6217310470517,1003
2024-09-19 11:06:48.883,419.6747763975378,6
2024-09-19 11:06:48.887,419.6660862539434,103
2024-09-19 11:06:48.924,419.6433084627216,12
2024-09-19 11:06:48.971,419.6292252662278,99
2024-09-19 11:06:49.074,419.74426846344136,15
2024-09-19 11:06:49.175,419.7423137248837,1002
2024-09-19 11:06:49.200,419.7279336768353,999
2024-09-19 11:06:49.454,419.736694532715,9
2024-09-19 11:06:49.473,419.7186503487614,95
2024-09-19 11:06:49.492,419.73088465534494,1003
2024-09-19 11:06:49.493,419.7229695850843,99
2024-09-19 11:06:49.505,419.722105444741,8
2024-09-19 11:06:49.508,419.7146736649354,100
2024-09-19 11:06:49.572,419.70727315982185,1002
2024-09-19 11:06:49.588,419.7139780748484,8
2024-09-19 11:06:49.599,419.7096480555117,100
2024-09-19 11:06:49.630,419.6925046140364,1005
2024-09-19 11:06:49.676,419.73101876111537,12
2024-09-19 11:06:49.731,419.7245963157118,98
2024-09-19 11:06:49.769,419.7405809751554,998
2024-09-19 11:06:49.813,419.7302822694549,12
2024-09-19 11:06:49.854,41.9728071003353,1003
2024-09-19 11:06:49.912,419.7379231311374,5
2024-09-19 11:06:49.915,419.7375470768249,102
2024-09-19 11:06:50.027,419.7140970481997,95
2024-09-19 11:06:50.046,419.7043238705767,98
2024-09-19 11:06:50.130,419.7092968902511,97
2024-09-19 11:06:50.171,419.72136944956856,6
2024-09-19 11:06:50.272,419.7350789141012,102
2024-09-19 11:06:50.333,419.7276359327173,1001
2024-09-19 11:06:50.357,419.74847637195614,95
2024-09-19 11:06:50.408,419.7137599160058,97
2024-09-19 11:06:50.477,419.6971932590471,995
2024-09-19 11:06:50.548,419.7023202453269,996
2024-09-19 11:06:50.642,419.72380850575007,1001
2024-09-19 11:06:50.706,419.71655335478806,15
2024-09-19 11:06:50.828,419.7091003808135,103
2024-09-19 11:06:50.975,419.7256544902328,996
2024-09-19 11:06:50.976,419.725727171535,12
2024-09-19 11:06:50.992,419.7090907316317,8
2024-09-19 11:06:52.138,419.7191733502865,995
2024-09-19 11:06:52.212,419.7130160557898,999
2024-09-19 11:06:52.383,419.7037935046936,6
2024-09-19 11:06:52.468,419.6986365063144,104
2024-09-19 11:06:52.508,419.72485076408856,11
2024-09-19 11:06:52.514,419.7266837029426,101
2024-09-19 11:06:52.623,419.6908819904351,6
2024-09-19 11:06:52.638,419.71699082127753,103
2024-09-19 11:06:52.669,419.7067954905488,98
2024-09-19 11:06:52.781,419.6974251230409,101
2024-09-19 11:06:52.803,419.7150681691618,101
2024-09-19 11:06:52.873,419.7030430980736,1003
2024-09-19 11:06:53.005,419.73819464808,105
2024-09-19 11:06:53.029,419.8393551873525,98
2024-09-19 11:06:53.034,419.7394783304359,15
2024-09-19 11:06:53.058,419.8020181412109,103
2024-09-19 11:06:53.093,419.8436702199186,5
2024-09-19 11:06:53.152,419.78489877502346,999
2024-09-19 11:06:53.154,41.97668115861498,8
2024-09-19 11:06:53.161,419.86799923290295,11
2024-09-19 11:06:53.172,419.8619613053525,101
2024-09-19 11:06:53.195,419.8552041106792,96
2024-09-19 11:06:53.211,419.71105493842,1005
2024-09-19 11:06:53.226,419.78185907044633,9
2024-09-19 11:06:53.310,419.8208123713831,999
2024-09-19 11:06:53.317,419.8509124968758,995
2024-09-19 11:06:53.379,419.8111177477753,96
2024-09-19 11:06:53.405,41.975289437046136,99
2024-09-19 11:06:53.495,419.8400701130124,102
2024-09-19 11:06:53.550,419.7912085691938,13
2024-09-19 11:06:53.576,419.85222129589977,1005
2024-09-19 11:06:53.668,419.8882169971713,101
2024-09-19 11:06:53.670,419.7263127682826,8
2024-09-19 11:06:53.800,419.7958593245368,102
2024-09-19 11:06:53.938,419.8445314210409,1005
2024-09-19 11:06:53.965,419.7473884579229,1005
2024-09-19 11:06:54.032,419.84138014946126,105
2024-09-19 11:06:54.069,419.8701932348358,99
2024-09-19 11:06:54.141,419.8299642127507,105
2024-09-19 11:06:54.293,419.8361072481352,105
2024-09-19 11:06:54.326,419.8453372096517,6
2024-09-19 11:06:54.411,419.8641676947409,8
2024-09-19 11:06:54.420,419.8371519664892,1001
2024-09-19 11:06:54.421,419.8251728991969,95
2024-09-19 11:06:54.470,419.8516683036773,102
2024-09-19 11:06:54.508,419.84715630683576,98
2024-09-19 11:06:54.589,419.8904484341643,104
2024-09-19 11:06:54.595,419.81905723624897,95
2024-09-19 11:06:54.634,419.82616418309743,7
2024-09-19 11:06:54.684,419.8067592900823,100
2024-09-19 11:06:54.721,419.81173345163495,10
2024-09-19 11:06:54.725,419.82253136677656,996
2024-09-19 11:06:54.744,419.89179701687584,9
2024-09-19 11:06:54.812,419.83493776942686,1005
2024-09-19 11:06:54.929,419.8197951494868,1004
2024-09-19 11:06:55.220,419.767970564737,12
2024-09-19 11:06:55.275,419.77556582022487,9
2024-09-19 11:06:55.362,419.7792812603917,1001
2024-09-19 11:06:55.438,419.77530304924863,101
2024-09-19 11:06:55.677,419.8074167595751,105
2024-09-19 11:06:55.747,419.7814022182978,104
2024-09-19 11:06:55.748,419.78416429723706,1004
2024-09-19 11:06:55.891,419.7854163592249,98
2024-09-19 11:06:56.021,419.6679872531009,1002
2024-09-19 11:06:56.098,419.6667010781713,101
2024-09-19 11:06:56.186,419.678828891952,96
2024-09-19 11:06:56.239,419.788639111301,8
2024-09-19 11:06:56.396,419.7190733673331,7
2024-09-19 11:06:56.404,419.7074545452607,95
2024-09-19 11:06:56.416,419.6639157248893,999
2024-09-19 11:06:56.421,419.6670119948138,998
2024-09-19 11:06:56.428,419.7631594148291,8
2024-09-19 11:06:56.447,419.71287679705,98
2024-09-19 11:06:56.509,419.7031983917235,8
2024-09-19 11:06:56.521,419.6630709224298,1003
2024-09-19 11:06:56.561,419.6718477327306,8
2024-09-19 11:06:56.639,419.72812595638,12
2024-09-19 11:06:56.665,419.6980479505326,104
2024-09-19 11:06:56.714,419.67977249978406,7
2024-09-19 11:06:56.847,419.75964913811714,995
2024-09-19 11:06:56.871,419.6755726723819,95
2024-09-19 11:06:56.894,419.66387720456765,104
2024-09-19 11:06:56.959,419.7450684065601,12
2024-09-19 11:06:56.982,419.712280907938,98
2024-09-19 11:06:57.069,419.619075123276,1004
2024-09-19 11:06:57.196,419.6839758108246,996
2024-09-19 11:06:57.238,419.6744053043184,1000
2024-09-19 11:06:57.254,419.6169925912472,99
2024-09-19 11:06:57.279,419.680809028775,104
2024-09-19 11:06:57.337,419.64082571951866,11
2024-09-19 11:06:57.355,419.5902976032099,1004
2024-09-19 11:06:57.416,419.633009882919,11
2024-09-19 11:06:57.470,419.64040007174754,96
2024-09-19 11:06:57.484,419.63870056037285,5
2024-09-19 11:06:57.558,-419.7114516634667,999
2024-09-19 11:06:57.577,419.655118725926,6
2024-09-19 11:06:57.596,419.6365586400898,102
2024-09-19 11:06:57.612,419.69351897198777,1001
2024-09-19 11:06:57.623,419.6886882427714,98
2024-09-19 11:06:57.662,419.6881745784588,14
2024-09-19 11:06:57.745,419.63089207998974,104
2024-09-19 11:06:57.751,419.6291497653017,998
2024-09-19 11:06:57.805,419.6855936357978,8
2024-09-19 11:06:57.812,419.6326693567748,95
2024-09-19 11:06:57.834,419.6370860049046,7
2024-09-19 11:06:57.871,419.6834803094095,998
2024-09-19 11:06:57.881,419.6899519803768,1001
2024-09-19 11:06:57.885,419.62023516462506,13
2024-09-19 11:06:57.919,419.6905137541547,102
2024-09-19 11:06:58.071,419.7153958943852,95
2024-09-19 11:06:58.096,419.75823079351096,12
2024-09-19 11:06:58.102,419.7520745060095,5
2024-09-19 11:06:58.112,419.691571257243,98
2024-09-19 11:06:58.116,419.75059873540494,95
2024-09-19 11:06:58.144,419.72833590235393,996
2024-09-19 11:06:58.255,419.6638182251033,1000
2024-09-19 11:06:58.275,419.632611510798,13
2024-09-19 11:06:58.290,419.6831948944566,999
2024-09-19 11:06:58.315,419.7390863717114,14
2024-09-19 11:06:58.332,419.695370132573,104
2024-09-19 11:06:58.423,419.7034025120337,103
2024-09-19 11:06:58.461,419.7388118722984,997
2024-09-19 11:06:58.461,419.7269430167758,12
2024-09-19 11:06:58.539,419.7447929372756,95
2024-09-19 11:06:58.748,419.725697691224,103
2024-09-19 11:06:58.768,419.7019352254857,1003
2024-09-19 11:06:58.807,419.7491770050427,95
2024-09-19 11:06:58.807,419.6991240526445,10
2024-09-19 11:06:58.813,419.7021192458535,995
2024-09-19 11:06:58.931,419.6118921011672,95
2024-09-19 11:06:58.945,419.7407744277471,998
2024-09-19 11:06:58.975,419.738147077979,10
2024-09-19 11:06:59.042,419.7026910781928,1000
2024-09-19 11:06:59.051,419.73388598932655,12
2024-09-19 11:06:59.066,419.71965781950513,105
2024-09-19 11:06:59.165,419.7051605712065,5
2024-09-19 11:06:59.211,419.7093551024826,5
2024-09-19 11:06:59.354,419.7246498058307,1002
2024-09-19 11:06:59.574,419.7386383963801,101
2024-09-19 11:06:59.584,419.7208173272773,1003
2024-09-19 11:06:59.636,419.70942508413816,99
2024-09-19 11:06:59.755,419.7242644131505,101
