Timestamp,Price,Size
2024-09-16 14:24:00.013,414.3828242699766,1000
2024-09-16 14:24:00.114,414.4066019169987,997
2024-09-16 14:24:00.237,41.43935955959455,1003
2024-09-16 14:24:00.277,414.4121602155261,103
2024-09-16 14:24:00.324,414.3719039373177,5
2024-09-16 14:24:00.330,414.37409608902806,13
2024-09-16 14:24:00.384,414.4234052789805,101
2024-09-16 14:24:00.606,414.37920132013454,14
2024-09-16 14:24:00.660,414.41427205008887,1000
2024-09-16 14:24:00.733,414.41669083170666,1002
2024-09-16 14:24:00.792,414.3960254285692,97
2024-09-16 14:24:00.794,414.3876523525316,100
2024-09-16 14:24:00.854,414.4474829975033,1005
2024-09-16 14:24:00.869,414.37977172708713,1003
2024-09-16 14:24:00.974,414.42940388473903,8
2024-09-16 14:24:01.663,414.44901333219246,13
2024-09-16 14:24:02.045,414.4874841307295,8
2024-09-16 14:24:02.099,414.46981265374353,999
2024-09-16 14:24:02.146,414.4655007033056,99
2024-09-16 14:24:02.168,414.46637485039753,104
2024-09-16 14:24:02.176,414.4397713065257,13
2024-09-16 14:24:02.183,414.4561946207027,105
2024-09-16 14:24:02.232,414.4618984724562,98
2024-09-16 14:24:02.253,414.4729769920113,10
2024-09-16 14:24:02.277,414.4913332382522,9
2024-09-16 14:24:02.351,414.4894672653015,1002
2024-09-16 14:24:02.356,414.5046476224098,13
2024-09-16 14:24:02.429,414.4911361687231,98
2024-09-16 14:24:02.456,414.4645162023104,12
2024-09-16 14:24:02.461,414.4600938993443,13
2024-09-16 14:24:02.478,414.4656866795277,995
2024-09-16 14:24:02.538,414.4752809839634,999
2024-09-16 14:24:02.618,414.4950591373299,1002
2024-09-16 14:24:02.768,414.4453897471851,10
2024-09-16 14:24:02.817,414.48287916074673,102
2024-09-16 14:24:02.829,414.45604966544846,998
2024-09-16 14:24:02.885,414.4935754840142,98
2024-09-16 14:24:02.917,414.4279846329271,1002
2024-09-16 14:24:02.963,414.4577753375517,8
2024-09-16 14:24:03.146,414.47288547563136,12
2024-09-16 14:24:03.157,414.4763673743322,7
2024-09-16 14:24:03.206,414.46357100602,996
2024-09-16 14:24:03.263,414.4788762454179,100
2024-09-16 14:24:03.309,414.4835289391502,999
2024-09-16 14:24:03.317,414.4737730023267,5
2024-09-16 14:24:03.320,414.4757837437625,999
2024-09-16 14:24:03.419,414.4814156634724,998
2024-09-16 14:24:03.495,414.48587910126577,9
2024-09-16 14:24:03.502,414.49049751826766,1001
2024-09-16 14:24:03.503,414.46853385563566,100
2024-09-16 14:24:03.514,414.4790309891925,105
2024-09-16 14:24:03.550,414.474231156402,1005
2024-09-16 14:24:03.554,414.4593607371721,95
2024-09-16 14:24:03.824,414.47755680765954,99
2024-09-16 14:24:03.835,414.4718515719377,1002
2024-09-16 14:24:04.033,414.5324691212946,5
2024-09-16 14:24:04.252,414.51052557831866,102
2024-09-16 14:24:04.263,414.53491638470615,99
2024-09-16 14:24:04.369,414.5325542007576,1003
2024-09-16 14:24:04.388,414.542238053964,995
2024-09-16 14:24:04.565,414.55004628962,6
2024-09-16 14:24:04.604,414.5485073764291,100
2024-09-16 14:24:04.624,414.5529789390531,8
2024-09-16 14:24:04.660,414.4939282684076,12
2024-09-16 14:24:04.827,414.5142230734587,996
2024-09-16 14:24:04.852,414.4932458098712,101
2024-09-16 14:24:04.916,414.52145716537,1000
2024-09-16 14:24:06.219,414.5445804784202,997
2024-09-16 14:24:06.332,414.5461906284978,995
2024-09-16 14:24:06.536,414.5320683747459,98
2024-09-16 14:24:06.652,414.54863949729145,1000
2024-09-16 14:24:06.740,414.5473169858583,996
2024-09-16 14:24:07.209,414.5586989121113,9
2024-09-16 14:24:07.379,414.5457632937564,1003
2024-09-16 14:24:07.431,414.5586646625272,8
2024-09-16 14:24:07.451,414.5542851656016,11
2024-09-16 14:24:08.011,414.5545006980146,1001
2024-09-16 14:24:08.107,414.5906734701054,100
2024-09-16 14:24:08.120,414.59338760881263,995
2024-09-16 14:24:08.174,414.58365532040153,98
2024-09-16 14:24:08.183,414.6055637723454,1004
2024-09-16 14:24:08.227,414.5216316868605,14
2024-09-16 14:24:08.232,414.5436106402048,1002
2024-09-16 14:24:08.257,414.5686325782772,12
2024-09-16 14:24:08.277,414.5561842604276,98
2024-09-16 14:24:08.316,414.5621964936052,15
2024-09-16 14:24:08.358,414.5664188446392,12
2024-09-16 14:24:08.418,414.57276121441447,7
2024-09-16 14:24:08.457,414.579092847636,98
2024-09-16 14:24:08.467,414.5618970461011,8
2024-09-16 14:24:08.468,414.56886228563246,13
2024-09-16 14:24:08.480,414.5121323607773,1000
2024-09-16 14:24:08.525,414.5884923504246,12
2024-09-16 14:24:08.572,414.59543722942175,13
2024-09-16 14:24:08.573,414.5619458369072,103
2024-09-16 14:24:08.746,414.58881140028166,97
2024-09-16 14:24:08.779,414.5526913079118,999
2024-09-16 14:24:08.867,414.5746981557928,8
2024-09-16 14:24:08.897,414.5529543266515,996
2024-09-16 14:24:08.907,414.5728502537685,104
2024-09-16 14:24:09.025,414.5412795586479,5
2024-09-16 14:24:09.179,414.5392993633007,999
2024-09-16 14:24:09.315,414.5381517726092,103
2024-09-16 14:24:09.497,414.5421103932188,1003
2024-09-16 14:24:09.501,414.5465005131378,103
2024-09-16 14:24:09.514,414.5545967235572,95
2024-09-16 14:24:09.761,414.5327520999093,14
2024-09-16 14:24:09.816,414.553158422037,105
2024-09-16 14:24:09.820,414.5620046957968,15
2024-09-16 14:24:09.944,414.5328769427898,11
2024-09-16 14:24:09.967,414.5228722308567,999
2024-09-16 14:24:09.980,414.5750691809055,105
2024-09-16 14:24:10.010,414.5864247147146,1001
2024-09-16 14:24:10.029,414.5550686425679,14
2024-09-16 14:24:10.034,414.54322559245054,997
2024-09-16 14:24:10.056,414.5452257936997,13
2024-09-16 14:24:10.112,414.5541977527439,98
2024-09-16 14:24:10.129,414.5622848283445,95
2024-09-16 14:24:10.179,41.45516855059196,1005
2024-09-16 14:24:10.290,414.5435087110776,1002
2024-09-16 14:24:10.309,414.5318182892072,97
2024-09-16 14:24:10.380,414.54444314357977,7
2024-09-16 14:24:10.445,414.54464561854576,9
2024-09-16 14:24:10.448,414.5503276116885,7
2024-09-16 14:24:10.471,414.542372122628,6
2024-09-16 14:24:10.584,414.5508880260054,1002
2024-09-16 14:24:10.634,414.5526665052139,1000
2024-09-16 14:24:10.665,414.5895469496409,8
2024-09-16 14:24:10.724,414.5206245221645,999
2024-09-16 14:24:10.731,414.5515083941794,103
2024-09-16 14:24:10.740,414.5591296678895,997
2024-09-16 14:24:10.761,414.5131605811177,95
2024-09-16 14:24:10.766,414.5269229529735,12
2024-09-16 14:24:10.818,,1004
2024-09-16 14:24:10.855,414.5830393408268,995
2024-09-16 14:24:10.871,414.5662889098482,103
2024-09-16 14:24:10.942,414.5763843007467,13
2024-09-16 14:24:10.947,414.5273973096071,14
2024-09-16 14:24:10.954,414.5230564259529,10
2024-09-16 14:24:11.010,414.5875619865188,13
2024-09-16 14:24:11.067,414.5870687855247,8
2024-09-16 14:24:11.143,414.5765541231901,7
2024-09-16 14:24:11.157,414.5853640984749,101
2024-09-16 14:24:11.158,414.57672175621,105
2024-09-16 14:24:11.171,414.5844373488172,998
2024-09-16 14:24:11.185,414.57319059980966,1005
2024-09-16 14:24:11.199,414.55485261719065,15
2024-09-16 14:24:11.232,414.5648105196887,1002
2024-09-16 14:24:11.362,414.54830354056736,95
2024-09-16 14:24:11.382,,102
2024-09-16 14:24:11.404,414.5554542465397,7
2024-09-16 14:24:11.410,414.5707816168156,9
2024-09-16 14:24:11.463,414.5594541558553,97
2024-09-16 14:24:11.658,414.5341506311567,12
2024-09-16 14:24:11.676,414.5771103942801,6
2024-09-16 14:24:11.801,414.53508454108805,95
2024-09-16 14:24:11.848,414.540135180342,95
2024-09-16 14:24:11.852,414.5610869980525,999
2024-09-16 14:24:11.944,414.55568221345567,15
2024-09-16 14:24:11.971,414.5415271813273,95
2024-09-16 14:24:11.991,414.5713679751952,1002
2024-09-16 14:24:12.025,414.5954071497292,96
2024-09-16 14:24:12.041,414.53138376964415,5
2024-09-16 14:24:12.219,414.5177691154154,997
2024-09-16 14:24:12.303,414.5894895533171,995
2024-09-16 14:24:12.371,414.52086382554086,96
2024-09-16 14:24:12.411,414.5205201391032,1003
2024-09-16 14:24:12.414,414.56702460458274,12
2024-09-16 14:24:12.549,41.45610039918096,5
2024-09-16 14:24:12.642,414.5326546056969,9
2024-09-16 14:24:12.649,414.5746851190815,995
2024-09-16 14:24:12.681,414.57976521655513,1002
2024-09-16 14:24:12.703,414.5388151790469,98
2024-09-16 14:24:12.793,414.5791735343995,997
2024-09-16 14:24:12.802,414.574444896097,995
2024-09-16 14:24:12.917,414.5197107022203,104
2024-09-16 14:24:12.943,414.525668893463,103
2024-09-16 14:24:13.094,414.4308089125429,996
2024-09-16 14:24:13.099,414.50258502972514,9
2024-09-16 14:24:13.132,414.44871060484655,12
2024-09-16 14:24:13.141,414.4679334277981,998
2024-09-16 14:24:13.141,414.4709859069613,10
2024-09-16 14:24:13.270,414.4494745142638,10
2024-09-16 14:24:13.279,414.4488825495648,102
2024-09-16 14:24:13.283,414.4546007678087,95
2024-09-16 14:24:13.295,414.4579466262717,97
2024-09-16 14:24:13.364,414.4864687084015,7
2024-09-16 14:24:13.369,414.4390645768908,98
2024-09-16 14:24:13.383,414.4547261495445,101
2024-09-16 14:24:13.424,414.4835291404886,13
2024-09-16 14:24:13.429,414.45575019752937,10
2024-09-16 14:24:13.430,414.4877730735959,15
2024-09-16 14:24:13.441,414.4505311412228,998
2024-09-16 14:24:13.470,414.4798145335365,7
2024-09-16 14:24:13.471,414.4357782051726,1001
2024-09-16 14:24:13.572,414.4385272235263,103
2024-09-16 14:24:13.620,414.50417362330256,96
2024-09-16 14:24:13.760,414.4547048372496,6
2024-09-16 14:24:13.779,414.50760917599024,1003
2024-09-16 14:24:13.792,414.46687612405685,1002
2024-09-16 14:24:13.817,414.4864671493783,999
2024-09-16 14:24:13.818,414.44515469545047,102
2024-09-16 14:24:13.923,414.4408073019141,95
2024-09-16 14:24:13.951,414.5150724534816,102
2024-09-16 14:24:13.962,414.45853014710127,102
2024-09-16 14:24:14.033,414.5128687234492,996
2024-09-16 14:24:14.124,414.4859582603746,996
2024-09-16 14:24:14.185,414.49909461009776,1001
2024-09-16 14:24:14.196,414.4860068003277,998
2024-09-16 14:24:14.214,414.4840812288154,8
2024-09-16 14:24:14.322,414.498405410513,1000
2024-09-16 14:24:14.359,414.4769480258301,97
2024-09-16 14:24:14.687,414.4731611389717,999
2024-09-16 14:24:14.774,414.5139379021361,1002
2024-09-16 14:24:14.783,414.453026113042,999
2024-09-16 14:24:14.989,414.4860760588196,103
2024-09-16 14:24:15.002,414.5380317346172,6
2024-09-16 14:24:15.189,414.5288949772121,1004
2024-09-16 14:24:15.258,414.5430972324259,1002
2024-09-16 14:24:15.489,414.5173903587963,996
2024-09-16 14:24:15.608,414.5353966240593,105
2024-09-16 14:24:15.774,414.5327978079643,100
2024-09-16 14:24:16.014,414.5350824419321,13
2024-09-16 14:24:16.066,414.5605819769266,1001
2024-09-16 14:24:16.089,414.54445829970905,15
2024-09-16 14:24:16.116,414.511491706932,12
2024-09-16 14:24:16.122,414.5592425000492,97
2024-09-16 14:24:16.254,414.57586244774245,9
2024-09-16 14:24:16.348,414.5485782341488,14
2024-09-16 14:24:16.364,41.456766709645976,101
2024-09-16 14:24:16.377,414.5376780753807,1001
2024-09-16 14:24:16.566,414.534392483675,97
2024-09-16 14:24:16.615,414.5308184713054,100
2024-09-16 14:24:16.621,414.538964136008,6
2024-09-16 14:24:16.805,414.53299439673646,98
2024-09-16 14:24:16.960,414.55394625313727,100
2024-09-16 14:24:17.215,414.5556210664301,997
2024-09-16 14:24:17.245,414.55831798116935,1004
2024-09-16 14:24:18.017,414.5460417937688,1003
2024-09-16 14:24:18.132,414.53293328596527,10
2024-09-16 14:24:18.257,414.53669288765775,95
2024-09-16 14:24:18.295,414.5730684406379,996
2024-09-16 14:24:18.424,414.5223940673382,12
2024-09-16 14:24:18.498,414.5693737521252,995
2024-09-16 14:24:18.517,414.5294154382077,11
2024-09-16 14:24:18.555,414.52890032311126,15
2024-09-16 14:24:18.662,414.54265646337456,14
2024-09-16 14:24:18.790,414.5359478030476,996
2024-09-16 14:24:18.805,414.5432230459899,9
2024-09-16 14:24:18.841,414.5599517349452,997
2024-09-16 14:24:18.932,414.5423859349072,997
2024-09-16 14:24:18.976,414.5321637154853,1005
2024-09-16 14:24:18.980,414.5642938154963,98
2024-09-16 14:24:20.011,414.5678158361151,1002
2024-09-16 14:24:20.072,414.6289161334592,999
2024-09-16 14:24:20.137,414.606869327908,996
2024-09-16 14:24:20.191,414.6189415640254,9
2024-09-16 14:24:20.210,414.5568495979595,1000
2024-09-16 14:24:20.358,414.5937258846877,995
2024-09-16 14:24:20.368,414.6035349783313,5
2024-09-16 14:24:20.476,414.62496800503527,8
2024-09-16 14:24:20.494,414.5758609129952,12
2024-09-16 14:24:20.507,414.5836201181656,14
2024-09-16 14:24:20.515,414.58266752909446,1002
2024-09-16 14:24:20.525,414.59823466201897,15
2024-09-16 14:24:20.541,414.5613280557728,9
2024-09-16 14:24:20.593,414.5749848628837,13
2024-09-16 14:24:20.605,414.5812519785001,103
2024-09-16 14:24:20.622,414.57209841279627,95
2024-09-16 14:24:20.622,414.6257141349886,98
2024-09-16 14:24:20.641,414.58337712277256,996
2024-09-16 14:24:20.644,414.5680561601013,11
2024-09-16 14:24:20.704,414.621748101849,996
2024-09-16 14:24:20.743,414.60297469762816,101
2024-09-16 14:24:20.749,414.6405357487697,9
2024-09-16 14:24:20.797,414.622365898101,96
2024-09-16 14:24:20.898,414.5717111591955,999
2024-09-16 14:24:20.990,414.6171541324503,12
2024-09-16 14:24:21.144,414.5710536016714,6
2024-09-16 14:24:21.170,414.5953855071985,15
2024-09-16 14:24:21.193,414.581005576824,100
2024-09-16 14:24:21.223,414.6224071133821,7
2024-09-16 14:24:21.308,414.5839045095745,101
2024-09-16 14:24:21.338,414.5750056075109,7
2024-09-16 14:24:21.446,414.5379066459898,105
2024-09-16 14:24:21.447,414.552875404584,95
2024-09-16 14:24:21.453,414.5727572530794,12
2024-09-16 14:24:21.491,414.5797089454076,1001
2024-09-16 14:24:21.566,414.57864177023816,7
2024-09-16 14:24:21.576,414.5608622513509,6
2024-09-16 14:24:21.645,414.5700258386085,10
2024-09-16 14:24:21.684,414.62487285024815,1000
2024-09-16 14:24:21.815,41.45566960575039,14
2024-09-16 14:24:22.065,414.67477911804434,102
2024-09-16 14:24:22.137,414.595091759446,7
2024-09-16 14:24:22.171,414.596479569822,101
2024-09-16 14:24:22.174,414.6712029572225,10
2024-09-16 14:24:22.203,414.6444181478268,996
2024-09-16 14:24:22.265,414.61707935134194,7
2024-09-16 14:24:22.482,414.5806560602848,15
2024-09-16 14:24:22.487,414.564932890989,1000
2024-09-16 14:24:22.520,414.6266811703108,1005
2024-09-16 14:24:22.521,414.6788624750256,96
2024-09-16 14:24:22.553,414.621968604596,101
2024-09-16 14:24:22.578,414.5624320007306,96
2024-09-16 14:24:22.609,414.5728467980793,7
2024-09-16 14:24:22.660,414.6215900107836,7
2024-09-16 14:24:22.775,414.6562231958676,13
2024-09-16 14:24:22.781,414.567857000985,9
2024-09-16 14:24:22.782,414.5947393788916,15
2024-09-16 14:24:22.804,414.5624193013567,102
2024-09-16 14:24:22.850,414.6531846000645,998
2024-09-16 14:24:22.926,414.68662603931375,104
2024-09-16 14:24:22.928,414.6229191394303,7
2024-09-16 14:24:22.951,414.6681442011253,1001
2024-09-16 14:24:22.992,414.6747274624154,96
2024-09-16 14:24:23.015,414.6643857281387,997
2024-09-16 14:24:23.024,414.6407743495337,9
2024-09-16 14:24:23.036,414.6665703399393,999
2024-09-16 14:24:23.101,414.6554955400973,997
2024-09-16 14:24:23.167,414.6736753660137,5
2024-09-16 14:24:23.191,414.6477314438978,105
2024-09-16 14:24:23.201,414.6965214811613,103
2024-09-16 14:24:23.237,414.64085232536905,999
2024-09-16 14:24:23.237,414.6449324830581,1003
2024-09-16 14:24:23.262,414.6494067805738,1004
2024-09-16 14:24:23.269,414.6822564843269,996
2024-09-16 14:24:23.289,-414.6336702200337,95
2024-09-16 14:24:23.310,414.6658901480835,12
2024-09-16 14:24:23.347,414.6477474416973,1003
2024-09-16 14:24:23.414,414.68937358997147,95
2024-09-16 14:24:23.468,414.6724712053409,1003
2024-09-16 14:24:23.512,414.6655855061635,995
2024-09-16 14:24:23.548,414.6386732654459,999
2024-09-16 14:24:23.675,414.6344664565996,8
2024-09-16 14:24:23.688,414.647342932838,5
2024-09-16 14:24:23.693,414.6667100695866,1002
2024-09-16 14:24:23.711,414.6655501168861,15
2024-09-16 14:24:23.751,414.6639246015323,13
2024-09-16 14:24:23.785,414.6749086154864,13
2024-09-16 14:24:23.812,414.6459291447723,1000
2024-09-16 14:24:23.891,414.6495022139862,96
2024-09-16 14:24:23.932,414.6846784718162,7
2024-09-16 14:24:23.937,414.66086450287366,96
2024-09-16 14:24:23.995,414.6846071675282,1002
2024-09-16 14:24:24.018,414.689720992198,103
2024-09-16 14:24:24.060,414.6729329778637,101
2024-09-16 14:24:24.135,414.6839490429396,1002
2024-09-16 14:24:24.261,414.6866171390544,9
2024-09-16 14:24:24.325,414.679413425003,1004
2024-09-16 14:24:24.365,414.6730198755627,12
2024-09-16 14:24:24.383,414.6805679139405,95
2024-09-16 14:24:24.477,414.6851195507773,100
2024-09-16 14:24:24.534,414.68208270748886,998
2024-09-16 14:24:24.701,414.7067786351756,1002
2024-09-16 14:24:24.882,414.6862408477271,99
2024-09-16 14:24:25.060,414.7315242885005,96
2024-09-16 14:24:25.061,414.7520078641877,96
2024-09-16 14:24:25.085,414.7428277864246,104
2024-09-16 14:24:25.186,414.7026846109261,1001
2024-09-16 14:24:25.191,414.7567065764325,13
2024-09-16 14:24:25.270,414.682874279029,13
2024-09-16 14:24:25.306,414.7563359821613,6
2024-09-16 14:24:25.319,414.7039687222766,1003
2024-09-16 14:24:25.368,414.699660096719,999
2024-09-16 14:24:25.393,414.7553067718881,15
2024-09-16 14:24:25.448,414.7179009125245,8
2024-09-16 14:24:25.533,414.71796658713066,105
2024-09-16 14:24:25.547,414.7211706910307,14
2024-09-16 14:24:25.695,414.70381226037455,13
2024-09-16 14:24:25.904,414.7111229064319,100
2024-09-16 14:24:25.905,414.69501103894027,5
2024-09-16 14:24:25.914,414.7261907300641,998
2024-09-16 14:24:25.922,414.6913822367416,1002
2024-09-16 14:24:26.045,414.7347735057731,95
2024-09-16 14:24:26.095,414.7235038318059,103
2024-09-16 14:24:26.222,414.7984670239777,1001
2024-09-16 14:24:26.223,414.7217588477818,98
2024-09-16 14:24:26.287,414.7272937762781,9
2024-09-16 14:24:26.406,414.7273044438584,9
2024-09-16 14:24:26.435,414.7657749105383,103
2024-09-16 14:24:26.445,414.7687856091204,96
2024-09-16 14:24:26.450,414.7436621735488,96
2024-09-16 14:24:26.465,414.8109768007296,96
2024-09-16 14:24:26.485,414.8158594497947,1004
2024-09-16 14:24:26.488,414.7626153636492,1001
2024-09-16 14:24:26.511,414.7415632324663,98
2024-09-16 14:24:26.528,414.7673904298973,10
2024-09-16 14:24:26.610,414.70938208377015,995
2024-09-16 14:24:26.709,414.7692925799468,13
2024-09-16 14:24:26.752,414.71540912331153,15
2024-09-16 14:24:26.767,414.7497763413628,995
2024-09-16 14:24:26.791,414.7438143506313,13
2024-09-16 14:24:26.802,414.7941726324065,99
2024-09-16 14:24:26.827,414.72182477666365,95
2024-09-16 14:24:26.830,414.7717534546142,96
2024-09-16 14:24:26.842,414.71844753084514,98
2024-09-16 14:24:26.897,414.7117417157082,997
2024-09-16 14:24:26.978,414.7307813315674,96
2024-09-16 14:24:26.995,414.8114983017431,15
2024-09-16 14:24:27.068,414.7826675127128,995
2024-09-16 14:24:27.254,-414.8170949827013,1005
2024-09-16 14:24:27.405,414.8178228836102,101
2024-09-16 14:24:27.686,414.7746140747503,11
2024-09-16 14:24:27.775,414.8160796547304,7
2024-09-16 14:24:27.795,414.7959921944808,13
2024-09-16 14:24:27.910,414.7812225782656,998
2024-09-16 14:24:28.029,414.80083407094605,5
2024-09-16 14:24:28.043,414.8279764990943,1002
2024-09-16 14:24:28.116,414.8114585114516,95
2024-09-16 14:24:28.142,414.7884151513564,6
2024-09-16 14:24:28.158,414.803241863331,103
2024-09-16 14:24:28.167,414.8186541367778,97
2024-09-16 14:24:28.176,414.78795041732593,999
2024-09-16 14:24:28.283,414.7724115636582,1003
2024-09-16 14:24:28.327,414.8173389895634,9
2024-09-16 14:24:28.342,414.7850522962529,1005
2024-09-16 14:24:28.353,414.807788542522,7
2024-09-16 14:24:28.501,414.8339215642356,100
2024-09-16 14:24:28.633,414.78392098215903,7
2024-09-16 14:24:28.638,414.7887021484586,95
2024-09-16 14:24:28.641,414.7910160913117,995
2024-09-16 14:24:28.642,414.7897859729631,10
2024-09-16 14:24:28.710,414.80362167806646,997
2024-09-16 14:24:28.799,414.7866584203363,9
2024-09-16 14:24:28.895,414.772751763123,1003
2024-09-16 14:24:28.896,414.7733906198726,15
2024-09-16 14:24:28.920,414.802430722782,103
2024-09-16 14:24:28.963,414.815017233861,95
2024-09-16 14:24:29.062,414.75774856065857,96
2024-09-16 14:24:29.252,414.7538781901956,15
2024-09-16 14:24:29.425,414.7461271539489,999
2024-09-16 14:24:29.449,414.7952992366028,96
2024-09-16 14:24:29.571,414.8020735657855,100
2024-09-16 14:24:29.737,414.7705249746312,105
2024-09-16 14:24:29.738,414.7601018675137,1004
2024-09-16 14:24:29.808,414.79215372455457,10
2024-09-16 14:24:29.848,414.7645027830928,101
2024-09-16 14:24:29.881,414.7855621372041,98
2024-09-16 14:24:29.929,414.7778443651986,8
2024-09-16 14:24:30.202,414.8054914968295,1000
2024-09-16 14:24:30.210,414.8084480668896,11
2024-09-16 14:24:30.259,414.8078517947251,1004
2024-09-16 14:24:30.462,414.8132354184452,96
2024-09-16 14:24:30.504,414.7853152993787,12
2024-09-16 14:24:30.564,414.79563639935424,101
2024-09-16 14:24:30.600,414.8175063747593,103
2024-09-16 14:24:30.723,414.80985586664616,95
2024-09-16 14:24:30.730,414.7974093001045,102
2024-09-16 14:24:30.739,414.7952632268726,98
2024-09-16 14:24:30.761,414.8019859521929,1002
2024-09-16 14:24:30.769,414.7741069383183,98
2024-09-16 14:24:30.786,414.81510529901806,104
2024-09-16 14:24:30.976,414.8079641688859,98
2024-09-16 14:24:31.102,414.7854656062048,6
2024-09-16 14:24:32.015,414.74281269413615,8
2024-09-16 14:24:32.073,414.7863328126666,15
2024-09-16 14:24:32.075,414.7832692367804,95
2024-09-16 14:24:32.105,414.7782694670744,1005
2024-09-16 14:24:32.126,414.7892764103784,99
2024-09-16 14:24:32.145,414.771293974676,996
2024-09-16 14:24:32.221,414.7911556810455,96
2024-09-16 14:24:32.244,,10
2024-09-16 14:24:32.250,414.7806182938699,999
2024-09-16 14:24:32.251,414.7912912852423,11
2024-09-16 14:24:32.277,414.7773566330067,10
2024-09-16 14:24:32.284,414.7994295759121,102
2024-09-16 14:24:32.316,414.77319087027735,96
2024-09-16 14:24:32.326,414.7686169575878,103
2024-09-16 14:24:32.481,414.7999946222129,102
2024-09-16 14:24:32.517,414.73347925188847,100
2024-09-16 14:24:32.523,414.7626068170976,5
2024-09-16 14:24:32.535,414.8033421987598,101
2024-09-16 14:24:32.568,414.7411754710752,11
2024-09-16 14:24:32.693,414.8247527422328,999
2024-09-16 14:24:32.702,414.7387157628632,13
2024-09-16 14:24:32.805,414.7549302645675,14
2024-09-16 14:24:32.840,414.7770219694122,11
2024-09-16 14:24:32.891,414.77768152333016,1001
2024-09-16 14:24:32.918,414.7875524030998,995
2024-09-16 14:24:32.949,414.7877048431872,11
2024-09-16 14:24:32.981,414.7975157601991,15
2024-09-16 14:24:33.050,414.8520736995782,1001
2024-09-16 14:24:33.072,414.9124298614827,97
2024-09-16 14:24:33.075,414.9262085310486,995
2024-09-16 14:24:33.122,414.8828590132331,1005
2024-09-16 14:24:33.123,414.8449059504295,102
2024-09-16 14:24:33.135,414.9160422478272,995
2024-09-16 14:24:33.186,414.93431485197954,104
2024-09-16 14:24:33.189,414.84424139180015,8
2024-09-16 14:24:33.218,414.85358307956136,1000
2024-09-16 14:24:33.228,414.8390844026079,997
2024-09-16 14:24:33.246,414.8529106712566,97
2024-09-16 14:24:33.286,414.8489730475518,98
2024-09-16 14:24:33.289,414.8603507773336,1001
2024-09-16 14:24:33.349,414.8418152176248,1005
2024-09-16 14:24:33.363,414.8581527178266,1005
2024-09-16 14:24:33.388,414.8567954934425,11
2024-09-16 14:24:33.466,414.89652171341015,6
2024-09-16 14:24:33.518,414.8451927984996,12
2024-09-16 14:24:33.653,414.8435996208404,995
2024-09-16 14:24:33.684,414.88445271081184,1001
2024-09-16 14:24:33.773,414.9124799207105,105
2024-09-16 14:24:33.796,41.48245436190617,103
2024-09-16 14:24:33.825,414.8760867395847,102
2024-09-16 14:24:33.825,414.8363301324079,14
2024-09-16 14:24:33.852,414.8343199461002,10
2024-09-16 14:24:33.854,414.85837074399575,10
2024-09-16 14:24:33.883,414.88925055548407,95
2024-09-16 14:24:33.891,414.8755020021033,10
2024-09-16 14:24:33.911,414.8818539977819,12
2024-09-16 14:24:34.092,414.95842597841465,995
2024-09-16 14:24:34.113,414.8728138226741,7
2024-09-16 14:24:34.144,414.8838211879486,996
2024-09-16 14:24:34.248,414.95035681154985,14
2024-09-16 14:24:34.251,414.8743582064776,11
2024-09-16 14:24:34.281,414.8873771420073,1005
2024-09-16 14:24:34.285,414.941305085383,98
2024-09-16 14:24:34.287,414.9480611498108,105
2024-09-16 14:24:34.347,414.8994025535618,1005
2024-09-16 14:24:34.367,414.9623662194287,1001
2024-09-16 14:24:34.374,414.8707923084051,100
2024-09-16 14:24:34.411,414.9672960254785,1002
2024-09-16 14:24:34.476,414.8993283906697,1004
2024-09-16 14:24:34.496,414.9758509929511,996
2024-09-16 14:24:34.518,414.9588186535054,1003
2024-09-16 14:24:34.601,414.9543788295709,105
2024-09-16 14:24:34.661,414.96849818408833,15
2024-09-16 14:24:34.668,414.9634470401495,1005
2024-09-16 14:24:34.681,414.8624532762528,1005
2024-09-16 14:24:34.724,414.9462807901225,101
2024-09-16 14:24:34.745,414.9592670063365,98
2024-09-16 14:24:34.781,414.95122137068,5
2024-09-16 14:24:34.800,414.9416359340659,96
2024-09-16 14:24:34.819,414.9314076043944,11
2024-09-16 14:24:34.905,414.90233995461216,8
2024-09-16 14:24:34.916,414.9478604118596,104
2024-09-16 14:24:34.971,414.9578748198988,10
2024-09-16 14:24:34.976,414.9308733426376,6
2024-09-16 14:24:34.990,414.8891792459802,12
2024-09-16 14:24:35.059,414.9578571465231,101
2024-09-16 14:24:35.079,414.9454628549351,100
2024-09-16 14:24:35.092,41.50002467400561,1001
2024-09-16 14:24:35.107,414.997986262548,998
2024-09-16 14:24:35.186,414.98668883911904,11
2024-09-16 14:24:35.194,414.9461766782823,105
2024-09-16 14:24:35.212,415.0155494172922,15
2024-09-16 14:24:35.242,414.9537714089967,14
2024-09-16 14:24:35.249,414.9798682889224,997
2024-09-16 14:24:35.328,415.0040246513988,999
2024-09-16 14:24:35.513,414.9458476115337,1001
2024-09-16 14:24:35.640,414.98476982771,999
2024-09-16 14:24:35.652,414.9920149388852,1003
2024-09-16 14:24:35.679,414.9571597004052,105
2024-09-16 14:24:35.698,414.9919616602173,95
2024-09-16 14:24:35.868,414.9653578075639,1005
2024-09-16 14:24:36.195,415.0669061116674,996
2024-09-16 14:24:36.484,415.0335743789424,9
2024-09-16 14:24:36.502,415.0492200971255,99
2024-09-16 14:24:36.669,415.0679548842231,9
2024-09-16 14:24:36.721,415.0349301100836,99
2024-09-16 14:24:36.947,415.02609104769033,95
2024-09-16 14:24:37.044,415.0646983299685,98
2024-09-16 14:24:37.125,415.0524095054153,12
2024-09-16 14:24:37.346,415.0659055477158,99
2024-09-16 14:24:37.415,415.0731643028657,99
2024-09-16 14:24:37.435,415.0744295796021,105
2024-09-16 14:24:37.463,415.06352965478777,12
2024-09-16 14:24:37.531,415.0800205381194,7
2024-09-16 14:24:37.561,415.0651471423807,97
2024-09-16 14:24:37.683,415.07049878610337,102
2024-09-16 14:24:37.734,41.50675512089764,996
2024-09-16 14:24:37.892,415.0610861761443,995
2024-09-16 14:24:37.996,415.0634417972506,99
2024-09-16 14:24:39.418,415.07862887303673,999
2024-09-16 14:24:39.615,415.0621932024783,103
2024-09-16 14:24:39.702,415.06705465232255,995
2024-09-16 14:24:39.715,415.05542023053846,1003
2024-09-16 14:24:39.794,415.07206788074967,1000
2024-09-16 14:24:40.031,415.0944584715836,101
2024-09-16 14:24:40.098,415.12840201081286,1001
2024-09-16 14:24:40.230,415.1208480657291,997
2024-09-16 14:24:40.254,415.1339057851528,102
2024-09-16 14:24:40.297,415.10713435150177,9
2024-09-16 14:24:40.416,415.0858108792932,1004
2024-09-16 14:24:40.632,415.076657414223,95
2024-09-16 14:24:40.707,415.0740440197178,995
2024-09-16 14:24:40.718,415.1144498825031,999
2024-09-16 14:24:40.768,415.103098622509,997
2024-09-16 14:24:40.884,415.1044915233113,98
2024-09-16 14:24:40.959,415.0640280461983,13
2024-09-16 14:24:41.173,415.15183634358726,104
2024-09-16 14:24:41.201,415.1263360020175,1001
2024-09-16 14:24:41.288,415.1650775016776,1004
2024-09-16 14:24:41.315,415.1327556584409,8
2024-09-16 14:24:41.431,415.1462507422269,1003
2024-09-16 14:24:41.433,415.1320758559871,5
2024-09-16 14:24:41.733,415.1350056123589,999
2024-09-16 14:24:41.756,415.1264561940378,999
2024-09-16 14:24:41.856,415.1405464824824,105
2024-09-16 14:24:42.022,415.1690574846667,102
2024-09-16 14:24:42.266,415.1718564132637,8
2024-09-16 14:24:42.269,415.1663954282175,95
2024-09-16 14:24:42.430,415.1742005539438,15
2024-09-16 14:24:42.555,415.152143268297,6
2024-09-16 14:24:42.674,415.174300159919,1002
2024-09-16 14:24:42.699,415.15533841877743,102
2024-09-16 14:24:42.930,415.15880842533113,8
2024-09-16 14:24:42.941,415.17744616317407,8
2024-09-16 14:24:43.159,415.15696357498007,1002
2024-09-16 14:24:43.213,415.1540993024773,101
2024-09-16 14:24:43.319,,95
2024-09-16 14:24:43.404,-415.1575167876142,996
2024-09-16 14:24:43.540,415.1521652972312,95
2024-09-16 14:24:43.563,41.51517411335788,996
2024-09-16 14:24:43.664,415.1418461880473,10
2024-09-16 14:24:43.761,415.179565317584,11
2024-09-16 14:24:43.830,415.1734254940248,11
2024-09-16 14:24:43.848,415.14590863105616,996
2024-09-16 14:24:43.887,415.17822964775166,95
2024-09-16 14:24:43.896,415.083652721456,996
2024-09-16 14:24:43.904,415.160540300997,103
2024-09-16 14:24:43.929,415.1479063148802,97
2024-09-16 14:24:44.016,415.006350017366,1000
2024-09-16 14:24:44.040,415.0167186648909,995
2024-09-16 14:24:44.101,414.9850375213505,98
2024-09-16 14:24:44.132,415.0205328424293,105
2024-09-16 14:24:44.147,415.0008631545966,98
2024-09-16 14:24:44.206,415.0469147906518,997
2024-09-16 14:24:44.214,415.0116809666544,1004
2024-09-16 14:24:44.266,415.0326837056584,999
2024-09-16 14:24:44.274,415.0483383807507,5
2024-09-16 14:24:44.387,415.0403919200628,1003
2024-09-16 14:24:44.437,415.0522996300039,995
2024-09-16 14:24:44.447,41.50420804901825,101
2024-09-16 14:24:44.495,415.0410627941965,1005
2024-09-16 14:24:44.544,415.03437993097896,9
2024-09-16 14:24:44.560,415.0176461159877,96
2024-09-16 14:24:44.566,415.0189874409858,99
2024-09-16 14:24:44.621,414.9863027353806,100
2024-09-16 14:24:44.649,-415.01349178495167,101
2024-09-16 14:24:44.657,415.0238811850894,98
2024-09-16 14:24:44.703,415.0356908364205,1000
2024-09-16 14:24:44.705,415.0516123300285,105
2024-09-16 14:24:44.752,415.01813578336623,1002
2024-09-16 14:24:44.775,415.047496556168,11
2024-09-16 14:24:44.870,415.04624821514057,104
2024-09-16 14:24:44.983,415.0223628626763,99
2024-09-16 14:24:44.991,415.0318646120037,103
2024-09-16 14:24:45.015,414.9773378724344,995
2024-09-16 14:24:45.073,414.9717106731459,1001
2024-09-16 14:24:45.094,414.9945633054443,1001
2024-09-16 14:24:45.121,414.9888739742546,12
2024-09-16 14:24:45.142,414.9652534589979,996
2024-09-16 14:24:45.183,414.961008405032,8
2024-09-16 14:24:45.224,414.97587056357406,12
2024-09-16 14:24:45.226,414.9693497095647,997
2024-09-16 14:24:45.274,414.9984816080283,995
2024-09-16 14:24:45.280,414.9694825905013,998
2024-09-16 14:24:45.293,414.9690154348204,10
2024-09-16 14:24:45.301,414.9645754553534,103
2024-09-16 14:24:45.338,414.97904695398375,99
2024-09-16 14:24:45.374,414.9947648399382,9
2024-09-16 14:24:45.502,414.97050765543406,103
2024-09-16 14:24:45.527,414.9811283479132,1000
2024-09-16 14:24:45.538,414.96637712056776,105
2024-09-16 14:24:45.557,414.9834674271595,13
2024-09-16 14:24:45.671,415.0002463284229,1000
2024-09-16 14:24:45.730,414.96853684024046,101
2024-09-16 14:24:45.894,414.9975381940199,99
2024-09-16 14:24:45.923,414.9775338890691,995
2024-09-16 14:24:45.925,414.974580151841,1003
2024-09-16 14:24:45.977,414.9768276184868,96
2024-09-16 14:24:46.021,414.9919247507048,101
2024-09-16 14:24:46.105,415.00425363821023,1001
2024-09-16 14:24:46.111,414.9932477103407,101
2024-09-16 14:24:46.115,415.026542882128,8
2024-09-16 14:24:46.131,414.991370507752,1005
2024-09-16 14:24:46.153,414.9799241919075,999
2024-09-16 14:24:46.161,415.01768534596056,12
2024-09-16 14:24:46.202,414.9771936096614,100
2024-09-16 14:24:46.214,414.99915769810656,1005
2024-09-16 14:24:46.239,415.0087375394448,1002
2024-09-16 14:24:46.242,415.0001628813333,95
2024-09-16 14:24:46.465,415.0094780203409,14
2024-09-16 14:24:46.487,415.01359732769686,996
2024-09-16 14:24:46.510,,11
2024-09-16 14:24:46.537,415.01760963768646,95
2024-09-16 14:24:46.588,414.97799110100834,1001
2024-09-16 14:24:46.622,415.01684786249706,6
2024-09-16 14:24:46.679,414.9892504940688,11
2024-09-16 14:24:46.842,415.023708806548,99
2024-09-16 14:24:46.916,415.01926198054,9
2024-09-16 14:24:46.948,415.01499894736537,101
2024-09-16 14:24:46.957,415.0057850620816,6
2024-09-16 14:24:47.030,415.0148431595373,14
2024-09-16 14:24:47.076,415.0234692973611,1003
2024-09-16 14:24:47.081,415.0111530155892,100
2024-09-16 14:24:47.171,414.9931847076365,99
2024-09-16 14:24:47.196,414.9773814060063,95
2024-09-16 14:24:47.197,415.0237641318369,97
2024-09-16 14:24:47.264,415.0188987167266,1005
2024-09-16 14:24:47.301,415.01067871061554,1002
2024-09-16 14:24:47.345,415.0176559825086,6
2024-09-16 14:24:47.371,415.0093103760657,12
2024-09-16 14:24:47.393,415.004036529099,103
2024-09-16 14:24:47.424,415.0251633737193,1005
2024-09-16 14:24:47.440,415.0224068971728,11
2024-09-16 14:24:47.473,414.976274491828,999
2024-09-16 14:24:47.473,415.0359275696325,98
2024-09-16 14:24:47.499,415.0164242842758,1000
2024-09-16 14:24:47.516,415.0056565463322,10
2024-09-16 14:24:47.565,415.0115135568265,998
2024-09-16 14:24:47.654,415.00504102381024,96
2024-09-16 14:24:47.945,415.0075206418195,1005
2024-09-16 14:24:48.108,415.0194440909146,104
2024-09-16 14:24:48.167,415.0072512641431,1002
2024-09-16 14:24:48.262,415.0052060533491,8
2024-09-16 14:24:48.307,415.0181837067248,12
2024-09-16 14:24:48.338,415.0367389906865,97
2024-09-16 14:24:48.363,415.0235468198644,15
2024-09-16 14:24:48.385,415.0037890683038,14
2024-09-16 14:24:48.388,414.9987992550628,95
2024-09-16 14:24:48.404,415.0064220929909,999
2024-09-16 14:24:48.550,414.9984172621023,11
2024-09-16 14:24:48.631,415.0207944862162,997
2024-09-16 14:24:48.664,415.035017793601,10
2024-09-16 14:24:48.672,415.0081147376453,1001
2024-09-16 14:24:48.684,415.0364027381325,101
2024-09-16 14:24:48.742,415.0115376451123,97
2024-09-16 14:24:48.756,415.0023396632639,100
2024-09-16 14:24:48.856,415.0279650930547,997
2024-09-16 14:24:48.886,415.0240265113475,1004
2024-09-16 14:24:48.995,414.9902772946155,997
2024-09-16 14:24:49.024,414.9094458728562,6
2024-09-16 14:24:49.088,414.89090115962495,13
2024-09-16 14:24:49.183,414.91878705272126,101
2024-09-16 14:24:49.217,414.9150838464858,997
2024-09-16 14:24:49.249,414.9831144540877,95
2024-09-16 14:24:49.565,414.90813530546257,1001
2024-09-16 14:24:49.658,414.9190180010627,1003
2024-09-16 14:24:49.699,414.8766562118079,5
2024-09-16 14:24:49.714,414.90988024240704,98
2024-09-16 14:24:49.724,414.8886131489321,997
2024-09-16 14:24:49.758,414.9134500642769,1003
2024-09-16 14:24:49.824,414.9010140248324,13
2024-09-16 14:24:49.824,414.87883801298807,104
2024-09-16 14:24:49.840,414.9538523880649,95
2024-09-16 14:24:49.852,414.9206773996387,1004
2024-09-16 14:24:49.951,414.89188345360833,6
2024-09-16 14:24:50.000,41.48727945628438,104
2024-09-16 14:24:50.119,414.8580148564192,10
2024-09-16 14:24:50.320,414.8457655322604,11
2024-09-16 14:24:50.394,414.8450657114959,1004
2024-09-16 14:24:50.548,414.85949898682543,104
2024-09-16 14:24:50.670,414.8617720238793,101
2024-09-16 14:24:50.685,414.8620835762957,1001
2024-09-16 14:24:50.696,414.8459981115689,1000
2024-09-16 14:24:50.739,414.8673298110911,96
2024-09-16 14:24:50.775,414.86164966740336,101
2024-09-16 14:24:50.810,414.8472333939891,14
2024-09-16 14:24:50.823,414.8586059966305,96
2024-09-16 14:24:50.835,414.8488175021915,95
2024-09-16 14:24:50.836,414.87091612653046,996
2024-09-16 14:24:50.889,414.8540908485657,99
2024-09-16 14:24:50.994,414.8374405421335,1003
2024-09-16 14:24:51.274,414.850032374308,104
2024-09-16 14:24:51.339,414.8494592690719,101
2024-09-16 14:24:51.686,414.8661619588164,1005
2024-09-16 14:24:52.216,414.8787959356874,105
2024-09-16 14:24:52.654,414.8741826232278,96
2024-09-16 14:24:52.704,414.8756940843165,1005
2024-09-16 14:24:52.873,414.8841106824431,1003
2024-09-16 14:24:53.151,414.8397784969745,13
2024-09-16 14:24:53.156,414.8965896764054,1003
2024-09-16 14:24:53.160,414.8999428961672,998
2024-09-16 14:24:53.275,414.8608787674883,103
2024-09-16 14:24:53.290,414.8612314761958,997
2024-09-16 14:24:53.315,41.48421032710193,1005
2024-09-16 14:24:53.319,414.8473676991195,15
2024-09-16 14:24:53.322,414.8913885123526,95
2024-09-16 14:24:53.366,414.8784949002315,99
2024-09-16 14:24:53.381,414.88227637079535,8
2024-09-16 14:24:53.462,414.8682050814836,96
2024-09-16 14:24:53.543,414.8484909486399,104
2024-09-16 14:24:53.550,414.8681180556087,11
2024-09-16 14:24:53.572,414.89138406805466,996
2024-09-16 14:24:53.593,414.880146441579,9
2024-09-16 14:24:53.597,414.8965094130138,98
2024-09-16 14:24:53.726,414.8645775422736,8
2024-09-16 14:24:53.769,414.89228502315154,98
2024-09-16 14:24:53.799,414.8804296089316,14
2024-09-16 14:24:53.848,414.8408039732363,998
2024-09-16 14:24:53.852,414.87057822131095,100
2024-09-16 14:24:53.852,414.8809287262872,6
2024-09-16 14:24:53.891,414.8488830718623,14
2024-09-16 14:24:53.895,414.8484238496475,995
2024-09-16 14:24:53.915,414.8736312395983,6
2024-09-16 14:24:53.961,414.8599365818326,96
2024-09-16 14:24:53.987,414.8620742438405,101
2024-09-16 14:24:54.094,414.9086949421987,1004
2024-09-16 14:24:54.103,414.8860221656098,11
2024-09-16 14:24:54.124,414.9136909813908,997
2024-09-16 14:24:54.217,414.914178069013,999
2024-09-16 14:24:54.307,414.914282765577,13
2024-09-16 14:24:54.339,414.89007911367344,999
2024-09-16 14:24:54.353,41.49097334525351,1003
2024-09-16 14:24:54.361,414.87588658850126,996
2024-09-16 14:24:54.378,414.9225009370399,102
2024-09-16 14:24:54.411,414.9144231171824,15
2024-09-16 14:24:54.426,414.9130290933628,12
2024-09-16 14:24:54.514,414.9046342078637,1003
2024-09-16 14:24:54.516,414.9074019230186,95
2024-09-16 14:24:54.720,41.490460675647,999
2024-09-16 14:24:54.740,414.9105584040129,1001
2024-09-16 14:24:54.784,414.8867652275142,13
2024-09-16 14:24:54.799,414.8814444540774,97
2024-09-16 14:24:54.873,414.9073021106802,13
2024-09-16 14:24:54.909,414.8957772692508,12
2024-09-16 14:24:54.922,414.9207735776643,15
2024-09-16 14:24:54.923,414.9123317349483,13
2024-09-16 14:24:54.986,414.90743100879786,12
2024-09-16 14:24:55.068,414.8928174836501,96
2024-09-16 14:24:55.162,414.8790848480382,1002
2024-09-16 14:24:55.170,414.90734483868073,100
2024-09-16 14:24:55.419,414.9114328709527,1001
2024-09-16 14:24:55.435,414.8854429639485,999
2024-09-16 14:24:55.461,414.8929435903432,104
2024-09-16 14:24:55.484,414.8861378310212,105
2024-09-16 14:24:55.547,414.9094404428016,1001
2024-09-16 14:24:55.620,414.89640755760325,1002
2024-09-16 14:24:55.678,414.889521438282,15
2024-09-16 14:24:55.738,414.883230637259,12
2024-09-16 14:24:55.774,414.8966243407885,99
2024-09-16 14:24:55.945,414.89642759963147,98
2024-09-16 14:24:56.058,414.82545434527447,10
2024-09-16 14:24:56.114,414.8414901440592,1002
2024-09-16 14:24:56.365,414.8408101150774,6
2024-09-16 14:24:56.399,414.88424523915336,104
2024-09-16 14:24:56.409,414.8324096227162,101
2024-09-16 14:24:56.453,414.8271563971456,10
2024-09-16 14:24:56.481,414.83966028281134,102
2024-09-16 14:24:56.522,414.8311602956529,998
2024-09-16 14:24:56.575,414.8348617204148,999
2024-09-16 14:24:56.635,414.847508689416,1003
2024-09-16 14:24:56.652,414.8557882125591,99
2024-09-16 14:24:56.759,414.8334027475824,98
2024-09-16 14:24:56.797,414.84437068319215,8
2024-09-16 14:24:56.811,414.8565157846964,1000
2024-09-16 14:24:56.908,414.83186359242177,5
2024-09-16 14:24:56.977,414.8642912352847,1001
2024-09-16 14:24:56.987,414.84184299552766,1003
2024-09-16 14:24:57.083,414.8711808902767,101
2024-09-16 14:24:57.144,414.88253684986427,996
2024-09-16 14:24:57.294,414.8695679619478,1000
2024-09-16 14:24:57.392,414.8664167444907,104
2024-09-16 14:24:57.438,414.8964508332268,13
2024-09-16 14:24:57.685,414.8847461807789,7
2024-09-16 14:24:57.754,414.88030943805126,999
2024-09-16 14:24:57.926,414.8596000126899,1002
2024-09-16 14:24:57.977,414.8853532517124,96
2024-09-16 14:24:58.121,-414.88415424696217,1003
2024-09-16 14:24:58.152,414.933710556656,100
2024-09-16 14:24:58.191,414.9142063245884,11
2024-09-16 14:24:58.214,414.9243621295582,14
2024-09-16 14:24:58.385,414.9190401784338,100
2024-09-16 14:24:58.424,414.9466219779859,104
2024-09-16 14:24:58.471,414.9416410596071,998
2024-09-16 14:24:58.539,414.911155084501,1000
2024-09-16 14:24:58.570,414.94865718375,995
2024-09-16 14:24:58.576,414.9268092887858,7
2024-09-16 14:24:58.835,414.92640809425103,100
2024-09-16 14:24:58.869,414.9606762776623,105
2024-09-16 14:24:58.978,414.91999840390577,95
2024-09-16 14:24:59.003,414.935937003229,1000
2024-09-16 14:24:59.010,414.9293974260237,1002
2024-09-16 14:24:59.020,414.88951970992827,95
2024-09-16 14:24:59.069,414.967719700315,11
2024-09-16 14:24:59.167,414.9611755885071,6
2024-09-16 14:24:59.289,414.9354200905953,12
2024-09-16 14:24:59.294,414.9178862490799,100
2024-09-16 14:24:59.331,414.9290831317612,12
2024-09-16 14:24:59.335,414.9309370081419,96
2024-09-16 14:24:59.339,414.9042318092818,5
2024-09-16 14:24:59.358,414.900256173378,1000
2024-09-16 14:24:59.426,414.9115688768284,14
2024-09-16 14:24:59.446,414.9363758067629,95
2024-09-16 14:24:59.466,414.9680487101844,1004
2024-09-16 14:24:59.481,414.9460340043972,998
2024-09-16 14:24:59.517,414.9236018613969,9
2024-09-16 14:24:59.564,414.9029391584986,14
2024-09-16 14:24:59.603,414.9422701111097,1005
2024-09-16 14:24:59.613,414.964838681515,15
2024-09-16 14:24:59.619,414.9346014747937,99
2024-09-16 14:24:59.702,414.9008490846381,15
2024-09-16 14:24:59.717,414.87402249526457,998
2024-09-16 14:24:59.779,414.9267680001822,6
2024-09-16 14:24:59.823,414.97649076856055,10
2024-09-16 14:24:59.884,414.8955744502064,13
2024-09-16 14:24:59.913,414.9261899370213,9
2024-09-16 14:24:59.925,414.94267731563696,100
