Timestamp,Price,Size
2024-09-16 10:49:00.002,416.9504869302789,9
2024-09-16 10:49:00.082,416.9667042389819,1003
2024-09-16 10:49:00.119,416.9479753207329,103
2024-09-16 10:49:00.122,416.9469841584224,103
2024-09-16 10:49:00.172,416.9559507023164,6
2024-09-16 10:49:00.174,416.9366127564156,13
2024-09-16 10:49:00.252,416.96098044763687,100
2024-09-16 10:49:00.423,416.931574493616,97
2024-09-16 10:49:00.439,416.95797084441705,103
2024-09-16 10:49:00.461,416.9570206272591,96
2024-09-16 10:49:00.496,416.924936568466,999
2024-09-16 10:49:00.603,416.9109811864111,105
2024-09-16 10:49:00.649,416.9448931912447,13
2024-09-16 10:49:00.730,416.9358280779044,97
2024-09-16 10:49:00.767,416.9600783439657,11
2024-09-16 10:49:00.773,416.9401224897584,11
2024-09-16 10:49:00.798,416.96723911593256,1003
2024-09-16 10:49:00.998,416.9161443438748,1000
2024-09-16 10:49:01.001,416.8928521210593,997
2024-09-16 10:49:01.128,416.8947888036145,1000
2024-09-16 10:49:01.202,,96
2024-09-16 10:49:01.242,416.9097784420109,1004
2024-09-16 10:49:01.302,416.89162596178033,105
2024-09-16 10:49:01.331,416.88843486605526,8
2024-09-16 10:49:01.335,416.9014581948121,6
2024-09-16 10:49:01.367,416.9271180386874,9
2024-09-16 10:49:01.407,416.92960517314776,996
2024-09-16 10:49:01.481,416.8855884208727,998
2024-09-16 10:49:01.542,416.8831540271385,14
2024-09-16 10:49:01.567,416.9009861107686,14
2024-09-16 10:49:01.589,416.8812892563553,97
2024-09-16 10:49:01.636,416.8461544401631,7
2024-09-16 10:49:01.650,416.91894889500304,100
2024-09-16 10:49:01.675,,96
2024-09-16 10:49:01.704,416.86595046128815,6
2024-09-16 10:49:01.773,416.9044707498464,104
2024-09-16 10:49:01.778,416.878996225561,996
2024-09-16 10:49:01.873,416.89136240281766,105
2024-09-16 10:49:01.875,416.903234424153,7
2024-09-16 10:49:01.936,416.89549911870967,101
2024-09-16 10:49:01.968,416.9088776580789,100
2024-09-16 10:49:01.996,416.9242150556961,6
2024-09-16 10:49:02.065,416.8534188361186,13
2024-09-16 10:49:02.105,-416.856541539733,999
2024-09-16 10:49:02.169,416.8099292682308,997
2024-09-16 10:49:02.219,416.8445331868334,101
2024-09-16 10:49:02.256,416.8589875260175,100
2024-09-16 10:49:02.328,416.8279601317453,105
2024-09-16 10:49:02.427,416.8484230075612,995
2024-09-16 10:49:02.476,416.81783913248864,97
2024-09-16 10:49:02.638,416.84999834498905,102
2024-09-16 10:49:02.650,416.83341707431066,97
2024-09-16 10:49:02.709,416.8181432279754,999
2024-09-16 10:49:02.775,416.8326306485032,1004
2024-09-16 10:49:02.800,416.8581299684289,998
2024-09-16 10:49:02.883,416.85084125232106,7
2024-09-16 10:49:02.898,416.8450093199189,15
2024-09-16 10:49:02.943,,15
2024-09-16 10:49:03.031,416.7966146175136,13
2024-09-16 10:49:03.096,416.8073539045526,103
2024-09-16 10:49:03.106,416.7894138893775,1003
2024-09-16 10:49:03.220,416.818312079609,997
2024-09-16 10:49:03.261,416.8022408378071,996
2024-09-16 10:49:03.290,416.7958138319426,1003
2024-09-16 10:49:03.316,416.82601501921374,9
2024-09-16 10:49:03.346,416.7855743271659,7
2024-09-16 10:49:03.428,416.80479258087456,104
2024-09-16 10:49:03.460,416.8060073369572,15
2024-09-16 10:49:03.545,416.8124731097592,7
2024-09-16 10:49:03.749,416.794454821956,1004
2024-09-16 10:49:03.778,416.7898794181447,103
2024-09-16 10:49:03.871,416.81246222939865,997
2024-09-16 10:49:03.909,416.7982990011227,1002
2024-09-16 10:49:03.957,416.7873428213448,101
2024-09-16 10:49:03.973,416.7934656246695,997
2024-09-16 10:49:03.973,416.8168811669057,6
2024-09-16 10:49:03.982,416.80055906874935,1002
2024-09-16 10:49:03.983,416.7925407230922,996
2024-09-16 10:49:04.065,416.88504146377096,104
2024-09-16 10:49:04.149,416.8578874364009,103
2024-09-16 10:49:04.253,416.8651074749639,102
2024-09-16 10:49:04.295,,10
2024-09-16 10:49:04.537,416.84046875137966,8
2024-09-16 10:49:04.556,416.81047445536313,15
2024-09-16 10:49:04.590,416.853362748106,1005
2024-09-16 10:49:04.603,416.8677259392176,6
2024-09-16 10:49:04.606,416.85557618031055,95
2024-09-16 10:49:04.673,416.8588526767093,997
2024-09-16 10:49:04.751,416.8330342002302,1005
2024-09-16 10:49:04.876,416.79989865347807,102
2024-09-16 10:49:04.985,416.8387767777664,999
2024-09-16 10:49:05.013,416.80097290169095,1001
2024-09-16 10:49:05.017,416.8710383464656,101
2024-09-16 10:49:05.021,,105
2024-09-16 10:49:05.029,416.8457425418863,999
2024-09-16 10:49:05.032,416.8487371802808,997
2024-09-16 10:49:05.069,416.8723743072669,997
2024-09-16 10:49:05.226,416.88057884915526,102
2024-09-16 10:49:05.314,416.8882886770718,95
2024-09-16 10:49:05.337,416.8659584123076,99
2024-09-16 10:49:05.340,416.80913554796376,99
2024-09-16 10:49:05.349,416.8533101096784,5
2024-09-16 10:49:05.375,416.8115325624096,97
2024-09-16 10:49:05.387,416.863161736151,995
2024-09-16 10:49:05.424,416.8659581483568,12
2024-09-16 10:49:05.519,416.83043277544033,1005
2024-09-16 10:49:05.619,416.810321891209,101
2024-09-16 10:49:05.622,416.8468245762641,997
2024-09-16 10:49:05.653,416.82582445806486,98
2024-09-16 10:49:05.655,416.862763306611,7
2024-09-16 10:49:05.671,416.8530123438729,105
2024-09-16 10:49:05.712,416.84728041940303,1003
2024-09-16 10:49:05.747,416.839852051389,101
2024-09-16 10:49:05.753,416.85807785217565,101
2024-09-16 10:49:05.798,416.79644806392434,95
2024-09-16 10:49:05.802,416.8418708837237,96
2024-09-16 10:49:05.820,416.8143563667799,98
2024-09-16 10:49:05.868,416.8521787621444,99
2024-09-16 10:49:05.907,416.78183694509113,6
2024-09-16 10:49:05.911,416.85040245321824,7
2024-09-16 10:49:05.971,416.8620686359359,103
2024-09-16 10:49:06.100,416.7612184919233,98
2024-09-16 10:49:06.212,416.7647215001333,996
2024-09-16 10:49:06.221,416.770403763666,1001
2024-09-16 10:49:06.254,416.7410214135584,95
2024-09-16 10:49:06.493,,1002
2024-09-16 10:49:06.499,416.7975098595554,13
2024-09-16 10:49:06.524,416.7549885250535,11
2024-09-16 10:49:06.615,416.784963153033,14
2024-09-16 10:49:06.645,416.75045218776137,1002
2024-09-16 10:49:06.691,416.7727328196664,96
2024-09-16 10:49:06.919,416.75083407804135,15
2024-09-16 10:49:07.080,416.77503027916487,95
2024-09-16 10:49:07.097,416.78270317175554,1000
2024-09-16 10:49:07.126,416.8350971656634,997
2024-09-16 10:49:07.205,416.8615461250976,6
2024-09-16 10:49:07.212,416.8592970326098,8
2024-09-16 10:49:07.219,416.7843568176027,997
2024-09-16 10:49:07.224,416.7795271601002,100
2024-09-16 10:49:07.380,416.8119094632891,1004
2024-09-16 10:49:07.480,416.7655737071893,9
2024-09-16 10:49:07.490,416.7796578222244,98
2024-09-16 10:49:07.602,416.85409469987536,1005
2024-09-16 10:49:07.612,416.7721061635677,15
2024-09-16 10:49:07.754,416.8255570461503,997
2024-09-16 10:49:07.763,416.76704072102814,1001
2024-09-16 10:49:07.836,416.7620227568303,15
2024-09-16 10:49:07.838,416.7882675546342,15
2024-09-16 10:49:07.849,416.867016943083,98
2024-09-16 10:49:07.909,416.7989231997324,100
2024-09-16 10:49:07.969,416.7880255801781,998
2024-09-16 10:49:08.341,416.9221792231061,14
2024-09-16 10:49:08.422,416.8498949246946,104
2024-09-16 10:49:08.431,416.8318612059526,11
2024-09-16 10:49:08.631,416.900073366342,1005
2024-09-16 10:49:08.741,416.8488638382084,997
2024-09-16 10:49:08.759,416.8390960750191,99
2024-09-16 10:49:08.780,416.8715316855119,104
2024-09-16 10:49:08.793,416.8416475756385,10
2024-09-16 10:49:08.795,416.8416565481911,6
2024-09-16 10:49:08.866,416.8898081573304,11
2024-09-16 10:49:09.002,,1003
2024-09-16 10:49:09.051,416.95358230904014,1002
2024-09-16 10:49:09.165,416.9686246629667,96
2024-09-16 10:49:09.247,416.9574064615457,7
2024-09-16 10:49:09.305,416.90110659509935,995
2024-09-16 10:49:09.354,416.9500130824904,12
2024-09-16 10:49:09.640,416.9338484684414,11
2024-09-16 10:49:09.684,416.9094741659532,14
2024-09-16 10:49:09.750,416.91873758216224,7
2024-09-16 10:49:09.852,416.91070022507193,7
2024-09-16 10:49:10.087,416.94704046646456,1000
2024-09-16 10:49:10.238,416.9315989788116,9
2024-09-16 10:49:10.307,416.9121590396909,1001
2024-09-16 10:49:10.521,416.95826987168505,1000
2024-09-16 10:49:10.757,416.9262053417877,96
2024-09-16 10:49:10.958,416.9365585538816,10
2024-09-16 10:49:11.263,416.9259737278776,1002
2024-09-16 10:49:11.569,416.9404007459833,9
2024-09-16 10:49:11.688,416.9362884664926,7
2024-09-16 10:49:12.244,416.9340874605008,1004
2024-09-16 10:49:12.249,416.9459710736514,13
2024-09-16 10:49:12.289,416.9172157412436,1002
2024-09-16 10:49:12.355,416.9586657052668,5
2024-09-16 10:49:12.375,416.95980951431176,1003
2024-09-16 10:49:12.387,416.91777762103777,104
2024-09-16 10:49:12.393,416.9150475653733,105
2024-09-16 10:49:12.415,416.92949548739193,1000
2024-09-16 10:49:12.460,416.9610734873594,997
2024-09-16 10:49:12.717,416.9631404898828,5
2024-09-16 10:49:12.741,416.9242317068424,12
2024-09-16 10:49:12.792,416.9342660943592,95
2024-09-16 10:49:12.898,416.9454812370233,95
2024-09-16 10:49:12.926,416.9138363336967,12
2024-09-16 10:49:12.930,416.9323221802781,14
2024-09-16 10:49:12.935,416.94461794972926,8
2024-09-16 10:49:12.955,416.9658021973414,101
2024-09-16 10:49:12.963,416.96394655043,1003
2024-09-16 10:49:14.019,416.9351767491132,1002
2024-09-16 10:49:14.114,416.949162441132,12
2024-09-16 10:49:14.129,416.97268302475385,1004
2024-09-16 10:49:14.174,416.9172511899977,1003
2024-09-16 10:49:14.175,416.9179147558869,9
2024-09-16 10:49:14.179,416.9773311100487,999
2024-09-16 10:49:14.180,416.90997448681946,96
2024-09-16 10:49:14.319,416.9235159061487,997
2024-09-16 10:49:14.328,416.94155603143207,104
2024-09-16 10:49:14.378,416.8975004342139,7
2024-09-16 10:49:14.391,416.9025993498714,98
2024-09-16 10:49:14.393,416.9622628217077,1005
2024-09-16 10:49:14.506,416.9214240810805,104
2024-09-16 10:49:14.538,416.94128559304926,1003
2024-09-16 10:49:14.539,416.965725360596,101
2024-09-16 10:49:14.572,416.9115282615634,15
2024-09-16 10:49:14.627,416.9367254255272,1005
2024-09-16 10:49:14.637,416.94320236528216,7
2024-09-16 10:49:14.640,416.9686167875788,10
2024-09-16 10:49:14.677,416.97756948126334,14
2024-09-16 10:49:14.706,416.91043985453285,96
2024-09-16 10:49:14.765,416.90951562004193,13
2024-09-16 10:49:14.770,416.913830827407,1003
2024-09-16 10:49:14.867,416.9524907248753,1004
2024-09-16 10:49:14.938,416.9624201591897,15
2024-09-16 10:49:14.963,416.9788629284125,995
2024-09-16 10:49:14.965,416.9358804744888,8
2024-09-16 10:49:15.032,416.9182844954533,12
2024-09-16 10:49:15.042,416.902116650752,6
2024-09-16 10:49:15.068,416.91467247246266,997
2024-09-16 10:49:15.087,416.90272171931525,1001
2024-09-16 10:49:15.117,416.9012332793717,8
2024-09-16 10:49:15.171,416.9025280689843,97
2024-09-16 10:49:15.174,416.9153287863853,9
2024-09-16 10:49:15.185,416.94010498231535,96
2024-09-16 10:49:15.219,416.868733841589,10
2024-09-16 10:49:15.232,416.9319331073801,13
2024-09-16 10:49:15.257,416.91938141844855,11
2024-09-16 10:49:15.343,416.9172502820696,9
2024-09-16 10:49:15.381,416.8538072701206,98
2024-09-16 10:49:15.386,416.9268815760528,1004
2024-09-16 10:49:15.411,416.87677136448,1004
2024-09-16 10:49:15.431,416.8702962009437,1002
2024-09-16 10:49:15.452,416.8901085527196,1004
2024-09-16 10:49:15.467,416.8845150730154,6
2024-09-16 10:49:15.553,416.9088936581844,6
2024-09-16 10:49:15.587,416.8825554723509,6
2024-09-16 10:49:15.613,416.9130204353675,12
2024-09-16 10:49:15.622,416.9092903934861,1002
2024-09-16 10:49:15.653,416.884670403969,1001
2024-09-16 10:49:15.703,416.9311607667055,103
2024-09-16 10:49:15.800,416.8827048762648,9
2024-09-16 10:49:15.813,416.909882859304,1004
2024-09-16 10:49:15.826,416.87952712885385,105
2024-09-16 10:49:15.837,416.93026353307386,98
2024-09-16 10:49:15.911,416.85739891202365,998
2024-09-16 10:49:16.076,416.86934338887926,105
2024-09-16 10:49:16.088,416.8486778999473,1001
2024-09-16 10:49:16.102,416.9154080244626,996
2024-09-16 10:49:16.147,416.863475834235,1005
2024-09-16 10:49:16.179,416.89421027305474,97
2024-09-16 10:49:16.224,416.867774004983,995
2024-09-16 10:49:16.284,416.88650618150217,7
2024-09-16 10:49:16.316,416.8989450930412,105
2024-09-16 10:49:16.332,416.8650186782625,104
2024-09-16 10:49:16.357,416.88407791741264,8
2024-09-16 10:49:16.397,416.93674894355365,14
2024-09-16 10:49:16.441,416.85682643237936,103
2024-09-16 10:49:16.624,416.8670471657535,996
2024-09-16 10:49:16.624,416.8626866317718,100
2024-09-16 10:49:16.676,416.8627539855927,13
2024-09-16 10:49:16.692,416.8491646267506,998
2024-09-16 10:49:16.834,416.8746428668814,7
2024-09-16 10:49:16.883,416.8710682293776,102
2024-09-16 10:49:16.913,416.8493736563987,10
2024-09-16 10:49:16.938,416.883910741758,105
2024-09-16 10:49:16.953,416.9070760963603,12
2024-09-16 10:49:16.959,416.8711033094041,12
2024-09-16 10:49:16.975,416.8776930094487,99
2024-09-16 10:49:17.011,416.99233223279,96
2024-09-16 10:49:17.011,,999
2024-09-16 10:49:17.125,416.9078099679853,1000
2024-09-16 10:49:17.184,416.9008265959391,7
2024-09-16 10:49:17.281,416.947140214708,105
2024-09-16 10:49:17.304,41.6893679815846,12
2024-09-16 10:49:17.336,416.9742800495386,102
2024-09-16 10:49:17.362,416.9794882744562,998
2024-09-16 10:49:17.405,416.8427587645593,9
2024-09-16 10:49:17.411,416.8373183280141,10
2024-09-16 10:49:17.465,416.9632718650353,6
2024-09-16 10:49:17.544,416.964019203948,1005
2024-09-16 10:49:17.556,416.8827960850624,13
2024-09-16 10:49:17.556,416.9682879137292,103
2024-09-16 10:49:17.558,416.8910594244105,1003
2024-09-16 10:49:17.612,416.9433877202893,5
2024-09-16 10:49:17.643,416.9117763335594,1005
2024-09-16 10:49:17.703,416.86402332841215,1003
2024-09-16 10:49:17.716,416.9462535937169,103
2024-09-16 10:49:17.754,416.88692365403057,99
2024-09-16 10:49:17.777,,995
2024-09-16 10:49:17.779,41.6945758942139,10
2024-09-16 10:49:17.824,416.9315888695054,8
2024-09-16 10:49:17.870,416.8588722912456,103
2024-09-16 10:49:17.907,416.92946532652746,996
2024-09-16 10:49:17.923,416.9430664789693,6
2024-09-16 10:49:17.979,416.9083014356856,9
2024-09-16 10:49:18.596,416.8750939607276,995
2024-09-16 10:49:18.940,416.861142713942,103
2024-09-16 10:49:19.065,416.83766079604425,11
2024-09-16 10:49:19.177,416.8568886476714,14
2024-09-16 10:49:19.220,416.9112582576727,98
2024-09-16 10:49:19.337,416.8962554920161,103
2024-09-16 10:49:19.358,,1005
2024-09-16 10:49:19.463,416.8610785481762,1004
2024-09-16 10:49:19.526,416.8699987001499,1001
2024-09-16 10:49:19.590,416.86048347852255,996
2024-09-16 10:49:19.631,416.8767630638926,98
2024-09-16 10:49:19.726,416.865623445091,6
2024-09-16 10:49:19.959,416.836370120422,103
2024-09-16 10:49:19.974,416.8779128256115,996
2024-09-16 10:49:20.170,-416.9350620897752,101
2024-09-16 10:49:20.243,416.93595905821655,9
2024-09-16 10:49:20.264,416.92690713448206,6
2024-09-16 10:49:20.276,416.9316169104234,13
2024-09-16 10:49:20.298,416.91679833574,1000
2024-09-16 10:49:20.320,416.92956407320384,1001
2024-09-16 10:49:20.400,416.9311654906549,12
2024-09-16 10:49:20.409,416.9094873686941,105
2024-09-16 10:49:20.506,416.9260177398237,15
2024-09-16 10:49:20.825,416.9212786587275,1001
2024-09-16 10:49:20.860,416.9238381180496,99
2024-09-16 10:49:20.871,416.92548977226056,102
2024-09-16 10:49:20.928,416.9121420556638,96
2024-09-16 10:49:21.958,416.927522987408,15
2024-09-16 10:49:22.072,416.9240068640391,104
2024-09-16 10:49:22.205,416.92337284044334,98
2024-09-16 10:49:22.350,416.94044943342885,100
2024-09-16 10:49:22.410,416.91074772169407,12
2024-09-16 10:49:22.429,416.9347806985372,101
2024-09-16 10:49:22.442,416.91752630542817,99
2024-09-16 10:49:22.482,416.9512331805532,97
2024-09-16 10:49:22.493,416.9265623620885,105
2024-09-16 10:49:22.547,416.91946590050543,14
2024-09-16 10:49:22.797,,1002
2024-09-16 10:49:23.209,416.9619780718037,12
2024-09-16 10:49:23.272,416.9621405343197,998
2024-09-16 10:49:23.360,416.95950101364144,105
2024-09-16 10:49:24.113,416.9648054805757,5
2024-09-16 10:49:24.162,416.9405721919272,1004
2024-09-16 10:49:24.307,416.9634989187193,1005
2024-09-16 10:49:24.347,416.955584237266,98
2024-09-16 10:49:24.354,416.9520704814677,10
2024-09-16 10:49:24.397,416.9364696448271,13
2024-09-16 10:49:24.430,416.96010444531385,15
2024-09-16 10:49:24.464,416.9496850042439,1000
2024-09-16 10:49:24.506,416.96455612824974,1004
2024-09-16 10:49:24.547,416.94389185012153,1003
2024-09-16 10:49:24.569,416.93089161842965,1004
2024-09-16 10:49:24.573,416.9697692087273,103
2024-09-16 10:49:24.599,416.9545211884472,997
2024-09-16 10:49:24.603,416.94096411187286,9
2024-09-16 10:49:24.645,416.9509757431295,104
2024-09-16 10:49:24.804,416.9481577136811,995
2024-09-16 10:49:24.945,416.93854932708905,105
2024-09-16 10:49:24.957,416.97387800052354,15
2024-09-16 10:49:25.012,416.9571253783735,103
2024-09-16 10:49:25.060,416.9099265202414,13
2024-09-16 10:49:25.105,416.8789325388228,10
2024-09-16 10:49:25.164,416.8612482133497,5
2024-09-16 10:49:25.238,416.9556911151912,13
2024-09-16 10:49:25.264,416.97626516470086,9
2024-09-16 10:49:25.323,416.8996392613133,14
2024-09-16 10:49:25.429,416.8827631096855,995
2024-09-16 10:49:25.458,416.86253980819646,97
2024-09-16 10:49:25.479,416.9188541324637,98
2024-09-16 10:49:25.482,416.8798297794879,1005
2024-09-16 10:49:25.534,416.9244127254372,996
2024-09-16 10:49:25.544,416.9019507784404,96
2024-09-16 10:49:25.549,416.9653290796382,95
2024-09-16 10:49:25.556,416.9278260662302,1005
2024-09-16 10:49:25.591,416.9651339555616,997
2024-09-16 10:49:25.596,416.9108902601579,100
2024-09-16 10:49:25.624,416.9451669038435,6
2024-09-16 10:49:25.626,416.9725575745586,995
2024-09-16 10:49:25.683,416.8815174676202,997
2024-09-16 10:49:25.724,416.9910437463563,1002
2024-09-16 10:49:25.731,416.9849547243987,995
2024-09-16 10:49:25.749,416.916192195979,103
2024-09-16 10:49:25.815,-416.9204717101001,12
2024-09-16 10:49:25.819,416.885045675013,995
2024-09-16 10:49:25.821,416.91992626238135,12
2024-09-16 10:49:25.878,416.94921659773945,11
2024-09-16 10:49:25.944,416.8704017262403,998
2024-09-16 10:49:26.040,416.84166906850425,7
2024-09-16 10:49:26.048,416.8970889199223,998
2024-09-16 10:49:26.052,416.8884257462232,1005
2024-09-16 10:49:26.057,416.8387926915078,999
2024-09-16 10:49:26.149,416.8404538609482,996
2024-09-16 10:49:26.164,416.9402087143922,1001
2024-09-16 10:49:26.189,416.8956435617861,105
2024-09-16 10:49:26.547,416.9181170851057,1002
2024-09-16 10:49:26.553,416.83629186282514,1005
2024-09-16 10:49:26.743,416.9396484647981,1005
2024-09-16 10:49:26.808,416.9416122947085,96
2024-09-16 10:49:26.819,416.8685923333333,102
2024-09-16 10:49:26.889,416.9464654727906,13
2024-09-16 10:49:26.908,416.9021528819329,100
2024-09-16 10:49:26.914,416.94700988368334,12
2024-09-16 10:49:26.947,416.92555763349145,1004
2024-09-16 10:49:27.489,416.9276065460928,9
2024-09-16 10:49:27.953,416.93339104096,8
2024-09-16 10:49:28.023,416.9466760958935,9
2024-09-16 10:49:28.024,416.9014091832218,5
2024-09-16 10:49:28.030,416.9099949140462,102
2024-09-16 10:49:28.120,416.8536835349766,1004
2024-09-16 10:49:28.131,416.91391123839423,10
2024-09-16 10:49:28.192,41.68747468214164,104
2024-09-16 10:49:28.252,416.91753793181215,11
2024-09-16 10:49:28.318,416.925375844932,12
2024-09-16 10:49:28.323,416.9209021866201,100
2024-09-16 10:49:28.399,416.9086255062025,99
2024-09-16 10:49:28.404,416.92269087272126,10
2024-09-16 10:49:28.449,416.84192444236623,98
2024-09-16 10:49:28.455,416.8468581809624,1005
2024-09-16 10:49:28.479,416.9403167421783,1005
2024-09-16 10:49:28.483,416.915352513004,999
2024-09-16 10:49:28.566,416.9048323146088,997
2024-09-16 10:49:28.605,416.9224613846389,999
2024-09-16 10:49:28.634,416.9129358406571,104
2024-09-16 10:49:28.644,416.9456687792307,1004
2024-09-16 10:49:28.651,416.8889870411279,102
2024-09-16 10:49:28.752,416.94034241217577,95
2024-09-16 10:49:28.765,416.9264326425327,8
2024-09-16 10:49:28.828,416.9203129405235,1003
2024-09-16 10:49:28.858,416.8894576707245,1005
2024-09-16 10:49:28.886,416.9192377887771,12
2024-09-16 10:49:28.938,416.84058930819975,1005
2024-09-16 10:49:29.108,416.8132419981079,105
2024-09-16 10:49:29.152,416.8186422636455,97
2024-09-16 10:49:29.173,416.8186456212325,1003
2024-09-16 10:49:29.225,416.8202396285527,1005
2024-09-16 10:49:29.324,416.8165560675119,998
2024-09-16 10:49:29.349,416.79905594977896,13
2024-09-16 10:49:29.353,416.8121931456788,997
2024-09-16 10:49:29.375,416.7833805503302,995
2024-09-16 10:49:29.412,416.7765667018494,104
2024-09-16 10:49:29.444,416.7890432548828,10
2024-09-16 10:49:29.559,416.78081371805865,1001
2024-09-16 10:49:29.594,416.7799585488944,1005
2024-09-16 10:49:29.751,416.80717043771824,1003
2024-09-16 10:49:29.790,41.67970473210616,99
2024-09-16 10:49:29.845,416.812059785853,100
2024-09-16 10:49:29.896,416.8113865247804,14
2024-09-16 10:49:29.927,416.8031845054454,995
2024-09-16 10:49:30.070,416.81681438367326,98
2024-09-16 10:49:30.119,416.8351388912714,10
2024-09-16 10:49:30.354,416.82403893789547,11
2024-09-16 10:49:30.470,416.8251276765775,97
2024-09-16 10:49:30.478,416.7886651830735,14
2024-09-16 10:49:30.511,416.8252365303617,8
2024-09-16 10:49:30.948,416.8156970764657,1003
2024-09-16 10:49:31.086,416.7259484273451,100
2024-09-16 10:49:31.124,416.80068563194015,999
2024-09-16 10:49:31.126,416.7392737356411,996
2024-09-16 10:49:31.200,416.82752211240063,98
2024-09-16 10:49:31.208,416.7393047786021,6
2024-09-16 10:49:31.276,416.7408285386839,1001
2024-09-16 10:49:31.310,416.80816623052607,1000
2024-09-16 10:49:31.315,416.7695887499544,1000
2024-09-16 10:49:31.362,416.8062495609559,97
2024-09-16 10:49:31.363,416.7363854825389,996
2024-09-16 10:49:31.383,416.7154806290055,99
2024-09-16 10:49:31.409,416.7369530059896,997
2024-09-16 10:49:31.497,416.756713285282,995
2024-09-16 10:49:31.503,416.8310261102968,997
2024-09-16 10:49:31.717,416.7594803746473,15
2024-09-16 10:49:31.766,416.77811769228407,95
2024-09-16 10:49:31.838,416.7431707441697,13
2024-09-16 10:49:31.974,416.82131453123657,102
2024-09-16 10:49:31.983,416.7360165907939,8
2024-09-16 10:49:31.986,416.77331696893503,1000
2024-09-16 10:49:31.999,416.7444834548932,15
2024-09-16 10:49:32.008,416.7965215677303,99
2024-09-16 10:49:32.016,416.7695627521434,1001
2024-09-16 10:49:32.050,416.7463048985653,1004
2024-09-16 10:49:32.051,416.7214523719945,999
2024-09-16 10:49:32.093,416.7092541026329,1000
2024-09-16 10:49:32.107,416.7790635133152,998
2024-09-16 10:49:32.194,416.7289641891369,9
2024-09-16 10:49:32.254,416.7736494341205,95
2024-09-16 10:49:32.298,416.7792265084176,13
2024-09-16 10:49:32.323,416.8284854897757,997
2024-09-16 10:49:32.366,416.81632992685473,102
2024-09-16 10:49:32.505,416.789032107365,105
2024-09-16 10:49:32.509,416.75907107730535,7
2024-09-16 10:49:32.523,416.7218165418036,996
2024-09-16 10:49:32.528,416.79206845506553,995
2024-09-16 10:49:32.647,416.7808419311537,98
2024-09-16 10:49:32.655,416.7639455507371,103
2024-09-16 10:49:32.779,416.7889332726841,13
2024-09-16 10:49:32.802,416.7351342936489,96
2024-09-16 10:49:32.844,416.71771182579033,101
2024-09-16 10:49:32.855,416.8227861100595,8
2024-09-16 10:49:32.862,416.8103834223536,998
2024-09-16 10:49:32.882,416.69934199170666,102
2024-09-16 10:49:32.964,416.739137189722,1003
2024-09-16 10:49:33.081,416.7624575739727,11
2024-09-16 10:49:33.111,416.73632932673615,96
2024-09-16 10:49:33.120,416.68704607958665,95
2024-09-16 10:49:33.124,416.7610755016341,6
2024-09-16 10:49:33.155,416.67867619587633,995
2024-09-16 10:49:33.253,416.7795964373554,11
2024-09-16 10:49:33.291,416.7438939045268,14
2024-09-16 10:49:33.302,416.7034827609956,98
2024-09-16 10:49:33.347,,14
2024-09-16 10:49:33.380,416.7310365078059,105
2024-09-16 10:49:33.403,416.7313938590953,1000
2024-09-16 10:49:33.427,416.7233939862846,98
2024-09-16 10:49:33.446,416.7419471960284,101
2024-09-16 10:49:33.452,416.7384415491938,1002
2024-09-16 10:49:33.556,416.7251330081454,95
2024-09-16 10:49:33.641,416.77472993474447,1000
2024-09-16 10:49:33.696,416.79676416417215,1002
2024-09-16 10:49:33.740,416.7424641353039,8
2024-09-16 10:49:33.854,416.7836159229654,1005
2024-09-16 10:49:33.858,416.78706592637775,100
2024-09-16 10:49:33.887,416.7417558725018,96
2024-09-16 10:49:33.908,416.7193143447964,11
2024-09-16 10:49:34.003,416.8204325850777,998
2024-09-16 10:49:34.024,,96
2024-09-16 10:49:34.030,416.781740675088,6
2024-09-16 10:49:34.034,,14
2024-09-16 10:49:34.041,416.7739973848785,104
2024-09-16 10:49:34.079,416.781265278443,101
2024-09-16 10:49:34.090,416.80743116574,10
2024-09-16 10:49:34.103,416.7880222851958,996
2024-09-16 10:49:34.110,416.78694843306897,1005
2024-09-16 10:49:34.172,416.794497272224,1000
2024-09-16 10:49:34.305,416.7775187628556,104
2024-09-16 10:49:34.328,416.7753531126098,1001
2024-09-16 10:49:34.494,41.67685361544834,1002
2024-09-16 10:49:34.534,416.7921203966689,6
2024-09-16 10:49:34.585,416.8094473465483,103
2024-09-16 10:49:34.665,416.8074547355151,995
2024-09-16 10:49:34.725,416.78682664587353,95
2024-09-16 10:49:34.726,416.76911281571455,1000
2024-09-16 10:49:34.755,416.775556104201,1000
2024-09-16 10:49:34.783,416.83645424025855,104
2024-09-16 10:49:34.801,416.7830033108376,1001
2024-09-16 10:49:34.849,416.76976697718,1003
2024-09-16 10:49:34.873,416.77969043284776,9
2024-09-16 10:49:34.943,416.7848890950212,8
2024-09-16 10:49:34.996,416.7770273806452,996
2024-09-16 10:49:35.110,416.8600756529251,1001
2024-09-16 10:49:35.182,416.8482337610945,102
2024-09-16 10:49:35.193,416.8489307095535,1003
2024-09-16 10:49:35.194,416.8697947060325,101
2024-09-16 10:49:35.297,41.6882800655948,1000
2024-09-16 10:49:35.350,-416.8149877162255,95
2024-09-16 10:49:35.377,416.8765879248483,1001
2024-09-16 10:49:35.397,416.85203520717727,97
2024-09-16 10:49:35.494,416.8412251524029,5
2024-09-16 10:49:35.579,416.8396407693152,98
2024-09-16 10:49:35.625,416.8312204853669,104
2024-09-16 10:49:35.642,416.8866948573656,9
2024-09-16 10:49:35.689,416.865726614207,995
2024-09-16 10:49:35.693,416.8032338305381,15
2024-09-16 10:49:35.787,416.8620816306213,1005
2024-09-16 10:49:35.820,416.8451022643844,7
2024-09-16 10:49:35.847,416.8672320361611,997
2024-09-16 10:49:35.850,416.84908130780417,13
2024-09-16 10:49:36.018,416.9157769502451,8
2024-09-16 10:49:36.409,416.9181327978673,102
2024-09-16 10:49:36.564,416.8927620767114,5
2024-09-16 10:49:36.723,416.8813374921856,96
2024-09-16 10:49:37.032,416.93707692503455,1000
2024-09-16 10:49:37.372,416.9257359576293,996
2024-09-16 10:49:37.881,416.94711395547125,13
2024-09-16 10:49:37.884,416.94973276018817,999
2024-09-16 10:49:37.891,416.9252736534168,995
2024-09-16 10:49:37.958,416.9347253413238,998
2024-09-16 10:49:38.110,416.9374501274804,8
2024-09-16 10:49:38.141,416.9119901639024,11
2024-09-16 10:49:38.156,416.90536848797655,97
2024-09-16 10:49:38.303,416.9134249866224,104
2024-09-16 10:49:38.308,416.9219970664892,101
2024-09-16 10:49:38.378,416.9207267491548,11
2024-09-16 10:49:38.432,416.918854588215,6
2024-09-16 10:49:38.461,416.9298655166638,14
2024-09-16 10:49:38.511,416.9158337554109,101
2024-09-16 10:49:38.564,416.9228505397704,6
2024-09-16 10:49:38.574,416.9222894773975,1002
2024-09-16 10:49:38.617,416.9174277430034,1004
2024-09-16 10:49:38.695,416.9373836162439,12
2024-09-16 10:49:38.708,416.9221805398983,1000
2024-09-16 10:49:38.793,416.9201292750101,10
2024-09-16 10:49:38.795,416.9239601922326,998
2024-09-16 10:49:38.865,416.9258092010488,12
2024-09-16 10:49:38.882,416.9118913647918,1001
2024-09-16 10:49:38.928,416.9322337467376,14
2024-09-16 10:49:38.961,416.9110255644019,105
2024-09-16 10:49:39.121,416.9276222870843,998
2024-09-16 10:49:39.186,416.93635839881017,10
2024-09-16 10:49:39.473,416.9375507371933,997
2024-09-16 10:49:39.474,416.8936554063252,105
2024-09-16 10:49:39.474,416.9443788337276,998
2024-09-16 10:49:39.530,416.9331712712436,14
2024-09-16 10:49:39.584,416.9236615151907,100
2024-09-16 10:49:40.037,416.90571147888585,104
2024-09-16 10:49:40.056,416.9092444648831,15
2024-09-16 10:49:40.130,416.9528321617114,7
2024-09-16 10:49:40.228,416.93161287930513,12
2024-09-16 10:49:40.329,416.9348194217756,1001
2024-09-16 10:49:40.374,416.9076836488264,13
2024-09-16 10:49:40.423,416.9037833545283,95
2024-09-16 10:49:40.449,416.9194716465016,998
2024-09-16 10:49:40.458,416.9206873256887,1004
2024-09-16 10:49:40.483,416.8969919120802,7
2024-09-16 10:49:40.563,416.9371700162621,103
2024-09-16 10:49:40.580,416.9322480304848,7
2024-09-16 10:49:40.581,416.89765469749824,102
2024-09-16 10:49:40.582,416.9050008074573,99
2024-09-16 10:49:40.589,416.9282503705129,1004
2024-09-16 10:49:40.612,416.9069888936791,10
2024-09-16 10:49:40.622,416.9301015267502,995
2024-09-16 10:49:40.645,416.92830271521,11
2024-09-16 10:49:40.697,416.9490551197364,10
2024-09-16 10:49:40.698,416.90873820322514,100
2024-09-16 10:49:40.711,416.9005838607166,12
2024-09-16 10:49:40.740,416.9428868249352,1003
2024-09-16 10:49:40.806,416.9089762032219,12
2024-09-16 10:49:40.813,416.925444150927,96
2024-09-16 10:49:40.870,416.9207697819917,101
2024-09-16 10:49:40.916,416.9388529043407,10
2024-09-16 10:49:41.184,416.8905526295175,96
2024-09-16 10:49:41.366,416.9080998131228,97
2024-09-16 10:49:41.585,416.9160769672284,11
2024-09-16 10:49:41.977,416.9300652171136,102
2024-09-16 10:49:42.001,416.9262401285334,98
2024-09-16 10:49:42.019,416.9093746772107,95
2024-09-16 10:49:42.039,416.8803374827723,998
2024-09-16 10:49:42.219,416.8767668500096,15
2024-09-16 10:49:42.251,416.938766174122,999
2024-09-16 10:49:42.295,416.8499611198355,997
2024-09-16 10:49:42.305,416.84002320728814,105
2024-09-16 10:49:42.601,416.9008713190466,995
2024-09-16 10:49:42.646,416.8902991386348,995
2024-09-16 10:49:42.803,,95
2024-09-16 10:49:42.818,416.8702410432147,10
2024-09-16 10:49:42.839,416.83562635918673,997
2024-09-16 10:49:42.877,416.92830373933066,1001
2024-09-16 10:49:42.969,416.8673431727029,104
2024-09-16 10:49:42.982,416.91214273587457,14
2024-09-16 10:49:42.990,416.8690177900563,1003
2024-09-16 10:49:43.168,416.9673562231066,97
2024-09-16 10:49:43.184,416.96788467119313,10
2024-09-16 10:49:43.406,416.9332623782271,13
2024-09-16 10:49:43.592,416.953985485204,998
2024-09-16 10:49:44.038,416.980645086154,997
2024-09-16 10:49:44.404,416.98252126812537,12
2024-09-16 10:49:44.665,416.9946592377752,98
2024-09-16 10:49:45.057,416.9765892145195,15
2024-09-16 10:49:45.094,417.0024075541846,15
2024-09-16 10:49:45.095,417.0486231047181,1002
2024-09-16 10:49:45.147,417.0541594984752,8
2024-09-16 10:49:45.169,417.0514770925941,7
2024-09-16 10:49:45.297,417.0084487967184,102
2024-09-16 10:49:45.297,417.0127517564915,101
2024-09-16 10:49:45.306,416.9994367841357,1003
2024-09-16 10:49:45.382,417.0712508123387,999
2024-09-16 10:49:45.410,417.051918379156,995
2024-09-16 10:49:45.532,417.00452996121794,1004
2024-09-16 10:49:45.582,417.0118663505352,101
2024-09-16 10:49:45.630,416.9971784855304,96
2024-09-16 10:49:45.701,417.0308692670288,99
2024-09-16 10:49:45.780,417.030015020864,1002
2024-09-16 10:49:45.839,416.9924114318575,10
2024-09-16 10:49:45.844,416.9982297754134,995
2024-09-16 10:49:45.859,417.01541262663096,100
2024-09-16 10:49:45.935,417.015447769732,9
2024-09-16 10:49:45.945,416.9780458198705,96
2024-09-16 10:49:46.039,417.12372626997046,1005
2024-09-16 10:49:46.091,417.1583345751914,6
2024-09-16 10:49:46.131,417.1697747758444,13
2024-09-16 10:49:46.245,417.1159951658668,1005
2024-09-16 10:49:46.346,417.0981449100216,97
2024-09-16 10:49:46.451,417.169175866812,997
2024-09-16 10:49:46.457,417.1226058979173,11
2024-09-16 10:49:46.507,417.131586294798,97
2024-09-16 10:49:46.553,417.1610899504716,15
2024-09-16 10:49:46.554,41.70658201405948,102
2024-09-16 10:49:46.560,417.0837119859995,1004
2024-09-16 10:49:46.577,417.0589689582875,6
2024-09-16 10:49:46.631,417.1473498016357,13
2024-09-16 10:49:46.651,417.1145694893828,100
2024-09-16 10:49:46.722,417.0833971296212,98
2024-09-16 10:49:46.859,417.1430497629068,1004
2024-09-16 10:49:46.891,417.1214876165826,13
2024-09-16 10:49:46.974,417.102671823046,9
2024-09-16 10:49:47.059,417.2330309158234,1000
2024-09-16 10:49:47.067,417.2279212440997,13
2024-09-16 10:49:47.070,417.20653917112327,12
2024-09-16 10:49:47.088,417.2211722514626,102
2024-09-16 10:49:47.112,417.2345527696276,97
2024-09-16 10:49:47.145,417.21031002461,15
2024-09-16 10:49:47.167,417.1985338658108,10
2024-09-16 10:49:47.201,417.2071955216522,105
2024-09-16 10:49:47.220,417.1848492084707,996
2024-09-16 10:49:47.220,417.2072798145522,104
2024-09-16 10:49:47.277,417.2086893171419,998
2024-09-16 10:49:47.309,417.1982872376496,1000
2024-09-16 10:49:47.369,-417.2192632452874,95
2024-09-16 10:49:47.391,417.22216605140216,98
2024-09-16 10:49:47.395,417.1754425930473,15
2024-09-16 10:49:47.444,417.22267315851263,1000
2024-09-16 10:49:47.456,417.223769295577,1003
2024-09-16 10:49:47.462,417.2158991407582,1005
2024-09-16 10:49:47.517,417.2277177253853,999
2024-09-16 10:49:47.529,417.219918299343,1003
2024-09-16 10:49:47.542,417.2334218535432,99
2024-09-16 10:49:47.583,417.2220125765432,995
2024-09-16 10:49:47.601,417.2110989446304,1005
2024-09-16 10:49:47.739,417.2345641552769,100
2024-09-16 10:49:47.739,417.2269595483959,8
2024-09-16 10:49:47.747,417.2096009566709,998
2024-09-16 10:49:47.747,417.1906504518438,104
2024-09-16 10:49:47.752,417.1840673770833,13
2024-09-16 10:49:47.880,417.19443761268974,12
2024-09-16 10:49:47.946,417.1944465374949,995
2024-09-16 10:49:48.005,417.1493189170465,97
2024-09-16 10:49:48.020,417.00158573724303,14
2024-09-16 10:49:48.041,416.9796478665879,96
2024-09-16 10:49:48.047,417.11480976419085,10
2024-09-16 10:49:48.086,417.0888275536451,104
2024-09-16 10:49:48.229,416.9681383675879,104
2024-09-16 10:49:48.284,416.98016248464967,1004
2024-09-16 10:49:48.291,417.0831326237448,1002
2024-09-16 10:49:48.300,417.06266343044297,1000
2024-09-16 10:49:48.341,417.04167340696256,14
2024-09-16 10:49:48.342,417.0084171485455,101
2024-09-16 10:49:48.365,417.08717332488254,104
2024-09-16 10:49:48.403,417.1176015918596,996
2024-09-16 10:49:48.420,416.9601620228718,1003
2024-09-16 10:49:48.438,417.1045195270797,1002
2024-09-16 10:49:48.445,416.9444751132498,99
2024-09-16 10:49:48.455,417.2071472261811,13
2024-09-16 10:49:48.481,417.1848542656497,6
2024-09-16 10:49:48.534,417.137430337722,95
2024-09-16 10:49:48.600,417.1882231006526,1003
2024-09-16 10:49:48.611,417.11792472138575,9
2024-09-16 10:49:48.628,417.10241842300616,1002
2024-09-16 10:49:48.675,417.1660812233919,997
2024-09-16 10:49:48.840,416.9812984692954,15
2024-09-16 10:49:48.854,417.0894191610348,996
2024-09-16 10:49:48.956,417.10564008559794,995
2024-09-16 10:49:49.007,416.9734376837061,1004
2024-09-16 10:49:49.019,416.9150521906573,999
2024-09-16 10:49:49.073,416.9023095624154,99
2024-09-16 10:49:49.079,416.92442020435385,8
2024-09-16 10:49:49.102,416.9678712411349,1000
2024-09-16 10:49:49.164,416.94465912701577,103
2024-09-16 10:49:49.194,416.9462752245542,97
2024-09-16 10:49:49.242,416.9222270991301,13
2024-09-16 10:49:49.288,416.9285828054543,98
2024-09-16 10:49:49.303,416.97594416471327,8
2024-09-16 10:49:49.364,416.9236695335553,995
2024-09-16 10:49:49.426,416.96612784933575,14
2024-09-16 10:49:49.554,416.89246030999135,95
2024-09-16 10:49:49.611,416.9367789242576,9
2024-09-16 10:49:49.667,416.92676853009175,96
2024-09-16 10:49:49.753,416.9381358623481,5
2024-09-16 10:49:49.795,416.8937107068941,5
2024-09-16 10:49:49.828,416.94507866827246,100
2024-09-16 10:49:49.925,416.95292401303664,1000
2024-09-16 10:49:49.998,416.9710785105152,1002
2024-09-16 10:49:50.855,416.96989175499766,999
2024-09-16 10:49:51.232,416.9640059737993,998
2024-09-16 10:49:51.320,416.9652762138152,13
2024-09-16 10:49:51.396,416.9551930666339,998
2024-09-16 10:49:51.400,416.9741832899944,10
2024-09-16 10:49:51.533,416.9714067620501,14
2024-09-16 10:49:51.652,416.96369110642496,103
2024-09-16 10:49:51.782,416.9779507904559,5
2024-09-16 10:49:51.827,416.9668457683346,100
2024-09-16 10:49:51.915,416.96989724484257,8
2024-09-16 10:49:51.926,416.9746028762312,6
2024-09-16 10:49:52.028,416.9514869918971,995
2024-09-16 10:49:52.035,416.989480269106,99
2024-09-16 10:49:52.046,416.97781060010215,95
2024-09-16 10:49:52.052,416.9902840220037,13
2024-09-16 10:49:52.085,416.97202197770577,104
2024-09-16 10:49:52.167,416.94677611846487,99
2024-09-16 10:49:52.194,416.9711508059569,999
2024-09-16 10:49:52.254,417.00246155044334,14
2024-09-16 10:49:52.334,416.987014590753,15
2024-09-16 10:49:52.509,416.9856817835481,995
2024-09-16 10:49:52.579,416.9607026289709,14
2024-09-16 10:49:52.680,416.946658889262,11
2024-09-16 10:49:52.737,416.97310291789273,1003
2024-09-16 10:49:52.780,417.0083199510295,1003
2024-09-16 10:49:52.792,,104
2024-09-16 10:49:52.821,416.93690094577823,995
2024-09-16 10:49:52.863,416.9914447863203,14
2024-09-16 10:49:52.883,416.9433577510694,999
2024-09-16 10:49:52.936,416.9760496896997,99
2024-09-16 10:49:52.977,,104
2024-09-16 10:49:52.979,416.9853046671359,95
2024-09-16 10:49:53.059,416.86781953885645,996
2024-09-16 10:49:53.144,416.9045410659895,103
2024-09-16 10:49:53.344,416.8743391158433,14
2024-09-16 10:49:53.350,416.9199732214826,15
2024-09-16 10:49:53.358,416.8824139074105,1000
2024-09-16 10:49:53.372,416.9075854182221,999
2024-09-16 10:49:53.404,416.9417860946032,997
2024-09-16 10:49:53.515,416.88137230426986,1003
2024-09-16 10:49:53.755,416.8937332203504,14
2024-09-16 10:49:53.763,416.8892405997307,14
2024-09-16 10:49:53.857,416.8924419601978,997
2024-09-16 10:49:53.865,416.9128713313421,995
2024-09-16 10:49:54.205,416.8540450694287,1000
2024-09-16 10:49:54.293,416.8430874304926,1003
2024-09-16 10:49:54.404,41.68536984973281,97
2024-09-16 10:49:54.421,416.8867424588791,12
2024-09-16 10:49:54.450,416.8479227269535,103
2024-09-16 10:49:54.563,416.86307975704034,14
2024-09-16 10:49:54.602,416.84991348010647,7
2024-09-16 10:49:54.613,416.8597765982076,10
2024-09-16 10:49:54.668,416.84695818726505,12
2024-09-16 10:49:54.774,416.85530320591903,12
2024-09-16 10:49:54.923,416.85361280018566,11
2024-09-16 10:49:54.955,416.8650076921744,14
2024-09-16 10:49:54.961,416.8827477806996,8
2024-09-16 10:49:54.987,416.9046945685892,104
2024-09-16 10:49:55.043,416.8373953772762,1001
2024-09-16 10:49:55.068,416.9174865713693,5
2024-09-16 10:49:55.115,416.84360438711946,1003
2024-09-16 10:49:55.214,416.83328159051496,13
2024-09-16 10:49:55.221,-416.8445592752,101
2024-09-16 10:49:55.456,416.883902792871,99
2024-09-16 10:49:55.563,416.81935982156784,1005
2024-09-16 10:49:55.604,416.8733681117317,1004
2024-09-16 10:49:55.610,416.84183053063975,1003
2024-09-16 10:49:55.818,416.89948256985616,995
2024-09-16 10:49:55.918,416.9029019437351,9
2024-09-16 10:49:56.010,416.8961685331195,97
2024-09-16 10:49:56.044,416.8828162914571,6
2024-09-16 10:49:56.123,416.9235533162544,97
2024-09-16 10:49:56.125,416.935232384001,995
2024-09-16 10:49:56.162,416.8950740126925,1002
2024-09-16 10:49:56.238,416.87865641166223,15
2024-09-16 10:49:56.369,416.869994673618,1002
2024-09-16 10:49:56.398,416.9440007824358,96
2024-09-16 10:49:56.404,416.8741837959682,5
2024-09-16 10:49:56.519,416.8613082599616,12
2024-09-16 10:49:56.543,416.87810980838594,10
2024-09-16 10:49:56.583,416.8851445071706,95
2024-09-16 10:49:56.587,416.8743051876253,1000
2024-09-16 10:49:56.654,416.8813795936456,9
2024-09-16 10:49:56.732,416.8859248063656,102
2024-09-16 10:49:56.742,416.867322226837,995
2024-09-16 10:49:56.781,416.9194974904529,1001
2024-09-16 10:49:56.782,416.9493169140683,999
2024-09-16 10:49:56.791,416.8710872362224,11
2024-09-16 10:49:56.804,416.90388072366426,14
2024-09-16 10:49:56.992,416.8815094966231,99
2024-09-16 10:49:57.070,416.8720879116031,99
2024-09-16 10:49:57.105,416.8346882994306,999
2024-09-16 10:49:57.106,,101
2024-09-16 10:49:57.126,416.84494916951206,8
2024-09-16 10:49:57.228,416.8735064341652,12
2024-09-16 10:49:57.241,416.8364871602749,1005
2024-09-16 10:49:57.246,416.8496543370251,1000
2024-09-16 10:49:57.264,416.84931913211096,995
2024-09-16 10:49:57.303,416.85081080676144,9
2024-09-16 10:49:57.350,416.8710482149901,999
2024-09-16 10:49:57.433,416.83254824872574,99
2024-09-16 10:49:57.512,416.85829460343217,97
2024-09-16 10:49:57.695,416.8543808824609,998
2024-09-16 10:49:57.792,416.8472025409082,14
2024-09-16 10:49:57.880,416.86205372370966,100
2024-09-16 10:49:57.893,-416.87772952441736,11
2024-09-16 10:49:57.905,416.8444037229799,102
2024-09-16 10:49:57.941,416.86265526733865,11
2024-09-16 10:49:57.967,416.8648613482478,5
2024-09-16 10:49:58.044,416.8884887864188,104
2024-09-16 10:49:58.140,416.85913971438606,102
2024-09-16 10:49:58.162,416.8456893696037,997
2024-09-16 10:49:58.273,416.8717208540853,103
2024-09-16 10:49:58.341,416.8489210314122,1005
2024-09-16 10:49:58.354,416.85070633898863,1005
2024-09-16 10:49:58.408,416.8494587568538,999
2024-09-16 10:49:58.425,416.8435440607389,9
2024-09-16 10:49:58.440,416.8846996284325,14
2024-09-16 10:49:58.526,416.8430972992124,99
2024-09-16 10:49:58.568,416.8529928100425,99
2024-09-16 10:49:58.697,416.87735905884927,95
2024-09-16 10:49:58.706,416.8741359057775,5
2024-09-16 10:49:58.729,416.86609684986286,13
2024-09-16 10:49:58.826,416.8876913235838,100
2024-09-16 10:49:58.828,416.856262445513,6
2024-09-16 10:49:58.833,416.8495033877162,995
2024-09-16 10:49:58.848,416.8568449908236,95
2024-09-16 10:49:58.905,416.86361832548727,1002
2024-09-16 10:49:58.921,416.8575356073568,999
2024-09-16 10:49:58.923,416.8654218825598,104
2024-09-16 10:49:59.116,416.8483462559199,995
2024-09-16 10:49:59.209,416.8560125083719,995
2024-09-16 10:49:59.340,416.8538336614751,1004
2024-09-16 10:49:59.426,416.878235976356,1004
2024-09-16 10:49:59.568,416.857254655978,100
2024-09-16 10:49:59.624,416.8587316403288,95
2024-09-16 10:49:59.624,416.8626096117623,96
2024-09-16 10:49:59.686,416.86140791074456,6
2024-09-16 10:49:59.761,416.8717258265922,97
2024-09-16 10:49:59.906,416.8594147886132,104
