Timestamp,Price,Size
2024-09-19 13:40:00.135,423.301660867771,15
2024-09-19 13:40:00.481,423.2984225218067,99
2024-09-19 13:40:00.786,423.2990918123106,15
2024-09-19 13:40:01.100,423.2629915483778,1003
2024-09-19 13:40:01.150,423.27077211967537,6
2024-09-19 13:40:01.171,423.2446745370239,97
2024-09-19 13:40:01.171,423.23984208410025,104
2024-09-19 13:40:01.277,423.2505106207893,7
2024-09-19 13:40:01.374,423.2927146142508,12
2024-09-19 13:40:01.496,423.2668641855647,11
2024-09-19 13:40:01.499,423.2700264350186,8
2024-09-19 13:40:01.607,423.2594133894355,98
2024-09-19 13:40:01.638,423.2731426506125,13
2024-09-19 13:40:01.691,423.2805736670575,997
2024-09-19 13:40:01.703,423.23091329151305,998
2024-09-19 13:40:01.824,423.24284689148254,98
2024-09-19 13:40:01.939,423.271329098061,98
2024-09-19 13:40:01.944,423.26349333435854,99
2024-09-19 13:40:01.993,423.264678786419,15
2024-09-19 13:40:02.220,423.2170305482191,99
2024-09-19 13:40:02.227,423.2344805863584,95
2024-09-19 13:40:02.525,423.2316134323256,105
2024-09-19 13:40:02.527,423.2363602447446,95
2024-09-19 13:40:02.671,423.2621272389083,103
2024-09-19 13:40:02.790,423.231284238334,9
2024-09-19 13:40:02.875,423.237794840342,100
2024-09-19 13:40:02.894,423.23468790268487,999
2024-09-19 13:40:03.007,423.13809128105777,10
2024-09-19 13:40:03.020,423.19213171981215,15
2024-09-19 13:40:03.029,423.1126857000797,5
2024-09-19 13:40:03.159,423.2382913474535,10
2024-09-19 13:40:03.177,423.1336356452728,15
2024-09-19 13:40:03.407,423.1076220724215,9
2024-09-19 13:40:03.499,423.2258994766627,5
2024-09-19 13:40:03.547,423.1640158468725,97
2024-09-19 13:40:03.565,423.1819768504337,1005
2024-09-19 13:40:03.652,423.1227540540259,995
2024-09-19 13:40:03.715,423.1516424437121,12
2024-09-19 13:40:03.776,423.1068216952019,1002
2024-09-19 13:40:03.954,423.173245433872,10
2024-09-19 13:40:05.037,423.0514733514746,102
2024-09-19 13:40:05.041,423.0699878989643,999
2024-09-19 13:40:05.058,423.0889769904954,9
2024-09-19 13:40:05.067,423.0852650518443,96
2024-09-19 13:40:05.086,423.0980128393242,11
2024-09-19 13:40:05.119,423.0981386159344,5
2024-09-19 13:40:05.186,423.0836587227353,999
2024-09-19 13:40:05.209,423.0854589679248,105
2024-09-19 13:40:05.216,423.0669039570995,1003
2024-09-19 13:40:05.300,423.0622506757574,999
2024-09-19 13:40:05.358,423.08306755496506,996
2024-09-19 13:40:05.363,423.1151471705973,100
2024-09-19 13:40:05.414,423.0856354317278,1001
2024-09-19 13:40:05.462,423.0887303192973,1001
2024-09-19 13:40:05.583,423.0749104301473,11
2024-09-19 13:40:05.602,423.0715646095422,5
2024-09-19 13:40:05.602,423.09855216343954,1003
2024-09-19 13:40:05.626,423.0880092938996,105
2024-09-19 13:40:05.652,423.07819890526,11
2024-09-19 13:40:05.671,423.0993200668756,1005
2024-09-19 13:40:05.760,423.0640124301254,7
2024-09-19 13:40:05.783,423.0845181997369,5
2024-09-19 13:40:05.796,423.0772901571573,11
2024-09-19 13:40:05.812,423.0838758141737,105
2024-09-19 13:40:05.836,423.0647916565713,997
2024-09-19 13:40:05.855,423.1001575922404,99
2024-09-19 13:40:05.868,423.03466034489605,11
2024-09-19 13:40:05.917,423.0740546269144,102
2024-09-19 13:40:05.956,423.0794710810196,5
2024-09-19 13:40:06.024,423.0248363713334,1001
2024-09-19 13:40:06.083,423.0234430690636,12
2024-09-19 13:40:06.108,422.93713804697023,9
2024-09-19 13:40:06.118,422.933849961185,1002
2024-09-19 13:40:06.127,423.0406223193671,100
2024-09-19 13:40:06.141,423.0255036755085,1003
2024-09-19 13:40:06.149,422.9768982062534,999
2024-09-19 13:40:06.190,423.01200814764337,1004
2024-09-19 13:40:06.244,422.9846429273274,995
2024-09-19 13:40:06.256,422.9747676849549,1004
2024-09-19 13:40:06.260,423.0376409110199,997
2024-09-19 13:40:06.328,422.9678892372499,13
2024-09-19 13:40:06.381,422.9417801503252,103
2024-09-19 13:40:06.382,423.03307320114976,1005
2024-09-19 13:40:06.429,422.9533244795692,96
2024-09-19 13:40:06.466,422.9938486635793,5
2024-09-19 13:40:06.514,423.0309807812632,5
2024-09-19 13:40:06.535,423.0332974717076,101
2024-09-19 13:40:06.541,423.0179898800162,9
2024-09-19 13:40:06.559,422.9849429670256,10
2024-09-19 13:40:06.564,423.0231036447663,1002
2024-09-19 13:40:06.580,422.978521640771,15
2024-09-19 13:40:06.636,423.0409192805929,100
2024-09-19 13:40:06.661,422.9689958163338,996
2024-09-19 13:40:06.746,422.9820204272392,98
2024-09-19 13:40:06.800,423.0215455492706,14
2024-09-19 13:40:06.815,423.0417147172976,998
2024-09-19 13:40:06.886,423.0185464596149,10
2024-09-19 13:40:06.905,423.03925589523135,1004
2024-09-19 13:40:06.977,422.9819133685559,99
2024-09-19 13:40:07.020,423.0925929687834,103
2024-09-19 13:40:07.095,423.07904517158033,1005
2024-09-19 13:40:07.149,423.02476473466623,102
2024-09-19 13:40:07.185,423.0735995129488,997
2024-09-19 13:40:07.222,423.0494248106045,15
2024-09-19 13:40:07.225,423.0424498506558,102
2024-09-19 13:40:07.226,423.0732699006287,101
2024-09-19 13:40:07.229,423.0559830420313,8
2024-09-19 13:40:07.282,423.02339544781046,97
2024-09-19 13:40:07.302,423.0394818741507,14
2024-09-19 13:40:07.327,423.0689045495684,96
2024-09-19 13:40:07.336,422.9978118756133,9
2024-09-19 13:40:07.466,423.0376519808104,7
2024-09-19 13:40:07.487,423.0158743019062,100
2024-09-19 13:40:07.496,423.03440357417327,11
2024-09-19 13:40:07.504,423.0558954078512,98
2024-09-19 13:40:07.585,423.0514339628981,1001
2024-09-19 13:40:07.597,423.062345715372,104
2024-09-19 13:40:07.605,423.0802904059324,1005
2024-09-19 13:40:07.712,423.039885210916,101
2024-09-19 13:40:07.743,423.03460098096105,97
2024-09-19 13:40:07.774,423.0702318208925,1002
2024-09-19 13:40:07.851,423.0413589652175,104
2024-09-19 13:40:07.870,423.0487757433888,12
2024-09-19 13:40:07.895,423.0962047626072,995
2024-09-19 13:40:08.449,423.0208983631109,11
2024-09-19 13:40:09.370,423.0437759927537,11
2024-09-19 13:40:09.432,423.0494961000306,100
2024-09-19 13:40:09.475,423.0335531515283,15
2024-09-19 13:40:09.528,423.0431576532601,997
2024-09-19 13:40:09.560,423.041018789993,102
2024-09-19 13:40:09.625,423.04050638820416,104
2024-09-19 13:40:09.645,423.04516576887767,998
2024-09-19 13:40:09.862,423.0410558557508,997
2024-09-19 13:40:10.024,423.0195346989032,995
2024-09-19 13:40:10.061,423.02720050844846,1001
2024-09-19 13:40:10.181,423.0117775133895,999
2024-09-19 13:40:10.334,423.0562072404384,5
2024-09-19 13:40:10.360,423.0246816717809,5
2024-09-19 13:40:10.408,,999
2024-09-19 13:40:10.587,423.0531656839527,1002
2024-09-19 13:40:10.682,-423.027517802058,1003
2024-09-19 13:40:10.847,423.00305600437247,98
2024-09-19 13:40:10.848,423.0220022523658,100
2024-09-19 13:40:11.118,423.0795952816052,95
2024-09-19 13:40:11.146,423.0944163445673,100
2024-09-19 13:40:11.169,422.9985732557073,996
2024-09-19 13:40:11.175,423.0401871379961,14
2024-09-19 13:40:11.268,423.0123344221255,105
2024-09-19 13:40:11.432,423.040032798436,996
2024-09-19 13:40:11.458,423.1088079333704,997
2024-09-19 13:40:11.482,423.0431643949056,10
2024-09-19 13:40:11.489,42.3040032049044,1005
2024-09-19 13:40:11.529,423.0465318204091,5
2024-09-19 13:40:11.609,423.05110179274817,998
2024-09-19 13:40:11.659,423.0014363457606,1002
2024-09-19 13:40:11.675,423.0653709517176,13
2024-09-19 13:40:11.718,423.00872815238,1005
2024-09-19 13:40:11.781,423.0966245897476,997
2024-09-19 13:40:11.839,422.9996094606584,9
2024-09-19 13:40:11.877,423.0247465954196,998
2024-09-19 13:40:11.929,423.0560963097559,9
2024-09-19 13:40:12.006,423.079310062695,99
2024-09-19 13:40:12.060,423.1014401536211,9
2024-09-19 13:40:12.062,423.0825541859092,11
2024-09-19 13:40:12.124,423.0550925495255,12
2024-09-19 13:40:12.139,423.0876853254396,95
2024-09-19 13:40:12.391,423.0537940832122,104
2024-09-19 13:40:12.392,423.0620513144993,101
2024-09-19 13:40:12.432,423.08749826457904,7
2024-09-19 13:40:12.440,423.1003833120103,98
2024-09-19 13:40:12.471,423.0823637201125,998
2024-09-19 13:40:12.532,423.07764117861655,12
2024-09-19 13:40:12.562,423.0904289554125,95
2024-09-19 13:40:12.625,423.0855908825347,1000
2024-09-19 13:40:12.691,423.07651396762856,97
2024-09-19 13:40:12.757,423.0724929437698,1000
2024-09-19 13:40:12.763,423.0658628235379,99
2024-09-19 13:40:12.769,423.0685064872649,998
2024-09-19 13:40:12.778,423.06388313493966,14
2024-09-19 13:40:12.780,423.0771427228834,1005
2024-09-19 13:40:12.806,423.0588297477101,99
2024-09-19 13:40:12.832,423.09242758120666,9
2024-09-19 13:40:12.854,423.0756311859957,100
2024-09-19 13:40:12.880,423.08004762740273,1001
2024-09-19 13:40:12.898,423.0635240270908,12
2024-09-19 13:40:12.908,423.0998593764954,98
2024-09-19 13:40:12.980,423.0749838981197,1002
2024-09-19 13:40:14.056,423.1370679964892,8
2024-09-19 13:40:14.124,423.1791310691427,99
2024-09-19 13:40:14.140,423.1148475005075,997
2024-09-19 13:40:14.140,423.0988025891664,1003
2024-09-19 13:40:14.170,42.31718794347117,1000
2024-09-19 13:40:14.329,423.1851244023769,7
2024-09-19 13:40:14.350,423.149786778587,5
2024-09-19 13:40:14.436,423.12156836064855,101
2024-09-19 13:40:14.437,423.176617888596,9
2024-09-19 13:40:14.476,423.1512374042314,1002
2024-09-19 13:40:14.509,423.1063129897845,98
2024-09-19 13:40:14.520,423.1254018754065,15
2024-09-19 13:40:14.636,423.12094233405656,14
2024-09-19 13:40:14.663,423.1207211401429,10
2024-09-19 13:40:14.678,423.1180746176804,103
2024-09-19 13:40:14.809,423.1133348723531,100
2024-09-19 13:40:14.871,423.1780618553513,995
2024-09-19 13:40:14.927,423.0948298145159,101
2024-09-19 13:40:15.029,423.1950096214525,96
2024-09-19 13:40:15.293,423.18639788778535,1002
2024-09-19 13:40:15.303,423.204686117938,5
2024-09-19 13:40:15.515,423.1995371379286,7
2024-09-19 13:40:15.596,423.1889881355473,103
2024-09-19 13:40:15.668,423.1997036948488,995
2024-09-19 13:40:15.836,423.2184405787658,101
2024-09-19 13:40:16.028,423.1956831947437,5
2024-09-19 13:40:16.073,423.1795940189503,11
2024-09-19 13:40:16.085,423.1426992311901,1004
2024-09-19 13:40:16.181,423.14634262509,101
2024-09-19 13:40:16.268,423.1825541179479,13
2024-09-19 13:40:16.284,423.1816829695088,96
2024-09-19 13:40:16.357,42.31562711862652,8
2024-09-19 13:40:16.388,423.17748222535903,14
2024-09-19 13:40:16.398,423.14119414137264,997
2024-09-19 13:40:16.476,-423.17009552600354,5
2024-09-19 13:40:16.516,423.1854964188458,1005
2024-09-19 13:40:16.525,423.1640399387432,1004
2024-09-19 13:40:16.545,423.1462195599787,103
2024-09-19 13:40:16.548,423.17511959529867,5
2024-09-19 13:40:16.587,423.1631941352173,1003
2024-09-19 13:40:16.606,423.12828942312143,13
2024-09-19 13:40:16.639,423.2068299201538,999
2024-09-19 13:40:16.650,423.1985017212359,9
2024-09-19 13:40:16.737,423.1582237483253,95
2024-09-19 13:40:16.746,423.17274419753926,1004
2024-09-19 13:40:16.763,423.1896632258577,9
2024-09-19 13:40:16.837,423.15042774779215,8
2024-09-19 13:40:16.900,423.15662922716615,995
2024-09-19 13:40:16.964,423.1762000438532,996
2024-09-19 13:40:16.988,423.1312705407431,95
2024-09-19 13:40:16.994,423.18080679708896,97
2024-09-19 13:40:17.618,423.1109908789589,12
2024-09-19 13:40:18.384,423.1114193863424,11
2024-09-19 13:40:18.586,423.1090576681017,1005
2024-09-19 13:40:18.645,423.11621167163895,1000
2024-09-19 13:40:18.701,423.1090560051736,104
2024-09-19 13:40:19.000,423.043881506886,1000
2024-09-19 13:40:19.055,423.09862850095305,1005
2024-09-19 13:40:19.095,423.1162505905772,1004
2024-09-19 13:40:19.170,423.02875634637775,1003
2024-09-19 13:40:19.220,423.113324886695,1001
2024-09-19 13:40:19.294,423.1021892681962,95
2024-09-19 13:40:19.410,423.0910713841865,1001
2024-09-19 13:40:19.454,423.03018764775913,1003
2024-09-19 13:40:19.511,423.0644095498113,1004
2024-09-19 13:40:19.515,423.0870954599324,104
2024-09-19 13:40:19.604,423.1146880992365,101
2024-09-19 13:40:19.759,423.0983650128828,98
2024-09-19 13:40:19.808,423.0758635300696,998
2024-09-19 13:40:19.828,423.1037810987373,1002
2024-09-19 13:40:19.862,423.1060871015046,105
2024-09-19 13:40:19.895,423.07608829030704,96
2024-09-19 13:40:20.022,423.0371268997431,998
2024-09-19 13:40:20.047,423.0440452733912,1005
2024-09-19 13:40:20.051,423.02806805385495,100
2024-09-19 13:40:20.056,423.0537903193601,97
2024-09-19 13:40:20.115,423.0184219090126,99
2024-09-19 13:40:20.120,423.0585856323329,105
2024-09-19 13:40:20.172,423.0440711852158,996
2024-09-19 13:40:20.252,423.0139140517726,105
2024-09-19 13:40:20.286,423.0605625058007,1002
2024-09-19 13:40:20.312,423.0415226634667,11
2024-09-19 13:40:20.347,423.0519609265735,105
2024-09-19 13:40:20.398,423.0234828717973,999
2024-09-19 13:40:20.406,423.02606648709735,1001
2024-09-19 13:40:20.409,423.0332497189481,1002
2024-09-19 13:40:20.418,423.040872453741,995
2024-09-19 13:40:20.444,423.0305974745073,102
2024-09-19 13:40:20.469,423.0341930264983,997
2024-09-19 13:40:20.494,423.0313127152578,1005
2024-09-19 13:40:20.516,423.02690774651046,6
2024-09-19 13:40:20.551,423.03719612165,1003
2024-09-19 13:40:20.585,423.0375560060504,15
2024-09-19 13:40:20.642,423.0670129448337,1003
2024-09-19 13:40:20.701,423.0410331086166,1001
2024-09-19 13:40:20.748,423.0296441309222,101
2024-09-19 13:40:20.990,423.04191645922174,13
2024-09-19 13:40:22.019,423.00670774987054,1002
2024-09-19 13:40:22.075,423.0151172745547,11
2024-09-19 13:40:22.415,422.9957950117468,15
2024-09-19 13:40:22.539,-422.9627396796765,105
2024-09-19 13:40:22.556,423.02409434891285,995
2024-09-19 13:40:22.585,422.9941968407261,5
2024-09-19 13:40:22.744,422.9994786750661,98
2024-09-19 13:40:22.745,423.01379827083406,14
2024-09-19 13:40:22.746,423.0016022182887,14
2024-09-19 13:40:22.851,422.9773615767477,7
2024-09-19 13:40:22.904,422.98833188231765,11
2024-09-19 13:40:22.913,422.98299791121786,10
2024-09-19 13:40:23.041,422.9574169866596,14
2024-09-19 13:40:23.065,422.95581153714375,101
2024-09-19 13:40:23.210,422.9714603924591,100
2024-09-19 13:40:23.276,422.9852684472653,102
2024-09-19 13:40:23.375,423.0012866996369,5
2024-09-19 13:40:23.430,422.95974105968577,11
2024-09-19 13:40:23.564,42.298043204694565,96
2024-09-19 13:40:23.585,422.9918977598605,14
2024-09-19 13:40:23.619,422.9639591782036,15
2024-09-19 13:40:23.935,422.9617744891482,100
2024-09-19 13:40:24.041,422.9342830477496,95
2024-09-19 13:40:24.120,422.9410471634018,100
2024-09-19 13:40:24.173,422.98391295122434,995
2024-09-19 13:40:24.184,422.9286458681928,14
2024-09-19 13:40:24.335,422.99574992470696,1005
2024-09-19 13:40:24.418,422.9799102205301,11
2024-09-19 13:40:24.525,422.9775131794903,95
2024-09-19 13:40:24.632,422.9156471382049,1001
2024-09-19 13:40:24.637,422.91925792889657,103
2024-09-19 13:40:24.645,422.9328194341928,5
2024-09-19 13:40:24.678,422.9263897448676,98
2024-09-19 13:40:24.699,422.9596509645461,104
2024-09-19 13:40:24.739,422.9581618304429,96
2024-09-19 13:40:24.755,422.9629899194462,12
2024-09-19 13:40:24.771,422.9282209459165,14
2024-09-19 13:40:24.772,422.9172220273059,6
2024-09-19 13:40:24.835,422.9334751713876,1003
2024-09-19 13:40:24.836,422.91880834216647,8
2024-09-19 13:40:24.898,422.95201441002143,96
2024-09-19 13:40:24.920,422.9956777239978,96
2024-09-19 13:40:24.952,422.9798737880985,103
2024-09-19 13:40:24.962,422.9238693947495,103
2024-09-19 13:40:25.006,422.9499267515404,1005
2024-09-19 13:40:25.046,422.9004907766979,7
2024-09-19 13:40:25.094,422.9617798973294,997
2024-09-19 13:40:25.112,,100
2024-09-19 13:40:25.145,422.9193846449268,1001
2024-09-19 13:40:25.155,422.9167476914529,9
2024-09-19 13:40:25.169,422.9628622600606,1001
2024-09-19 13:40:25.188,422.9570922540944,9
2024-09-19 13:40:25.194,422.9037908547346,1002
2024-09-19 13:40:25.344,422.96111585193705,105
2024-09-19 13:40:25.439,422.9300068514654,97
2024-09-19 13:40:25.498,422.9118521166102,96
2024-09-19 13:40:25.507,422.8897157152588,998
2024-09-19 13:40:25.519,422.8912884861341,104
2024-09-19 13:40:25.522,422.9251539000616,1003
2024-09-19 13:40:25.526,422.917861514657,5
2024-09-19 13:40:25.568,422.9338698544686,10
2024-09-19 13:40:25.607,422.9192154695959,1000
2024-09-19 13:40:25.628,422.9025844790434,1005
2024-09-19 13:40:25.671,422.9541796265119,15
2024-09-19 13:40:25.694,422.9106283655845,15
2024-09-19 13:40:25.797,422.9172083950894,995
2024-09-19 13:40:25.869,422.9448662321674,104
2024-09-19 13:40:25.898,422.907042233835,104
2024-09-19 13:40:25.961,42.291654926655774,1001
2024-09-19 13:40:26.039,422.90917907804624,999
2024-09-19 13:40:26.143,422.913118151751,996
2024-09-19 13:40:26.148,422.9133907806197,99
2024-09-19 13:40:26.229,422.9023629818264,997
2024-09-19 13:40:26.720,422.90535657267264,1000
2024-09-19 13:40:26.827,422.8960910823323,7
2024-09-19 13:40:26.885,422.9098096464179,97
2024-09-19 13:40:26.981,422.9098471295266,996
2024-09-19 13:40:26.998,422.9227588759712,997
2024-09-19 13:40:27.101,422.9050611723758,6
2024-09-19 13:40:27.106,422.9046416859063,100
2024-09-19 13:40:27.205,422.908706686832,102
2024-09-19 13:40:27.294,422.9074585342361,11
2024-09-19 13:40:27.337,422.90706381179206,14
2024-09-19 13:40:27.404,422.8708375185572,1002
2024-09-19 13:40:27.405,422.8891660202714,104
2024-09-19 13:40:27.477,422.8966102210079,8
2024-09-19 13:40:27.508,422.92827787470753,103
2024-09-19 13:40:27.570,422.9206595396465,1004
2024-09-19 13:40:27.613,422.8988653378877,11
2024-09-19 13:40:27.694,422.9171443756999,1005
2024-09-19 13:40:27.700,422.9094684671566,996
2024-09-19 13:40:27.875,422.9091662553593,10
2024-09-19 13:40:27.884,422.91640228706,1005
2024-09-19 13:40:27.888,422.9031343679332,11
2024-09-19 13:40:27.947,422.9105308399679,104
2024-09-19 13:40:27.957,422.9001948814627,95
2024-09-19 13:40:28.088,422.974083956357,103
2024-09-19 13:40:28.176,422.9667157893407,95
2024-09-19 13:40:28.307,422.9308994209907,9
2024-09-19 13:40:28.341,422.9295344170768,101
2024-09-19 13:40:28.437,422.99773683145054,14
2024-09-19 13:40:28.465,422.9952732274207,1004
2024-09-19 13:40:28.489,422.99915982761263,10
2024-09-19 13:40:28.608,422.9850407322672,102
2024-09-19 13:40:28.660,422.9923807991961,15
2024-09-19 13:40:28.667,422.9503603944296,97
2024-09-19 13:40:28.762,422.9379423368272,10
2024-09-19 13:40:28.770,422.9652783710496,1003
2024-09-19 13:40:28.874,42.29407485478862,1003
2024-09-19 13:40:28.988,422.9614270120721,995
2024-09-19 13:40:31.057,422.9991213259224,96
2024-09-19 13:40:31.058,422.9758450632136,1000
2024-09-19 13:40:31.093,422.9697696076864,99
2024-09-19 13:40:31.097,422.9643871035581,105
2024-09-19 13:40:31.108,422.9544871439741,6
2024-09-19 13:40:31.128,422.9981344036052,103
2024-09-19 13:40:31.241,422.9672057383247,7
2024-09-19 13:40:31.253,422.9793439713504,1005
2024-09-19 13:40:31.307,422.95550100635097,11
2024-09-19 13:40:31.330,422.9665804255824,1005
2024-09-19 13:40:31.354,422.9875299068786,996
2024-09-19 13:40:31.372,422.9715441910974,5
2024-09-19 13:40:31.380,42.29994649223164,102
2024-09-19 13:40:31.429,422.97767161652166,1005
2024-09-19 13:40:31.430,422.972057095268,103
2024-09-19 13:40:31.446,422.9684542045423,1001
2024-09-19 13:40:31.481,422.95899152941206,104
2024-09-19 13:40:31.496,42.29722342876207,103
2024-09-19 13:40:31.511,422.973880168664,95
2024-09-19 13:40:31.588,423.0007888752243,102
2024-09-19 13:40:31.617,423.0039224203132,998
2024-09-19 13:40:31.618,422.99928499756834,102
2024-09-19 13:40:31.680,422.9651927825479,1002
2024-09-19 13:40:31.738,422.9714142875138,11
2024-09-19 13:40:31.763,422.9850707323825,102
2024-09-19 13:40:31.825,422.95847476156064,11
2024-09-19 13:40:31.913,422.98834554318745,1003
2024-09-19 13:40:31.952,423.0029096036324,102
2024-09-19 13:40:32.074,422.9549098849062,997
2024-09-19 13:40:32.268,422.8678894288793,14
2024-09-19 13:40:32.280,422.9075514308668,1000
2024-09-19 13:40:32.351,422.9249375003288,9
2024-09-19 13:40:32.356,422.9560653000095,7
2024-09-19 13:40:32.535,422.8864780116136,1002
2024-09-19 13:40:32.616,422.8713414456692,96
2024-09-19 13:40:32.779,422.8561270498908,101
2024-09-19 13:40:32.835,422.8575570462788,12
2024-09-19 13:40:32.905,422.86783751239886,10
2024-09-19 13:40:33.008,422.85826052419526,10
2024-09-19 13:40:33.066,422.8772615931529,995
2024-09-19 13:40:33.082,422.8093251341637,997
2024-09-19 13:40:33.115,422.8496841557021,998
2024-09-19 13:40:33.161,422.8740609253416,1000
2024-09-19 13:40:33.176,422.843976585485,105
2024-09-19 13:40:33.182,422.7876231714855,95
2024-09-19 13:40:33.192,422.89195915812337,999
2024-09-19 13:40:33.208,422.8846785016647,99
2024-09-19 13:40:33.220,422.897876509043,995
2024-09-19 13:40:33.308,422.86041033200615,999
2024-09-19 13:40:33.360,422.8252063739516,999
2024-09-19 13:40:33.425,422.8486028682515,996
2024-09-19 13:40:33.429,422.8229599461625,5
2024-09-19 13:40:33.481,422.82137733402186,999
2024-09-19 13:40:33.512,422.83348612078,98
2024-09-19 13:40:33.556,422.9051673203829,14
2024-09-19 13:40:33.589,422.8928185288702,14
2024-09-19 13:40:33.594,422.84440357909926,7
2024-09-19 13:40:33.612,422.874706877762,5
2024-09-19 13:40:33.672,-422.8595883271768,14
2024-09-19 13:40:33.786,422.8322584411268,10
2024-09-19 13:40:33.794,422.8655006297369,9
2024-09-19 13:40:33.816,422.8054316617304,998
2024-09-19 13:40:33.851,422.8908705623548,999
2024-09-19 13:40:33.869,422.8206220057533,101
2024-09-19 13:40:33.916,422.84915253384224,103
2024-09-19 13:40:33.922,422.8925704916292,8
2024-09-19 13:40:33.929,422.8271587624898,13
2024-09-19 13:40:33.990,422.8352749685594,11
2024-09-19 13:40:34.109,422.7725832546757,5
2024-09-19 13:40:34.271,422.76916455609,995
2024-09-19 13:40:34.322,422.76811508713286,11
2024-09-19 13:40:34.328,422.7632381782804,15
2024-09-19 13:40:34.371,422.76389888214806,100
2024-09-19 13:40:34.752,422.77581172578425,96
2024-09-19 13:40:34.847,422.7685001062761,1003
2024-09-19 13:40:34.871,422.77139819579617,15
2024-09-19 13:40:34.935,422.7644093086167,1001
2024-09-19 13:40:34.972,422.76179601638046,105
2024-09-19 13:40:35.390,422.7566675020266,1001
2024-09-19 13:40:35.740,422.785321003736,11
2024-09-19 13:40:35.860,422.7620794839085,10
2024-09-19 13:40:35.888,422.7699079284541,996
2024-09-19 13:40:36.169,422.7825951792838,1005
2024-09-19 13:40:36.876,422.78631356056496,995
2024-09-19 13:40:37.021,422.7798762162952,15
2024-09-19 13:40:37.038,422.7626268079539,1000
2024-09-19 13:40:37.129,422.75597748559215,6
2024-09-19 13:40:37.399,422.7696300994011,105
2024-09-19 13:40:37.451,422.7766962684176,999
2024-09-19 13:40:37.512,422.7805638241408,8
2024-09-19 13:40:37.675,422.7905577014967,11
2024-09-19 13:40:37.791,422.77232577249015,6
2024-09-19 13:40:37.943,422.7776745691146,995
2024-09-19 13:40:37.989,422.78005158577673,995
2024-09-19 13:40:38.308,422.78662959562223,1000
2024-09-19 13:40:38.666,422.7683499732482,97
2024-09-19 13:40:38.682,422.779483447092,995
2024-09-19 13:40:39.232,422.80270378814623,999
2024-09-19 13:40:39.672,422.8230241177427,104
2024-09-19 13:40:39.793,422.807049785865,8
2024-09-19 13:40:39.910,422.7940228197215,104
2024-09-19 13:40:39.953,422.795248549379,995
2024-09-19 13:40:40.015,422.8809042268507,8
2024-09-19 13:40:40.033,422.8667480654152,97
2024-09-19 13:40:40.053,422.82418693418606,6
2024-09-19 13:40:40.230,422.839895839882,10
2024-09-19 13:40:40.261,422.8611044755336,13
2024-09-19 13:40:40.345,,999
2024-09-19 13:40:40.419,422.8513574315451,102
2024-09-19 13:40:40.438,422.823980159878,104
2024-09-19 13:40:40.487,422.8381198260557,15
2024-09-19 13:40:40.501,422.8824105357542,12
2024-09-19 13:40:40.556,422.87721824376126,8
2024-09-19 13:40:40.627,422.8181344063047,1001
2024-09-19 13:40:40.687,422.8306089897837,1002
2024-09-19 13:40:40.831,422.84429480326014,1004
2024-09-19 13:40:40.836,422.8831628194538,1003
2024-09-19 13:40:40.924,422.897217111878,996
2024-09-19 13:40:40.944,422.8528346397076,997
2024-09-19 13:40:41.088,422.817328839338,6
2024-09-19 13:40:41.432,422.8120101048135,997
2024-09-19 13:40:41.441,422.7955211583196,1003
2024-09-19 13:40:41.476,422.7925835553568,105
2024-09-19 13:40:41.717,422.8095595403164,95
2024-09-19 13:40:41.841,422.81468474354966,104
2024-09-19 13:40:42.071,422.8304916890749,1005
2024-09-19 13:40:42.099,422.78676216157913,1000
2024-09-19 13:40:42.111,422.7741512561371,95
2024-09-19 13:40:42.202,422.7599928795515,99
2024-09-19 13:40:42.237,422.7467788470111,99
2024-09-19 13:40:42.255,422.8172647125424,9
2024-09-19 13:40:42.262,422.8002820421999,1001
2024-09-19 13:40:42.304,422.7608643549161,10
2024-09-19 13:40:42.343,422.7766705852141,97
2024-09-19 13:40:42.465,422.7450201062139,1001
2024-09-19 13:40:42.470,422.7861790545961,98
2024-09-19 13:40:42.572,422.7632241062348,996
2024-09-19 13:40:42.627,422.74889147030905,995
2024-09-19 13:40:42.639,422.8347113321782,1002
2024-09-19 13:40:42.868,422.7722445125671,15
2024-09-19 13:40:42.912,422.7522779380072,13
2024-09-19 13:40:42.922,422.805242499082,105
2024-09-19 13:40:42.968,-422.8139843433697,103
2024-09-19 13:40:43.032,422.8033458754449,103
2024-09-19 13:40:43.168,422.8372078140055,14
2024-09-19 13:40:43.177,422.8331714102422,15
2024-09-19 13:40:43.307,422.8530453732006,95
2024-09-19 13:40:43.319,422.8254765734273,102
2024-09-19 13:40:43.351,422.8380249949954,1002
2024-09-19 13:40:43.371,422.8242864766521,96
2024-09-19 13:40:43.419,422.8169326529836,1004
2024-09-19 13:40:43.449,422.8265251462613,997
2024-09-19 13:40:43.502,422.8308116796193,1001
2024-09-19 13:40:43.513,422.8491245675334,103
2024-09-19 13:40:43.547,422.8232991904797,98
2024-09-19 13:40:43.555,422.83238120337546,10
2024-09-19 13:40:43.579,422.8472084508114,97
2024-09-19 13:40:43.641,422.8140531531255,101
2024-09-19 13:40:43.669,422.8375232601968,96
2024-09-19 13:40:43.702,422.87175024236734,102
2024-09-19 13:40:43.703,422.8331115580451,1001
2024-09-19 13:40:43.739,422.8626976222619,6
2024-09-19 13:40:43.848,422.8534636528463,5
2024-09-19 13:40:43.849,422.8284561420012,1000
2024-09-19 13:40:43.918,422.83869087666096,995
2024-09-19 13:40:43.981,422.8484814866633,995
2024-09-19 13:40:44.034,422.83417122129447,5
2024-09-19 13:40:44.402,422.8555692688151,1005
2024-09-19 13:40:44.552,422.8463998552726,1001
2024-09-19 13:40:45.026,422.86379408626345,1000
2024-09-19 13:40:45.035,422.86299211118313,1000
2024-09-19 13:40:45.137,422.8823964895264,1000
2024-09-19 13:40:45.320,422.8255099125584,9
2024-09-19 13:40:45.331,422.8784800288731,95
2024-09-19 13:40:45.480,422.86612419964126,14
2024-09-19 13:40:45.546,422.8445108700472,1002
2024-09-19 13:40:45.666,422.8047258984648,14
2024-09-19 13:40:45.709,422.8856235754821,1003
2024-09-19 13:40:45.720,422.86054991229776,11
2024-09-19 13:40:45.752,422.88480427175983,99
2024-09-19 13:40:45.916,422.7890875123564,14
2024-09-19 13:40:45.978,422.78406013294017,998
2024-09-19 13:40:46.005,422.7996189874499,100
2024-09-19 13:40:46.040,422.8081454493039,99
2024-09-19 13:40:46.091,422.8189313549445,100
2024-09-19 13:40:46.102,422.7858787279188,102
2024-09-19 13:40:46.137,422.7996717546832,102
2024-09-19 13:40:46.189,422.7757352118279,95
2024-09-19 13:40:46.198,422.7655072618955,13
2024-09-19 13:40:46.201,422.7883363222888,98
2024-09-19 13:40:46.209,422.82734644426455,6
2024-09-19 13:40:46.286,422.7736425103045,105
2024-09-19 13:40:46.315,422.786267681838,10
2024-09-19 13:40:46.365,422.7954418712444,8
2024-09-19 13:40:46.402,422.768505045388,98
2024-09-19 13:40:46.435,422.776455031726,98
2024-09-19 13:40:46.452,422.82019217349887,102
2024-09-19 13:40:46.494,422.78538997746847,1000
2024-09-19 13:40:46.510,422.8162853866024,5
2024-09-19 13:40:46.565,422.81721108395726,6
2024-09-19 13:40:46.701,422.81078777413177,5
2024-09-19 13:40:46.767,422.8175453624103,96
2024-09-19 13:40:46.803,422.813446966454,9
2024-09-19 13:40:46.821,422.81484262664014,9
2024-09-19 13:40:46.881,422.785836072319,95
2024-09-19 13:40:46.920,422.81575609264,995
2024-09-19 13:40:46.922,422.78721191921727,997
2024-09-19 13:40:46.971,422.787810953275,1003
2024-09-19 13:40:46.991,422.8009885732809,100
2024-09-19 13:40:47.227,422.80382790371743,1000
2024-09-19 13:40:47.400,422.8065204229912,101
2024-09-19 13:40:47.496,422.82625996540673,97
2024-09-19 13:40:47.714,422.8105797021627,5
2024-09-19 13:40:47.819,422.8134450516709,104
2024-09-19 13:40:47.871,422.8298274379804,1000
2024-09-19 13:40:47.911,422.8077519455727,1003
2024-09-19 13:40:48.120,422.8298875749401,996
2024-09-19 13:40:48.120,422.7851707934624,8
2024-09-19 13:40:48.164,422.7439967508856,8
2024-09-19 13:40:48.188,422.7476809251113,5
2024-09-19 13:40:48.231,422.8195116322043,104
2024-09-19 13:40:48.341,422.7372410484736,13
2024-09-19 13:40:48.428,422.7418833787893,104
2024-09-19 13:40:48.466,422.81096380088496,98
2024-09-19 13:40:48.513,422.75839366155583,11
2024-09-19 13:40:48.533,422.7331951845268,7
2024-09-19 13:40:48.559,422.8156608499283,105
2024-09-19 13:40:48.613,422.7308693005616,995
2024-09-19 13:40:48.654,422.7664116114252,8
2024-09-19 13:40:48.782,422.7568129987087,9
2024-09-19 13:40:48.848,422.7835633708512,1003
2024-09-19 13:40:48.862,422.7394925457954,1004
2024-09-19 13:40:48.867,422.8276418271787,10
2024-09-19 13:40:48.928,422.7479634024917,998
2024-09-19 13:40:48.970,422.7910748398824,1002
2024-09-19 13:40:49.153,422.71299857147466,12
2024-09-19 13:40:49.297,422.69345920904544,996
2024-09-19 13:40:49.473,422.7089114456768,104
2024-09-19 13:40:49.584,422.68037246280426,1003
2024-09-19 13:40:49.590,422.6848669273342,97
2024-09-19 13:40:49.641,422.68988223883264,996
2024-09-19 13:40:49.706,422.7114634690169,996
2024-09-19 13:40:49.945,422.6873567619174,1005
2024-09-19 13:40:49.948,422.669172889354,10
2024-09-19 13:40:49.981,422.7074657188373,99
2024-09-19 13:40:50.047,422.6987828523799,6
2024-09-19 13:40:50.072,422.6766926406945,996
2024-09-19 13:40:50.082,422.6826405412115,104
2024-09-19 13:40:50.096,422.6886063245818,8
2024-09-19 13:40:50.140,422.6937569186049,96
2024-09-19 13:40:50.176,422.6847581346899,96
2024-09-19 13:40:50.248,422.7105125357564,97
2024-09-19 13:40:50.299,422.6629915539348,6
2024-09-19 13:40:50.319,422.7015097536183,6
2024-09-19 13:40:50.325,422.6773374904331,96
2024-09-19 13:40:50.369,422.70278787389736,103
2024-09-19 13:40:50.388,422.6871319811851,96
2024-09-19 13:40:50.424,42.269714543199456,95
2024-09-19 13:40:50.429,422.68310698318976,997
2024-09-19 13:40:50.516,422.6800705785892,997
2024-09-19 13:40:50.532,422.7231056102196,997
2024-09-19 13:40:50.549,422.7031518065418,5
2024-09-19 13:40:50.596,422.68447589225474,13
2024-09-19 13:40:50.620,-422.6661830189525,15
2024-09-19 13:40:50.634,422.6809924042561,995
2024-09-19 13:40:50.669,422.7025579046097,997
2024-09-19 13:40:50.680,422.72249631315617,1004
2024-09-19 13:40:50.683,422.6924452253632,102
2024-09-19 13:40:50.709,422.7153497615871,15
2024-09-19 13:40:50.781,422.6860204297683,5
2024-09-19 13:40:50.831,422.6947952668944,100
2024-09-19 13:40:50.871,422.72088664278914,995
2024-09-19 13:40:50.946,422.6872417081216,13
2024-09-19 13:40:50.998,422.6963915306337,98
2024-09-19 13:40:51.003,422.7312631771188,102
2024-09-19 13:40:51.066,422.78236211635607,97
2024-09-19 13:40:51.180,422.76747606452807,102
2024-09-19 13:40:51.251,422.7767495120552,95
2024-09-19 13:40:51.261,422.75247026483504,97
2024-09-19 13:40:51.401,422.7702352677803,9
2024-09-19 13:40:51.455,422.7052931454036,10
2024-09-19 13:40:51.466,422.7562221765035,1005
2024-09-19 13:40:51.517,422.7607197160448,10
2024-09-19 13:40:51.541,422.75901257117386,8
2024-09-19 13:40:51.641,422.6935478714054,105
2024-09-19 13:40:51.816,422.7080474979343,103
2024-09-19 13:40:51.923,422.7825156928554,995
2024-09-19 13:40:52.000,422.8104181781099,1001
2024-09-19 13:40:52.010,422.7833064680355,105
2024-09-19 13:40:52.038,422.797335875813,7
2024-09-19 13:40:52.091,422.793019718261,98
2024-09-19 13:40:52.092,422.77035232267446,102
2024-09-19 13:40:52.117,422.8093468024882,105
2024-09-19 13:40:52.120,422.82668264134566,1005
2024-09-19 13:40:52.165,422.75821146738986,95
2024-09-19 13:40:52.216,422.8124692395831,995
2024-09-19 13:40:52.230,422.8149236188466,100
2024-09-19 13:40:52.242,422.7923666213492,1002
2024-09-19 13:40:52.316,422.7570020372263,999
2024-09-19 13:40:52.390,422.7934382750026,7
2024-09-19 13:40:52.636,422.7406573768654,1004
2024-09-19 13:40:52.659,422.80347860020856,5
2024-09-19 13:40:52.816,422.748807086812,102
2024-09-19 13:40:52.884,422.78510693983054,8
2024-09-19 13:40:52.925,422.7571069292485,11
2024-09-19 13:40:52.939,422.7712605572388,101
2024-09-19 13:40:52.994,422.7592312432346,999
2024-09-19 13:40:53.466,422.7861297998395,999
2024-09-19 13:40:53.931,422.7665611418117,1001
2024-09-19 13:40:54.089,422.76725326817154,10
2024-09-19 13:40:54.289,422.758500750288,999
2024-09-19 13:40:54.302,422.759901650666,995
2024-09-19 13:40:54.363,422.7503850975626,11
2024-09-19 13:40:54.413,422.7715252568189,102
2024-09-19 13:40:54.640,422.7828281707702,996
2024-09-19 13:40:54.724,422.7503341748107,1000
2024-09-19 13:40:54.966,422.75928744233545,11
2024-09-19 13:40:54.973,422.7489470585928,96
2024-09-19 13:40:54.977,422.758851081784,996
2024-09-19 13:40:55.007,422.77683871579103,13
2024-09-19 13:40:55.461,422.7842021096292,15
2024-09-19 13:40:55.538,422.78544950213416,12
2024-09-19 13:40:56.426,422.7407273341503,996
2024-09-19 13:40:56.555,422.7438619543103,1003
2024-09-19 13:40:56.670,422.8032296846867,998
2024-09-19 13:40:56.760,422.7141567344152,7
2024-09-19 13:40:56.842,422.7706360016332,12
2024-09-19 13:40:56.899,422.7803856079672,14
2024-09-19 13:40:56.911,422.7681817770254,996
2024-09-19 13:40:57.425,422.715930988688,7
2024-09-19 13:40:57.475,422.7315360583058,1001
2024-09-19 13:40:57.495,422.7285583467228,103
2024-09-19 13:40:57.753,422.7113421334842,1001
2024-09-19 13:40:58.001,422.7417302746766,998
2024-09-19 13:40:58.045,422.7279237956424,101
2024-09-19 13:40:58.098,422.7426218244582,10
2024-09-19 13:40:58.152,422.7235888817576,13
2024-09-19 13:40:58.311,422.6983860500487,5
2024-09-19 13:40:58.391,422.708907311581,996
2024-09-19 13:40:58.440,42.272858933919,7
2024-09-19 13:40:58.525,422.7267889849866,9
2024-09-19 13:40:58.633,422.7008608245568,95
2024-09-19 13:40:58.681,422.70778888685874,96
2024-09-19 13:40:58.904,422.72166295190135,13
2024-09-19 13:40:58.913,422.7247327543566,995
2024-09-19 13:40:59.011,422.7050701541133,104
2024-09-19 13:40:59.077,422.74108268833794,101
2024-09-19 13:40:59.094,-422.685329735864,7
2024-09-19 13:40:59.136,422.73338348453024,104
2024-09-19 13:40:59.158,422.673521051084,1001
2024-09-19 13:40:59.218,422.7452464769252,1004
2024-09-19 13:40:59.233,422.70812766501217,999
2024-09-19 13:40:59.295,422.6564673273568,96
2024-09-19 13:40:59.373,422.7785728061911,998
2024-09-19 13:40:59.409,422.66078488849473,13
2024-09-19 13:40:59.417,422.7169140426233,97
2024-09-19 13:40:59.494,422.6625457382956,5
2024-09-19 13:40:59.501,422.7773461526546,5
2024-09-19 13:40:59.540,422.7395414954328,995
2024-09-19 13:40:59.567,422.700619923833,1002
2024-09-19 13:40:59.640,422.7028247254504,14
2024-09-19 13:40:59.719,422.68872117097817,15
2024-09-19 13:40:59.757,422.7170564786935,1005
2024-09-19 13:40:59.939,422.7063003707378,98
