Timestamp,Price,Size
2024-09-19 13:05:00.062,421.8249084103285,14
2024-09-19 13:05:00.217,421.7690991975356,101
2024-09-19 13:05:00.218,421.808802112008,98
2024-09-19 13:05:00.296,421.8187415133737,7
2024-09-19 13:05:00.641,421.8159559285044,996
2024-09-19 13:05:00.690,421.8239053903727,996
2024-09-19 13:05:00.698,421.820177870021,8
2024-09-19 13:05:00.740,421.8238428002176,14
2024-09-19 13:05:00.832,421.7509982543514,105
2024-09-19 13:05:00.897,421.7996703826246,13
2024-09-19 13:05:00.949,421.77596813950703,13
2024-09-19 13:05:00.999,421.82614418972656,1004
2024-09-19 13:05:01.016,42.17411855298509,999
2024-09-19 13:05:01.064,421.7299923792659,105
2024-09-19 13:05:01.164,421.7305802709545,13
2024-09-19 13:05:01.368,421.7114819225092,997
2024-09-19 13:05:01.917,421.7474614997521,999
2024-09-19 13:05:02.121,421.8116289747744,105
2024-09-19 13:05:02.125,421.8065792062377,1003
2024-09-19 13:05:02.153,421.789265811447,996
2024-09-19 13:05:02.178,421.7514395037296,102
2024-09-19 13:05:02.217,421.75442817649287,9
2024-09-19 13:05:02.273,421.735629882822,1001
2024-09-19 13:05:02.299,-421.7881506692273,1000
2024-09-19 13:05:02.364,421.7884351266828,1003
2024-09-19 13:05:02.367,421.752876201756,99
2024-09-19 13:05:02.507,421.7484785678572,101
2024-09-19 13:05:02.516,421.7687517374913,1002
2024-09-19 13:05:02.616,421.7904629050438,999
2024-09-19 13:05:02.664,421.7345990091248,105
2024-09-19 13:05:02.783,421.8038320335537,6
2024-09-19 13:05:02.799,421.80610889768246,95
2024-09-19 13:05:02.828,421.8125898558498,1001
2024-09-19 13:05:02.914,421.8105321813529,12
2024-09-19 13:05:02.977,421.8069360810582,998
2024-09-19 13:05:02.987,421.7619695453936,14
2024-09-19 13:05:03.004,421.7748085050649,6
2024-09-19 13:05:03.054,421.7860991776203,5
2024-09-19 13:05:03.253,421.7738755740481,995
2024-09-19 13:05:03.578,421.7982599228453,14
2024-09-19 13:05:03.835,421.78068047345886,99
2024-09-19 13:05:05.022,421.7647515317724,998
2024-09-19 13:05:05.241,421.7918061523334,5
2024-09-19 13:05:05.316,421.77773631367984,105
2024-09-19 13:05:05.343,421.7945772061212,15
2024-09-19 13:05:05.446,421.77716197632674,104
2024-09-19 13:05:05.549,421.7930303556326,1004
2024-09-19 13:05:05.593,421.80165691455954,9
2024-09-19 13:05:05.623,421.767237154093,995
2024-09-19 13:05:05.665,421.7817045954387,15
2024-09-19 13:05:05.740,421.7707007382793,9
2024-09-19 13:05:05.749,42.17866141295962,104
2024-09-19 13:05:05.754,421.8142079704235,14
2024-09-19 13:05:05.826,421.7577504351401,105
2024-09-19 13:05:05.855,421.81099961378817,8
2024-09-19 13:05:06.078,421.7708055443001,105
2024-09-19 13:05:06.380,421.7530800418789,1003
2024-09-19 13:05:06.535,421.78843586462114,1005
2024-09-19 13:05:06.570,421.7549356570681,1002
2024-09-19 13:05:06.764,421.7865294184044,8
2024-09-19 13:05:07.050,421.7765752499639,5
2024-09-19 13:05:07.123,421.7719665304685,101
2024-09-19 13:05:07.136,421.76752309835547,97
2024-09-19 13:05:07.150,421.81360495027695,1001
2024-09-19 13:05:07.183,421.8016590456653,8
2024-09-19 13:05:07.209,421.77230568536737,13
2024-09-19 13:05:07.247,421.791366772278,10
2024-09-19 13:05:07.264,421.8004271889389,1004
2024-09-19 13:05:07.322,421.8011408392293,100
2024-09-19 13:05:07.409,421.8076806429816,100
2024-09-19 13:05:07.427,421.7721737779556,995
2024-09-19 13:05:07.464,421.7592477608188,10
2024-09-19 13:05:07.465,421.8206763306616,1003
2024-09-19 13:05:07.513,421.7666474774755,101
2024-09-19 13:05:07.543,421.7913461364807,103
2024-09-19 13:05:07.547,,998
2024-09-19 13:05:07.598,421.77479376185175,7
2024-09-19 13:05:07.626,421.77973236440175,11
2024-09-19 13:05:07.633,421.76387428721546,96
2024-09-19 13:05:07.770,421.7971620401043,102
2024-09-19 13:05:07.789,421.7495621446968,100
2024-09-19 13:05:07.798,421.8004612070088,9
2024-09-19 13:05:07.834,421.77148781292783,998
2024-09-19 13:05:07.965,421.81131540375526,997
2024-09-19 13:05:07.977,,101
2024-09-19 13:05:07.997,421.8073680374594,105
2024-09-19 13:05:08.117,421.82376757102514,8
2024-09-19 13:05:08.150,421.825862187094,999
2024-09-19 13:05:08.180,421.8325590026939,8
2024-09-19 13:05:08.259,421.8266817431422,100
2024-09-19 13:05:08.318,421.821876979942,99
2024-09-19 13:05:08.338,421.8483746560961,9
2024-09-19 13:05:08.351,42.18054797639366,12
2024-09-19 13:05:08.389,421.8167677253502,101
2024-09-19 13:05:08.507,421.8283710445317,1001
2024-09-19 13:05:08.562,421.8370358180696,97
2024-09-19 13:05:08.597,421.8373205531136,100
2024-09-19 13:05:08.810,421.827849382844,1002
2024-09-19 13:05:08.846,421.8309102324607,101
2024-09-19 13:05:08.941,421.8478608927355,95
2024-09-19 13:05:09.119,421.8540070684404,98
2024-09-19 13:05:09.286,421.8257624499373,1000
2024-09-19 13:05:09.358,421.831977698442,99
2024-09-19 13:05:09.612,421.8225324360437,1002
2024-09-19 13:05:09.679,421.889906185943,104
2024-09-19 13:05:09.704,421.8677687407409,996
2024-09-19 13:05:09.799,421.8404171090352,97
2024-09-19 13:05:09.818,421.8353748767655,103
2024-09-19 13:05:09.840,421.8836240569025,997
2024-09-19 13:05:09.845,421.84222006971,96
2024-09-19 13:05:09.847,421.8942781542479,996
2024-09-19 13:05:09.906,421.8711674786993,5
2024-09-19 13:05:09.928,421.82734008655655,7
2024-09-19 13:05:09.969,421.8755393985013,1001
2024-09-19 13:05:10.024,421.9205121333183,1003
2024-09-19 13:05:10.100,421.89801308992895,1005
2024-09-19 13:05:10.350,421.9110278443854,1000
2024-09-19 13:05:10.362,421.9112556693135,999
2024-09-19 13:05:10.438,421.9138300236455,104
2024-09-19 13:05:10.551,421.887825875252,5
2024-09-19 13:05:10.562,421.90609953456857,1004
2024-09-19 13:05:10.614,421.9095540881313,999
2024-09-19 13:05:10.633,421.9423756761184,996
2024-09-19 13:05:10.683,421.9024761195965,11
2024-09-19 13:05:10.758,421.9094627151485,104
2024-09-19 13:05:10.811,421.89788240694287,13
2024-09-19 13:05:10.849,421.9044689635687,7
2024-09-19 13:05:11.034,421.8911701772457,10
2024-09-19 13:05:11.329,421.8792199267052,997
2024-09-19 13:05:11.352,421.86406015751714,96
2024-09-19 13:05:11.528,421.8773618056132,7
2024-09-19 13:05:11.615,421.8721444990948,995
2024-09-19 13:05:11.687,421.8832957822391,99
2024-09-19 13:05:11.980,421.8939787159295,13
2024-09-19 13:05:11.984,421.8784322173413,95
2024-09-19 13:05:11.996,421.86431771723335,1002
2024-09-19 13:05:12.003,421.86380065447065,6
2024-09-19 13:05:12.035,421.8507017645204,95
2024-09-19 13:05:12.055,421.8487333815727,101
2024-09-19 13:05:12.076,421.8546421011654,6
2024-09-19 13:05:12.121,421.8427016458916,96
2024-09-19 13:05:12.122,421.8659037314127,7
2024-09-19 13:05:12.161,421.8387284675682,1002
2024-09-19 13:05:12.186,421.86574571782194,1005
2024-09-19 13:05:12.206,421.8676577694595,9
2024-09-19 13:05:12.225,421.8362101636408,15
2024-09-19 13:05:12.235,421.867017955931,1000
2024-09-19 13:05:12.337,421.8624773851556,1002
2024-09-19 13:05:12.402,421.87398912513953,10
2024-09-19 13:05:12.405,421.85190748939954,105
2024-09-19 13:05:12.424,421.8321062063199,997
2024-09-19 13:05:12.447,421.88213567126536,1001
2024-09-19 13:05:12.513,421.84304431502,996
2024-09-19 13:05:12.522,421.8721837442625,995
2024-09-19 13:05:12.542,,15
2024-09-19 13:05:12.590,421.8329970725732,98
2024-09-19 13:05:12.636,421.8537946608672,999
2024-09-19 13:05:12.652,421.84509867959815,9
2024-09-19 13:05:12.794,421.86466056276754,11
2024-09-19 13:05:12.838,421.86113177784233,8
2024-09-19 13:05:12.867,421.86190420762745,8
2024-09-19 13:05:12.868,421.8514351478832,996
2024-09-19 13:05:12.943,421.8413269197604,1000
2024-09-19 13:05:12.950,421.869229790672,995
2024-09-19 13:05:13.068,421.7793672496175,100
2024-09-19 13:05:13.091,421.78314259038257,101
2024-09-19 13:05:13.095,421.7874787982103,1000
2024-09-19 13:05:13.140,421.8242894763767,12
2024-09-19 13:05:13.164,421.7701671190232,6
2024-09-19 13:05:13.277,42.18159697749261,1004
2024-09-19 13:05:13.283,421.7841619118611,8
2024-09-19 13:05:13.283,421.7980133594975,97
2024-09-19 13:05:13.351,421.80385158519306,12
2024-09-19 13:05:13.378,421.8068896276765,103
2024-09-19 13:05:13.463,421.7843422847978,10
2024-09-19 13:05:13.484,421.7985308345704,996
2024-09-19 13:05:13.522,421.82020702184747,5
2024-09-19 13:05:13.526,421.8224244713264,11
2024-09-19 13:05:13.531,421.8000688143183,97
2024-09-19 13:05:13.585,421.8007968830485,997
2024-09-19 13:05:13.674,421.833523200907,95
2024-09-19 13:05:13.770,421.8128740308924,8
2024-09-19 13:05:13.816,421.8156138399476,100
2024-09-19 13:05:13.848,421.7713726117743,8
2024-09-19 13:05:13.917,421.807765460429,100
2024-09-19 13:05:13.923,421.8284957666915,996
2024-09-19 13:05:13.968,421.8477138598176,8
2024-09-19 13:05:13.994,421.8198902489638,999
2024-09-19 13:05:13.996,421.8010291848136,11
2024-09-19 13:05:14.312,421.8166321520311,97
2024-09-19 13:05:14.586,421.8389873226841,95
2024-09-19 13:05:14.717,421.8130021397757,1000
2024-09-19 13:05:14.781,421.83707122957566,105
2024-09-19 13:05:14.913,421.8366853690864,996
2024-09-19 13:05:14.927,421.8159253543888,995
2024-09-19 13:05:14.991,421.8366544979823,997
2024-09-19 13:05:15.158,421.8091659686848,99
2024-09-19 13:05:15.202,421.803611495725,1000
2024-09-19 13:05:15.306,421.8212957460266,6
2024-09-19 13:05:16.117,421.8741630344836,1005
2024-09-19 13:05:16.173,421.8277456862425,996
2024-09-19 13:05:16.186,421.7955484355247,997
2024-09-19 13:05:16.226,421.7971640820102,96
2024-09-19 13:05:16.239,421.7844322146332,96
2024-09-19 13:05:16.248,421.8016673778071,12
2024-09-19 13:05:16.269,421.84397754626593,998
2024-09-19 13:05:16.336,421.811129160616,996
2024-09-19 13:05:16.458,421.8379092184921,100
2024-09-19 13:05:16.496,421.8151700625533,1004
2024-09-19 13:05:16.546,-421.8559462473838,999
2024-09-19 13:05:16.570,421.8475885777887,1004
2024-09-19 13:05:16.672,421.8283483522369,96
2024-09-19 13:05:16.688,421.8041424031175,104
2024-09-19 13:05:16.723,421.7980973971111,10
2024-09-19 13:05:16.751,421.7924840549532,7
2024-09-19 13:05:16.781,421.8434695844871,1005
2024-09-19 13:05:16.804,421.8354173548478,101
2024-09-19 13:05:16.846,421.8578929896754,9
2024-09-19 13:05:16.857,421.81083800769017,96
2024-09-19 13:05:16.898,421.8409148796831,96
2024-09-19 13:05:16.921,421.8685496156185,103
2024-09-19 13:05:16.985,421.86881577773175,997
2024-09-19 13:05:16.993,-421.8010982305176,97
2024-09-19 13:05:17.005,421.83350096790895,95
2024-09-19 13:05:17.038,421.73606597156646,101
2024-09-19 13:05:17.061,421.7378619910864,999
2024-09-19 13:05:17.083,421.8259008354824,13
2024-09-19 13:05:17.109,421.7382247979518,103
2024-09-19 13:05:17.186,421.76114207889833,995
2024-09-19 13:05:17.222,421.7910350484024,100
2024-09-19 13:05:17.224,421.8176990500038,8
2024-09-19 13:05:17.228,421.75479610766325,105
2024-09-19 13:05:17.310,421.7798270391924,105
2024-09-19 13:05:17.324,421.8232362196941,11
2024-09-19 13:05:17.372,421.81784689383386,7
2024-09-19 13:05:17.389,421.72939863878673,6
2024-09-19 13:05:17.411,421.7836037674335,1003
2024-09-19 13:05:17.425,421.8380526816051,6
2024-09-19 13:05:17.437,421.7785563901492,9
2024-09-19 13:05:17.461,421.829685681098,7
2024-09-19 13:05:17.632,-421.7224002302174,1002
2024-09-19 13:05:17.653,421.7960695425,11
2024-09-19 13:05:17.834,421.8275392275599,999
2024-09-19 13:05:18.249,421.7165256457865,13
2024-09-19 13:05:18.328,421.745337166336,101
2024-09-19 13:05:18.452,421.71796722858727,1002
2024-09-19 13:05:18.577,421.7363325166325,105
2024-09-19 13:05:18.594,421.7150784184364,104
2024-09-19 13:05:19.007,421.68342751550654,96
2024-09-19 13:05:19.009,421.6948315443384,6
2024-09-19 13:05:19.161,421.7320893965793,1000
2024-09-19 13:05:19.246,421.7083119810357,100
2024-09-19 13:05:19.272,421.6736666373499,102
2024-09-19 13:05:19.282,421.7281767653652,998
2024-09-19 13:05:19.297,421.7527406019759,998
2024-09-19 13:05:19.471,421.7196223130503,8
2024-09-19 13:05:19.506,421.7411297835086,1001
2024-09-19 13:05:19.518,421.7142082117314,10
2024-09-19 13:05:19.540,421.7241255275371,96
2024-09-19 13:05:19.575,421.7023968898845,8
2024-09-19 13:05:19.766,421.7343246357675,1004
2024-09-19 13:05:19.779,421.7274970011677,1002
2024-09-19 13:05:19.790,421.71715359619753,98
2024-09-19 13:05:19.794,421.7458762657122,7
2024-09-19 13:05:19.869,421.7233806721072,98
2024-09-19 13:05:19.875,421.7325620198011,10
2024-09-19 13:05:19.933,421.7457117579473,95
2024-09-19 13:05:20.046,421.67445347344375,995
2024-09-19 13:05:20.158,421.6911223079704,10
2024-09-19 13:05:20.343,421.6848444978332,11
2024-09-19 13:05:20.394,421.6860175539028,1001
2024-09-19 13:05:20.404,421.6870350351361,995
2024-09-19 13:05:20.417,421.6552814535247,1001
2024-09-19 13:05:20.471,421.7096258497797,1004
2024-09-19 13:05:20.478,421.6839352332457,11
2024-09-19 13:05:20.542,421.68841733513136,103
2024-09-19 13:05:20.548,421.689733710415,998
2024-09-19 13:05:20.591,421.7077345190255,995
2024-09-19 13:05:20.592,42.16972868045615,1004
2024-09-19 13:05:20.611,421.6846957077592,104
2024-09-19 13:05:20.630,421.7028327267763,97
2024-09-19 13:05:20.688,421.6571966430847,1002
2024-09-19 13:05:20.803,421.7026739408086,1003
2024-09-19 13:05:20.818,421.7005937506211,999
2024-09-19 13:05:20.824,421.64573811553606,95
2024-09-19 13:05:20.897,421.7095100106226,101
2024-09-19 13:05:20.912,421.6665912793069,999
2024-09-19 13:05:20.929,421.6864110594868,97
2024-09-19 13:05:20.952,421.6974844556562,995
2024-09-19 13:05:20.963,421.68243681171487,996
2024-09-19 13:05:21.093,421.6148461270936,997
2024-09-19 13:05:21.113,,9
2024-09-19 13:05:21.226,421.6055893551398,1003
2024-09-19 13:05:21.333,421.6329786751842,95
2024-09-19 13:05:21.378,421.59540302181057,996
2024-09-19 13:05:21.418,421.6105674797759,998
2024-09-19 13:05:21.469,421.63988978036906,104
2024-09-19 13:05:21.474,421.6116820763696,1000
2024-09-19 13:05:21.490,421.611244595041,1003
2024-09-19 13:05:21.496,421.6490185184612,998
2024-09-19 13:05:21.547,421.6348095303567,12
2024-09-19 13:05:21.584,421.6272359709111,995
2024-09-19 13:05:21.612,421.63553153004295,998
2024-09-19 13:05:21.660,421.6088678827205,998
2024-09-19 13:05:21.753,421.6373030236699,6
2024-09-19 13:05:21.760,421.6259670660966,103
2024-09-19 13:05:21.860,421.6194316032492,998
2024-09-19 13:05:21.904,421.6297020467973,11
2024-09-19 13:05:21.930,421.6457348799985,98
2024-09-19 13:05:21.937,421.6156567654861,102
2024-09-19 13:05:22.037,421.6690779850599,996
2024-09-19 13:05:22.065,421.6227584711384,11
2024-09-19 13:05:22.122,421.6550428618344,10
2024-09-19 13:05:22.136,421.5974378661131,5
2024-09-19 13:05:22.171,421.5909387451913,10
2024-09-19 13:05:22.193,421.6067686437216,11
2024-09-19 13:05:22.387,421.63356201675,1003
2024-09-19 13:05:22.411,421.6016523206188,1004
2024-09-19 13:05:22.464,421.6135461896134,1003
2024-09-19 13:05:22.480,421.68629328565794,996
2024-09-19 13:05:22.513,421.60063654011,996
2024-09-19 13:05:22.531,421.5592657205949,14
2024-09-19 13:05:22.569,421.5888525385957,95
2024-09-19 13:05:22.578,421.6948102317856,14
2024-09-19 13:05:22.608,421.6041186984919,105
2024-09-19 13:05:22.621,421.60769326923526,999
2024-09-19 13:05:22.641,421.63594496334656,97
2024-09-19 13:05:22.656,421.62502118971616,98
2024-09-19 13:05:22.682,421.6150474044504,11
2024-09-19 13:05:22.696,421.5895349564104,100
2024-09-19 13:05:22.722,421.6104717528577,98
2024-09-19 13:05:22.741,421.5889445665236,100
2024-09-19 13:05:22.799,-421.6195576253537,11
2024-09-19 13:05:22.825,421.6045656787125,12
2024-09-19 13:05:22.869,421.5885213996092,105
2024-09-19 13:05:22.928,421.5947460240699,1002
2024-09-19 13:05:22.946,421.6319993501888,6
2024-09-19 13:05:23.111,421.68181698610994,15
2024-09-19 13:05:23.174,421.6853713713485,99
2024-09-19 13:05:23.221,421.7124663184553,999
2024-09-19 13:05:23.376,421.72551436259175,7
2024-09-19 13:05:23.408,421.7107056500739,102
2024-09-19 13:05:23.437,421.6846847577624,1002
2024-09-19 13:05:23.509,-421.69913537306127,7
2024-09-19 13:05:23.521,421.6887125701415,1000
2024-09-19 13:05:23.649,421.7238322119722,12
2024-09-19 13:05:23.656,421.7040328385414,96
2024-09-19 13:05:23.713,421.6962180705406,1002
2024-09-19 13:05:23.755,421.7089734804625,1003
2024-09-19 13:05:23.816,421.7034192485183,95
2024-09-19 13:05:23.912,421.70544684245857,9
2024-09-19 13:05:23.965,421.71135493798914,5
2024-09-19 13:05:23.997,421.7060233904224,97
2024-09-19 13:05:24.015,421.7461635256794,102
2024-09-19 13:05:24.119,421.75401048579744,995
2024-09-19 13:05:24.158,421.7679316094996,98
2024-09-19 13:05:24.193,421.7788708409495,13
2024-09-19 13:05:24.279,421.7657906308981,995
2024-09-19 13:05:24.304,421.7603487614612,10
2024-09-19 13:05:24.328,421.7694662235734,99
2024-09-19 13:05:24.409,421.7450667090839,104
2024-09-19 13:05:24.437,421.7510249917439,100
2024-09-19 13:05:24.438,421.7924617273384,1005
2024-09-19 13:05:24.447,421.75495261853007,12
2024-09-19 13:05:24.459,421.7331746193181,95
2024-09-19 13:05:24.467,421.7424964254651,100
2024-09-19 13:05:24.492,421.7511920770677,13
2024-09-19 13:05:24.589,421.75050342522167,1001
2024-09-19 13:05:24.628,421.7476597202506,103
2024-09-19 13:05:24.671,42.17494876168149,103
2024-09-19 13:05:24.683,421.7069050740712,13
2024-09-19 13:05:24.852,421.7675847677941,8
2024-09-19 13:05:24.871,421.7008700546925,1001
2024-09-19 13:05:24.914,421.7850323915286,103
2024-09-19 13:05:24.982,421.7256443364924,1004
2024-09-19 13:05:25.050,421.713909901698,100
2024-09-19 13:05:25.149,421.7689011557968,999
2024-09-19 13:05:25.224,421.6997665101436,96
2024-09-19 13:05:25.249,421.6902346939567,8
2024-09-19 13:05:25.288,421.74779047934464,1003
2024-09-19 13:05:25.379,421.7627912050616,11
2024-09-19 13:05:25.401,421.72798527781777,1001
2024-09-19 13:05:25.563,421.75577366607854,95
2024-09-19 13:05:25.608,421.68786995890105,995
2024-09-19 13:05:25.608,421.7140779617158,104
2024-09-19 13:05:25.664,421.6877527204949,98
2024-09-19 13:05:25.699,421.7228828777824,5
2024-09-19 13:05:25.737,421.7004128335681,995
2024-09-19 13:05:25.743,421.7490668322132,1003
2024-09-19 13:05:25.784,421.7771408549248,8
2024-09-19 13:05:25.786,421.6831949792437,10
2024-09-19 13:05:25.813,421.7797895908195,95
2024-09-19 13:05:25.836,421.77259324345374,7
2024-09-19 13:05:25.855,421.71512512085,997
2024-09-19 13:05:25.862,421.7103152776788,1005
2024-09-19 13:05:25.869,421.6819999914636,1002
2024-09-19 13:05:25.920,421.6894903286103,102
2024-09-19 13:05:25.991,421.6991038306024,97
2024-09-19 13:05:26.028,421.7602003721977,1005
2024-09-19 13:05:26.076,421.7480425779479,998
2024-09-19 13:05:26.108,421.73731457121977,998
2024-09-19 13:05:26.169,421.6934630874813,5
2024-09-19 13:05:26.198,421.7336305368558,10
2024-09-19 13:05:26.210,421.7152138342785,102
2024-09-19 13:05:26.247,421.7601811242408,6
2024-09-19 13:05:26.255,421.7043174654607,102
2024-09-19 13:05:26.257,421.7557718346486,98
2024-09-19 13:05:26.418,421.760730718966,103
2024-09-19 13:05:26.449,421.757474745353,999
2024-09-19 13:05:26.531,-421.72133784567353,1002
2024-09-19 13:05:26.535,42.17324832278172,100
2024-09-19 13:05:26.752,421.7535427316525,1001
2024-09-19 13:05:26.759,421.7549137801755,9
2024-09-19 13:05:26.775,42.17223672619005,1005
2024-09-19 13:05:26.862,421.7196286518196,11
2024-09-19 13:05:26.930,421.7289072393659,105
2024-09-19 13:05:26.940,421.7175755380909,95
2024-09-19 13:05:26.971,421.7375859255736,996
2024-09-19 13:05:26.998,421.69295162514726,8
2024-09-19 13:05:27.090,421.69424094906697,102
2024-09-19 13:05:27.093,421.67240201410016,98
2024-09-19 13:05:27.130,421.6833770648729,13
2024-09-19 13:05:27.509,421.6691778409159,14
2024-09-19 13:05:27.865,421.6749251391232,104
2024-09-19 13:05:27.906,421.6981114990359,11
2024-09-19 13:05:28.127,421.7235439691604,14
2024-09-19 13:05:28.165,421.7279091774153,95
2024-09-19 13:05:28.244,421.6892823973056,995
2024-09-19 13:05:28.279,421.6926418849333,8
2024-09-19 13:05:28.319,421.6910399419797,1005
2024-09-19 13:05:28.347,421.7024133477066,98
2024-09-19 13:05:28.532,421.7009500169519,14
2024-09-19 13:05:28.691,421.6958716441477,96
2024-09-19 13:05:28.830,421.6865937258428,1000
2024-09-19 13:05:28.975,421.7131443676825,105
2024-09-19 13:05:28.993,421.69979444977145,100
2024-09-19 13:05:29.024,421.6480541774597,105
2024-09-19 13:05:29.044,421.6031448222444,6
2024-09-19 13:05:29.117,421.5972431131888,1001
2024-09-19 13:05:29.126,421.6553043114045,995
2024-09-19 13:05:29.149,421.5893333999389,11
2024-09-19 13:05:29.171,421.5682590924626,100
2024-09-19 13:05:29.189,421.5443475830337,1001
2024-09-19 13:05:29.209,421.55917751257965,101
2024-09-19 13:05:29.217,421.5580711957889,996
2024-09-19 13:05:29.280,421.5620271863832,105
2024-09-19 13:05:29.305,421.5380380318475,98
2024-09-19 13:05:29.315,421.5972608176187,1000
2024-09-19 13:05:29.320,421.6197581381346,97
2024-09-19 13:05:29.441,421.5623930092598,7
2024-09-19 13:05:29.604,421.5719487231824,10
2024-09-19 13:05:29.728,421.5869145649463,100
2024-09-19 13:05:29.809,421.5793895114665,100
2024-09-19 13:05:29.813,421.5512554269816,8
2024-09-19 13:05:29.831,421.54323217196776,995
2024-09-19 13:05:29.832,421.5714473876746,10
2024-09-19 13:05:29.897,421.5605450182952,5
2024-09-19 13:05:29.922,421.5406128637754,997
2024-09-19 13:05:30.049,421.5781727987338,15
2024-09-19 13:05:30.825,-421.5738279856368,999
2024-09-19 13:05:30.904,421.5707944289883,103
2024-09-19 13:05:31.008,421.5643602506641,101
2024-09-19 13:05:31.121,421.5653851861799,99
2024-09-19 13:05:31.226,421.5593229515913,8
2024-09-19 13:05:31.254,421.5731059607928,1003
2024-09-19 13:05:31.521,421.5828606442449,8
2024-09-19 13:05:31.567,421.5948555714184,100
2024-09-19 13:05:31.725,421.5742225763293,997
2024-09-19 13:05:31.758,421.5777190817626,1001
2024-09-19 13:05:31.841,421.58148610353913,102
2024-09-19 13:05:31.850,421.5507907275356,15
2024-09-19 13:05:31.885,,13
2024-09-19 13:05:31.970,421.5925794352967,97
2024-09-19 13:05:31.982,421.5724470133832,996
2024-09-19 13:05:32.050,421.5590312712807,105
2024-09-19 13:05:32.278,421.544728159878,1004
2024-09-19 13:05:32.888,421.5465697911837,999
2024-09-19 13:05:33.092,421.6258132240089,1005
2024-09-19 13:05:33.136,421.5579896424695,96
2024-09-19 13:05:33.199,421.6231912004188,102
2024-09-19 13:05:33.217,421.6127214054575,99
2024-09-19 13:05:33.260,421.61200414907023,9
2024-09-19 13:05:33.294,421.6000131599948,13
2024-09-19 13:05:33.316,421.6204782941151,6
2024-09-19 13:05:33.335,421.59548074874914,97
2024-09-19 13:05:33.344,421.5914752426469,15
2024-09-19 13:05:33.420,421.5773216610811,1003
2024-09-19 13:05:33.442,421.6216389912139,11
2024-09-19 13:05:33.530,421.6051376040762,98
2024-09-19 13:05:33.533,421.6166847690972,97
2024-09-19 13:05:33.586,421.6280573997431,104
2024-09-19 13:05:33.622,421.5628680664371,96
2024-09-19 13:05:33.660,421.5630468041844,13
2024-09-19 13:05:33.664,421.618900729384,1005
2024-09-19 13:05:33.691,421.582114947825,97
2024-09-19 13:05:33.714,421.5983698841513,11
2024-09-19 13:05:33.717,421.60543241782057,5
2024-09-19 13:05:33.730,421.56361087694137,11
2024-09-19 13:05:33.757,421.617064861192,998
2024-09-19 13:05:33.784,421.5580816078076,998
2024-09-19 13:05:33.799,421.6136037716117,15
2024-09-19 13:05:33.857,421.6095256135187,98
2024-09-19 13:05:33.920,42.15812362416724,998
2024-09-19 13:05:33.980,421.6245992098839,96
2024-09-19 13:05:33.991,421.6019067154289,9
2024-09-19 13:05:34.003,421.5977501429384,997
2024-09-19 13:05:34.117,421.6333114669162,11
2024-09-19 13:05:34.204,421.627156326969,5
2024-09-19 13:05:34.230,421.6283608556795,15
2024-09-19 13:05:34.267,421.6109293998448,1002
2024-09-19 13:05:34.342,421.600163281642,1001
2024-09-19 13:05:34.540,421.64410636573984,11
2024-09-19 13:05:34.546,421.5896766713777,7
2024-09-19 13:05:34.591,421.6071088846762,7
2024-09-19 13:05:34.648,421.5984232035834,999
2024-09-19 13:05:34.679,421.586428753258,5
2024-09-19 13:05:34.710,421.6042409961777,996
2024-09-19 13:05:34.757,421.6246128550391,97
2024-09-19 13:05:34.782,42.16096271467567,103
2024-09-19 13:05:34.926,421.5789859539452,14
2024-09-19 13:05:35.011,421.6293761892996,9
2024-09-19 13:05:35.086,421.64064876723006,999
2024-09-19 13:05:35.094,421.6457603834669,1004
2024-09-19 13:05:35.151,421.6267094802599,11
2024-09-19 13:05:35.216,421.6224717995999,5
2024-09-19 13:05:35.250,421.6153073089518,97
2024-09-19 13:05:35.310,421.6126232541978,104
2024-09-19 13:05:35.424,421.6342808251956,15
2024-09-19 13:05:35.444,421.633118263922,105
2024-09-19 13:05:35.467,421.6297543158013,97
2024-09-19 13:05:35.467,421.624497759576,105
2024-09-19 13:05:35.502,421.6655310745671,101
2024-09-19 13:05:35.512,421.61120204089696,11
2024-09-19 13:05:35.538,421.6347529112009,1005
2024-09-19 13:05:35.545,421.6575375158493,105
2024-09-19 13:05:35.560,421.6317498676684,1001
2024-09-19 13:05:35.600,421.6112577289936,105
2024-09-19 13:05:35.683,421.6060818193529,998
2024-09-19 13:05:35.696,421.6149588117339,9
2024-09-19 13:05:35.705,421.6371587848393,11
2024-09-19 13:05:35.733,421.63960936844217,96
2024-09-19 13:05:35.757,421.618147975501,99
2024-09-19 13:05:35.768,421.64134633791,9
2024-09-19 13:05:35.844,421.6324468944147,97
2024-09-19 13:05:35.941,421.6353075570429,100
2024-09-19 13:05:36.031,421.6672999558168,10
2024-09-19 13:05:36.033,421.6820539083122,1004
2024-09-19 13:05:36.033,421.6355690136628,98
2024-09-19 13:05:36.049,421.6756346839322,11
2024-09-19 13:05:36.109,421.6751296142265,97
2024-09-19 13:05:36.139,421.6708813878359,995
2024-09-19 13:05:36.189,421.6465873891895,1005
2024-09-19 13:05:36.209,421.6429351132282,12
2024-09-19 13:05:36.224,421.6695472141913,997
2024-09-19 13:05:36.377,421.6456090687042,95
2024-09-19 13:05:36.407,421.6655695944788,1000
2024-09-19 13:05:36.438,421.6420001837375,100
2024-09-19 13:05:36.456,421.6595351168884,1002
2024-09-19 13:05:36.476,421.6488494718057,9
2024-09-19 13:05:36.503,421.655553378474,104
2024-09-19 13:05:36.528,421.6740607199134,5
2024-09-19 13:05:36.596,421.6540061130188,1001
2024-09-19 13:05:36.627,421.6720650649303,11
2024-09-19 13:05:36.628,421.6783593657983,105
2024-09-19 13:05:36.668,421.6596144222165,5
2024-09-19 13:05:36.692,421.6564198912076,12
2024-09-19 13:05:36.829,421.6821767377572,10
2024-09-19 13:05:36.859,421.6769667607284,1004
2024-09-19 13:05:36.869,421.6612884124594,105
2024-09-19 13:05:36.886,421.652085793083,999
2024-09-19 13:05:36.901,421.6673968394368,5
2024-09-19 13:05:36.914,421.66798727989567,105
2024-09-19 13:05:36.926,421.6635606577568,10
2024-09-19 13:05:36.926,421.6519304611128,9
2024-09-19 13:05:38.035,,101
2024-09-19 13:05:38.036,421.699658558957,995
2024-09-19 13:05:38.113,421.7013648885269,996
2024-09-19 13:05:38.244,421.6944228080148,104
2024-09-19 13:05:38.393,421.68903290144186,1001
2024-09-19 13:05:38.452,421.69471450517887,15
2024-09-19 13:05:38.512,421.6764850534663,1004
2024-09-19 13:05:38.579,421.69945934950965,103
2024-09-19 13:05:38.609,421.7009577908454,6
2024-09-19 13:05:38.623,421.6919464262368,1005
2024-09-19 13:05:38.650,421.6889119328898,104
2024-09-19 13:05:38.682,421.6865593340463,97
2024-09-19 13:05:38.683,421.69936140245545,100
2024-09-19 13:05:38.750,421.675067400137,102
2024-09-19 13:05:38.974,,10
2024-09-19 13:05:38.990,421.70460867475816,1000
2024-09-19 13:05:39.085,421.6218639994361,11
2024-09-19 13:05:39.088,421.63375695057374,100
2024-09-19 13:05:39.124,421.626715112482,11
2024-09-19 13:05:39.136,421.63944450216246,96
2024-09-19 13:05:39.269,421.66254854149855,1003
2024-09-19 13:05:39.283,42.16660826808899,7
2024-09-19 13:05:39.344,421.62579843277786,98
2024-09-19 13:05:39.450,421.63093847023526,101
2024-09-19 13:05:39.498,421.6566939429816,102
2024-09-19 13:05:39.626,421.6609162906028,14
2024-09-19 13:05:39.688,421.6614766800723,102
2024-09-19 13:05:39.780,421.64454024917006,995
2024-09-19 13:05:39.804,421.6314768816852,103
2024-09-19 13:05:39.858,421.67691560876193,95
2024-09-19 13:05:39.911,421.66080482169366,1002
2024-09-19 13:05:39.924,421.6416996270103,9
2024-09-19 13:05:39.937,421.6702463454012,1005
2024-09-19 13:05:39.977,421.6210835549076,8
2024-09-19 13:05:40.065,421.6574164956722,1005
2024-09-19 13:05:40.123,421.6239657918186,95
2024-09-19 13:05:40.171,,99
2024-09-19 13:05:40.189,421.6347883444614,1000
2024-09-19 13:05:40.219,421.6295612045092,99
2024-09-19 13:05:40.247,421.6673940050887,99
2024-09-19 13:05:40.298,421.65830680125976,5
2024-09-19 13:05:40.326,421.6467692186246,14
2024-09-19 13:05:40.396,421.6425438092742,7
2024-09-19 13:05:40.421,421.6048120459328,1002
2024-09-19 13:05:40.431,421.6237729267946,7
2024-09-19 13:05:40.437,421.6274920676264,1002
2024-09-19 13:05:40.473,421.6418125876192,9
2024-09-19 13:05:40.515,421.6235624274799,995
2024-09-19 13:05:40.573,421.65313965186687,105
2024-09-19 13:05:40.619,421.6342898916734,997
2024-09-19 13:05:40.658,421.5981827003025,8
2024-09-19 13:05:40.672,421.58374812046856,97
2024-09-19 13:05:40.844,421.5910284929007,1004
2024-09-19 13:05:40.963,421.63902694703097,1002
2024-09-19 13:05:41.013,421.55346323873147,97
2024-09-19 13:05:41.053,421.5853837808549,14
2024-09-19 13:05:41.084,421.5690270711009,998
2024-09-19 13:05:41.103,421.5869513693818,8
2024-09-19 13:05:41.156,421.5896574990183,104
2024-09-19 13:05:41.256,421.5608141305353,96
2024-09-19 13:05:41.268,421.5697702963586,10
2024-09-19 13:05:41.269,421.5750822563753,1002
2024-09-19 13:05:41.284,421.5727669865921,1003
2024-09-19 13:05:41.365,421.584326902005,100
2024-09-19 13:05:41.398,421.551489112445,105
2024-09-19 13:05:41.433,421.5842680744735,104
2024-09-19 13:05:41.473,421.5562381622248,6
2024-09-19 13:05:41.481,421.5399072556721,97
2024-09-19 13:05:41.503,-421.571960753988,5
2024-09-19 13:05:41.520,421.5806771071569,10
2024-09-19 13:05:41.523,421.555349164158,997
2024-09-19 13:05:41.674,421.5540998411429,98
2024-09-19 13:05:41.712,421.5794400436419,998
2024-09-19 13:05:41.754,421.5757901889383,11
2024-09-19 13:05:41.772,421.5710261793658,15
2024-09-19 13:05:41.803,421.5473221344738,8
2024-09-19 13:05:41.813,421.5747857398946,105
2024-09-19 13:05:41.837,421.56786951377,1001
2024-09-19 13:05:41.845,421.5948625855502,102
2024-09-19 13:05:41.868,421.60041544832046,7
2024-09-19 13:05:41.922,421.5554079877771,9
2024-09-19 13:05:41.945,421.5631593444893,102
2024-09-19 13:05:41.961,421.5702985711041,14
2024-09-19 13:05:41.979,421.557281046758,95
2024-09-19 13:05:42.265,421.4862680947159,10
2024-09-19 13:05:42.313,421.53656372594617,7
2024-09-19 13:05:42.377,421.5347387134441,1005
2024-09-19 13:05:42.395,421.50352371527055,997
2024-09-19 13:05:42.409,421.5167924212593,100
2024-09-19 13:05:42.647,421.53350905025286,11
2024-09-19 13:05:42.804,421.507793196012,11
2024-09-19 13:05:42.824,421.5227362738748,998
2024-09-19 13:05:42.870,421.49521783393607,7
2024-09-19 13:05:43.022,421.5433035824596,100
2024-09-19 13:05:43.038,421.59740614117067,103
2024-09-19 13:05:43.050,421.5140329466588,997
2024-09-19 13:05:43.078,421.5674116835561,8
2024-09-19 13:05:43.092,421.4611613683866,100
2024-09-19 13:05:43.167,421.5559017378485,99
2024-09-19 13:05:43.213,421.59473265379694,105
2024-09-19 13:05:43.293,421.4571006659733,999
2024-09-19 13:05:43.352,421.5126620813991,104
2024-09-19 13:05:43.414,421.4879759214178,15
2024-09-19 13:05:43.444,421.5605435398392,8
2024-09-19 13:05:43.499,421.56044438890217,105
2024-09-19 13:05:43.502,421.5788935499336,1001
2024-09-19 13:05:43.614,421.5928964456562,1004
2024-09-19 13:05:43.648,421.5186316990906,1005
2024-09-19 13:05:43.692,421.4883564956758,1004
2024-09-19 13:05:43.746,421.5916586256954,14
2024-09-19 13:05:43.786,421.6102040755218,100
2024-09-19 13:05:43.851,421.599944883395,997
2024-09-19 13:05:43.855,421.5632985758444,102
2024-09-19 13:05:43.905,421.5684084503558,101
2024-09-19 13:05:43.927,421.598317085159,97
2024-09-19 13:05:43.965,421.6037474808797,102
2024-09-19 13:05:43.989,421.5597792948884,14
2024-09-19 13:05:44.092,421.584552362594,1005
2024-09-19 13:05:44.259,421.6113984641853,96
2024-09-19 13:05:44.623,421.5952733439208,100
2024-09-19 13:05:44.823,421.6155816138053,95
2024-09-19 13:05:45.005,421.59594993264966,995
2024-09-19 13:05:45.010,421.6027530078201,13
2024-09-19 13:05:45.059,421.57964945286767,104
2024-09-19 13:05:45.081,421.56910590608,13
2024-09-19 13:05:45.171,421.6190168156724,96
2024-09-19 13:05:45.608,421.5824369446877,12
2024-09-19 13:05:45.684,421.5878496141177,1002
2024-09-19 13:05:45.743,421.5975260119803,15
2024-09-19 13:05:45.756,421.5981891690106,100
2024-09-19 13:05:45.854,421.5645745354105,97
2024-09-19 13:05:45.966,421.6058791353116,1005
2024-09-19 13:05:45.994,421.5857010941141,102
2024-09-19 13:05:46.019,421.6037925484681,1005
2024-09-19 13:05:46.222,,996
2024-09-19 13:05:46.330,421.5923614082225,12
2024-09-19 13:05:46.809,421.59453454250377,105
2024-09-19 13:05:46.897,421.5971945547808,15
2024-09-19 13:05:47.023,421.5761622335535,14
2024-09-19 13:05:47.024,421.4763930219281,1004
2024-09-19 13:05:47.068,421.5920060690492,96
2024-09-19 13:05:47.090,421.5370850179025,104
2024-09-19 13:05:47.104,421.5340398013234,12
2024-09-19 13:05:47.156,421.6124667559441,1003
2024-09-19 13:05:47.264,421.5529479373517,997
2024-09-19 13:05:47.276,421.5572669467937,96
2024-09-19 13:05:47.344,421.51737198801857,96
2024-09-19 13:05:47.472,421.533705315566,10
2024-09-19 13:05:47.491,421.5614046881311,97
2024-09-19 13:05:47.508,421.5469251523681,13
2024-09-19 13:05:47.527,421.57374003310986,97
2024-09-19 13:05:47.541,421.50375618319015,10
2024-09-19 13:05:47.550,421.5682792377575,1002
2024-09-19 13:05:47.550,421.5826590373173,1000
2024-09-19 13:05:47.553,421.5279133770536,1005
2024-09-19 13:05:47.568,-421.5125871180595,1005
2024-09-19 13:05:47.644,421.5609387134976,996
2024-09-19 13:05:47.667,421.5952405237885,998
2024-09-19 13:05:47.702,421.576335908005,99
2024-09-19 13:05:47.724,421.5475568238953,12
2024-09-19 13:05:47.759,421.5364089719053,1005
2024-09-19 13:05:47.809,421.5851078425477,105
2024-09-19 13:05:47.847,421.545056278054,1002
2024-09-19 13:05:47.862,421.57885825195126,999
2024-09-19 13:05:47.897,421.5322458928384,105
2024-09-19 13:05:47.910,421.585509769895,997
2024-09-19 13:05:47.940,421.48397294186606,104
2024-09-19 13:05:48.054,421.5278964251152,97
2024-09-19 13:05:48.093,421.5052459565438,995
2024-09-19 13:05:48.143,421.49762807814017,999
2024-09-19 13:05:48.214,421.5282862368506,6
2024-09-19 13:05:48.316,421.5426386768176,1001
2024-09-19 13:05:48.320,421.4966572947036,999
2024-09-19 13:05:48.345,421.5046726386876,7
2024-09-19 13:05:48.408,421.5371988749173,95
2024-09-19 13:05:48.465,421.5366317575232,102
2024-09-19 13:05:48.519,421.5353645449904,998
2024-09-19 13:05:48.531,421.49455387443845,11
2024-09-19 13:05:48.552,421.5502199661267,8
2024-09-19 13:05:48.617,421.5455184140199,102
2024-09-19 13:05:48.649,421.4983914834643,995
2024-09-19 13:05:48.657,421.51569736446766,1000
2024-09-19 13:05:48.712,421.53596322686906,12
2024-09-19 13:05:48.748,421.5093652741413,95
2024-09-19 13:05:48.887,421.5365607177347,99
2024-09-19 13:05:48.904,421.46740271573367,101
2024-09-19 13:05:48.946,42.15098117489676,104
2024-09-19 13:05:48.967,421.53518776052726,105
2024-09-19 13:05:48.991,421.53195222668296,100
2024-09-19 13:05:49.133,421.5399164401221,6
2024-09-19 13:05:49.738,421.5192377403545,102
2024-09-19 13:05:49.877,421.51498653068336,1001
2024-09-19 13:05:50.030,421.54428929638726,14
2024-09-19 13:05:50.039,421.5124618599356,97
2024-09-19 13:05:50.367,421.527798810566,102
2024-09-19 13:05:50.481,421.5066092184846,14
2024-09-19 13:05:50.490,421.5379947944004,1002
2024-09-19 13:05:50.570,421.5319072914033,10
2024-09-19 13:05:50.637,421.566716455008,99
2024-09-19 13:05:50.680,421.4960709391927,105
2024-09-19 13:05:50.703,421.5469494032065,8
2024-09-19 13:05:50.741,421.4892735582317,11
2024-09-19 13:05:50.853,421.5410394276014,1000
2024-09-19 13:05:50.854,421.5444735909128,103
2024-09-19 13:05:50.884,421.5084416108065,11
2024-09-19 13:05:50.913,421.52743815216206,7
2024-09-19 13:05:50.948,421.55291442617846,997
2024-09-19 13:05:51.283,421.4889323131633,102
2024-09-19 13:05:51.352,421.4891486392201,102
2024-09-19 13:05:51.381,421.4849767180327,1003
2024-09-19 13:05:51.406,421.493070148825,104
2024-09-19 13:05:51.445,421.4843249709016,98
2024-09-19 13:05:51.515,421.4879464751471,5
2024-09-19 13:05:51.545,421.4712471924379,1002
2024-09-19 13:05:52.056,421.44868922485847,97
2024-09-19 13:05:52.059,421.4261847202587,7
2024-09-19 13:05:52.061,421.4077237368372,13
2024-09-19 13:05:52.096,421.4059963558248,97
2024-09-19 13:05:52.105,421.445925546016,6
2024-09-19 13:05:52.126,421.4388425403863,6
2024-09-19 13:05:52.177,421.4271516317083,12
2024-09-19 13:05:52.207,421.45405747709344,7
2024-09-19 13:05:52.351,421.3840827382805,1004
2024-09-19 13:05:52.505,421.4423909284915,10
2024-09-19 13:05:52.623,421.4587288415141,1004
2024-09-19 13:05:52.646,421.4659807972567,7
2024-09-19 13:05:52.762,421.414405836679,996
2024-09-19 13:05:52.952,421.46829547769016,5
2024-09-19 13:05:52.963,421.473423152798,98
2024-09-19 13:05:53.000,421.5341660365129,15
2024-09-19 13:05:53.072,421.50338317060886,1003
2024-09-19 13:05:53.134,421.48698868669663,12
2024-09-19 13:05:53.234,421.4635009957866,13
2024-09-19 13:05:53.358,421.46894226042616,15
2024-09-19 13:05:53.369,421.5201208754609,5
2024-09-19 13:05:53.591,421.473896838544,6
2024-09-19 13:05:53.690,421.5208287786904,7
2024-09-19 13:05:53.747,421.4696339943994,1001
2024-09-19 13:05:53.760,421.48960833276834,1000
2024-09-19 13:05:54.015,421.4606235447181,1001
2024-09-19 13:05:54.049,421.5352028273506,102
2024-09-19 13:05:54.053,,997
2024-09-19 13:05:54.155,421.4823277040815,95
2024-09-19 13:05:54.179,421.5301771669384,96
2024-09-19 13:05:54.197,421.4684926997053,6
2024-09-19 13:05:54.233,421.55976618922017,1002
2024-09-19 13:05:54.288,421.5216430168009,96
2024-09-19 13:05:54.388,421.5172110769591,10
2024-09-19 13:05:54.398,421.4698436483824,1001
2024-09-19 13:05:54.403,421.4619662509478,998
2024-09-19 13:05:54.432,421.5074014945872,103
2024-09-19 13:05:54.437,421.5396698955299,101
2024-09-19 13:05:54.459,421.48287648859593,7
2024-09-19 13:05:54.555,421.53344538846414,14
2024-09-19 13:05:54.576,421.48585022388806,1003
2024-09-19 13:05:54.714,421.55518794777424,13
2024-09-19 13:05:54.715,421.4756804140069,996
2024-09-19 13:05:54.733,421.5302540947562,10
2024-09-19 13:05:54.744,421.4636070653802,1002
2024-09-19 13:05:54.745,421.54342919851314,1002
2024-09-19 13:05:55.040,421.4176150587749,13
2024-09-19 13:05:55.062,421.4552390028758,98
2024-09-19 13:05:55.124,421.5160836136595,995
2024-09-19 13:05:55.155,421.4910813294664,10
2024-09-19 13:05:55.170,421.43823045282426,98
2024-09-19 13:05:55.185,421.53145362611366,13
2024-09-19 13:05:55.278,421.4690436027316,101
2024-09-19 13:05:55.366,421.45887057286296,995
2024-09-19 13:05:55.382,421.46725121532734,1002
2024-09-19 13:05:55.388,421.5268779922079,995
2024-09-19 13:05:55.429,421.488360980165,99
2024-09-19 13:05:55.473,421.4639031136734,1002
2024-09-19 13:05:55.520,421.52568337973497,11
2024-09-19 13:05:55.550,421.48403440587305,96
2024-09-19 13:05:55.690,421.46541582846703,1000
2024-09-19 13:05:55.703,421.4858618452434,1002
2024-09-19 13:05:55.740,421.4642842824768,98
2024-09-19 13:05:55.748,421.475811643493,104
2024-09-19 13:05:55.759,421.49209037401965,999
2024-09-19 13:05:55.771,421.4766451170415,100
2024-09-19 13:05:55.803,421.51180675937104,105
2024-09-19 13:05:55.840,421.43791095315663,5
2024-09-19 13:05:55.843,421.40399275621473,1004
2024-09-19 13:05:55.917,421.4623932812181,97
2024-09-19 13:05:55.953,421.4663075608645,103
2024-09-19 13:05:55.973,421.46673004052906,996
2024-09-19 13:05:57.019,421.4330224838449,995
2024-09-19 13:05:57.069,421.4571189272127,1005
2024-09-19 13:05:57.083,421.4377017511782,98
2024-09-19 13:05:57.187,421.4635266430648,12
2024-09-19 13:05:57.331,421.4094511674817,99
2024-09-19 13:05:57.399,421.4211575502825,1002
2024-09-19 13:05:57.410,,100
2024-09-19 13:05:57.419,421.4470536673197,1002
2024-09-19 13:05:57.459,421.45971441693234,99
2024-09-19 13:05:57.476,421.4159101278036,13
2024-09-19 13:05:57.521,421.42330514990766,98
2024-09-19 13:05:57.567,421.4051207669127,15
2024-09-19 13:05:57.569,421.4143166584321,13
2024-09-19 13:05:57.575,421.46079329312505,104
2024-09-19 13:05:57.657,421.43623228214574,997
2024-09-19 13:05:57.679,421.44830575137576,101
2024-09-19 13:05:57.757,421.45107713458526,105
2024-09-19 13:05:57.764,421.45367333323856,1003
2024-09-19 13:05:57.842,421.39165067840594,7
2024-09-19 13:05:57.844,421.4598714602463,1004
2024-09-19 13:05:57.895,421.4349528009817,996
2024-09-19 13:05:58.016,421.43491184973504,995
2024-09-19 13:05:58.040,421.42238824290456,5
2024-09-19 13:05:58.059,421.4624816675187,1005
2024-09-19 13:05:58.162,421.4629479297059,98
2024-09-19 13:05:58.224,421.4328830501112,14
2024-09-19 13:05:58.318,421.4158684386104,14
2024-09-19 13:05:58.511,421.46146111517993,999
2024-09-19 13:05:58.606,421.4705900190297,6
2024-09-19 13:05:58.622,421.4760731535716,998
2024-09-19 13:05:58.650,421.4140982482027,1004
2024-09-19 13:05:58.664,421.42668508551606,1000
2024-09-19 13:05:58.704,421.4232799366214,105
2024-09-19 13:05:58.706,421.4682548552578,100
2024-09-19 13:05:58.707,421.4629514187927,6
2024-09-19 13:05:58.710,421.42789168140615,997
2024-09-19 13:05:58.741,421.4764078839548,96
2024-09-19 13:05:58.769,421.4266947061992,99
2024-09-19 13:05:59.034,421.4752761327711,996
2024-09-19 13:05:59.294,421.47534245273886,1001
2024-09-19 13:05:59.907,421.4712066165093,1003
