Timestamp,Price,Size
2024-09-17 14:00:00.051,-401.75205441363255,13
2024-09-17 14:00:00.059,401.7207088475312,103
2024-09-17 14:00:00.149,401.7089448695696,104
2024-09-17 14:00:00.179,401.71051936660007,101
2024-09-17 14:00:00.343,401.72181736951615,1002
2024-09-17 14:00:00.526,401.7231757668495,995
2024-09-17 14:00:00.687,401.700161878028,97
2024-09-17 14:00:00.695,401.7433743046214,15
2024-09-17 14:00:00.725,401.7216158696029,999
2024-09-17 14:00:00.888,401.7267914432805,99
2024-09-17 14:00:00.950,401.7142220945504,9
2024-09-17 14:00:01.060,401.69542913781686,97
2024-09-17 14:00:01.169,401.6993141118029,1005
2024-09-17 14:00:01.295,401.7001955511057,998
2024-09-17 14:00:01.468,401.7091790402808,995
2024-09-17 14:00:01.628,401.7338870329867,1003
2024-09-17 14:00:01.776,401.7189187822555,6
2024-09-17 14:00:01.830,401.73049793774913,1001
2024-09-17 14:00:01.857,401.73853524059984,1002
2024-09-17 14:00:01.941,401.7186033161031,7
2024-09-17 14:00:02.118,401.6550660057757,5
2024-09-17 14:00:02.178,401.63611552174297,1003
2024-09-17 14:00:02.197,401.6931190286723,995
2024-09-17 14:00:02.261,401.6685799553028,99
2024-09-17 14:00:02.305,401.66965179429343,103
2024-09-17 14:00:02.451,401.6445809046515,7
2024-09-17 14:00:02.547,401.6781710268685,99
2024-09-17 14:00:02.608,401.6474464403677,6
2024-09-17 14:00:02.748,401.6639462790233,104
2024-09-17 14:00:02.924,401.63460348135663,1005
2024-09-17 14:00:02.955,401.6668975410025,1000
2024-09-17 14:00:03.062,401.63587032356656,8
2024-09-17 14:00:03.110,401.6441899193063,96
2024-09-17 14:00:03.146,401.6353769633464,8
2024-09-17 14:00:03.439,401.64191715641255,10
2024-09-17 14:00:03.597,401.6273194028043,1004
2024-09-17 14:00:03.922,401.630189787164,5
2024-09-17 14:00:04.026,401.68903173590064,1002
2024-09-17 14:00:04.094,401.6553696485229,1002
2024-09-17 14:00:04.139,401.6517144152137,102
2024-09-17 14:00:04.140,401.66293799408527,97
2024-09-17 14:00:04.167,401.6467419807375,103
2024-09-17 14:00:04.213,401.61817594278176,1002
2024-09-17 14:00:04.228,401.6450340909678,105
2024-09-17 14:00:04.276,-401.6561499024527,996
2024-09-17 14:00:04.341,401.65283142551226,9
2024-09-17 14:00:04.384,40.16591492475442,9
2024-09-17 14:00:04.398,401.63182691932974,101
2024-09-17 14:00:04.424,401.68127947958527,103
2024-09-17 14:00:04.478,401.6903170504367,6
2024-09-17 14:00:04.478,401.6327084827589,102
2024-09-17 14:00:04.505,401.6477085088401,105
2024-09-17 14:00:04.520,401.67770773769934,95
2024-09-17 14:00:04.540,401.65696994773657,1000
2024-09-17 14:00:04.591,401.6670636598087,1005
2024-09-17 14:00:04.637,401.677063358706,12
2024-09-17 14:00:04.726,401.68635278243295,9
2024-09-17 14:00:04.744,401.65274618050825,103
2024-09-17 14:00:04.767,401.637810195972,13
2024-09-17 14:00:04.776,401.6612411963979,14
2024-09-17 14:00:04.803,401.6501537591985,9
2024-09-17 14:00:04.900,401.6779053573128,105
2024-09-17 14:00:04.971,401.66420322432174,15
2024-09-17 14:00:05.080,401.6566376591492,102
2024-09-17 14:00:05.730,401.63978590923216,96
2024-09-17 14:00:05.764,401.654764981092,1000
2024-09-17 14:00:05.767,401.6848859422631,1004
2024-09-17 14:00:05.909,401.6635104563522,1001
2024-09-17 14:00:06.008,401.7207433029716,1000
2024-09-17 14:00:06.047,401.7234943020258,97
2024-09-17 14:00:06.086,401.7392618919813,96
2024-09-17 14:00:06.115,401.65899738452407,99
2024-09-17 14:00:06.146,401.7144598027985,95
2024-09-17 14:00:06.147,401.6869992803356,103
2024-09-17 14:00:06.167,401.7739088709786,100
2024-09-17 14:00:06.235,401.6801132669525,996
2024-09-17 14:00:06.303,401.7149111074587,102
2024-09-17 14:00:06.382,401.7315109808272,12
2024-09-17 14:00:06.414,,95
2024-09-17 14:00:06.456,401.72688154548,99
2024-09-17 14:00:06.461,401.68074002559774,5
2024-09-17 14:00:06.485,401.7235060225063,102
2024-09-17 14:00:06.541,401.68758710888346,997
2024-09-17 14:00:06.603,401.7172393134933,5
2024-09-17 14:00:06.627,401.6849948749445,105
2024-09-17 14:00:06.628,401.7242222277404,15
2024-09-17 14:00:06.638,401.7506730067661,995
2024-09-17 14:00:06.676,401.7598805143499,1003
2024-09-17 14:00:06.718,401.69766601669454,101
2024-09-17 14:00:06.868,401.6724577079417,996
2024-09-17 14:00:06.883,401.7913355771028,96
2024-09-17 14:00:07.054,401.7981454181266,6
2024-09-17 14:00:07.074,401.7934006605494,1004
2024-09-17 14:00:07.175,401.8227276205514,997
2024-09-17 14:00:07.196,401.7669353522287,14
2024-09-17 14:00:07.297,401.7968883174577,105
2024-09-17 14:00:07.310,401.79690841412486,7
2024-09-17 14:00:07.317,401.8023192326879,1001
2024-09-17 14:00:07.347,401.79003466033686,105
2024-09-17 14:00:07.495,401.7974603330167,14
2024-09-17 14:00:07.618,401.77413583064686,12
2024-09-17 14:00:07.636,401.81693285211935,8
2024-09-17 14:00:07.710,401.8197595814263,95
2024-09-17 14:00:07.788,401.7630869269353,99
2024-09-17 14:00:07.804,401.8226685595048,1004
2024-09-17 14:00:07.815,401.8170568765489,12
2024-09-17 14:00:07.847,401.8117992744209,1000
2024-09-17 14:00:07.960,401.7562625024676,1003
2024-09-17 14:00:07.979,401.7702393851855,997
2024-09-17 14:00:09.117,401.84463026901057,97
2024-09-17 14:00:09.147,401.8529356813628,14
2024-09-17 14:00:09.196,401.8060048114896,1004
2024-09-17 14:00:09.214,401.8468181307652,14
2024-09-17 14:00:09.216,401.8100911063952,98
2024-09-17 14:00:09.289,401.8045536727623,6
2024-09-17 14:00:09.414,401.8467651038631,104
2024-09-17 14:00:09.445,401.85711291925935,12
2024-09-17 14:00:09.834,401.8455867797401,100
2024-09-17 14:00:09.844,401.8575379630232,5
2024-09-17 14:00:09.858,401.86017496147286,95
2024-09-17 14:00:09.882,401.8363925588832,102
2024-09-17 14:00:10.045,401.8109369810772,99
2024-09-17 14:00:10.167,401.8174036893254,98
2024-09-17 14:00:10.173,401.8161488038498,11
2024-09-17 14:00:10.200,,15
2024-09-17 14:00:10.273,401.79638049197104,5
2024-09-17 14:00:10.289,401.8494693506568,104
2024-09-17 14:00:10.365,401.8459597170814,1005
2024-09-17 14:00:10.461,401.8125720233495,1003
2024-09-17 14:00:10.513,401.8362082230309,9
2024-09-17 14:00:10.563,401.82575452572576,105
2024-09-17 14:00:10.598,401.8831202252752,95
2024-09-17 14:00:10.624,401.8694999957377,7
2024-09-17 14:00:10.637,401.8142964941681,99
2024-09-17 14:00:10.743,401.8157025584667,14
2024-09-17 14:00:10.767,401.8213696265393,101
2024-09-17 14:00:10.794,401.80643669069,9
2024-09-17 14:00:10.835,401.8803008249649,996
2024-09-17 14:00:10.895,401.8310863356629,102
2024-09-17 14:00:10.919,401.8269081125141,13
2024-09-17 14:00:10.959,,5
2024-09-17 14:00:11.184,401.9225427647538,995
2024-09-17 14:00:11.244,401.8677676722415,1001
2024-09-17 14:00:11.256,401.8949038471904,95
2024-09-17 14:00:11.260,401.8863394610673,105
2024-09-17 14:00:11.305,401.90154589868285,10
2024-09-17 14:00:11.358,401.9154788714324,98
2024-09-17 14:00:11.438,401.8655785472481,997
2024-09-17 14:00:11.600,401.9125456403602,997
2024-09-17 14:00:11.621,401.9101109261433,997
2024-09-17 14:00:11.635,401.8596307596521,98
2024-09-17 14:00:11.640,401.88214319389874,13
2024-09-17 14:00:11.717,401.8827805953331,10
2024-09-17 14:00:11.856,40.18908826109547,102
2024-09-17 14:00:11.916,-401.8994207512993,99
2024-09-17 14:00:11.930,401.8829323809919,105
2024-09-17 14:00:12.004,401.9096904382454,100
2024-09-17 14:00:12.036,401.90910553142976,101
2024-09-17 14:00:12.208,401.9069019223536,1003
2024-09-17 14:00:12.213,401.8745081742374,1001
2024-09-17 14:00:12.397,401.89788361825794,14
2024-09-17 14:00:12.437,401.9173556816284,997
2024-09-17 14:00:12.456,401.8357140116584,7
2024-09-17 14:00:12.458,40.19152526095849,12
2024-09-17 14:00:12.463,401.8833530672538,998
2024-09-17 14:00:12.471,401.8983963324893,7
2024-09-17 14:00:12.515,401.88420909622965,997
2024-09-17 14:00:12.548,401.8630516092363,1004
2024-09-17 14:00:12.592,401.8980144099396,100
2024-09-17 14:00:12.702,401.9126345882945,98
2024-09-17 14:00:12.765,-401.88870351078464,10
2024-09-17 14:00:12.800,401.83346361254905,105
2024-09-17 14:00:12.909,401.9111049116023,15
2024-09-17 14:00:13.021,401.8358667174013,996
2024-09-17 14:00:13.039,401.8702422785945,96
2024-09-17 14:00:13.110,401.86818423633537,1004
2024-09-17 14:00:13.130,401.8722954813037,10
2024-09-17 14:00:13.224,401.8293703779181,1004
2024-09-17 14:00:13.227,401.8298902406837,105
2024-09-17 14:00:13.295,401.8156450563156,100
2024-09-17 14:00:13.355,401.879439664169,101
2024-09-17 14:00:13.611,401.8115800974311,98
2024-09-17 14:00:13.661,401.8458637875603,995
2024-09-17 14:00:13.695,401.8800907269232,6
2024-09-17 14:00:14.024,401.9068863578824,9
2024-09-17 14:00:14.102,401.8786370206718,6
2024-09-17 14:00:14.104,401.876420480708,102
2024-09-17 14:00:14.109,401.897424702512,14
2024-09-17 14:00:14.121,401.8920687212988,1004
2024-09-17 14:00:14.131,401.88868150814034,10
2024-09-17 14:00:14.215,401.8888181542118,1000
2024-09-17 14:00:14.215,401.89205873727775,7
2024-09-17 14:00:14.232,401.8780640825628,1003
2024-09-17 14:00:14.274,401.87483631510287,105
2024-09-17 14:00:14.282,401.882391475758,999
2024-09-17 14:00:14.341,401.8714536494857,97
2024-09-17 14:00:14.434,-401.872507411383,100
2024-09-17 14:00:14.452,401.90097114190337,12
2024-09-17 14:00:14.480,401.88722275141726,1002
2024-09-17 14:00:14.518,401.8865499011416,12
2024-09-17 14:00:14.530,401.8601321548172,1001
2024-09-17 14:00:14.536,401.899051409234,102
2024-09-17 14:00:14.555,401.8652582356213,98
2024-09-17 14:00:14.631,401.8895360426713,14
2024-09-17 14:00:14.699,401.8888673365649,996
2024-09-17 14:00:14.704,401.89579710324944,997
2024-09-17 14:00:14.847,401.88413400552906,97
2024-09-17 14:00:14.854,401.9221931487416,1002
2024-09-17 14:00:14.866,401.8989672052949,13
2024-09-17 14:00:14.868,401.87773000197126,103
2024-09-17 14:00:14.936,401.885684991439,995
2024-09-17 14:00:14.938,401.8661547572037,96
2024-09-17 14:00:14.948,401.8935734815263,997
2024-09-17 14:00:14.950,401.8865617742723,1001
2024-09-17 14:00:15.033,401.941730820252,1003
2024-09-17 14:00:15.105,401.9867596796547,97
2024-09-17 14:00:15.146,401.9773460112969,11
2024-09-17 14:00:15.203,402.0112443560492,105
2024-09-17 14:00:15.242,401.9547093026164,1001
2024-09-17 14:00:15.262,401.9536517366879,997
2024-09-17 14:00:15.304,401.95907270377984,995
2024-09-17 14:00:15.335,402.0080663995546,96
2024-09-17 14:00:15.343,401.96584876095807,997
2024-09-17 14:00:15.387,401.9442336439179,6
2024-09-17 14:00:15.465,401.9969790365587,97
2024-09-17 14:00:15.491,401.96620265204905,9
2024-09-17 14:00:15.583,401.9567148409194,104
2024-09-17 14:00:15.586,401.9603478577313,1005
2024-09-17 14:00:15.635,401.9469619056888,98
2024-09-17 14:00:15.700,401.9863041707043,1001
2024-09-17 14:00:15.716,401.9988908607223,104
2024-09-17 14:00:15.724,401.9801831174719,95
2024-09-17 14:00:15.827,401.9677465861068,95
2024-09-17 14:00:15.831,401.97406333939387,101
2024-09-17 14:00:15.835,401.949651166466,9
2024-09-17 14:00:15.873,401.9929968596542,101
2024-09-17 14:00:15.874,,99
2024-09-17 14:00:15.966,401.9561824558742,101
2024-09-17 14:00:16.079,401.9421011164935,9
2024-09-17 14:00:16.107,401.9520175817218,15
2024-09-17 14:00:16.145,401.931202324593,101
2024-09-17 14:00:16.322,401.94794371574505,15
2024-09-17 14:00:17.001,401.8970513509797,997
2024-09-17 14:00:17.039,401.8717241371433,1004
2024-09-17 14:00:17.114,-401.8635527135689,15
2024-09-17 14:00:17.120,401.9599253601078,15
2024-09-17 14:00:17.223,401.89158865869246,9
2024-09-17 14:00:17.268,401.877488554025,1005
2024-09-17 14:00:17.359,401.9123438608208,996
2024-09-17 14:00:17.446,401.8647117502825,105
2024-09-17 14:00:17.487,401.9615033219632,999
2024-09-17 14:00:17.693,401.9186791287033,1005
2024-09-17 14:00:17.795,401.86237758901234,98
2024-09-17 14:00:17.822,,102
2024-09-17 14:00:17.846,401.87435558236245,7
2024-09-17 14:00:17.882,401.87746803703055,12
2024-09-17 14:00:17.897,,98
2024-09-17 14:00:17.941,401.9027256907255,14
2024-09-17 14:00:17.957,401.9147165012709,13
2024-09-17 14:00:17.958,401.9449851423794,15
2024-09-17 14:00:17.962,401.9187276786328,1002
2024-09-17 14:00:17.998,401.90268051432577,998
2024-09-17 14:00:18.105,40.193505409591296,1000
2024-09-17 14:00:18.121,401.92974084540776,102
2024-09-17 14:00:18.159,401.9257935420909,9
2024-09-17 14:00:18.340,401.8752094974237,1005
2024-09-17 14:00:18.342,401.9437414294698,98
2024-09-17 14:00:18.437,401.87801415923576,998
2024-09-17 14:00:18.439,401.8857875206898,98
2024-09-17 14:00:18.495,401.8707562601971,13
2024-09-17 14:00:18.509,401.9214133177254,11
2024-09-17 14:00:18.527,401.8814916926905,11
2024-09-17 14:00:18.786,401.8825679587581,13
2024-09-17 14:00:18.969,401.9083941035929,97
2024-09-17 14:00:19.111,401.94185719006646,997
2024-09-17 14:00:19.221,401.9517434003995,998
2024-09-17 14:00:19.246,401.9426645828618,999
2024-09-17 14:00:19.281,401.9958165086888,12
2024-09-17 14:00:19.308,401.9792072690387,1001
2024-09-17 14:00:19.353,401.95371307155455,14
2024-09-17 14:00:19.390,401.9773525824402,101
2024-09-17 14:00:19.500,401.93921250240754,1000
2024-09-17 14:00:19.525,401.9857915384454,13
2024-09-17 14:00:19.525,401.9911413255066,95
2024-09-17 14:00:19.545,401.9437208597624,97
2024-09-17 14:00:19.620,401.9466160413347,6
2024-09-17 14:00:19.662,401.9405590974495,6
2024-09-17 14:00:19.666,40.1950896649377,996
2024-09-17 14:00:19.685,401.9394679933324,99
2024-09-17 14:00:19.690,401.9799291333618,15
2024-09-17 14:00:19.725,40.19977138924878,1004
2024-09-17 14:00:19.801,401.97179697255854,997
2024-09-17 14:00:19.809,401.9559134545741,7
2024-09-17 14:00:19.812,401.9913088204894,999
2024-09-17 14:00:19.813,401.9638881013095,100
2024-09-17 14:00:19.908,401.9466880382719,95
2024-09-17 14:00:19.934,401.93901803086254,996
2024-09-17 14:00:19.936,401.9585879584461,99
2024-09-17 14:00:19.964,401.9710833388653,102
2024-09-17 14:00:20.030,401.9610035449039,6
2024-09-17 14:00:20.047,401.97979626975166,12
2024-09-17 14:00:20.171,401.9565475493186,997
2024-09-17 14:00:20.371,401.9782712804184,998
2024-09-17 14:00:20.530,401.988969955753,103
2024-09-17 14:00:20.630,402.002719643621,11
2024-09-17 14:00:20.697,401.9880013738804,101
2024-09-17 14:00:21.126,401.99252830108986,9
2024-09-17 14:00:21.517,402.0074400244967,996
2024-09-17 14:00:21.551,401.9888780414861,102
2024-09-17 14:00:21.618,401.9880535111261,99
2024-09-17 14:00:21.638,401.9979679585117,1000
2024-09-17 14:00:22.960,402.0041909707959,97
2024-09-17 14:00:22.974,401.9899741536175,14
2024-09-17 14:00:23.017,401.9663131277946,998
2024-09-17 14:00:23.043,401.96737913417473,997
2024-09-17 14:00:23.077,401.9446361160229,15
2024-09-17 14:00:23.094,401.949172401286,8
2024-09-17 14:00:23.114,401.92437701822143,98
2024-09-17 14:00:23.130,401.9442263766032,1003
2024-09-17 14:00:23.139,401.93407159739934,1001
2024-09-17 14:00:23.205,401.92456751669687,11
2024-09-17 14:00:23.251,401.9357732908306,999
2024-09-17 14:00:23.268,401.9651047267649,998
2024-09-17 14:00:23.356,401.9574755542202,6
2024-09-17 14:00:23.375,401.95086313678297,13
2024-09-17 14:00:23.377,401.9738585474793,102
2024-09-17 14:00:23.595,401.9445216391732,101
2024-09-17 14:00:23.610,401.9670112665418,1005
2024-09-17 14:00:23.675,401.9564653134302,104
2024-09-17 14:00:23.681,401.9805457898717,995
2024-09-17 14:00:23.701,401.9828348423263,8
2024-09-17 14:00:23.704,401.9335878974971,96
2024-09-17 14:00:23.730,401.9590418820961,103
2024-09-17 14:00:23.889,401.96922115109385,1000
2024-09-17 14:00:23.929,401.94934086238135,98
2024-09-17 14:00:23.957,401.9606966509282,98
2024-09-17 14:00:23.994,401.9749743666797,104
2024-09-17 14:00:24.095,401.9864885162946,8
2024-09-17 14:00:24.110,401.9798716558812,7
2024-09-17 14:00:24.115,401.9916616825881,14
2024-09-17 14:00:24.175,402.0317984305375,996
2024-09-17 14:00:24.198,401.9784476040128,98
2024-09-17 14:00:24.262,402.0038121859762,96
2024-09-17 14:00:24.329,401.9536165029072,995
2024-09-17 14:00:24.334,401.9729234869697,1001
2024-09-17 14:00:24.370,-401.9381393541618,995
2024-09-17 14:00:24.383,401.9397854865897,104
2024-09-17 14:00:24.403,401.97598483013246,96
2024-09-17 14:00:24.406,401.9433727805613,1001
2024-09-17 14:00:24.438,401.9830673529819,100
2024-09-17 14:00:24.439,402.00363730283766,13
2024-09-17 14:00:24.510,401.973882592248,8
2024-09-17 14:00:24.578,401.9920006896894,96
2024-09-17 14:00:24.632,401.99676260619054,104
2024-09-17 14:00:24.669,402.0324311304395,9
2024-09-17 14:00:24.686,401.9901048795591,13
2024-09-17 14:00:24.798,,6
2024-09-17 14:00:24.829,40.20185075777744,996
2024-09-17 14:00:24.844,401.9852638440513,1002
2024-09-17 14:00:24.868,401.967948449158,12
2024-09-17 14:00:24.882,401.9350658723201,104
2024-09-17 14:00:24.920,401.99080890159127,1003
2024-09-17 14:00:25.000,402.0468093318061,98
2024-09-17 14:00:25.017,402.0078998673338,1003
2024-09-17 14:00:25.125,401.9847064521735,1005
2024-09-17 14:00:25.313,402.0172614208137,999
2024-09-17 14:00:25.325,402.0020054528535,12
2024-09-17 14:00:25.344,402.0410825540837,6
2024-09-17 14:00:25.386,402.0166437894684,103
2024-09-17 14:00:25.443,401.9764169329253,1000
2024-09-17 14:00:25.530,402.04327252211647,8
2024-09-17 14:00:25.552,402.0360925000844,95
2024-09-17 14:00:25.575,402.0294825823946,104
2024-09-17 14:00:25.583,402.0051194663461,12
2024-09-17 14:00:25.587,401.98805367880334,995
2024-09-17 14:00:25.742,402.0173207277931,1001
2024-09-17 14:00:25.794,401.9904560035907,8
2024-09-17 14:00:25.815,402.00126913153696,1000
2024-09-17 14:00:25.914,401.9926210111093,1000
2024-09-17 14:00:25.931,401.9975104055007,11
2024-09-17 14:00:25.992,402.0099120596903,98
2024-09-17 14:00:26.059,401.9977495233725,10
2024-09-17 14:00:26.102,401.99561429158047,1000
2024-09-17 14:00:26.114,401.9979187944968,996
2024-09-17 14:00:26.119,401.9904737502391,104
2024-09-17 14:00:26.139,401.9852871640626,998
2024-09-17 14:00:26.252,401.8954853668952,6
2024-09-17 14:00:26.296,401.9279437682444,14
2024-09-17 14:00:26.355,401.9195122823384,1000
2024-09-17 14:00:26.374,401.9546947771258,103
2024-09-17 14:00:26.426,401.9605639473789,1003
2024-09-17 14:00:26.428,401.8967171781219,5
2024-09-17 14:00:26.436,401.8947257877475,1001
2024-09-17 14:00:26.490,401.9048333293268,999
2024-09-17 14:00:26.551,401.978104807819,1003
2024-09-17 14:00:26.559,401.9284802906047,97
2024-09-17 14:00:26.574,401.9918817040744,105
2024-09-17 14:00:26.624,401.910816255792,97
2024-09-17 14:00:26.658,401.9284010635389,96
2024-09-17 14:00:26.732,401.92384372820527,101
2024-09-17 14:00:26.886,401.9048113861078,7
2024-09-17 14:00:26.886,401.96966288135445,10
2024-09-17 14:00:26.927,401.9941045403136,995
2024-09-17 14:00:26.934,401.99540835698406,98
2024-09-17 14:00:26.943,401.921575803966,6
2024-09-17 14:00:26.966,401.9803945573758,103
2024-09-17 14:00:27.504,401.89820618965945,1003
2024-09-17 14:00:27.509,401.8886515607372,9
2024-09-17 14:00:27.520,401.916481385482,104
2024-09-17 14:00:28.028,401.8939002443335,100
2024-09-17 14:00:28.082,401.8504864585104,14
2024-09-17 14:00:28.101,401.8821481466706,14
2024-09-17 14:00:28.197,401.8524820607524,98
2024-09-17 14:00:28.265,401.8595954947481,8
2024-09-17 14:00:28.431,401.8589023212736,995
2024-09-17 14:00:28.532,401.8791657267562,104
2024-09-17 14:00:28.535,401.8717427703689,100
2024-09-17 14:00:28.541,401.8948187342577,13
2024-09-17 14:00:28.682,401.8747503001932,6
2024-09-17 14:00:28.819,401.8648392674288,995
2024-09-17 14:00:29.042,401.86437320757096,1003
2024-09-17 14:00:29.109,401.9563803123936,6
2024-09-17 14:00:29.139,401.8857823899387,15
2024-09-17 14:00:29.204,401.9667541071415,1004
2024-09-17 14:00:29.240,401.97966485542463,1000
2024-09-17 14:00:29.325,401.9177102971906,12
2024-09-17 14:00:29.355,401.9875593490182,997
2024-09-17 14:00:29.594,401.94565798017845,7
2024-09-17 14:00:29.789,401.921769633754,1001
2024-09-17 14:00:29.807,401.8777422688843,5
2024-09-17 14:00:29.922,401.8664829047023,98
2024-09-17 14:00:29.982,401.8980360481491,97
2024-09-17 14:00:30.863,402.0118898878285,999
2024-09-17 14:00:31.063,401.99283362452667,104
2024-09-17 14:00:31.285,402.0029633862363,101
2024-09-17 14:00:31.361,402.0038816377691,1005
2024-09-17 14:00:31.362,401.9990400731829,10
2024-09-17 14:00:31.471,401.9879462537523,1004
2024-09-17 14:00:31.525,401.9928571794106,103
2024-09-17 14:00:31.540,402.0229533864463,15
2024-09-17 14:00:31.540,402.02274780981423,101
2024-09-17 14:00:31.582,401.99942391676143,8
2024-09-17 14:00:31.584,402.0259964309633,6
2024-09-17 14:00:31.629,401.9944330275996,105
2024-09-17 14:00:31.648,402.00899241514657,6
2024-09-17 14:00:31.659,40.20123078358759,1003
2024-09-17 14:00:31.675,402.0196581569341,12
2024-09-17 14:00:31.854,401.9968664032553,95
2024-09-17 14:00:31.878,401.9958650648947,997
2024-09-17 14:00:31.982,402.0057881182721,1005
2024-09-17 14:00:32.511,401.980024275604,1005
2024-09-17 14:00:32.549,401.99885090776615,5
2024-09-17 14:00:32.557,402.0005750874328,104
2024-09-17 14:00:33.015,402.0125842249928,1004
2024-09-17 14:00:33.098,401.9176958471249,99
2024-09-17 14:00:33.121,401.9759768451684,105
2024-09-17 14:00:33.140,402.01699468737706,999
2024-09-17 14:00:33.156,,10
2024-09-17 14:00:33.178,401.94503585662585,6
2024-09-17 14:00:33.181,401.9796247836904,14
2024-09-17 14:00:33.182,401.9941470120015,8
2024-09-17 14:00:33.207,401.99637626657073,1003
2024-09-17 14:00:33.319,40.194995909158806,10
2024-09-17 14:00:33.413,402.0102334906824,13
2024-09-17 14:00:33.415,401.9624870591277,102
2024-09-17 14:00:33.443,401.9825365100817,1002
2024-09-17 14:00:33.549,401.9919889736232,1003
2024-09-17 14:00:33.595,401.9701354445095,13
2024-09-17 14:00:33.736,401.9697859726512,14
2024-09-17 14:00:33.746,401.9249715767471,995
2024-09-17 14:00:33.816,40.19746761245053,11
2024-09-17 14:00:33.832,401.96411597039497,1003
2024-09-17 14:00:33.833,401.9559009486456,1001
2024-09-17 14:00:33.981,401.94610136220615,1004
2024-09-17 14:00:33.993,402.01649109548094,997
2024-09-17 14:00:34.352,401.8575855737756,101
2024-09-17 14:00:34.430,401.86546575203664,10
2024-09-17 14:00:34.451,401.89895955685824,96
2024-09-17 14:00:34.503,401.8911315728709,997
2024-09-17 14:00:34.539,401.8730922043611,1003
2024-09-17 14:00:34.672,401.90618709736674,11
2024-09-17 14:00:34.703,401.9060469541169,13
2024-09-17 14:00:34.747,401.8786113884827,5
2024-09-17 14:00:34.754,401.8606013908233,12
2024-09-17 14:00:34.833,401.8760025967756,997
2024-09-17 14:00:34.896,401.90039724666855,998
2024-09-17 14:00:34.991,401.85683783062166,104
2024-09-17 14:00:35.051,401.88853223680616,996
2024-09-17 14:00:35.052,401.90687346681614,103
2024-09-17 14:00:35.145,401.9344374620324,101
2024-09-17 14:00:35.147,401.907510716345,102
2024-09-17 14:00:35.266,401.91574812364905,13
2024-09-17 14:00:35.301,401.933241224001,1000
2024-09-17 14:00:35.302,401.9427103683971,95
2024-09-17 14:00:35.369,401.9296426425698,996
2024-09-17 14:00:35.402,401.9228469774527,1004
2024-09-17 14:00:35.458,401.9140691309894,100
2024-09-17 14:00:35.499,401.9353042224118,995
2024-09-17 14:00:35.500,401.93688163513264,15
2024-09-17 14:00:35.505,401.918762037379,995
2024-09-17 14:00:35.613,401.8924307462653,15
2024-09-17 14:00:35.655,401.917608859,9
2024-09-17 14:00:35.769,401.9279082454679,103
2024-09-17 14:00:35.815,401.924386881004,96
2024-09-17 14:00:35.886,401.9065507064062,96
2024-09-17 14:00:36.027,401.92865892529625,104
2024-09-17 14:00:36.082,401.9500760365621,99
2024-09-17 14:00:36.342,401.963006547479,97
2024-09-17 14:00:36.401,401.9239964051288,101
2024-09-17 14:00:36.451,,99
2024-09-17 14:00:36.712,401.9346803895872,7
2024-09-17 14:00:36.916,401.9552978721181,1005
2024-09-17 14:00:37.061,401.9497341615011,100
2024-09-17 14:00:37.102,401.9326333708223,101
2024-09-17 14:00:37.295,401.9473512156347,105
2024-09-17 14:00:37.480,401.9456728742127,9
2024-09-17 14:00:37.517,401.9435219002743,101
2024-09-17 14:00:37.681,401.9392539337415,1004
2024-09-17 14:00:37.740,401.9410363260001,5
2024-09-17 14:00:38.020,401.9483221170131,103
2024-09-17 14:00:38.044,401.97082494705865,101
2024-09-17 14:00:38.047,401.98388806796027,999
2024-09-17 14:00:38.128,401.96457624052726,99
2024-09-17 14:00:38.131,401.9671416227019,99
2024-09-17 14:00:38.221,401.94536391846174,100
2024-09-17 14:00:38.300,401.987042017765,997
2024-09-17 14:00:38.434,401.9881511283712,6
2024-09-17 14:00:38.444,401.9762469885167,97
2024-09-17 14:00:38.639,401.9609373407113,996
2024-09-17 14:00:38.708,401.9851255631321,1003
2024-09-17 14:00:38.821,401.9674208941138,95
2024-09-17 14:00:38.869,401.96082351364817,12
2024-09-17 14:00:38.901,401.9728305037651,13
2024-09-17 14:00:38.988,-40.194157102559146,998
2024-09-17 14:00:39.011,402.0106919130949,12
2024-09-17 14:00:39.052,402.03536257727353,98
2024-09-17 14:00:39.062,402.03175436953154,15
2024-09-17 14:00:39.067,402.0978349442888,103
2024-09-17 14:00:39.070,402.0549058992825,1004
2024-09-17 14:00:39.100,402.05896124105215,9
2024-09-17 14:00:39.110,402.102408471773,8
2024-09-17 14:00:39.114,402.017381106164,12
2024-09-17 14:00:39.256,402.0176593661458,1004
2024-09-17 14:00:39.338,402.1142036915114,12
2024-09-17 14:00:39.353,402.12840539241193,95
2024-09-17 14:00:39.358,-402.1136352978134,98
2024-09-17 14:00:39.407,402.1119852813565,13
2024-09-17 14:00:39.641,402.0357349185772,11
2024-09-17 14:00:39.645,402.0387746713026,103
2024-09-17 14:00:39.710,401.9970515468098,11
2024-09-17 14:00:39.722,402.0146476339549,105
2024-09-17 14:00:39.798,402.01340157065147,1003
2024-09-17 14:00:39.839,402.1226886849424,100
2024-09-17 14:00:39.870,,1003
2024-09-17 14:00:39.887,402.0483747015793,104
2024-09-17 14:00:39.894,402.0844657694821,5
2024-09-17 14:00:39.895,401.9926710418644,1001
2024-09-17 14:00:39.932,402.1117677947447,9
2024-09-17 14:00:39.952,402.0908101097818,101
2024-09-17 14:00:40.471,402.10689605358,997
2024-09-17 14:00:40.518,402.1202015381963,1001
2024-09-17 14:00:40.691,402.1266047987436,7
2024-09-17 14:00:40.846,402.1250393400076,995
2024-09-17 14:00:40.861,402.12357803017824,96
2024-09-17 14:00:40.885,402.1282629591894,7
2024-09-17 14:00:40.934,402.1237475831868,96
2024-09-17 14:00:40.934,402.1194352476184,995
2024-09-17 14:00:40.989,402.1156663581807,96
2024-09-17 14:00:41.040,402.2292375150287,997
2024-09-17 14:00:41.072,402.14059570836446,996
2024-09-17 14:00:41.186,402.22802690242594,14
2024-09-17 14:00:41.277,402.1938481304047,5
2024-09-17 14:00:41.314,402.1693611708642,999
2024-09-17 14:00:41.432,402.17339150328144,96
2024-09-17 14:00:41.558,402.2028667915575,99
2024-09-17 14:00:41.559,402.1884884011888,1003
2024-09-17 14:00:41.566,402.1729993944095,1005
2024-09-17 14:00:41.569,402.2336873070767,103
2024-09-17 14:00:41.644,402.2190605637271,11
2024-09-17 14:00:41.680,402.1769013556966,95
2024-09-17 14:00:41.706,402.2080381991052,998
2024-09-17 14:00:41.863,402.196664717443,15
2024-09-17 14:00:41.913,402.1709438648665,1005
2024-09-17 14:00:41.922,402.193943961346,1004
2024-09-17 14:00:41.983,402.2171201151444,996
2024-09-17 14:00:42.205,402.1248995185597,104
2024-09-17 14:00:42.373,402.1123568411633,997
2024-09-17 14:00:42.732,402.11735761123657,5
2024-09-17 14:00:43.018,402.11664823042383,995
2024-09-17 14:00:43.074,402.1041046006373,103
2024-09-17 14:00:43.137,402.1099943639152,98
2024-09-17 14:00:43.192,402.1297222827737,102
2024-09-17 14:00:43.207,402.1021164097391,10
2024-09-17 14:00:43.270,402.0980942720069,96
2024-09-17 14:00:43.299,402.0973127135767,11
2024-09-17 14:00:43.306,402.11171725163007,7
2024-09-17 14:00:43.382,402.1022170721685,105
2024-09-17 14:00:43.440,402.1039533778006,1004
2024-09-17 14:00:43.491,402.1002380155653,98
2024-09-17 14:00:43.550,402.104657537984,11
2024-09-17 14:00:43.621,402.09004809217583,13
2024-09-17 14:00:43.629,402.11902133317,14
2024-09-17 14:00:43.653,402.0970515656725,105
2024-09-17 14:00:43.656,402.12314911984345,1005
2024-09-17 14:00:43.791,402.1285865596778,1002
2024-09-17 14:00:43.828,402.1081978728522,14
2024-09-17 14:00:43.835,402.10190215220337,100
2024-09-17 14:00:43.917,402.1108917011334,98
2024-09-17 14:00:43.921,402.1066391265465,7
2024-09-17 14:00:43.944,402.10272188191743,10
2024-09-17 14:00:43.976,402.1061143722932,99
2024-09-17 14:00:46.003,402.08171962368345,1005
2024-09-17 14:00:46.089,402.0510245492544,100
2024-09-17 14:00:46.092,402.0784178878824,998
2024-09-17 14:00:46.113,402.0766437580021,104
2024-09-17 14:00:46.126,402.0710392199566,102
2024-09-17 14:00:46.161,402.10760829389886,101
2024-09-17 14:00:46.169,402.0678329334949,998
2024-09-17 14:00:46.236,402.0778897125594,1004
2024-09-17 14:00:46.238,402.0782926052799,96
2024-09-17 14:00:46.352,402.0884273313813,15
2024-09-17 14:00:46.407,402.05621065838267,7
2024-09-17 14:00:46.461,402.0767791175774,11
2024-09-17 14:00:46.471,402.0661152550503,999
2024-09-17 14:00:46.501,402.0350456267381,998
2024-09-17 14:00:46.505,402.04465100364246,12
2024-09-17 14:00:46.573,402.045310986505,995
2024-09-17 14:00:46.584,402.06900134039984,999
2024-09-17 14:00:46.624,402.0525542181784,1004
2024-09-17 14:00:46.672,402.0973126796245,998
2024-09-17 14:00:46.714,402.05258362327424,104
2024-09-17 14:00:46.735,402.057483964106,96
2024-09-17 14:00:46.752,402.0784298259752,8
2024-09-17 14:00:46.763,402.0783865929843,95
2024-09-17 14:00:46.800,402.03963286725633,96
2024-09-17 14:00:46.849,40.20455942945867,996
2024-09-17 14:00:46.858,402.0580902561538,1002
2024-09-17 14:00:46.932,402.0883139051154,98
2024-09-17 14:00:46.942,402.073405243196,100
2024-09-17 14:00:46.979,402.0553593175548,1001
2024-09-17 14:00:47.134,402.0809182750122,101
2024-09-17 14:00:47.172,-402.0757506052176,98
2024-09-17 14:00:47.242,402.0771420276128,5
2024-09-17 14:00:47.315,402.0701690204192,9
2024-09-17 14:00:47.397,402.09215388775294,1001
2024-09-17 14:00:47.540,402.0890556961378,103
2024-09-17 14:00:47.599,40.20673494222919,1003
2024-09-17 14:00:47.667,402.0753108744183,999
2024-09-17 14:00:47.799,402.0759242476049,999
2024-09-17 14:00:47.834,402.0831703629588,7
2024-09-17 14:00:47.904,402.07264597850616,1001
2024-09-17 14:00:47.909,402.0593292187788,11
2024-09-17 14:00:47.918,402.08336244876926,11
2024-09-17 14:00:48.233,402.08235251517874,997
2024-09-17 14:00:48.802,402.08966549332496,10
2024-09-17 14:00:48.997,402.1019935758045,97
2024-09-17 14:00:49.001,402.07791088232295,998
2024-09-17 14:00:49.008,402.10147120730926,1005
2024-09-17 14:00:49.097,402.1012214009585,103
2024-09-17 14:00:49.424,402.1046666389025,1003
2024-09-17 14:00:49.457,402.0694929138172,1001
2024-09-17 14:00:49.526,402.116529508194,1003
2024-09-17 14:00:49.608,402.07265154382753,1002
2024-09-17 14:00:49.646,402.1086504336676,95
2024-09-17 14:00:49.793,40.20954920951989,105
2024-09-17 14:00:49.988,402.094717201643,10
2024-09-17 14:00:50.046,402.1257914583853,15
2024-09-17 14:00:50.048,402.10481465705016,1003
2024-09-17 14:00:50.206,402.1414714403465,7
2024-09-17 14:00:50.211,402.0924716042476,997
2024-09-17 14:00:50.228,402.15375804602337,100
2024-09-17 14:00:50.308,402.1072639335444,15
2024-09-17 14:00:50.379,402.14541077013456,997
2024-09-17 14:00:50.442,402.1228704895139,104
2024-09-17 14:00:50.491,402.1193397421999,1001
2024-09-17 14:00:50.519,402.1106496314798,98
2024-09-17 14:00:50.597,402.1414478486952,1004
2024-09-17 14:00:50.675,402.12841864461024,15
2024-09-17 14:00:50.693,402.1273763923463,13
2024-09-17 14:00:50.783,402.0965207361835,14
2024-09-17 14:00:50.813,402.1081237702449,96
2024-09-17 14:00:50.875,402.1187901993477,15
2024-09-17 14:00:50.964,402.11138390988447,6
2024-09-17 14:00:51.023,402.18525360774777,98
2024-09-17 14:00:51.121,402.21161084281215,11
2024-09-17 14:00:51.152,402.21926343458864,98
2024-09-17 14:00:51.155,402.2166183810034,1000
2024-09-17 14:00:51.338,402.21681188572165,95
2024-09-17 14:00:51.340,402.2314714806126,996
2024-09-17 14:00:51.350,402.1706188796857,98
2024-09-17 14:00:51.361,402.15038675765845,96
2024-09-17 14:00:51.451,402.2012326921485,101
2024-09-17 14:00:51.500,402.1931455049096,998
2024-09-17 14:00:51.507,402.2063899100556,1002
2024-09-17 14:00:51.754,402.2246408717012,1005
2024-09-17 14:00:51.765,402.1633159997331,1004
2024-09-17 14:00:51.786,402.1668415689328,15
2024-09-17 14:00:51.841,402.1628877572208,95
2024-09-17 14:00:52.013,402.2327410441544,997
2024-09-17 14:00:52.032,402.21817055171744,1003
2024-09-17 14:00:52.048,402.2119239642476,1003
2024-09-17 14:00:52.075,402.1857956618774,101
2024-09-17 14:00:52.254,402.1857791548673,996
2024-09-17 14:00:52.264,402.2027168179396,95
2024-09-17 14:00:52.361,402.20043397356073,95
2024-09-17 14:00:52.375,402.2511845324935,1001
2024-09-17 14:00:52.443,402.1934983805781,1003
2024-09-17 14:00:52.470,402.1957247383661,97
2024-09-17 14:00:52.485,402.2081444454487,1004
2024-09-17 14:00:52.672,402.2212953140297,996
2024-09-17 14:00:52.803,402.2423066330302,100
2024-09-17 14:00:52.838,402.1992778278949,102
2024-09-17 14:00:52.980,402.2123548305164,14
2024-09-17 14:00:53.005,402.1935288666035,995
2024-09-17 14:00:53.058,402.1371296350338,105
2024-09-17 14:00:53.075,402.22464684699327,97
2024-09-17 14:00:53.101,402.16352581995216,999
2024-09-17 14:00:53.112,402.1728352327256,1002
2024-09-17 14:00:53.126,402.1249661353892,1000
2024-09-17 14:00:53.189,402.2217139972095,1005
2024-09-17 14:00:53.203,402.20899024951535,999
2024-09-17 14:00:53.300,402.2103045556634,103
2024-09-17 14:00:53.334,402.2106701244544,96
2024-09-17 14:00:53.399,402.2373717423996,99
2024-09-17 14:00:53.446,402.2009261619096,1003
2024-09-17 14:00:53.499,402.1621873245287,10
2024-09-17 14:00:53.610,402.12199554647856,7
2024-09-17 14:00:53.634,402.2058600607808,14
2024-09-17 14:00:53.637,402.2491667146974,999
2024-09-17 14:00:53.669,402.20478926318566,1000
2024-09-17 14:00:53.680,402.120671910936,15
2024-09-17 14:00:53.803,402.24367559344194,998
2024-09-17 14:00:53.840,402.2192283051567,998
2024-09-17 14:00:53.869,402.1478649379315,96
2024-09-17 14:00:53.897,402.234976432464,103
2024-09-17 14:00:53.980,402.1820387952608,1005
2024-09-17 14:00:54.914,402.1202955925645,103
2024-09-17 14:00:55.382,402.12760761726776,10
2024-09-17 14:00:55.700,402.0965797213015,95
2024-09-17 14:00:55.838,402.09246206541496,1001
2024-09-17 14:00:56.000,402.1091928462854,96
2024-09-17 14:00:56.093,402.1048785749836,11
2024-09-17 14:00:57.056,402.11843829072393,11
2024-09-17 14:00:57.089,-402.1011474772561,102
2024-09-17 14:00:57.319,402.102191233061,105
2024-09-17 14:00:57.368,402.093561276333,14
2024-09-17 14:00:57.395,402.11005003860953,1004
2024-09-17 14:00:57.517,402.1062938417041,14
2024-09-17 14:00:57.600,402.1066773276244,105
2024-09-17 14:00:57.668,402.09512954178,98
2024-09-17 14:00:57.686,402.1157434712485,1000
2024-09-17 14:00:57.726,402.0876771880428,101
2024-09-17 14:00:57.834,402.0810578685574,1002
2024-09-17 14:00:57.897,402.0994281232165,998
2024-09-17 14:00:57.974,402.1060036087555,14
2024-09-17 14:00:58.336,402.0903325929396,11
2024-09-17 14:00:59.054,402.0613930138198,14
2024-09-17 14:00:59.089,402.1006660099668,1005
2024-09-17 14:00:59.168,402.074875876029,999
2024-09-17 14:00:59.257,402.078371784204,11
2024-09-17 14:00:59.287,402.1195902053602,97
2024-09-17 14:00:59.460,402.0915136178869,1002
2024-09-17 14:00:59.463,402.07051776203855,13
2024-09-17 14:00:59.492,402.0575341053132,8
2024-09-17 14:00:59.515,402.0835659193694,999
2024-09-17 14:00:59.531,402.0802744787193,96
2024-09-17 14:00:59.561,402.10225992286337,1002
2024-09-17 14:00:59.582,402.0506286389272,7
2024-09-17 14:00:59.594,402.1414099843177,997
2024-09-17 14:00:59.632,-402.0607351550584,1002
2024-09-17 14:00:59.645,402.1236820389265,1002
2024-09-17 14:00:59.706,402.1226257719314,5
2024-09-17 14:00:59.773,402.0683770637834,997
2024-09-17 14:00:59.799,402.1275571491644,11
2024-09-17 14:00:59.806,402.1139791731371,12
2024-09-17 14:00:59.897,402.0926320201054,998
2024-09-17 14:00:59.941,402.09117733841504,995
2024-09-17 14:00:59.963,402.05511043712914,999
2024-09-17 14:00:59.991,402.1275102437249,95
