Timestamp,Price,Size
2024-09-16 13:25:00.015,415.3763506707023,102
2024-09-16 13:25:00.040,415.31057371612576,1005
2024-09-16 13:25:00.124,415.3774349443224,11
2024-09-16 13:25:00.144,415.3214724738149,999
2024-09-16 13:25:00.176,415.3311847990923,104
2024-09-16 13:25:00.179,415.3266219299626,997
2024-09-16 13:25:00.185,415.3181772068774,101
2024-09-16 13:25:00.186,415.3510886030008,8
2024-09-16 13:25:00.201,415.3535401551699,997
2024-09-16 13:25:00.234,415.3582697829889,6
2024-09-16 13:25:00.288,415.33016616852166,99
2024-09-16 13:25:00.319,415.3326621596423,1001
2024-09-16 13:25:00.337,415.36965072741566,96
2024-09-16 13:25:00.372,415.3494158361211,999
2024-09-16 13:25:00.415,415.34864046701057,101
2024-09-16 13:25:00.422,415.3223373391172,1000
2024-09-16 13:25:00.465,415.3594207298597,100
2024-09-16 13:25:00.515,415.33780633352393,10
2024-09-16 13:25:00.609,415.3784871254117,996
2024-09-16 13:25:00.627,415.33443124816,97
2024-09-16 13:25:00.631,415.3538982442609,10
2024-09-16 13:25:00.667,415.3384187621403,995
2024-09-16 13:25:00.676,415.3250816762975,1000
2024-09-16 13:25:00.810,415.35039164784655,12
2024-09-16 13:25:00.878,415.3595921958705,9
2024-09-16 13:25:00.923,415.38662635243503,1000
2024-09-16 13:25:00.936,415.3539367700141,5
2024-09-16 13:25:01.068,415.2949584516765,99
2024-09-16 13:25:01.076,415.2949926039747,1001
2024-09-16 13:25:01.114,415.2959704592852,11
2024-09-16 13:25:01.158,415.2929676234078,998
2024-09-16 13:25:01.322,415.29400365638753,1002
2024-09-16 13:25:01.358,415.29417816144166,98
2024-09-16 13:25:01.488,415.2847735178549,996
2024-09-16 13:25:01.533,415.29313200304,1001
2024-09-16 13:25:01.547,415.2916210975623,5
2024-09-16 13:25:01.556,415.2963785089982,996
2024-09-16 13:25:01.595,415.28514580462615,102
2024-09-16 13:25:01.660,415.31369053181487,998
2024-09-16 13:25:01.691,415.31001501790513,8
2024-09-16 13:25:01.725,415.3110292685484,13
2024-09-16 13:25:01.737,415.2918699385734,996
2024-09-16 13:25:01.759,415.29050404560735,99
2024-09-16 13:25:01.800,415.3171024210049,97
2024-09-16 13:25:01.910,415.3171051239917,99
2024-09-16 13:25:01.946,415.2815547175088,995
2024-09-16 13:25:02.096,415.3104813475791,97
2024-09-16 13:25:02.163,415.30787115392735,5
2024-09-16 13:25:02.240,415.2669421274186,95
2024-09-16 13:25:02.255,415.31376736082814,100
2024-09-16 13:25:02.274,415.3332140334285,998
2024-09-16 13:25:02.292,415.3188584286749,14
2024-09-16 13:25:02.323,415.3278393673005,105
2024-09-16 13:25:02.337,,10
2024-09-16 13:25:02.358,415.2992571532185,13
2024-09-16 13:25:02.382,415.33947855644254,1003
2024-09-16 13:25:02.496,415.2904646489816,1000
2024-09-16 13:25:02.552,415.3355312436228,96
2024-09-16 13:25:02.558,415.3421944391933,9
2024-09-16 13:25:02.573,415.2855703714176,1001
2024-09-16 13:25:02.579,415.2953080209937,99
2024-09-16 13:25:02.673,415.318400617631,12
2024-09-16 13:25:02.689,415.2786915234071,105
2024-09-16 13:25:02.703,415.31548652724587,98
2024-09-16 13:25:02.765,415.3191441218244,100
2024-09-16 13:25:02.774,415.3195489955351,98
2024-09-16 13:25:02.803,415.2989784975668,10
2024-09-16 13:25:02.912,,9
2024-09-16 13:25:02.919,41.528479510863015,7
2024-09-16 13:25:02.951,415.2976821450253,105
2024-09-16 13:25:02.954,415.3237899221569,13
2024-09-16 13:25:02.958,415.31240255054274,1001
2024-09-16 13:25:02.990,415.2798452061752,14
2024-09-16 13:25:03.037,415.2314249310278,104
2024-09-16 13:25:03.038,415.3094552183699,7
2024-09-16 13:25:03.132,415.3018382473013,998
2024-09-16 13:25:03.212,415.287023155125,98
2024-09-16 13:25:03.232,415.2361547448007,14
2024-09-16 13:25:03.435,415.2641055349118,5
2024-09-16 13:25:03.492,415.29737808931753,1005
2024-09-16 13:25:03.613,415.2330002108858,14
2024-09-16 13:25:03.746,415.2970342791724,1002
2024-09-16 13:25:03.874,415.2898360942301,999
2024-09-16 13:25:03.897,415.2969743879764,5
2024-09-16 13:25:03.990,415.2922536705949,104
2024-09-16 13:25:06.036,415.2403329229879,99
2024-09-16 13:25:06.067,415.238390948781,1000
2024-09-16 13:25:06.100,415.2567676691224,103
2024-09-16 13:25:06.178,415.2386998601112,6
2024-09-16 13:25:06.200,415.2330381310083,105
2024-09-16 13:25:06.249,415.26134938618105,97
2024-09-16 13:25:06.285,415.23417930147366,1004
2024-09-16 13:25:06.372,415.2301676051314,100
2024-09-16 13:25:06.675,415.2507376396621,9
2024-09-16 13:25:06.707,415.26128475527617,101
2024-09-16 13:25:06.777,415.2272222582958,7
2024-09-16 13:25:06.844,415.2666316268864,104
2024-09-16 13:25:06.849,415.25063085198576,13
2024-09-16 13:25:06.886,415.2233142344541,1005
2024-09-16 13:25:08.022,415.27816681625256,998
2024-09-16 13:25:08.309,415.2897016119775,998
2024-09-16 13:25:08.397,415.2601507680603,99
2024-09-16 13:25:08.705,415.2707088109014,1004
2024-09-16 13:25:08.936,415.2530712705792,8
2024-09-16 13:25:09.049,415.29497354068,5
2024-09-16 13:25:09.055,415.2803129796003,999
2024-09-16 13:25:09.066,415.27969981324446,96
2024-09-16 13:25:09.097,415.2765119073691,997
2024-09-16 13:25:09.115,415.2746944341539,1004
2024-09-16 13:25:09.170,415.2397446612389,1005
2024-09-16 13:25:09.173,415.27649690203833,97
2024-09-16 13:25:09.241,415.2667235603796,7
2024-09-16 13:25:09.300,415.23906603631656,96
2024-09-16 13:25:09.364,415.2540255077741,8
2024-09-16 13:25:09.376,415.3022555656768,1001
2024-09-16 13:25:09.393,-415.2723009113743,105
2024-09-16 13:25:09.418,415.2847992501337,1000
2024-09-16 13:25:09.432,415.2503420602032,101
2024-09-16 13:25:09.436,415.2545597047823,1004
2024-09-16 13:25:09.440,415.2916469434569,95
2024-09-16 13:25:09.666,,1001
2024-09-16 13:25:09.757,415.2972115282921,9
2024-09-16 13:25:09.761,415.23846956632485,10
2024-09-16 13:25:09.783,415.31851483579607,1002
2024-09-16 13:25:09.907,415.3133062898791,1001
2024-09-16 13:25:09.907,415.2571297201921,13
2024-09-16 13:25:09.912,415.29061600782825,10
2024-09-16 13:25:09.934,415.2254305097836,9
2024-09-16 13:25:10.011,415.3370204365434,1000
2024-09-16 13:25:10.015,415.3319279004111,5
2024-09-16 13:25:10.021,415.3366246066946,1000
2024-09-16 13:25:10.114,,102
2024-09-16 13:25:10.152,415.34397241446976,101
2024-09-16 13:25:10.161,415.34655907249663,1002
2024-09-16 13:25:10.169,415.34212804424,11
2024-09-16 13:25:10.170,415.3195640914436,6
2024-09-16 13:25:10.187,415.3577466006038,1002
2024-09-16 13:25:10.242,415.3581877257885,999
2024-09-16 13:25:10.371,415.3421213819846,1002
2024-09-16 13:25:10.382,415.35051402593695,1000
2024-09-16 13:25:10.422,415.34308475120366,13
2024-09-16 13:25:10.484,415.3610702898787,101
2024-09-16 13:25:10.549,415.3356748433643,101
2024-09-16 13:25:10.647,415.3082421781459,1003
2024-09-16 13:25:10.661,415.3528821646982,9
2024-09-16 13:25:10.705,415.3400486429799,6
2024-09-16 13:25:10.754,415.3443489504089,8
2024-09-16 13:25:10.801,41.536777243419046,1004
2024-09-16 13:25:10.870,415.3118255665055,100
2024-09-16 13:25:10.878,415.337304883771,1002
2024-09-16 13:25:10.928,415.344160478385,101
2024-09-16 13:25:10.947,415.3426811940763,102
2024-09-16 13:25:10.974,415.3296546136956,1005
2024-09-16 13:25:11.016,415.27052504327264,103
2024-09-16 13:25:11.022,415.2820380876973,995
2024-09-16 13:25:11.158,415.2865305967685,98
2024-09-16 13:25:11.181,415.2882541482522,103
2024-09-16 13:25:11.560,415.3100123384088,996
2024-09-16 13:25:11.579,415.32028236406586,8
2024-09-16 13:25:11.710,415.28206226603646,996
2024-09-16 13:25:11.721,415.2957112467656,10
2024-09-16 13:25:11.786,415.2949304185584,97
2024-09-16 13:25:11.786,415.2895711170106,1005
2024-09-16 13:25:11.896,415.2736126561353,10
2024-09-16 13:25:11.939,415.2989850195349,1001
2024-09-16 13:25:12.107,415.18568452725054,1005
2024-09-16 13:25:12.133,-415.2839021150112,103
2024-09-16 13:25:12.155,415.1478399894942,105
2024-09-16 13:25:12.186,415.2901056102233,995
2024-09-16 13:25:12.227,415.2732992487224,99
2024-09-16 13:25:12.227,415.274099546724,102
2024-09-16 13:25:12.232,415.2484550703017,999
2024-09-16 13:25:12.245,415.30164843326673,10
2024-09-16 13:25:12.255,415.2586763970017,1004
2024-09-16 13:25:12.328,415.2432323504044,6
2024-09-16 13:25:12.333,415.1974367285457,1004
2024-09-16 13:25:12.388,415.141822881865,15
2024-09-16 13:25:12.389,415.2916112821744,996
2024-09-16 13:25:12.482,415.2417656675042,100
2024-09-16 13:25:12.522,415.2481185617895,1003
2024-09-16 13:25:12.530,415.3021808316224,998
2024-09-16 13:25:12.549,41.52394538946343,8
2024-09-16 13:25:12.590,415.2500487344465,15
2024-09-16 13:25:12.604,415.2452045660459,1003
2024-09-16 13:25:12.628,415.2938525699878,10
2024-09-16 13:25:12.803,415.1679988534094,11
2024-09-16 13:25:12.826,415.14567621888864,14
2024-09-16 13:25:12.873,415.155537636349,7
2024-09-16 13:25:12.889,415.2408188222429,13
2024-09-16 13:25:12.903,415.21891405346696,105
2024-09-16 13:25:12.999,415.13114996424656,103
2024-09-16 13:25:13.037,415.11480739946,14
2024-09-16 13:25:13.120,415.1415653066858,95
2024-09-16 13:25:13.126,415.0671204032822,97
2024-09-16 13:25:13.138,415.123392882532,100
2024-09-16 13:25:13.247,415.1233344243543,10
2024-09-16 13:25:13.252,415.1280679979394,8
2024-09-16 13:25:13.281,415.1028250888394,101
2024-09-16 13:25:13.378,415.1134880389719,1000
2024-09-16 13:25:13.423,415.055144586173,5
2024-09-16 13:25:13.470,415.1035853277783,6
2024-09-16 13:25:13.505,415.0937116552533,98
2024-09-16 13:25:13.550,415.0573871059209,96
2024-09-16 13:25:13.584,415.09782674458097,102
2024-09-16 13:25:13.597,415.079692699542,997
2024-09-16 13:25:13.616,,1005
2024-09-16 13:25:13.625,415.1005219248864,101
2024-09-16 13:25:13.650,415.0884956909293,99
2024-09-16 13:25:13.761,415.128308602356,103
2024-09-16 13:25:13.775,415.1225605683873,15
2024-09-16 13:25:13.780,415.09549067693314,9
2024-09-16 13:25:13.790,415.0726691195613,996
2024-09-16 13:25:13.796,415.0562959787102,98
2024-09-16 13:25:13.828,415.1288385216884,12
2024-09-16 13:25:13.843,415.050928817026,1001
2024-09-16 13:25:13.890,415.0873288975779,8
2024-09-16 13:25:13.970,415.0789775235573,100
2024-09-16 13:25:13.999,415.11045911724005,1002
2024-09-16 13:25:15.456,415.1261235938757,96
2024-09-16 13:25:15.470,415.118996091393,995
2024-09-16 13:25:15.667,415.1504724416799,8
2024-09-16 13:25:15.860,415.13712361267255,1003
2024-09-16 13:25:16.032,415.1065133166754,13
2024-09-16 13:25:16.038,415.0885360321768,10
2024-09-16 13:25:16.074,415.0763866751225,1000
2024-09-16 13:25:16.075,415.0643025109597,10
2024-09-16 13:25:16.107,415.0946024398984,12
2024-09-16 13:25:16.112,415.1071265964357,1004
2024-09-16 13:25:16.135,415.0853695173352,997
2024-09-16 13:25:16.140,415.1044249754687,14
2024-09-16 13:25:16.201,415.0608067627298,13
2024-09-16 13:25:16.203,415.05703101245575,8
2024-09-16 13:25:16.214,415.09467883292456,12
2024-09-16 13:25:16.274,-415.0873320936536,98
2024-09-16 13:25:16.359,415.0719528013836,15
2024-09-16 13:25:16.461,415.0879879911188,96
2024-09-16 13:25:16.474,415.1159798546608,998
2024-09-16 13:25:16.545,415.0719834463513,12
2024-09-16 13:25:16.605,415.0466102254734,1005
2024-09-16 13:25:16.673,415.0659280185014,997
2024-09-16 13:25:16.705,415.088232598886,1005
2024-09-16 13:25:16.717,415.08402078307495,8
2024-09-16 13:25:16.748,415.0684901469595,96
2024-09-16 13:25:16.772,415.0843131845929,10
2024-09-16 13:25:16.798,415.04892321717534,95
2024-09-16 13:25:16.806,415.0578476694184,1005
2024-09-16 13:25:16.860,415.0911123672046,104
2024-09-16 13:25:16.873,415.05851129415,9
2024-09-16 13:25:16.873,415.078977152988,1005
2024-09-16 13:25:16.941,415.0871944420345,8
2024-09-16 13:25:16.951,415.0572033936744,1003
2024-09-16 13:25:16.967,415.1004444124708,12
2024-09-16 13:25:17.107,415.0978129466815,103
2024-09-16 13:25:17.157,415.06241914977466,997
2024-09-16 13:25:17.237,415.0779539465023,12
2024-09-16 13:25:17.278,415.06626875700834,6
2024-09-16 13:25:17.660,415.0674682276343,13
2024-09-16 13:25:17.710,415.06533020014496,6
2024-09-16 13:25:17.928,415.0892598064327,104
2024-09-16 13:25:17.980,415.0944860210232,998
2024-09-16 13:25:18.055,415.0835213228199,99
2024-09-16 13:25:18.111,-415.0837174073753,100
2024-09-16 13:25:18.143,415.0648018361801,9
2024-09-16 13:25:18.175,415.09496721067495,12
2024-09-16 13:25:18.218,415.0852060108537,103
2024-09-16 13:25:18.292,415.0968166218882,998
2024-09-16 13:25:18.296,415.1017490319005,7
2024-09-16 13:25:18.320,415.0913516907489,96
2024-09-16 13:25:18.336,415.0814365301136,998
2024-09-16 13:25:18.450,41.50899881993061,8
2024-09-16 13:25:18.496,415.0907824252685,10
2024-09-16 13:25:18.520,415.0718437858383,100
2024-09-16 13:25:18.554,415.07031785372544,996
2024-09-16 13:25:18.618,415.0811975536185,1001
2024-09-16 13:25:18.628,415.0904062255616,8
2024-09-16 13:25:18.630,415.061727645925,100
2024-09-16 13:25:18.646,415.1100922952156,15
2024-09-16 13:25:18.657,415.0609180975845,13
2024-09-16 13:25:18.675,415.0941317904964,996
2024-09-16 13:25:18.770,415.1067353966779,12
2024-09-16 13:25:18.771,415.11834871814847,1005
2024-09-16 13:25:18.807,415.1119477526837,101
2024-09-16 13:25:18.852,415.0833693248513,6
2024-09-16 13:25:18.893,415.1044623936362,9
2024-09-16 13:25:18.898,415.09336165908144,98
2024-09-16 13:25:18.938,415.0783835175944,12
2024-09-16 13:25:18.942,415.1090600326924,1005
2024-09-16 13:25:18.944,415.1013145746586,98
2024-09-16 13:25:18.974,415.0976002327355,104
2024-09-16 13:25:19.122,415.05888448807815,103
2024-09-16 13:25:19.131,415.0787610836946,103
2024-09-16 13:25:19.163,415.0498069556672,6
2024-09-16 13:25:19.169,415.11091228818935,98
2024-09-16 13:25:19.236,415.01216645028217,99
2024-09-16 13:25:19.237,415.0819917119243,100
2024-09-16 13:25:19.275,415.0756804718239,10
2024-09-16 13:25:19.292,415.0792330784847,99
2024-09-16 13:25:19.319,415.0845771038729,1000
2024-09-16 13:25:19.376,415.06855736032605,8
2024-09-16 13:25:19.376,415.05085533770085,8
2024-09-16 13:25:19.465,415.080117326396,7
2024-09-16 13:25:19.485,415.0647854303421,101
2024-09-16 13:25:19.536,415.0856705676558,1001
2024-09-16 13:25:19.547,415.0770059486677,11
2024-09-16 13:25:19.655,-415.0305714906623,6
2024-09-16 13:25:19.779,415.04307128795193,99
2024-09-16 13:25:19.781,415.111859988445,1000
2024-09-16 13:25:19.784,415.03292159060976,103
2024-09-16 13:25:19.786,415.0925974001517,99
2024-09-16 13:25:19.874,41.50567155514484,1000
2024-09-16 13:25:19.938,415.0915175918389,14
2024-09-16 13:25:19.972,415.0755356183871,104
2024-09-16 13:25:20.075,415.0558495111212,96
2024-09-16 13:25:20.226,415.0446661776012,7
2024-09-16 13:25:20.340,415.0544060045726,1005
2024-09-16 13:25:20.341,415.0739588304138,1002
2024-09-16 13:25:20.358,415.0608296292089,97
2024-09-16 13:25:20.399,415.082988022049,1001
2024-09-16 13:25:20.455,415.03146389681297,1000
2024-09-16 13:25:20.658,415.0751918423691,995
2024-09-16 13:25:20.695,415.0662718941215,12
2024-09-16 13:25:20.732,415.0671028139799,8
2024-09-16 13:25:20.780,415.051093225646,96
2024-09-16 13:25:20.853,415.0292346404517,101
2024-09-16 13:25:20.868,415.03340633184496,998
2024-09-16 13:25:20.890,415.0531425953344,9
2024-09-16 13:25:20.916,415.0690345678804,105
2024-09-16 13:25:20.986,415.0347688090132,98
2024-09-16 13:25:21.008,415.0919527435914,98
2024-09-16 13:25:21.066,415.0780079052944,6
2024-09-16 13:25:21.091,415.0576202472352,996
2024-09-16 13:25:21.092,415.05042308968495,1000
2024-09-16 13:25:21.113,415.0788218860869,8
2024-09-16 13:25:21.151,415.07150593424274,12
2024-09-16 13:25:21.275,415.07026195985,10
2024-09-16 13:25:21.298,415.0327116011898,1000
2024-09-16 13:25:21.351,415.0336384334152,10
2024-09-16 13:25:21.406,415.0835718417337,14
2024-09-16 13:25:21.499,415.0385381368398,96
2024-09-16 13:25:21.640,415.0756275978938,997
2024-09-16 13:25:21.794,415.0789705733164,103
2024-09-16 13:25:21.806,415.057136196164,101
2024-09-16 13:25:21.880,415.03947003993017,1001
2024-09-16 13:25:22.129,415.09389789568655,102
2024-09-16 13:25:22.230,415.1381352304269,6
2024-09-16 13:25:22.283,415.06256147224485,1001
2024-09-16 13:25:22.496,415.108640057398,105
2024-09-16 13:25:22.608,415.0505297237687,102
2024-09-16 13:25:22.661,415.12296170233503,10
2024-09-16 13:25:22.715,415.0680097061572,105
2024-09-16 13:25:23.020,415.1791535186592,105
2024-09-16 13:25:23.092,415.17148691927326,5
2024-09-16 13:25:23.225,415.1407997229061,995
2024-09-16 13:25:23.237,41.51561066669252,96
2024-09-16 13:25:23.327,415.1404810069079,1004
2024-09-16 13:25:23.336,415.1256406593066,1001
2024-09-16 13:25:23.439,415.1328999182301,95
2024-09-16 13:25:23.451,41.517858118058015,8
2024-09-16 13:25:23.496,415.15086800256665,1000
2024-09-16 13:25:23.518,415.1752558221187,5
2024-09-16 13:25:23.625,415.1654926336639,1005
2024-09-16 13:25:23.636,415.1423660152196,999
2024-09-16 13:25:23.732,415.148968598286,7
2024-09-16 13:25:23.787,415.13136878304965,5
2024-09-16 13:25:23.846,415.1388299124418,104
2024-09-16 13:25:24.020,415.0905294557997,10
2024-09-16 13:25:24.145,415.0882543487316,6
2024-09-16 13:25:24.193,415.0858156226622,8
2024-09-16 13:25:24.317,415.0924132641936,997
2024-09-16 13:25:24.322,415.0844437054854,96
2024-09-16 13:25:24.490,415.0849258227743,995
2024-09-16 13:25:24.500,415.0775539061203,98
2024-09-16 13:25:24.571,415.1054875978218,101
2024-09-16 13:25:24.623,415.082395829434,1002
2024-09-16 13:25:24.637,415.0856063975894,998
2024-09-16 13:25:24.695,415.08663625396497,96
2024-09-16 13:25:24.699,415.0952276226556,8
2024-09-16 13:25:24.728,415.0967840578601,103
2024-09-16 13:25:24.871,415.0967993653278,98
2024-09-16 13:25:25.002,415.1187108144261,997
2024-09-16 13:25:25.089,415.1719317780044,102
2024-09-16 13:25:25.138,415.1210387503251,1003
2024-09-16 13:25:25.202,415.1047987448829,5
2024-09-16 13:25:25.265,41.51501928301192,998
2024-09-16 13:25:25.273,415.1375686195811,95
2024-09-16 13:25:25.296,415.0907003472372,1003
2024-09-16 13:25:25.335,415.1857211507773,7
2024-09-16 13:25:25.350,415.1214788270605,1001
2024-09-16 13:25:25.374,415.1135913777004,103
2024-09-16 13:25:25.388,415.1236137515601,6
2024-09-16 13:25:25.400,415.20071518242,8
2024-09-16 13:25:25.433,415.11317855645433,103
2024-09-16 13:25:25.523,415.1893534439584,997
2024-09-16 13:25:25.535,415.1243173079008,100
2024-09-16 13:25:25.648,415.099135013604,105
2024-09-16 13:25:25.688,415.19063567618593,1003
2024-09-16 13:25:25.713,415.1634915577205,12
2024-09-16 13:25:25.805,415.1985308451224,14
2024-09-16 13:25:25.840,415.1889105246578,101
2024-09-16 13:25:25.842,415.095483857813,5
2024-09-16 13:25:25.892,415.1955343821679,96
2024-09-16 13:25:27.046,415.2405670568777,1004
2024-09-16 13:25:27.074,415.22876076285297,103
2024-09-16 13:25:27.104,415.2336055712069,103
2024-09-16 13:25:27.238,415.2415375375981,8
2024-09-16 13:25:27.280,41.519940264929424,10
2024-09-16 13:25:27.349,-415.21139093180295,105
2024-09-16 13:25:27.516,415.2062402303896,104
2024-09-16 13:25:27.614,415.210204713731,1000
2024-09-16 13:25:27.804,415.20947811218446,103
2024-09-16 13:25:27.857,415.2353999589652,998
2024-09-16 13:25:27.928,415.2039625365412,10
2024-09-16 13:25:28.073,415.231147521897,96
2024-09-16 13:25:28.287,415.1804933534728,104
2024-09-16 13:25:28.398,415.18873526168767,10
2024-09-16 13:25:28.818,415.204288606941,99
2024-09-16 13:25:29.103,415.1415344193831,13
2024-09-16 13:25:29.121,415.1485845993991,999
2024-09-16 13:25:29.123,415.1181601668045,998
2024-09-16 13:25:29.156,415.1419945039364,11
2024-09-16 13:25:29.178,415.152589273505,1003
2024-09-16 13:25:29.284,415.1383664466116,103
2024-09-16 13:25:29.350,415.1244650666274,1004
2024-09-16 13:25:29.368,415.16847158448377,1004
2024-09-16 13:25:29.409,415.1528170245055,95
2024-09-16 13:25:29.508,415.1619251634053,6
2024-09-16 13:25:29.528,415.1232766300652,14
2024-09-16 13:25:29.593,415.1596660271467,995
2024-09-16 13:25:29.644,415.1499451775855,103
2024-09-16 13:25:29.654,415.174109421909,6
2024-09-16 13:25:29.691,415.1469978563443,5
2024-09-16 13:25:29.713,415.160928552078,998
2024-09-16 13:25:29.722,415.1462401357017,6
2024-09-16 13:25:29.842,415.0774837862037,5
2024-09-16 13:25:29.889,415.1620325926095,5
2024-09-16 13:25:29.915,415.1065301888825,104
2024-09-16 13:25:29.917,415.1638697600556,101
2024-09-16 13:25:29.953,415.1517147775361,104
2024-09-16 13:25:29.969,415.15663404403455,7
2024-09-16 13:25:30.176,415.0836910123272,11
2024-09-16 13:25:30.255,41.51154945689016,105
2024-09-16 13:25:30.691,415.1031117210963,1002
2024-09-16 13:25:30.726,415.1218919363044,10
2024-09-16 13:25:30.736,415.12618354899325,13
2024-09-16 13:25:31.034,415.1589787758737,996
2024-09-16 13:25:31.114,415.148691986042,14
2024-09-16 13:25:31.140,415.1149145276952,999
2024-09-16 13:25:31.298,415.1555709910088,102
2024-09-16 13:25:31.363,415.1506937108175,8
2024-09-16 13:25:31.404,415.1377591187513,95
2024-09-16 13:25:31.446,415.1689751719265,12
2024-09-16 13:25:31.468,415.16345255684615,8
2024-09-16 13:25:31.476,415.14467431048615,999
2024-09-16 13:25:31.572,415.1250867357213,100
2024-09-16 13:25:31.633,415.15228690399726,13
2024-09-16 13:25:31.712,415.1309818738196,100
2024-09-16 13:25:31.752,415.1698210942547,105
2024-09-16 13:25:31.780,415.1510615295613,998
2024-09-16 13:25:31.782,415.12262484017566,8
2024-09-16 13:25:31.785,415.1368282652061,1001
2024-09-16 13:25:31.844,415.1344375387431,5
2024-09-16 13:25:31.865,415.14384985646217,12
2024-09-16 13:25:31.927,415.1418800512736,105
2024-09-16 13:25:31.959,415.14258955726217,99
2024-09-16 13:25:31.963,415.1504828755465,105
2024-09-16 13:25:31.976,415.1416248165324,15
2024-09-16 13:25:31.987,415.1346739404573,6
2024-09-16 13:25:31.989,415.12958990810745,105
2024-09-16 13:25:33.018,415.1704733546179,95
2024-09-16 13:25:33.057,415.1727341358374,1005
2024-09-16 13:25:33.071,415.1807693596283,999
2024-09-16 13:25:33.075,415.1466830550437,95
2024-09-16 13:25:33.096,415.1739797867752,11
2024-09-16 13:25:33.143,415.175743448334,105
2024-09-16 13:25:33.145,415.1524601983545,996
2024-09-16 13:25:33.150,415.1317527034576,96
2024-09-16 13:25:33.171,415.1448242058676,999
2024-09-16 13:25:33.209,415.19079863917415,995
2024-09-16 13:25:33.221,415.15028437693405,7
2024-09-16 13:25:33.238,415.1714738703149,1004
2024-09-16 13:25:33.283,415.1657911988145,103
2024-09-16 13:25:33.308,415.17625872818,14
2024-09-16 13:25:33.394,415.16106563208734,97
2024-09-16 13:25:33.465,415.1515001104204,104
2024-09-16 13:25:33.558,415.16384983623175,7
2024-09-16 13:25:33.565,415.1694391270639,6
2024-09-16 13:25:33.647,415.16783584703376,104
2024-09-16 13:25:33.654,415.1474397346888,105
2024-09-16 13:25:33.687,415.16965039230826,1003
2024-09-16 13:25:33.720,415.1166638676168,997
2024-09-16 13:25:33.786,415.1410616540487,1003
2024-09-16 13:25:33.981,415.16961273107216,96
2024-09-16 13:25:35.123,415.1728031355132,100
2024-09-16 13:25:35.151,415.1620533527592,98
2024-09-16 13:25:35.185,415.1755371705081,1001
2024-09-16 13:25:35.221,415.18204427000734,10
2024-09-16 13:25:35.228,415.1859104190374,1002
2024-09-16 13:25:35.250,415.1536450950196,98
2024-09-16 13:25:35.758,415.1627770925605,1000
2024-09-16 13:25:35.975,415.1739368801444,103
2024-09-16 13:25:35.997,-415.1862178887656,1005
2024-09-16 13:25:36.170,415.20519609702353,1002
2024-09-16 13:25:36.177,415.1825289621552,100
2024-09-16 13:25:36.454,415.2058292750527,7
2024-09-16 13:25:36.626,415.1827822732747,5
2024-09-16 13:25:36.654,415.213737552256,8
2024-09-16 13:25:36.657,415.20719029090543,997
2024-09-16 13:25:36.784,415.18790086887935,101
2024-09-16 13:25:36.820,415.19451376668815,6
2024-09-16 13:25:37.029,415.21534771812674,996
2024-09-16 13:25:37.657,415.2366289742967,1005
2024-09-16 13:25:38.057,415.2505776466615,96
2024-09-16 13:25:38.076,415.2111754575839,8
2024-09-16 13:25:38.118,415.19095045666046,1002
2024-09-16 13:25:38.227,415.2090599818106,103
2024-09-16 13:25:38.265,415.1573622093797,10
2024-09-16 13:25:38.270,415.23361064704113,1002
2024-09-16 13:25:38.323,415.168591302502,10
2024-09-16 13:25:38.366,415.1699103667669,102
2024-09-16 13:25:38.427,415.1608613122442,1004
2024-09-16 13:25:38.543,415.2083411840676,103
2024-09-16 13:25:38.602,415.1344518909707,998
2024-09-16 13:25:38.626,415.1798353572621,15
2024-09-16 13:25:38.742,415.18813891135005,103
2024-09-16 13:25:38.865,415.1585671528732,95
2024-09-16 13:25:38.878,415.15868629441087,102
2024-09-16 13:25:38.982,415.1660141860225,998
2024-09-16 13:25:39.031,415.10677581362336,100
2024-09-16 13:25:39.033,415.0838727128227,1004
2024-09-16 13:25:39.052,415.1279815095796,8
2024-09-16 13:25:39.225,415.10774012388623,1000
2024-09-16 13:25:39.325,415.0879848959308,103
2024-09-16 13:25:39.332,415.0739924906557,1004
2024-09-16 13:25:39.411,415.0980297873832,1000
2024-09-16 13:25:39.464,415.08806910255487,996
2024-09-16 13:25:39.477,415.0803295799301,6
2024-09-16 13:25:39.635,415.072964435899,15
2024-09-16 13:25:39.642,415.07757972698914,96
2024-09-16 13:25:39.676,415.1195162531863,1002
2024-09-16 13:25:39.697,415.0950064990777,1001
2024-09-16 13:25:39.754,415.0761019367648,10
2024-09-16 13:25:39.782,415.0938900093012,1002
2024-09-16 13:25:39.787,415.1227582390689,99
2024-09-16 13:25:39.880,415.08538865063866,99
2024-09-16 13:25:40.020,415.0925324236326,9
2024-09-16 13:25:40.021,415.12372003810447,105
2024-09-16 13:25:40.037,415.0744316798456,1000
2024-09-16 13:25:40.059,415.1056896710328,11
2024-09-16 13:25:40.081,415.0798033129808,8
2024-09-16 13:25:40.113,415.1169803869867,1003
2024-09-16 13:25:40.135,415.1042399687136,1004
2024-09-16 13:25:40.147,415.0765981631482,95
2024-09-16 13:25:40.182,415.1143923654007,102
2024-09-16 13:25:40.225,415.11445952714143,10
2024-09-16 13:25:40.294,415.1421368867541,104
2024-09-16 13:25:40.312,415.0736675398019,997
2024-09-16 13:25:40.374,415.1241033138344,6
2024-09-16 13:25:40.385,415.0921199068069,1002
2024-09-16 13:25:40.482,415.11839834172986,13
2024-09-16 13:25:40.488,415.1059542474868,6
2024-09-16 13:25:40.528,415.0949266178322,998
2024-09-16 13:25:40.533,415.0720058420234,99
2024-09-16 13:25:40.543,415.1370936957079,995
2024-09-16 13:25:40.608,415.0699494543137,97
2024-09-16 13:25:40.643,415.0690700733619,105
2024-09-16 13:25:40.724,415.0827791913271,995
2024-09-16 13:25:40.755,415.1333359304877,7
2024-09-16 13:25:40.758,415.1273406748359,8
2024-09-16 13:25:40.840,415.1093340140479,1001
2024-09-16 13:25:40.899,415.1230389147222,997
2024-09-16 13:25:40.928,415.1316849481223,7
2024-09-16 13:25:41.001,415.1187816877015,96
2024-09-16 13:25:41.121,415.1040894406793,102
2024-09-16 13:25:41.161,415.1166930240981,103
2024-09-16 13:25:41.167,415.1025806042682,99
2024-09-16 13:25:41.286,415.1219625637023,12
2024-09-16 13:25:41.430,415.1048747354948,105
2024-09-16 13:25:41.622,415.11328984894544,996
2024-09-16 13:25:41.875,415.1320914553149,10
2024-09-16 13:25:41.889,415.1102976064803,996
2024-09-16 13:25:41.918,415.1013122407325,8
2024-09-16 13:25:42.101,415.1239872916363,104
2024-09-16 13:25:42.109,415.1385999134716,1000
2024-09-16 13:25:42.118,415.1440909221705,104
2024-09-16 13:25:42.150,415.1089192508263,995
2024-09-16 13:25:42.163,415.1035945174469,102
2024-09-16 13:25:42.221,415.1130642322546,104
2024-09-16 13:25:42.283,415.1368751391576,1001
2024-09-16 13:25:42.288,415.149573164457,1005
2024-09-16 13:25:42.310,415.1297788446096,100
2024-09-16 13:25:42.372,415.1094833201747,8
2024-09-16 13:25:42.387,41.51476672834114,7
2024-09-16 13:25:42.410,415.0848684785917,1001
2024-09-16 13:25:42.475,415.084340656953,11
2024-09-16 13:25:42.483,415.09428507018094,97
2024-09-16 13:25:42.483,415.1188086597737,996
2024-09-16 13:25:42.506,415.0740015813008,14
2024-09-16 13:25:42.549,415.1252989527376,13
2024-09-16 13:25:42.638,415.1196693554823,99
2024-09-16 13:25:42.665,415.0818079046482,998
2024-09-16 13:25:42.718,415.0733944508422,996
2024-09-16 13:25:42.721,415.1476774885562,1002
2024-09-16 13:25:42.737,415.0815679073338,102
2024-09-16 13:25:42.761,415.1024895790305,7
2024-09-16 13:25:42.795,415.123648886944,1001
2024-09-16 13:25:42.799,415.0982660003233,97
2024-09-16 13:25:42.867,415.1064441238073,8
2024-09-16 13:25:42.917,415.1197709904805,98
2024-09-16 13:25:42.929,415.1022421742094,15
2024-09-16 13:25:43.028,415.07704915677095,95
2024-09-16 13:25:43.144,415.06394882142126,1004
2024-09-16 13:25:43.208,415.086676080408,100
2024-09-16 13:25:43.253,415.098689877483,1001
2024-09-16 13:25:43.281,415.07694578926487,1005
2024-09-16 13:25:43.295,415.1289950041245,995
2024-09-16 13:25:43.474,415.0841964044101,11
2024-09-16 13:25:43.586,415.0757105052238,100
2024-09-16 13:25:43.639,415.1202807715474,95
2024-09-16 13:25:43.654,415.1013716305503,14
2024-09-16 13:25:43.716,415.07806901858606,101
2024-09-16 13:25:43.766,415.10232972577353,6
2024-09-16 13:25:43.776,415.10282060007233,97
2024-09-16 13:25:43.781,415.1045990344475,101
2024-09-16 13:25:43.795,415.1088268320011,102
2024-09-16 13:25:43.825,415.0808105472707,1001
2024-09-16 13:25:43.995,415.1398296143563,99
2024-09-16 13:25:44.391,415.06666048062505,1004
2024-09-16 13:25:45.004,415.059909127717,100
2024-09-16 13:25:45.172,415.0922955610416,99
2024-09-16 13:25:45.471,,998
2024-09-16 13:25:45.520,415.0168237499144,105
2024-09-16 13:25:45.629,415.05261138728224,103
2024-09-16 13:25:45.647,415.0749434962892,1003
2024-09-16 13:25:45.678,415.0727415517028,998
2024-09-16 13:25:45.792,415.0372306108554,7
2024-09-16 13:25:46.074,415.025549975669,95
2024-09-16 13:25:46.083,415.0402207846259,99
2024-09-16 13:25:46.240,415.0235389252544,1004
2024-09-16 13:25:46.264,414.9560985616786,99
2024-09-16 13:25:46.292,415.03237576226695,105
2024-09-16 13:25:46.327,415.0180233775387,13
2024-09-16 13:25:46.557,415.01388688167935,15
2024-09-16 13:25:46.561,415.0026794089951,12
2024-09-16 13:25:46.562,415.0083953314364,96
2024-09-16 13:25:46.570,414.946154204536,999
2024-09-16 13:25:46.589,414.942619958489,15
2024-09-16 13:25:46.593,415.0226203518627,15
2024-09-16 13:25:46.598,414.9516867224689,14
2024-09-16 13:25:46.625,415.0500756546233,12
2024-09-16 13:25:46.644,415.0314927186613,12
2024-09-16 13:25:46.666,415.0440332506092,101
2024-09-16 13:25:46.685,415.0174675104256,7
2024-09-16 13:25:46.688,415.015729042097,14
2024-09-16 13:25:46.790,414.9449675445752,5
2024-09-16 13:25:46.830,414.9677319656007,11
2024-09-16 13:25:46.847,415.0532276521032,15
2024-09-16 13:25:46.925,414.97578077917245,10
2024-09-16 13:25:46.937,414.9384472199052,1005
2024-09-16 13:25:47.021,414.9610266021495,11
2024-09-16 13:25:47.057,414.923118311371,997
2024-09-16 13:25:47.180,414.9703770326717,13
2024-09-16 13:25:47.201,414.9947693758336,1000
2024-09-16 13:25:47.213,414.9581651721836,1004
2024-09-16 13:25:47.328,414.9353180167258,14
2024-09-16 13:25:47.549,414.98804686899314,95
2024-09-16 13:25:47.614,414.9320711790532,13
2024-09-16 13:25:47.624,414.9431685581611,97
2024-09-16 13:25:47.663,414.96181567255127,12
2024-09-16 13:25:47.845,414.9557587387538,999
2024-09-16 13:25:47.871,414.9433091441368,100
2024-09-16 13:25:47.876,414.9647099185193,999
2024-09-16 13:25:47.908,414.96508910407954,13
2024-09-16 13:25:47.917,414.9770681545832,7
2024-09-16 13:25:47.985,414.99631043189873,10
2024-09-16 13:25:48.031,415.0109586515304,97
2024-09-16 13:25:48.048,415.0197992172239,6
2024-09-16 13:25:48.082,415.04091000278976,997
2024-09-16 13:25:48.165,414.9619665740923,1001
2024-09-16 13:25:48.166,415.04484744603855,996
2024-09-16 13:25:48.200,415.06077951800177,95
2024-09-16 13:25:48.257,415.0369485733201,97
2024-09-16 13:25:48.290,414.9709659722644,104
2024-09-16 13:25:48.295,414.9688267535001,1004
2024-09-16 13:25:48.359,415.0015953934474,105
2024-09-16 13:25:48.376,414.9763413032079,10
2024-09-16 13:25:48.428,415.040975708665,12
2024-09-16 13:25:48.519,,6
2024-09-16 13:25:48.537,415.0074051116503,995
2024-09-16 13:25:48.555,415.0422822069984,1000
2024-09-16 13:25:48.557,415.03416318640217,96
2024-09-16 13:25:48.572,414.9790139622269,13
2024-09-16 13:25:48.574,415.0229098192197,105
2024-09-16 13:25:48.633,415.01684052793433,99
2024-09-16 13:25:48.793,414.97878997534696,998
2024-09-16 13:25:48.822,415.0268129122229,97
2024-09-16 13:25:48.862,415.0414768970738,14
2024-09-16 13:25:48.865,414.9618141283125,14
2024-09-16 13:25:48.878,414.9757929732513,995
2024-09-16 13:25:48.904,414.9608171205107,999
2024-09-16 13:25:48.955,415.060831558042,5
2024-09-16 13:25:48.995,414.9672313053684,5
2024-09-16 13:25:49.033,415.0571318303303,14
2024-09-16 13:25:49.043,415.0646735495066,997
2024-09-16 13:25:49.070,415.0536685337187,5
2024-09-16 13:25:49.174,415.045148104049,100
2024-09-16 13:25:49.233,415.0389572947751,101
2024-09-16 13:25:49.241,415.0316140981245,999
2024-09-16 13:25:49.249,415.041118604256,997
2024-09-16 13:25:49.361,415.0404607129785,1005
2024-09-16 13:25:49.631,415.0340079991896,1001
2024-09-16 13:25:49.657,415.0611813660609,13
2024-09-16 13:25:49.832,415.0602877189282,98
2024-09-16 13:25:49.946,415.06639040469446,995
2024-09-16 13:25:49.995,415.06844640474617,1003
2024-09-16 13:25:50.736,415.06072792800734,103
2024-09-16 13:25:50.949,415.0880414526749,14
2024-09-16 13:25:51.024,415.01535575319286,97
2024-09-16 13:25:51.041,415.07855023145584,101
2024-09-16 13:25:51.094,415.0145057203055,105
2024-09-16 13:25:51.113,415.0693534279589,101
2024-09-16 13:25:51.156,415.0361378401424,105
2024-09-16 13:25:51.175,415.0345626335504,14
2024-09-16 13:25:51.255,415.0494985621789,95
2024-09-16 13:25:51.259,415.01719984415655,103
2024-09-16 13:25:51.331,-415.0240085956663,7
2024-09-16 13:25:51.385,415.0605955158547,12
2024-09-16 13:25:51.437,415.0428774637924,104
2024-09-16 13:25:51.447,415.0428896083112,98
2024-09-16 13:25:51.518,415.0687736010536,998
2024-09-16 13:25:51.549,415.0516594170538,98
2024-09-16 13:25:51.627,415.0639973278136,1003
2024-09-16 13:25:51.635,415.0471721286366,1005
2024-09-16 13:25:51.658,415.03798859931953,101
2024-09-16 13:25:51.689,415.0548418983407,14
2024-09-16 13:25:51.747,415.02041904353456,11
2024-09-16 13:25:51.765,415.0685904192151,13
2024-09-16 13:25:51.777,415.0403644664779,97
2024-09-16 13:25:51.820,415.0245144349663,6
2024-09-16 13:25:51.829,415.0021346965823,97
2024-09-16 13:25:51.860,415.0111301929224,9
2024-09-16 13:25:51.871,415.0574279803929,999
2024-09-16 13:25:51.894,415.04585325249326,1004
2024-09-16 13:25:51.931,415.0598669309445,998
2024-09-16 13:25:51.986,415.0778225411064,5
2024-09-16 13:25:52.018,415.11982568324487,1004
2024-09-16 13:25:52.024,415.08211860541456,14
2024-09-16 13:25:52.055,415.1169989619038,8
2024-09-16 13:25:52.064,415.11642767164767,105
2024-09-16 13:25:52.168,415.107856293997,8
2024-09-16 13:25:52.290,415.0937100072835,5
2024-09-16 13:25:52.335,415.1303271987709,6
2024-09-16 13:25:52.360,415.1089265426705,995
2024-09-16 13:25:52.491,415.0963265705405,97
2024-09-16 13:25:52.505,415.0906555222215,101
2024-09-16 13:25:52.526,415.10880088792567,12
2024-09-16 13:25:52.527,415.09998326263127,1004
2024-09-16 13:25:52.583,415.10377173937167,12
2024-09-16 13:25:52.818,415.10542083610886,105
2024-09-16 13:25:52.877,415.087141652979,100
2024-09-16 13:25:52.877,415.1024627480572,999
2024-09-16 13:25:53.067,415.1314563674545,105
2024-09-16 13:25:53.132,415.1476953976041,11
2024-09-16 13:25:53.139,415.1138638841854,1004
2024-09-16 13:25:53.236,415.1153443523245,104
2024-09-16 13:25:53.324,415.1456993619474,1005
2024-09-16 13:25:53.329,415.152770350416,98
2024-09-16 13:25:53.392,415.0992526334864,8
2024-09-16 13:25:53.469,415.1453226425396,10
2024-09-16 13:25:53.474,415.13268902221,96
2024-09-16 13:25:53.533,415.0724785800394,100
2024-09-16 13:25:53.742,415.0704109112597,99
2024-09-16 13:25:53.758,415.0886613479233,1000
2024-09-16 13:25:53.794,415.09857715339695,12
2024-09-16 13:25:53.806,415.0880221828204,97
2024-09-16 13:25:53.954,415.1498213344876,998
2024-09-16 13:25:53.974,415.1560585355301,1002
2024-09-16 13:25:54.021,415.0972665082469,96
2024-09-16 13:25:54.133,415.09180203621895,98
2024-09-16 13:25:54.197,415.1399434330357,6
2024-09-16 13:25:54.314,415.1367951909487,1000
2024-09-16 13:25:54.422,415.0998552073635,101
2024-09-16 13:25:54.476,415.0997506476954,96
2024-09-16 13:25:54.649,415.1158962965735,9
2024-09-16 13:25:54.760,415.156774813163,97
2024-09-16 13:25:54.833,415.1097296851099,8
2024-09-16 13:25:54.849,415.1049790118077,997
2024-09-16 13:25:54.949,415.1386984201643,100
2024-09-16 13:25:55.060,415.1362895936247,12
2024-09-16 13:25:55.069,415.2047843770447,96
2024-09-16 13:25:55.107,415.1104668841151,995
2024-09-16 13:25:55.109,415.1773281122145,13
2024-09-16 13:25:55.119,415.1510578029408,13
2024-09-16 13:25:55.146,415.2215200300032,998
2024-09-16 13:25:55.248,415.1313161019413,102
2024-09-16 13:25:55.305,415.2191478235012,101
2024-09-16 13:25:55.344,415.1571759660219,97
2024-09-16 13:25:55.416,415.2132049393777,12
2024-09-16 13:25:55.455,415.1328756357525,12
2024-09-16 13:25:55.467,415.1317353121466,96
2024-09-16 13:25:55.470,415.1354099468424,999
2024-09-16 13:25:55.472,415.2097456221539,9
2024-09-16 13:25:55.499,415.1257763067743,15
2024-09-16 13:25:55.548,415.11790122644135,10
2024-09-16 13:25:55.716,415.12066759406025,103
2024-09-16 13:25:55.745,415.1401679961694,101
2024-09-16 13:25:55.801,415.1736961815468,1001
2024-09-16 13:25:55.821,415.16523931335394,1004
2024-09-16 13:25:55.906,415.1386156570914,10
2024-09-16 13:25:55.911,415.1478380178348,1005
2024-09-16 13:25:55.932,415.1072931819037,995
2024-09-16 13:25:55.932,415.1429964132235,1000
2024-09-16 13:25:55.945,415.1372581824149,99
2024-09-16 13:25:55.949,415.20250301878656,14
2024-09-16 13:25:55.981,415.135294719655,103
2024-09-16 13:25:56.116,415.2191883093859,1003
2024-09-16 13:25:56.214,415.16712740706737,11
2024-09-16 13:25:56.246,415.22755648564174,102
2024-09-16 13:25:56.294,415.1891850788487,104
2024-09-16 13:25:56.317,415.2224037909612,9
2024-09-16 13:25:56.374,415.2083200870689,8
2024-09-16 13:25:56.484,415.2258653102551,98
2024-09-16 13:25:56.484,415.187468183715,15
2024-09-16 13:25:56.522,415.21525229400487,996
2024-09-16 13:25:56.552,415.2019212697427,9
2024-09-16 13:25:56.757,415.2098682324146,105
2024-09-16 13:25:56.819,415.16817831698006,98
2024-09-16 13:25:56.841,415.22324350388976,14
2024-09-16 13:25:56.894,415.2313838802289,9
2024-09-16 13:25:56.920,415.1944524160021,96
2024-09-16 13:25:56.961,415.23461098656736,1000
2024-09-16 13:25:56.971,415.2265945847672,999
2024-09-16 13:25:56.999,415.2221524084152,1001
2024-09-16 13:25:57.017,415.2412126739361,104
2024-09-16 13:25:57.081,415.2895810898856,15
2024-09-16 13:25:57.096,415.2157373222309,1003
2024-09-16 13:25:57.107,415.2843463526568,101
2024-09-16 13:25:57.171,415.2940159969197,1000
2024-09-16 13:25:57.189,415.28895457849205,98
2024-09-16 13:25:57.253,415.2854504142555,1004
2024-09-16 13:25:57.255,-415.2875982171143,1000
2024-09-16 13:25:57.282,415.2870649563529,14
2024-09-16 13:25:57.372,415.2362724591966,15
2024-09-16 13:25:57.520,415.2535831132209,100
2024-09-16 13:25:57.538,415.278763979616,998
2024-09-16 13:25:57.576,415.2646274353883,101
2024-09-16 13:25:57.767,415.2336507918032,95
2024-09-16 13:25:57.835,415.2780586823407,101
2024-09-16 13:25:57.880,415.2674211490128,13
2024-09-16 13:25:57.979,415.2874125225945,1001
2024-09-16 13:25:58.782,415.3262411185445,100
2024-09-16 13:25:58.936,415.2938955928214,97
2024-09-16 13:25:59.017,415.3681931631934,997
2024-09-16 13:25:59.100,415.3669067488207,6
2024-09-16 13:25:59.333,415.3609948439829,12
2024-09-16 13:25:59.391,415.353533821204,15
2024-09-16 13:25:59.410,415.3461398581472,13
2024-09-16 13:25:59.467,415.3678043230651,104
2024-09-16 13:25:59.475,415.3558338850244,7
2024-09-16 13:25:59.523,415.33996401445256,9
2024-09-16 13:25:59.862,415.3525265132426,10
2024-09-16 13:25:59.876,415.3631517268927,13
