Timestamp,Price,Size
2024-09-18 11:28:00.160,417.221014853803,105
2024-09-18 11:28:00.258,417.2801834517862,1003
2024-09-18 11:28:00.266,417.2966090593416,11
2024-09-18 11:28:00.275,417.23317391006975,98
2024-09-18 11:28:00.286,417.2123484337071,10
2024-09-18 11:28:00.334,417.28017234721455,995
2024-09-18 11:28:00.335,417.2737301902404,12
2024-09-18 11:28:00.389,417.2415539968761,97
2024-09-18 11:28:00.526,417.2276722301801,105
2024-09-18 11:28:00.636,417.2291323168192,104
2024-09-18 11:28:00.848,417.2560110698328,104
2024-09-18 11:28:00.857,417.2599562501858,102
2024-09-18 11:28:00.874,417.26579087415627,1004
2024-09-18 11:28:00.912,417.30705323214215,8
2024-09-18 11:28:00.953,417.2896231731314,103
2024-09-18 11:28:00.959,417.2122041819569,97
2024-09-18 11:28:00.979,417.2921106825369,1005
2024-09-18 11:28:01.127,417.2936683450949,1003
2024-09-18 11:28:01.183,417.26654327539353,14
2024-09-18 11:28:01.202,417.3158364606101,95
2024-09-18 11:28:01.288,417.2867972591842,1002
2024-09-18 11:28:01.463,417.3067883486579,996
2024-09-18 11:28:01.715,417.2830067309362,5
2024-09-18 11:28:01.871,417.2695169481453,998
2024-09-18 11:28:02.007,417.253425979887,1002
2024-09-18 11:28:02.061,417.2748772411576,101
2024-09-18 11:28:02.073,417.2647120091069,1002
2024-09-18 11:28:02.094,417.2778366061583,100
2024-09-18 11:28:02.100,417.27968308506456,996
2024-09-18 11:28:02.109,417.2738791980685,12
2024-09-18 11:28:02.129,417.27104227206695,1005
2024-09-18 11:28:02.147,417.2811691656757,96
2024-09-18 11:28:02.181,417.2789866607972,14
2024-09-18 11:28:02.257,417.276962715249,996
2024-09-18 11:28:02.335,41.72705567933986,998
2024-09-18 11:28:02.396,417.2725403590506,8
2024-09-18 11:28:02.501,417.2724057763876,105
2024-09-18 11:28:02.526,417.2576850333678,12
2024-09-18 11:28:02.561,417.2946792596426,995
2024-09-18 11:28:02.562,417.28861753811634,995
2024-09-18 11:28:02.562,417.2855475403486,11
2024-09-18 11:28:02.731,417.27336477632775,999
2024-09-18 11:28:02.756,417.2612257745906,1002
2024-09-18 11:28:02.761,417.3079759100936,10
2024-09-18 11:28:02.872,417.2848679858663,102
2024-09-18 11:28:02.930,417.25994638141424,9
2024-09-18 11:28:02.949,417.2638886488044,105
2024-09-18 11:28:02.983,41.72907812921986,10
2024-09-18 11:28:03.039,417.2775931641332,5
2024-09-18 11:28:03.084,417.28518021549496,97
2024-09-18 11:28:03.148,417.2427660375329,1003
2024-09-18 11:28:03.150,417.2410678048548,995
2024-09-18 11:28:03.201,417.24742816809055,995
2024-09-18 11:28:03.207,417.2620695874261,1004
2024-09-18 11:28:03.258,417.2573342870597,11
2024-09-18 11:28:03.362,417.2715368465349,105
2024-09-18 11:28:03.362,417.33654084335234,14
2024-09-18 11:28:03.397,41.72900210836183,97
2024-09-18 11:28:03.483,417.25942176818586,10
2024-09-18 11:28:03.530,417.2593072315874,102
2024-09-18 11:28:03.573,417.3009292014553,100
2024-09-18 11:28:03.578,417.3112401167966,104
2024-09-18 11:28:03.633,417.285157375254,1005
2024-09-18 11:28:03.690,417.32878271548685,8
2024-09-18 11:28:03.716,417.3091879186481,102
2024-09-18 11:28:03.741,-417.3068179921483,5
2024-09-18 11:28:03.767,417.25774919813273,104
2024-09-18 11:28:03.786,417.2846084570775,102
2024-09-18 11:28:03.824,417.3076677029505,5
2024-09-18 11:28:03.895,417.3307144680888,999
2024-09-18 11:28:03.925,417.2939653972457,9
2024-09-18 11:28:03.946,417.2763309153519,997
2024-09-18 11:28:04.010,-417.3449247210579,10
2024-09-18 11:28:04.050,417.3574391284285,14
2024-09-18 11:28:04.102,417.2985206198614,995
2024-09-18 11:28:04.129,41.726626867529234,999
2024-09-18 11:28:04.150,417.3600723264862,105
2024-09-18 11:28:04.160,417.3800285722697,996
2024-09-18 11:28:04.189,417.3119743287983,96
2024-09-18 11:28:04.193,417.3933192137883,5
2024-09-18 11:28:04.207,417.27416138994033,15
2024-09-18 11:28:04.290,417.390373731933,105
2024-09-18 11:28:04.364,417.2703126489765,995
2024-09-18 11:28:04.365,417.4331301433765,96
2024-09-18 11:28:04.388,417.28813940187314,99
2024-09-18 11:28:04.402,417.4024044370626,11
2024-09-18 11:28:04.413,417.2948239507072,1004
2024-09-18 11:28:04.478,417.4091875647003,102
2024-09-18 11:28:04.502,417.24943690991904,1003
2024-09-18 11:28:04.640,417.38817803924434,99
2024-09-18 11:28:04.659,417.3960355502416,101
2024-09-18 11:28:04.662,417.2796846447214,99
2024-09-18 11:28:04.690,417.4259946217184,6
2024-09-18 11:28:04.691,417.293548515821,10
2024-09-18 11:28:04.706,417.2952691028126,1000
2024-09-18 11:28:04.726,417.38225405429046,5
2024-09-18 11:28:04.772,417.4013917960425,998
2024-09-18 11:28:04.799,417.40595236548097,97
2024-09-18 11:28:04.819,417.2926467432567,998
2024-09-18 11:28:04.824,417.27392304834126,1000
2024-09-18 11:28:04.885,417.4310822917173,101
2024-09-18 11:28:04.898,417.4031383054133,1002
2024-09-18 11:28:05.262,417.4484084237941,998
2024-09-18 11:28:05.329,417.4001480170617,7
2024-09-18 11:28:05.552,,997
2024-09-18 11:28:05.564,417.420857286393,999
2024-09-18 11:28:05.595,417.4024651493269,7
2024-09-18 11:28:05.625,417.4405031256416,99
2024-09-18 11:28:05.967,417.44731124278246,995
2024-09-18 11:28:05.981,417.4202634114495,1003
2024-09-18 11:28:05.990,417.4258448218036,101
2024-09-18 11:28:06.200,417.4173672788901,98
2024-09-18 11:28:07.167,417.4181722851413,998
2024-09-18 11:28:07.287,417.408873223842,996
2024-09-18 11:28:08.029,417.42916642688056,995
2024-09-18 11:28:08.045,417.4157663301034,6
2024-09-18 11:28:08.087,417.4639996957701,11
2024-09-18 11:28:08.101,417.44644496916175,1003
2024-09-18 11:28:08.148,417.46390720486966,97
2024-09-18 11:28:08.187,417.45338838011406,1002
2024-09-18 11:28:08.192,417.4260742505091,1002
2024-09-18 11:28:08.237,417.4153415385052,1001
2024-09-18 11:28:08.307,417.44931958500376,1005
2024-09-18 11:28:08.310,417.4319219864163,10
2024-09-18 11:28:08.313,417.4475291758412,9
2024-09-18 11:28:08.433,417.4318876612567,15
2024-09-18 11:28:08.436,417.4593612547191,1004
2024-09-18 11:28:08.623,417.4820257391592,1002
2024-09-18 11:28:08.651,417.4631781285505,104
2024-09-18 11:28:08.692,417.4636376186143,998
2024-09-18 11:28:08.692,41.74305389480339,15
2024-09-18 11:28:08.697,417.4779438216848,6
2024-09-18 11:28:08.726,417.47042730848113,9
2024-09-18 11:28:08.738,417.448627265346,101
2024-09-18 11:28:08.764,417.44138428125945,102
2024-09-18 11:28:08.836,417.43955100377855,997
2024-09-18 11:28:08.867,417.47306123723416,998
2024-09-18 11:28:08.877,417.4547780208196,98
2024-09-18 11:28:08.915,417.4409422338908,96
2024-09-18 11:28:09.010,417.4617617456142,7
2024-09-18 11:28:09.052,417.46327930094026,103
2024-09-18 11:28:09.059,417.4962991342945,1004
2024-09-18 11:28:09.074,417.4699892310473,105
2024-09-18 11:28:09.079,417.4779274297478,104
2024-09-18 11:28:09.115,417.4725727051839,8
2024-09-18 11:28:09.363,417.4811147818946,104
2024-09-18 11:28:09.369,417.5050675590943,10
2024-09-18 11:28:09.426,417.4154066540096,1001
2024-09-18 11:28:09.483,417.4594710866682,9
2024-09-18 11:28:09.671,417.49017774354286,9
2024-09-18 11:28:09.717,417.49708718340526,996
2024-09-18 11:28:09.721,417.45118681692446,99
2024-09-18 11:28:09.727,417.4620395639378,996
2024-09-18 11:28:09.741,417.459628421883,95
2024-09-18 11:28:09.758,417.4531719690507,7
2024-09-18 11:28:09.857,417.4638261619214,98
2024-09-18 11:28:09.872,417.47272335756617,995
2024-09-18 11:28:09.902,417.4333604000641,8
2024-09-18 11:28:09.909,417.46412952216144,14
2024-09-18 11:28:09.921,417.48903002422026,96
2024-09-18 11:28:09.961,417.46413012370857,8
2024-09-18 11:28:10.038,417.4253170975458,96
2024-09-18 11:28:10.266,417.3970909145827,12
2024-09-18 11:28:10.612,417.4012199761338,95
2024-09-18 11:28:10.899,417.4075889111367,7
2024-09-18 11:28:11.020,417.4139491940573,6
2024-09-18 11:28:11.032,417.41980100710913,103
2024-09-18 11:28:11.076,417.3929394724746,11
2024-09-18 11:28:11.188,417.4080359981699,8
2024-09-18 11:28:11.351,417.40467587735,96
2024-09-18 11:28:11.368,417.40575395088285,998
2024-09-18 11:28:11.377,41.74247564342062,6
2024-09-18 11:28:11.474,417.4219607287765,997
2024-09-18 11:28:11.504,417.42095360378136,5
2024-09-18 11:28:11.531,417.4148849052242,1002
2024-09-18 11:28:11.571,,12
2024-09-18 11:28:11.689,417.43609950022073,102
2024-09-18 11:28:11.880,417.4119329532893,99
2024-09-18 11:28:11.939,417.4094381197087,7
2024-09-18 11:28:11.961,417.4071757235402,98
2024-09-18 11:28:12.407,417.4083915915224,10
2024-09-18 11:28:12.425,417.4184612080647,15
2024-09-18 11:28:12.627,417.4316145369565,7
2024-09-18 11:28:12.690,417.4070438839609,9
2024-09-18 11:28:12.770,417.4352256231589,1003
2024-09-18 11:28:12.820,417.4075093463491,6
2024-09-18 11:28:12.884,417.4328111773098,12
2024-09-18 11:28:12.946,417.4207256725063,13
2024-09-18 11:28:12.957,417.4456184283698,14
2024-09-18 11:28:13.056,417.4397195554598,1002
2024-09-18 11:28:13.167,417.4330031140229,13
2024-09-18 11:28:13.179,417.4439906263823,102
2024-09-18 11:28:13.283,417.4471651961389,11
2024-09-18 11:28:13.556,417.4750643343776,104
2024-09-18 11:28:13.560,417.4554499469271,10
2024-09-18 11:28:13.649,417.4430722519807,10
2024-09-18 11:28:13.731,417.4470147251861,97
2024-09-18 11:28:13.905,417.43657167258016,8
2024-09-18 11:28:13.999,417.4414603730198,14
2024-09-18 11:28:14.069,417.4693815562448,12
2024-09-18 11:28:14.206,417.48149721991024,996
2024-09-18 11:28:14.231,417.4784119911029,105
2024-09-18 11:28:14.240,417.4693110618592,99
2024-09-18 11:28:14.259,417.4656309162736,1001
2024-09-18 11:28:14.282,417.4691735581899,10
2024-09-18 11:28:14.354,417.4855091779099,13
2024-09-18 11:28:14.379,417.4679495801015,99
2024-09-18 11:28:14.394,417.4744251210216,105
2024-09-18 11:28:14.416,417.4922740269252,99
2024-09-18 11:28:14.578,417.4749854915313,96
2024-09-18 11:28:14.689,417.4596581171252,99
2024-09-18 11:28:14.744,417.4718425010653,102
2024-09-18 11:28:14.806,417.4925350151179,999
2024-09-18 11:28:14.880,417.4716348445433,7
2024-09-18 11:28:14.890,417.4717369482776,7
2024-09-18 11:28:14.902,417.4697785046433,8
2024-09-18 11:28:14.976,417.4636094906886,999
2024-09-18 11:28:15.016,417.4458205889877,1005
2024-09-18 11:28:15.109,417.4208759051145,1003
2024-09-18 11:28:15.232,417.4716649049004,14
2024-09-18 11:28:15.245,417.473596301395,10
2024-09-18 11:28:15.311,417.4112781086013,105
2024-09-18 11:28:15.458,417.4802073175091,1003
2024-09-18 11:28:15.492,417.4319441787822,14
2024-09-18 11:28:15.531,417.50080480755554,105
2024-09-18 11:28:15.672,417.4151996383599,102
2024-09-18 11:28:15.678,417.4853034568985,997
2024-09-18 11:28:15.686,417.4821590074607,95
2024-09-18 11:28:15.742,417.4315925579096,999
2024-09-18 11:28:15.860,417.4685958837128,15
2024-09-18 11:28:15.913,417.4401998337619,13
2024-09-18 11:28:15.952,417.42546211453697,99
2024-09-18 11:28:16.076,417.3985610283193,95
2024-09-18 11:28:16.086,417.4028479306261,103
2024-09-18 11:28:16.152,417.4013008298876,998
2024-09-18 11:28:16.394,417.401613341314,5
2024-09-18 11:28:16.399,417.4100897503051,8
2024-09-18 11:28:16.425,417.3945675508695,6
2024-09-18 11:28:16.475,417.40817256006153,105
2024-09-18 11:28:16.488,417.40570073038685,14
2024-09-18 11:28:16.504,417.4165098588561,14
2024-09-18 11:28:16.899,417.3939285842422,1000
2024-09-18 11:28:16.992,417.3924002961572,1000
2024-09-18 11:28:17.419,417.3751421258968,98
2024-09-18 11:28:18.192,417.4115267709713,1004
2024-09-18 11:28:18.225,417.3761983266157,1001
2024-09-18 11:28:18.356,417.39096644231256,97
2024-09-18 11:28:18.509,417.37631881990177,10
2024-09-18 11:28:18.552,417.3702056852763,7
2024-09-18 11:28:18.740,417.3885899290692,1002
2024-09-18 11:28:18.829,417.4026174168149,104
2024-09-18 11:28:18.860,417.407495054925,96
2024-09-18 11:28:18.905,417.4135837921716,1005
2024-09-18 11:28:18.960,417.40835270219065,995
2024-09-18 11:28:19.119,417.4478606858008,996
2024-09-18 11:28:19.174,,8
2024-09-18 11:28:19.180,417.4835988638961,5
2024-09-18 11:28:19.204,417.439785104278,12
2024-09-18 11:28:19.239,417.4491779089721,996
2024-09-18 11:28:19.286,417.4534731210116,103
2024-09-18 11:28:19.325,417.4505656961966,999
2024-09-18 11:28:19.336,417.4670575197619,95
2024-09-18 11:28:19.370,417.4526533546341,100
2024-09-18 11:28:19.439,417.465674131637,101
2024-09-18 11:28:19.461,417.4428952981671,9
2024-09-18 11:28:19.553,417.459840988641,998
2024-09-18 11:28:19.627,417.4658177455714,9
2024-09-18 11:28:19.741,417.4726326462901,97
2024-09-18 11:28:19.758,417.44568629193606,104
2024-09-18 11:28:19.831,417.4360134594359,995
2024-09-18 11:28:19.859,417.4035657050971,1005
2024-09-18 11:28:19.909,417.4671301574976,997
2024-09-18 11:28:19.945,417.4580839248954,996
2024-09-18 11:28:19.979,417.4516157519061,1005
2024-09-18 11:28:19.999,417.4082078807136,13
2024-09-18 11:28:20.084,-417.4655349028782,1002
2024-09-18 11:28:20.086,417.48064219554936,999
2024-09-18 11:28:20.087,417.51311622806674,1004
2024-09-18 11:28:20.189,417.4692447501776,11
2024-09-18 11:28:20.205,417.49942111879136,9
2024-09-18 11:28:20.215,417.5036603401388,104
2024-09-18 11:28:20.253,417.48634141016674,102
2024-09-18 11:28:20.273,417.4869006093717,96
2024-09-18 11:28:20.333,417.4878331302328,7
2024-09-18 11:28:20.338,417.4677021008366,97
2024-09-18 11:28:20.345,417.4975387450895,96
2024-09-18 11:28:20.368,417.50383732399325,9
2024-09-18 11:28:20.402,417.483349939834,96
2024-09-18 11:28:20.498,417.5019739974657,1003
2024-09-18 11:28:20.609,417.4587697734778,996
2024-09-18 11:28:20.628,417.5088898658906,1004
2024-09-18 11:28:20.684,417.4590742013543,1003
2024-09-18 11:28:20.718,417.474401593905,14
2024-09-18 11:28:20.785,417.51108525039257,6
2024-09-18 11:28:20.813,417.4909625056374,13
2024-09-18 11:28:20.871,417.4910680062858,13
2024-09-18 11:28:20.902,417.4781161210873,101
2024-09-18 11:28:20.906,417.4857798204641,100
2024-09-18 11:28:20.916,417.4720942504329,98
2024-09-18 11:28:20.936,417.50112633793685,5
2024-09-18 11:28:22.027,417.4843616340783,9
2024-09-18 11:28:22.056,417.3475773467434,8
2024-09-18 11:28:22.124,417.4689655663976,103
2024-09-18 11:28:22.134,417.48142759339385,100
2024-09-18 11:28:22.151,417.4476433474702,1005
2024-09-18 11:28:22.155,417.38849747236605,9
2024-09-18 11:28:22.236,417.3649338674389,99
2024-09-18 11:28:22.244,417.3432390421589,1002
2024-09-18 11:28:22.314,417.3740740440338,996
2024-09-18 11:28:22.330,417.48063998252337,102
2024-09-18 11:28:22.409,417.41118295976014,996
2024-09-18 11:28:22.423,417.3900254067115,8
2024-09-18 11:28:22.498,417.365874539539,102
2024-09-18 11:28:22.550,417.4590194950875,9
2024-09-18 11:28:22.602,417.34391559075806,96
2024-09-18 11:28:22.651,417.4775476883116,1003
2024-09-18 11:28:22.670,417.3395813199792,6
2024-09-18 11:28:22.671,417.4899708793143,6
2024-09-18 11:28:22.716,417.4211350034628,1002
2024-09-18 11:28:22.810,417.362553659087,999
2024-09-18 11:28:22.912,417.4815827205793,97
2024-09-18 11:28:22.936,417.3731004425716,99
2024-09-18 11:28:22.950,417.4416951372127,101
2024-09-18 11:28:23.212,417.31665583567246,105
2024-09-18 11:28:23.334,417.3115826084491,1001
2024-09-18 11:28:23.562,417.3166587517687,998
2024-09-18 11:28:23.572,417.342859933116,7
2024-09-18 11:28:24.003,417.33217217661473,97
2024-09-18 11:28:24.054,417.3356166110362,97
2024-09-18 11:28:24.064,417.30624310285936,9
2024-09-18 11:28:24.069,417.3437856058824,1005
2024-09-18 11:28:24.073,417.3626442582277,95
2024-09-18 11:28:24.143,417.36646053951705,6
2024-09-18 11:28:24.184,417.3062130753155,998
2024-09-18 11:28:24.225,417.3166627683383,15
2024-09-18 11:28:24.357,417.2935986331239,10
2024-09-18 11:28:24.398,417.3299387363069,999
2024-09-18 11:28:24.491,417.3180353912941,6
2024-09-18 11:28:24.517,417.3111512055807,99
2024-09-18 11:28:24.533,,6
2024-09-18 11:28:24.535,417.33174744607305,105
2024-09-18 11:28:24.655,417.3790660457879,999
2024-09-18 11:28:24.745,417.3565946883968,1002
2024-09-18 11:28:24.823,417.33384411242855,100
2024-09-18 11:28:24.835,417.306874637561,101
2024-09-18 11:28:24.868,417.3698967259091,101
2024-09-18 11:28:24.900,417.3064798282241,995
2024-09-18 11:28:25.013,417.3569517893925,8
2024-09-18 11:28:25.139,417.3746449326165,996
2024-09-18 11:28:25.178,417.3585600848964,1005
2024-09-18 11:28:25.211,417.3731874577321,103
2024-09-18 11:28:25.217,417.3612540340308,1003
2024-09-18 11:28:25.444,417.3455731949072,99
2024-09-18 11:28:25.474,417.3571145599566,105
2024-09-18 11:28:25.551,417.38425498095074,997
2024-09-18 11:28:25.637,417.3474305948374,5
2024-09-18 11:28:25.709,417.3692897430943,1003
2024-09-18 11:28:25.889,417.35021571122496,14
2024-09-18 11:28:25.957,417.3555551863536,12
2024-09-18 11:28:25.998,417.34855050819584,995
2024-09-18 11:28:26.082,417.39016700589696,6
2024-09-18 11:28:26.172,417.3716583197902,999
2024-09-18 11:28:26.227,41.74023144750579,997
2024-09-18 11:28:26.277,417.36991535244505,998
2024-09-18 11:28:26.407,417.3801155509554,998
2024-09-18 11:28:26.448,417.35653405553217,95
2024-09-18 11:28:26.450,417.3508685451572,6
2024-09-18 11:28:26.457,417.382120444726,1002
2024-09-18 11:28:26.468,417.3490046560452,997
2024-09-18 11:28:26.526,417.3692247666397,14
2024-09-18 11:28:26.636,417.2718111323404,13
2024-09-18 11:28:26.764,417.27799503370414,8
2024-09-18 11:28:26.812,417.3246078911201,1002
2024-09-18 11:28:26.813,417.3776312766552,1000
2024-09-18 11:28:26.860,417.3903294734581,104
2024-09-18 11:28:26.896,417.3720317519065,102
2024-09-18 11:28:26.948,417.3045255801285,997
2024-09-18 11:28:27.160,417.3272787629471,1002
2024-09-18 11:28:27.236,417.3131353877913,1002
2024-09-18 11:28:27.575,417.3167626897138,1000
2024-09-18 11:28:27.636,417.3269591526011,6
2024-09-18 11:28:27.808,417.3104136037484,1005
2024-09-18 11:28:27.991,417.2915915897932,997
2024-09-18 11:28:28.420,417.349000094326,1000
2024-09-18 11:28:28.473,417.33602444935343,15
2024-09-18 11:28:28.904,417.3391376831689,997
2024-09-18 11:28:28.922,417.34102609561353,102
2024-09-18 11:28:29.024,417.3506526657167,15
2024-09-18 11:28:29.134,417.3375033795412,102
2024-09-18 11:28:29.143,417.37371411212007,103
2024-09-18 11:28:29.568,417.34515754940486,1005
2024-09-18 11:28:29.647,417.3594409711382,1002
2024-09-18 11:28:29.710,417.3514442308329,5
2024-09-18 11:28:29.812,417.3387360533319,1000
2024-09-18 11:28:30.048,417.3437469272648,1002
2024-09-18 11:28:30.082,417.3806380857896,1002
2024-09-18 11:28:30.111,417.3697672090765,8
2024-09-18 11:28:30.182,417.3732716022688,101
2024-09-18 11:28:30.194,417.3562007919396,11
2024-09-18 11:28:30.201,417.3557359489415,100
2024-09-18 11:28:30.223,417.303958810297,998
2024-09-18 11:28:30.240,417.3388937656205,100
2024-09-18 11:28:30.305,417.33741902846975,105
2024-09-18 11:28:30.356,417.33175344119593,96
2024-09-18 11:28:30.362,417.3467993603084,1001
2024-09-18 11:28:30.372,417.3440561165961,1001
2024-09-18 11:28:30.525,417.33169182835735,11
2024-09-18 11:28:30.557,,1004
2024-09-18 11:28:30.588,417.3696301753293,996
2024-09-18 11:28:30.611,417.3173561428397,1003
2024-09-18 11:28:30.664,417.3373376834157,12
2024-09-18 11:28:30.722,417.3539616371468,12
2024-09-18 11:28:30.853,417.3294953483492,8
2024-09-18 11:28:30.959,417.3814719288909,998
2024-09-18 11:28:31.010,417.2725475903631,99
2024-09-18 11:28:31.110,417.2875940046157,105
2024-09-18 11:28:31.119,417.290302351219,12
2024-09-18 11:28:31.513,417.30683491746703,105
2024-09-18 11:28:31.535,417.2951915964516,14
2024-09-18 11:28:31.557,417.2676755432561,998
2024-09-18 11:28:31.646,417.3172387084474,102
2024-09-18 11:28:31.689,41.72715477162694,995
2024-09-18 11:28:31.749,417.2822164794427,103
2024-09-18 11:28:31.815,417.29177422786313,6
2024-09-18 11:28:31.845,417.3138171032765,1002
2024-09-18 11:28:31.867,417.2580277481176,98
2024-09-18 11:28:31.969,417.31392385479495,995
2024-09-18 11:28:32.019,417.2065946533647,998
2024-09-18 11:28:32.074,417.233784709099,995
2024-09-18 11:28:32.113,417.1998631107359,5
2024-09-18 11:28:32.131,417.20265532025934,11
2024-09-18 11:28:32.204,417.2199771957134,6
2024-09-18 11:28:32.265,417.2591216589512,1000
2024-09-18 11:28:32.281,417.1966625137287,5
2024-09-18 11:28:32.290,417.28406124768907,999
2024-09-18 11:28:32.291,417.2928840046798,13
2024-09-18 11:28:32.374,417.20540665600646,1000
2024-09-18 11:28:32.396,417.2813649778937,101
2024-09-18 11:28:32.399,417.22431842617465,1000
2024-09-18 11:28:32.480,417.1928800288135,12
2024-09-18 11:28:32.490,417.1651662184777,100
2024-09-18 11:28:32.537,417.2851320515686,104
2024-09-18 11:28:32.543,417.1611461243748,10
2024-09-18 11:28:32.598,417.1855921984933,95
2024-09-18 11:28:32.622,417.2627578254092,7
2024-09-18 11:28:32.704,417.2453714665381,105
2024-09-18 11:28:32.758,,7
2024-09-18 11:28:32.887,417.1823893812099,998
2024-09-18 11:28:32.932,41.726892593538125,14
2024-09-18 11:28:32.940,417.2013240048185,1002
2024-09-18 11:28:32.992,417.2235290122011,12
2024-09-18 11:28:33.328,417.168748083648,97
2024-09-18 11:28:33.371,417.1767345412651,101
2024-09-18 11:28:33.971,417.1692647499192,15
2024-09-18 11:28:33.989,417.1693946898301,13
2024-09-18 11:28:34.208,417.1384415922325,9
2024-09-18 11:28:34.209,417.09756856860974,95
2024-09-18 11:28:34.264,417.1508338642467,100
2024-09-18 11:28:34.412,417.1143301777519,98
2024-09-18 11:28:34.420,417.1418854628282,997
2024-09-18 11:28:34.451,417.12823437423054,7
2024-09-18 11:28:34.499,,1002
2024-09-18 11:28:34.551,417.126985378944,1000
2024-09-18 11:28:34.566,417.1391614485137,102
2024-09-18 11:28:34.619,417.119114721624,103
2024-09-18 11:28:34.656,417.1143381159705,7
2024-09-18 11:28:34.938,417.1227710838978,998
2024-09-18 11:28:35.096,417.0887068663258,104
2024-09-18 11:28:35.134,417.0664984120141,13
2024-09-18 11:28:35.276,416.95613635244126,102
2024-09-18 11:28:35.366,417.0993855700685,1003
2024-09-18 11:28:35.374,417.1244312025999,101
2024-09-18 11:28:35.452,417.0961880439141,12
2024-09-18 11:28:35.509,417.1171357875775,1000
2024-09-18 11:28:35.515,417.0251038347485,10
2024-09-18 11:28:35.563,417.0047454911045,1003
2024-09-18 11:28:35.591,416.9715777134069,1002
2024-09-18 11:28:35.614,417.1165085131869,97
2024-09-18 11:28:35.628,417.02691910782846,6
2024-09-18 11:28:35.705,417.107140748546,95
2024-09-18 11:28:35.769,417.0801895742192,11
2024-09-18 11:28:35.801,417.0876917036068,8
2024-09-18 11:28:35.822,417.1078336412834,13
2024-09-18 11:28:35.832,417.10399390143743,98
2024-09-18 11:28:35.999,417.1086167068179,14
2024-09-18 11:28:36.016,,1002
2024-09-18 11:28:36.052,416.89734288639,995
2024-09-18 11:28:36.106,416.9456591266685,12
2024-09-18 11:28:36.174,416.9008324553927,99
2024-09-18 11:28:36.197,416.9572487598185,96
2024-09-18 11:28:36.230,416.9523598075794,99
2024-09-18 11:28:36.235,416.9356306489673,99
2024-09-18 11:28:36.235,416.9345770115408,9
2024-09-18 11:28:36.274,416.92385474731714,9
2024-09-18 11:28:36.304,416.8969340027516,12
2024-09-18 11:28:36.308,416.97545163635937,101
2024-09-18 11:28:36.426,416.9684695842114,11
2024-09-18 11:28:36.458,416.9411137116944,10
2024-09-18 11:28:36.487,416.969405326088,1003
2024-09-18 11:28:36.493,416.9403636313081,1002
2024-09-18 11:28:36.499,416.93827097904506,97
2024-09-18 11:28:36.521,416.9408759608933,999
2024-09-18 11:28:36.561,416.94056097380536,1002
2024-09-18 11:28:36.619,416.9776045949026,13
2024-09-18 11:28:36.666,416.995603788809,97
2024-09-18 11:28:36.763,416.9350850518171,99
2024-09-18 11:28:36.789,416.8883481443609,96
2024-09-18 11:28:36.847,416.9104591505973,10
2024-09-18 11:28:36.884,416.9453522242424,996
2024-09-18 11:28:36.933,416.9480876265761,1002
2024-09-18 11:28:36.935,416.9838753516191,1000
2024-09-18 11:28:36.995,416.9192567740243,14
2024-09-18 11:28:36.998,416.92349625873806,6
2024-09-18 11:28:37.724,416.9350964798324,13
2024-09-18 11:28:38.103,416.9626469967589,5
2024-09-18 11:28:38.139,416.9676842662837,97
2024-09-18 11:28:38.566,416.9820643414919,102
2024-09-18 11:28:38.785,416.9619990902447,105
2024-09-18 11:28:39.000,417.0238238203,99
2024-09-18 11:28:39.104,417.09677900025054,998
2024-09-18 11:28:39.156,41.697558862670434,95
2024-09-18 11:28:39.175,417.08596366210514,99
2024-09-18 11:28:39.248,417.06509224461416,1005
2024-09-18 11:28:39.286,417.0612832159245,7
2024-09-18 11:28:39.332,417.0665063736885,102
2024-09-18 11:28:39.364,417.0892653574557,7
2024-09-18 11:28:39.393,417.0534963694146,14
2024-09-18 11:28:39.423,417.0493769567991,104
2024-09-18 11:28:39.450,416.9976570191431,999
2024-09-18 11:28:39.470,41.70949362665268,1005
2024-09-18 11:28:39.514,417.097774904445,997
2024-09-18 11:28:39.613,417.05807144295466,998
2024-09-18 11:28:39.616,417.033395375952,10
2024-09-18 11:28:39.723,416.9717690596392,1003
2024-09-18 11:28:39.725,417.0060535338978,997
2024-09-18 11:28:39.844,417.0575001422681,103
2024-09-18 11:28:39.877,417.0759023940365,13
2024-09-18 11:28:39.894,417.0638935356122,8
2024-09-18 11:28:39.907,417.0056925913445,95
2024-09-18 11:28:39.938,417.0106388930752,103
2024-09-18 11:28:39.941,417.0646332527618,1000
2024-09-18 11:28:39.955,417.0806937277078,1002
2024-09-18 11:28:39.957,417.0050642645524,1000
2024-09-18 11:28:40.050,417.0537481242425,1003
2024-09-18 11:28:40.055,417.0638751390266,101
2024-09-18 11:28:40.058,417.0950733315058,95
2024-09-18 11:28:40.100,417.0955119879666,101
2024-09-18 11:28:40.115,417.065198619348,97
2024-09-18 11:28:40.147,417.0499980490053,5
2024-09-18 11:28:40.151,417.108474269804,13
2024-09-18 11:28:40.168,417.0423408637549,9
2024-09-18 11:28:40.171,417.10188437378594,999
2024-09-18 11:28:40.216,417.1027637381063,101
2024-09-18 11:28:40.253,417.0500324954501,104
2024-09-18 11:28:40.263,417.0620977470317,97
2024-09-18 11:28:40.274,417.0573547097417,1004
2024-09-18 11:28:40.305,417.1276356202227,99
2024-09-18 11:28:40.309,417.06924167455225,1004
2024-09-18 11:28:40.315,417.05202420024,1005
2024-09-18 11:28:40.351,417.041295948834,1001
2024-09-18 11:28:40.352,417.0464149485882,105
2024-09-18 11:28:40.370,417.0499330815137,1005
2024-09-18 11:28:40.474,417.0492448796052,999
2024-09-18 11:28:40.482,417.11198520186446,1002
2024-09-18 11:28:40.546,417.0486157093141,1003
2024-09-18 11:28:40.551,417.0510578776237,11
2024-09-18 11:28:40.554,417.0776563527025,12
2024-09-18 11:28:40.629,417.08206910058095,1002
2024-09-18 11:28:40.708,417.0601353114332,6
2024-09-18 11:28:40.838,417.0807416693363,8
2024-09-18 11:28:40.938,417.0747891060372,13
2024-09-18 11:28:41.000,417.0413407756241,11
2024-09-18 11:28:41.027,417.027576675399,12
2024-09-18 11:28:41.086,417.034447774428,100
2024-09-18 11:28:41.116,417.0475636815327,97
2024-09-18 11:28:41.148,417.0526487427229,1004
2024-09-18 11:28:41.159,417.05524131906526,6
2024-09-18 11:28:41.222,417.04309392581047,7
2024-09-18 11:28:41.223,417.0671891903354,102
2024-09-18 11:28:41.329,417.01217098837816,5
2024-09-18 11:28:41.495,417.0394618268682,99
2024-09-18 11:28:41.504,417.0475400964485,1000
2024-09-18 11:28:41.554,417.0039007358433,1005
2024-09-18 11:28:41.558,41.699160373173946,15
2024-09-18 11:28:41.567,417.037147926614,1001
2024-09-18 11:28:41.639,417.0341490865633,15
2024-09-18 11:28:41.740,417.03113782591385,996
2024-09-18 11:28:41.764,417.0053533309663,11
2024-09-18 11:28:41.795,417.0478846140669,98
2024-09-18 11:28:41.808,417.017133516844,1001
2024-09-18 11:28:41.813,417.0245675432859,105
2024-09-18 11:28:41.825,417.0404677991056,1004
2024-09-18 11:28:41.849,417.0389136915052,11
2024-09-18 11:28:41.889,417.055807049582,98
2024-09-18 11:28:41.936,417.0036897493876,97
2024-09-18 11:28:41.989,417.051059398229,1004
2024-09-18 11:28:42.040,417.0441375452784,999
2024-09-18 11:28:42.348,417.064005705263,5
2024-09-18 11:28:42.521,417.040263672753,995
2024-09-18 11:28:42.704,417.0577374539291,13
2024-09-18 11:28:43.336,417.0379877438944,100
2024-09-18 11:28:43.403,417.0386975372282,13
2024-09-18 11:28:43.782,417.0542576871288,999
2024-09-18 11:28:43.851,417.0630120909366,997
2024-09-18 11:28:43.879,417.02997070784295,9
2024-09-18 11:28:44.131,417.1001587853993,5
2024-09-18 11:28:44.202,417.1242278669045,998
2024-09-18 11:28:44.327,417.1307884169313,12
2024-09-18 11:28:44.359,417.11687721933873,5
2024-09-18 11:28:44.374,417.11826490434873,98
2024-09-18 11:28:44.425,417.0352937864138,1004
2024-09-18 11:28:44.464,417.1045958028135,15
2024-09-18 11:28:44.483,417.0597818665677,10
2024-09-18 11:28:44.487,417.0667487718535,15
2024-09-18 11:28:44.537,417.1010836627742,6
2024-09-18 11:28:44.658,417.0541651716599,95
2024-09-18 11:28:44.661,417.1217681733129,10
2024-09-18 11:28:44.748,417.04926008156,8
2024-09-18 11:28:44.868,417.0821457326508,997
2024-09-18 11:28:44.991,417.1114753131972,12
2024-09-18 11:28:45.805,417.0901042327543,1000
2024-09-18 11:28:46.059,417.1256283515896,1005
2024-09-18 11:28:46.424,417.1424273528603,14
2024-09-18 11:28:46.575,417.11720858210725,8
2024-09-18 11:28:46.654,417.0894751535853,95
2024-09-18 11:28:47.060,417.1212120444624,7
2024-09-18 11:28:47.088,417.1323974521722,8
2024-09-18 11:28:47.167,417.1009429329792,100
2024-09-18 11:28:47.407,417.1401569846707,96
2024-09-18 11:28:47.449,417.13879634816016,1000
2024-09-18 11:28:47.463,417.1665024435569,996
2024-09-18 11:28:47.481,417.09523792223575,1003
2024-09-18 11:28:47.484,417.1292925254356,12
2024-09-18 11:28:47.512,417.0980757101929,103
2024-09-18 11:28:47.516,417.1335637279329,1003
2024-09-18 11:28:47.609,417.1197229626832,999
2024-09-18 11:28:47.690,417.0978053692276,14
2024-09-18 11:28:47.749,,105
2024-09-18 11:28:47.945,417.1147759266608,104
2024-09-18 11:28:49.031,416.9778551669953,102
2024-09-18 11:28:49.161,417.0896189337931,7
2024-09-18 11:28:49.192,,9
2024-09-18 11:28:49.265,416.9490349044886,100
2024-09-18 11:28:49.266,417.05361672465295,1000
2024-09-18 11:28:49.287,417.05606278630216,14
2024-09-18 11:28:49.432,417.0230195317543,8
2024-09-18 11:28:49.481,417.0314862480597,102
2024-09-18 11:28:49.520,417.087023718136,99
2024-09-18 11:28:49.589,416.9908487578907,1001
2024-09-18 11:28:49.658,416.96314811784174,11
2024-09-18 11:28:49.688,417.0976839286191,999
2024-09-18 11:28:49.724,417.07280491784553,9
2024-09-18 11:28:49.786,417.0938622108066,12
2024-09-18 11:28:49.819,416.930676713724,100
2024-09-18 11:28:49.867,417.0586365354456,100
2024-09-18 11:28:49.896,417.0991776082987,102
2024-09-18 11:28:50.189,416.95122841704097,96
2024-09-18 11:28:50.440,416.9457909227738,8
2024-09-18 11:28:51.028,416.85851966793234,12
2024-09-18 11:28:51.065,416.9138400895261,997
2024-09-18 11:28:51.214,416.87694272878633,15
2024-09-18 11:28:51.236,416.9531083859764,7
2024-09-18 11:28:51.242,416.86604869325566,8
2024-09-18 11:28:51.272,416.8817767645242,98
2024-09-18 11:28:51.417,416.9292972707892,11
2024-09-18 11:28:51.526,416.9273564471392,1003
2024-09-18 11:28:51.530,416.9217873624536,99
2024-09-18 11:28:51.544,416.9190433728165,98
2024-09-18 11:28:51.549,416.90715975553593,11
2024-09-18 11:28:51.578,416.91251391765786,996
2024-09-18 11:28:51.654,416.9355859686931,1001
2024-09-18 11:28:51.745,416.88985521276624,12
2024-09-18 11:28:51.749,416.9200496246679,14
2024-09-18 11:28:51.792,416.8706572781479,97
2024-09-18 11:28:51.957,-416.9198125365447,96
2024-09-18 11:28:52.102,416.8302298670704,99
2024-09-18 11:28:52.110,416.8069852328518,997
2024-09-18 11:28:52.262,41.68210561128497,100
2024-09-18 11:28:52.501,416.8165578858851,6
2024-09-18 11:28:52.541,416.804031174789,95
2024-09-18 11:28:52.610,416.82541793101547,1005
2024-09-18 11:28:52.652,416.8294060319882,999
2024-09-18 11:28:52.714,416.8283258065457,103
2024-09-18 11:28:52.769,416.8276455343029,1004
2024-09-18 11:28:52.821,416.8308174833231,1003
2024-09-18 11:28:52.856,416.80343994446537,95
2024-09-18 11:28:52.865,416.8065441358301,995
2024-09-18 11:28:52.874,416.8132080130142,996
2024-09-18 11:28:52.996,416.79972961886966,1001
2024-09-18 11:28:53.625,416.8186585768906,11
2024-09-18 11:28:53.720,416.8227171630167,10
2024-09-18 11:28:54.026,416.8421170230513,6
2024-09-18 11:28:54.198,416.8114574448064,11
2024-09-18 11:28:54.397,416.8246552761192,5
2024-09-18 11:28:54.785,416.82023813876526,11
2024-09-18 11:28:54.811,416.8381198065831,98
2024-09-18 11:28:54.902,416.81211949898994,14
2024-09-18 11:28:54.929,416.8181332328929,8
2024-09-18 11:28:55.004,416.8376513389266,101
2024-09-18 11:28:55.045,416.8391368094604,11
2024-09-18 11:28:55.058,416.8254423339928,101
2024-09-18 11:28:55.168,416.8503396437273,100
2024-09-18 11:28:55.212,416.8547440646492,98
2024-09-18 11:28:55.372,416.83618959618514,97
2024-09-18 11:28:55.399,416.86020879140153,9
2024-09-18 11:28:55.551,416.8356795562688,997
2024-09-18 11:28:55.590,416.84754476422165,1005
2024-09-18 11:28:55.606,416.83360279267407,1004
2024-09-18 11:28:55.627,416.8372254080708,98
2024-09-18 11:28:55.643,416.83662688915615,95
2024-09-18 11:28:55.866,416.83321089741634,100
2024-09-18 11:28:55.939,416.8271304251526,11
2024-09-18 11:28:57.002,416.80849198080585,1004
2024-09-18 11:28:57.175,416.8344879083883,5
2024-09-18 11:28:57.344,416.794019490387,995
2024-09-18 11:28:57.787,416.8157978063952,11
2024-09-18 11:28:58.017,416.7223765252803,14
2024-09-18 11:28:58.027,416.7578195978026,996
2024-09-18 11:28:58.090,416.739926320328,14
2024-09-18 11:28:58.134,416.75251031710354,100
2024-09-18 11:28:58.159,416.7554128009794,999
2024-09-18 11:28:58.165,416.754257783816,105
2024-09-18 11:28:58.300,416.7613827889008,1002
2024-09-18 11:28:58.343,416.7323817222847,12
2024-09-18 11:28:58.477,41.67189052196142,7
2024-09-18 11:28:58.483,416.7464007543192,999
2024-09-18 11:28:58.545,416.7628712487503,10
2024-09-18 11:28:58.615,416.7482315129051,99
2024-09-18 11:28:58.653,416.77285806009104,105
2024-09-18 11:28:58.683,416.7485385924466,95
2024-09-18 11:28:58.692,416.75779910021055,1002
2024-09-18 11:28:58.708,416.74897626601336,96
2024-09-18 11:28:58.795,416.75460278394416,100
2024-09-18 11:28:58.865,416.764726268164,96
2024-09-18 11:28:58.878,416.7832671735994,103
2024-09-18 11:28:58.891,416.7531946211257,97
2024-09-18 11:28:58.993,416.75502340118095,995
2024-09-18 11:28:59.096,416.725946495984,1001
2024-09-18 11:28:59.184,416.7285248462558,6
2024-09-18 11:28:59.195,416.732668072089,995
2024-09-18 11:28:59.210,416.7327917762433,999
2024-09-18 11:28:59.320,416.717032783034,997
2024-09-18 11:28:59.408,416.7343294796883,13
2024-09-18 11:28:59.413,416.72194868858713,103
2024-09-18 11:28:59.518,416.7317992582373,995
2024-09-18 11:28:59.528,416.738637039513,11
2024-09-18 11:28:59.688,416.73821677775067,997
2024-09-18 11:28:59.702,416.7255764172973,98
2024-09-18 11:28:59.710,416.7317489217632,100
2024-09-18 11:28:59.741,416.72390556494304,98
2024-09-18 11:28:59.814,416.72776894968,101
2024-09-18 11:28:59.916,416.7353709720744,1004
2024-09-18 11:28:59.972,416.7573382488621,1002
