Timestamp,Price,Size
2024-09-19 10:25:00.003,419.79673126582514,999
2024-09-19 10:25:00.004,419.79847665442304,15
2024-09-19 10:25:00.017,419.854900506998,99
2024-09-19 10:25:00.075,419.8131306583627,13
2024-09-19 10:25:00.088,419.8570866457441,996
2024-09-19 10:25:00.118,419.8358144031813,12
2024-09-19 10:25:00.122,419.82587490442063,100
2024-09-19 10:25:00.172,419.8042787356381,996
2024-09-19 10:25:00.186,419.85018341890185,14
2024-09-19 10:25:00.295,419.8091170969743,13
2024-09-19 10:25:00.326,419.8265152730904,6
2024-09-19 10:25:00.347,419.82421391928,105
2024-09-19 10:25:00.576,419.845798427308,996
2024-09-19 10:25:00.648,419.8401642808676,97
2024-09-19 10:25:00.658,419.8300748336917,5
2024-09-19 10:25:00.660,419.797023461258,15
2024-09-19 10:25:00.661,419.7926740151104,11
2024-09-19 10:25:00.746,419.85441257689513,98
2024-09-19 10:25:00.774,419.8413466378834,95
2024-09-19 10:25:00.778,419.8438020180956,99
2024-09-19 10:25:00.780,419.8268598486256,999
2024-09-19 10:25:00.885,419.8503694969424,104
2024-09-19 10:25:00.928,419.7971202841035,97
2024-09-19 10:25:00.937,419.83844288749833,98
2024-09-19 10:25:00.986,419.8077067231035,8
2024-09-19 10:25:01.104,419.7824055262467,5
2024-09-19 10:25:01.241,419.7054607760813,998
2024-09-19 10:25:01.272,419.7689639723358,1000
2024-09-19 10:25:01.448,419.7453456381882,98
2024-09-19 10:25:01.468,419.68240873754615,995
2024-09-19 10:25:01.594,419.7398089350166,1001
2024-09-19 10:25:01.602,419.69096934582495,13
2024-09-19 10:25:01.688,419.6947943920953,998
2024-09-19 10:25:01.772,419.7706271320645,6
2024-09-19 10:25:01.794,419.6859848438209,1000
2024-09-19 10:25:01.834,419.6900594090115,1004
2024-09-19 10:25:01.886,419.7400478326383,100
2024-09-19 10:25:01.978,419.67764524246974,1003
2024-09-19 10:25:01.988,419.7894963955009,1004
2024-09-19 10:25:02.107,419.6746360779529,9
2024-09-19 10:25:02.107,419.6958406248918,97
2024-09-19 10:25:02.213,419.6933638151433,95
2024-09-19 10:25:02.267,419.6644380499623,103
2024-09-19 10:25:02.338,419.6505104428387,13
2024-09-19 10:25:02.345,419.6744715691375,98
2024-09-19 10:25:02.377,419.6682359976375,99
2024-09-19 10:25:02.484,419.63295535151326,8
2024-09-19 10:25:02.495,419.6810506815877,999
2024-09-19 10:25:02.536,419.659134668373,998
2024-09-19 10:25:02.540,419.65413589771055,1001
2024-09-19 10:25:02.580,419.698336722265,996
2024-09-19 10:25:02.595,419.6507944269748,997
2024-09-19 10:25:02.629,419.660269432215,6
2024-09-19 10:25:02.666,419.68184396029295,101
2024-09-19 10:25:02.692,419.6795301825663,995
2024-09-19 10:25:02.739,419.68788149374376,5
2024-09-19 10:25:02.806,419.6201223518572,98
2024-09-19 10:25:02.807,419.6589284033871,97
2024-09-19 10:25:02.845,-419.6900982875193,103
2024-09-19 10:25:02.856,419.687260013704,1001
2024-09-19 10:25:02.886,419.6353963016804,5
2024-09-19 10:25:02.895,419.671306836206,100
2024-09-19 10:25:02.923,419.64300699525086,1004
2024-09-19 10:25:02.965,419.6602243211455,15
2024-09-19 10:25:03.025,419.6096328901257,998
2024-09-19 10:25:03.507,419.5921530159429,998
2024-09-19 10:25:03.652,419.6433864943889,102
2024-09-19 10:25:03.702,419.6278345127828,1000
2024-09-19 10:25:03.834,419.63010906802447,96
2024-09-19 10:25:03.848,419.6312411629662,999
2024-09-19 10:25:04.084,419.5877608266193,98
2024-09-19 10:25:04.087,419.60050291902576,996
2024-09-19 10:25:04.110,419.6256125436425,10
2024-09-19 10:25:04.142,419.6051338309635,1004
2024-09-19 10:25:04.357,419.59089210005374,104
2024-09-19 10:25:04.505,419.603260726994,14
2024-09-19 10:25:04.564,419.5881217854692,13
2024-09-19 10:25:04.649,419.5915751614193,999
2024-09-19 10:25:04.664,419.5989141480864,99
2024-09-19 10:25:04.703,419.6211305668914,98
2024-09-19 10:25:04.925,419.6224391156261,12
2024-09-19 10:25:04.965,419.6298058749513,13
2024-09-19 10:25:05.019,419.58207512603946,999
2024-09-19 10:25:05.052,419.58927039459496,997
2024-09-19 10:25:05.080,419.5451547229899,11
2024-09-19 10:25:05.091,419.5189701945196,100
2024-09-19 10:25:05.098,,96
2024-09-19 10:25:05.122,419.5870686123927,997
2024-09-19 10:25:05.264,419.523149432738,8
2024-09-19 10:25:05.282,419.558713886502,1005
2024-09-19 10:25:05.388,419.5854237022992,6
2024-09-19 10:25:05.511,419.5808624714954,1005
2024-09-19 10:25:05.527,419.5447737925792,105
2024-09-19 10:25:05.572,419.5275684503545,1002
2024-09-19 10:25:05.624,419.5209972081273,103
2024-09-19 10:25:05.710,419.5525599245987,6
2024-09-19 10:25:05.989,419.5029503977458,9
2024-09-19 10:25:06.133,419.5099825539,997
2024-09-19 10:25:06.212,419.5455530830938,97
2024-09-19 10:25:06.288,419.5236267178476,13
2024-09-19 10:25:06.318,419.5093038413622,9
2024-09-19 10:25:06.360,419.5383690904145,998
2024-09-19 10:25:06.361,419.533482878204,998
2024-09-19 10:25:06.443,419.5183443407533,1005
2024-09-19 10:25:06.598,419.5270056513306,998
2024-09-19 10:25:06.796,419.5088107346485,8
2024-09-19 10:25:06.834,419.554997346232,102
2024-09-19 10:25:06.967,419.5262777943617,1000
2024-09-19 10:25:06.986,419.5472495610355,11
2024-09-19 10:25:07.054,419.59091194000223,104
2024-09-19 10:25:07.151,419.5937342235717,10
2024-09-19 10:25:07.242,419.58788985882967,995
2024-09-19 10:25:07.321,419.5811345826999,98
2024-09-19 10:25:07.339,419.5807717834592,105
2024-09-19 10:25:07.376,419.6007908124682,97
2024-09-19 10:25:07.407,419.5607968666095,100
2024-09-19 10:25:07.427,419.5833660576113,12
2024-09-19 10:25:07.466,419.55968267359015,105
2024-09-19 10:25:07.478,419.57763738989945,97
2024-09-19 10:25:07.516,419.5902768990197,1004
2024-09-19 10:25:07.567,419.6005458496265,1005
2024-09-19 10:25:07.575,419.5942652654579,98
2024-09-19 10:25:07.581,419.5578351454807,102
2024-09-19 10:25:07.582,419.5725373067821,5
2024-09-19 10:25:07.602,419.596717678294,1002
2024-09-19 10:25:07.609,419.565258828296,996
2024-09-19 10:25:07.643,419.6111988010104,11
2024-09-19 10:25:07.653,419.5708233528324,11
2024-09-19 10:25:07.696,419.56931586750585,1005
2024-09-19 10:25:07.882,419.5877185881202,1003
2024-09-19 10:25:07.893,419.5955481634331,103
2024-09-19 10:25:07.907,419.5868793771494,100
2024-09-19 10:25:07.959,419.56784584737625,1001
2024-09-19 10:25:07.989,419.55905397086656,12
2024-09-19 10:25:08.132,419.59408671466775,97
2024-09-19 10:25:08.208,419.6292775581857,104
2024-09-19 10:25:08.278,419.626966397933,8
2024-09-19 10:25:08.343,419.6138360545774,8
2024-09-19 10:25:08.423,419.6056368543055,996
2024-09-19 10:25:08.503,419.606293025255,99
2024-09-19 10:25:08.554,419.6153666228699,6
2024-09-19 10:25:08.647,419.5993277002557,995
2024-09-19 10:25:08.770,419.5963485681358,101
2024-09-19 10:25:08.832,419.59438600798177,6
2024-09-19 10:25:08.900,419.6102287897647,105
2024-09-19 10:25:09.024,419.6462788041086,15
2024-09-19 10:25:09.071,419.6341688481066,997
2024-09-19 10:25:09.072,419.630221694506,998
2024-09-19 10:25:09.108,419.6229107506792,1005
2024-09-19 10:25:09.181,419.65691424805806,100
2024-09-19 10:25:09.247,419.6947673890604,7
2024-09-19 10:25:09.273,419.6414031475032,1003
2024-09-19 10:25:09.333,419.6675176508497,97
2024-09-19 10:25:09.335,419.63033633194806,1004
2024-09-19 10:25:09.373,419.6160042146196,98
2024-09-19 10:25:09.461,419.6349198229567,104
2024-09-19 10:25:09.530,419.623710942332,13
2024-09-19 10:25:09.730,419.6987107961573,11
2024-09-19 10:25:09.790,419.6226434777051,102
2024-09-19 10:25:09.865,419.6206086922747,5
2024-09-19 10:25:09.991,419.7014229343383,1004
2024-09-19 10:25:10.052,419.7541866050757,12
2024-09-19 10:25:10.085,419.7286092282193,99
2024-09-19 10:25:10.119,419.7148573590588,8
2024-09-19 10:25:10.235,419.6877534583663,96
2024-09-19 10:25:10.323,419.6762595233287,105
2024-09-19 10:25:10.388,419.68462759219983,998
2024-09-19 10:25:10.404,419.7527561562098,98
2024-09-19 10:25:10.500,419.7119714353658,96
2024-09-19 10:25:10.553,419.6894450915135,5
2024-09-19 10:25:10.744,419.7563404304457,9
2024-09-19 10:25:10.749,419.75819654462,105
2024-09-19 10:25:10.811,419.67683672514295,1005
2024-09-19 10:25:10.826,419.7764041238362,103
2024-09-19 10:25:10.841,419.7613083702753,100
2024-09-19 10:25:10.900,419.6864680507407,11
2024-09-19 10:25:10.920,419.7089617230833,100
2024-09-19 10:25:10.936,419.6928383933487,96
2024-09-19 10:25:10.951,419.75206829114416,998
2024-09-19 10:25:10.958,419.6854886101023,105
2024-09-19 10:25:10.963,419.7436828238838,104
2024-09-19 10:25:11.019,419.72989332585735,995
2024-09-19 10:25:11.054,419.7233703590479,13
2024-09-19 10:25:11.143,419.71998314575046,1001
2024-09-19 10:25:11.200,419.7519784025361,103
2024-09-19 10:25:11.377,419.732699280255,10
2024-09-19 10:25:11.444,419.7283202963863,5
2024-09-19 10:25:11.807,419.7382237821325,995
2024-09-19 10:25:11.856,419.7711305999864,15
2024-09-19 10:25:11.920,419.736218579957,995
2024-09-19 10:25:11.928,419.7404641663492,102
2024-09-19 10:25:12.049,419.7097767234655,6
2024-09-19 10:25:12.052,419.72488583726863,96
2024-09-19 10:25:12.094,419.7126909873182,1002
2024-09-19 10:25:12.175,419.71471128749727,11
2024-09-19 10:25:12.187,419.7359907375662,997
2024-09-19 10:25:12.209,419.7117861612921,9
2024-09-19 10:25:12.214,419.7056104442391,7
2024-09-19 10:25:12.355,419.66966934263183,5
2024-09-19 10:25:12.378,419.66364671852944,98
2024-09-19 10:25:12.381,419.7249337007528,105
2024-09-19 10:25:12.409,419.695029165616,97
2024-09-19 10:25:12.449,419.6878090581736,105
2024-09-19 10:25:12.556,419.7028471605855,1001
2024-09-19 10:25:12.590,419.7157626595297,6
2024-09-19 10:25:12.655,419.706724484216,8
2024-09-19 10:25:12.658,419.7091370694018,997
2024-09-19 10:25:12.672,419.7508841634607,11
2024-09-19 10:25:12.706,419.71610994433286,997
2024-09-19 10:25:12.926,419.6767298028874,5
2024-09-19 10:25:12.963,419.7165048236048,105
2024-09-19 10:25:12.975,419.68174353718064,15
2024-09-19 10:25:13.049,419.73391553601294,7
2024-09-19 10:25:13.054,419.7689985878998,999
2024-09-19 10:25:13.137,419.75547302007857,12
2024-09-19 10:25:13.202,419.7629684464963,998
2024-09-19 10:25:13.276,419.7628679334259,1001
2024-09-19 10:25:13.330,419.79486693875816,1003
2024-09-19 10:25:13.351,419.70476267125366,1000
2024-09-19 10:25:13.407,419.7372779750205,1003
2024-09-19 10:25:13.431,419.7491645392515,7
2024-09-19 10:25:13.545,419.7247547463926,9
2024-09-19 10:25:13.546,419.7752894138949,5
2024-09-19 10:25:13.564,419.7340117609331,7
2024-09-19 10:25:13.604,419.7219684903481,95
2024-09-19 10:25:13.782,419.6787258786812,995
2024-09-19 10:25:13.785,419.75143257864096,1002
2024-09-19 10:25:13.799,419.7499514505439,1003
2024-09-19 10:25:13.840,419.7885122823865,102
2024-09-19 10:25:13.841,419.7099144234007,999
2024-09-19 10:25:13.880,419.70477868932073,97
2024-09-19 10:25:13.892,419.7269755866873,100
2024-09-19 10:25:13.941,419.7381303033631,101
2024-09-19 10:25:13.952,419.7695959903551,103
2024-09-19 10:25:13.958,419.75346202312494,10
2024-09-19 10:25:13.961,419.7899044217561,6
2024-09-19 10:25:13.970,419.6903782423136,999
2024-09-19 10:25:14.129,419.76921718674726,103
2024-09-19 10:25:14.161,419.7793982713376,12
2024-09-19 10:25:14.202,419.7625975526197,6
2024-09-19 10:25:14.343,419.74279971420407,999
2024-09-19 10:25:14.573,419.7453515233776,13
2024-09-19 10:25:14.926,419.7681990021318,1003
2024-09-19 10:25:15.009,419.7624878362732,9
2024-09-19 10:25:15.074,419.8121437341336,15
2024-09-19 10:25:15.153,419.7886456423349,1004
2024-09-19 10:25:15.224,419.805618752809,8
2024-09-19 10:25:15.406,419.8201609926549,1000
2024-09-19 10:25:15.479,419.7669104432109,100
2024-09-19 10:25:15.492,419.7998173772676,996
2024-09-19 10:25:15.544,419.8163937195515,997
2024-09-19 10:25:15.561,419.7968430976065,100
2024-09-19 10:25:15.709,419.7688590502092,1000
2024-09-19 10:25:15.724,419.7688599042417,100
2024-09-19 10:25:15.887,419.7502826570338,14
2024-09-19 10:25:16.063,419.8336130155185,102
2024-09-19 10:25:16.119,419.8186379244096,996
2024-09-19 10:25:16.205,419.799958683068,8
2024-09-19 10:25:16.336,419.8184161011453,13
2024-09-19 10:25:16.397,419.80526123580495,997
2024-09-19 10:25:16.483,419.8116826291653,97
2024-09-19 10:25:16.504,419.8077424161565,1000
2024-09-19 10:25:16.798,419.8257762015799,1003
2024-09-19 10:25:16.855,419.8119563854199,103
2024-09-19 10:25:17.012,419.8282121914506,13
2024-09-19 10:25:17.028,419.8123960809886,1004
2024-09-19 10:25:17.043,419.81064440430345,11
2024-09-19 10:25:17.116,419.8095661645239,14
2024-09-19 10:25:17.232,419.81946668730666,8
2024-09-19 10:25:17.358,419.80659372735306,98
2024-09-19 10:25:17.415,419.8090507696629,998
2024-09-19 10:25:17.601,419.8451553479057,11
2024-09-19 10:25:17.951,419.8135522565981,7
2024-09-19 10:25:18.007,419.8422438610515,998
2024-09-19 10:25:18.277,419.8097447007801,101
2024-09-19 10:25:18.323,419.83275559712905,104
2024-09-19 10:25:18.533,419.80083711004806,1001
2024-09-19 10:25:18.539,419.8126051242354,102
2024-09-19 10:25:18.548,,1005
2024-09-19 10:25:18.629,419.845622583416,1002
2024-09-19 10:25:18.674,419.8019237970461,8
2024-09-19 10:25:18.714,419.8007315793941,8
2024-09-19 10:25:18.860,419.82540896317727,99
2024-09-19 10:25:18.873,419.8027984712166,1004
2024-09-19 10:25:18.943,419.8048639789234,997
2024-09-19 10:25:19.011,419.81850757512274,7
2024-09-19 10:25:19.196,419.84296484626987,13
2024-09-19 10:25:19.198,419.8667441899492,9
2024-09-19 10:25:19.216,419.8385846144022,9
2024-09-19 10:25:19.225,419.8899962536374,998
2024-09-19 10:25:19.337,419.8814081034837,998
2024-09-19 10:25:19.348,419.8212800779645,999
2024-09-19 10:25:19.394,419.8045072303648,11
2024-09-19 10:25:19.417,419.8427133492045,14
2024-09-19 10:25:19.453,419.8625478786739,1005
2024-09-19 10:25:19.468,419.8410219422513,11
2024-09-19 10:25:19.495,419.8197855813325,12
2024-09-19 10:25:19.720,419.8252052656085,14
2024-09-19 10:25:19.805,419.8597329476274,1003
2024-09-19 10:25:19.812,419.8154745066324,13
2024-09-19 10:25:19.881,419.8527590025306,101
2024-09-19 10:25:19.884,419.8060979557381,98
2024-09-19 10:25:19.886,419.8045932894954,7
2024-09-19 10:25:19.920,419.8269051200034,15
2024-09-19 10:25:19.992,419.8370996948028,103
2024-09-19 10:25:20.070,419.905930778649,996
2024-09-19 10:25:20.079,419.936989865456,998
2024-09-19 10:25:20.127,419.9041027438637,995
2024-09-19 10:25:20.172,419.9632206323978,101
2024-09-19 10:25:20.185,419.9467525772132,1001
2024-09-19 10:25:20.325,419.946132572598,98
2024-09-19 10:25:20.364,419.8979520347697,8
2024-09-19 10:25:20.385,419.8969215754039,999
2024-09-19 10:25:20.406,419.9131868819964,10
2024-09-19 10:25:20.617,419.9644477019108,100
2024-09-19 10:25:20.637,419.933092216674,11
2024-09-19 10:25:20.652,419.9413931531871,12
2024-09-19 10:25:20.655,419.89380395757854,1002
2024-09-19 10:25:20.676,419.94096257004105,6
2024-09-19 10:25:20.774,419.93551408740063,6
2024-09-19 10:25:20.844,419.9495059500584,96
2024-09-19 10:25:20.920,419.9665194287392,10
2024-09-19 10:25:20.982,419.8896295222662,101
2024-09-19 10:25:21.009,419.9663572862349,105
2024-09-19 10:25:21.087,419.9781747148425,10
2024-09-19 10:25:21.125,-419.9464899511517,995
2024-09-19 10:25:21.137,419.96893087366806,1005
2024-09-19 10:25:21.140,419.99391357008096,1002
2024-09-19 10:25:21.161,419.9821562827802,1003
2024-09-19 10:25:21.177,419.9378221289156,102
2024-09-19 10:25:21.230,419.9829958611845,96
2024-09-19 10:25:21.275,419.97269540678207,100
2024-09-19 10:25:21.343,419.9632834704292,7
2024-09-19 10:25:21.358,419.95717923644935,103
2024-09-19 10:25:21.369,419.98077150009294,97
2024-09-19 10:25:21.380,419.9724365910366,103
2024-09-19 10:25:21.397,419.983936356956,101
2024-09-19 10:25:21.438,419.9677030686228,7
2024-09-19 10:25:21.518,419.9949215404583,101
2024-09-19 10:25:21.544,419.9750035916552,97
2024-09-19 10:25:21.552,419.9793709997646,7
2024-09-19 10:25:21.596,419.98702713200896,5
2024-09-19 10:25:21.650,419.9848955309389,15
2024-09-19 10:25:21.710,420.0078529277542,7
2024-09-19 10:25:21.729,419.9619631187402,8
2024-09-19 10:25:21.840,419.98261835227055,997
2024-09-19 10:25:21.847,419.9823621380866,97
2024-09-19 10:25:21.885,419.9786664427548,104
2024-09-19 10:25:21.902,419.99635236444425,10
2024-09-19 10:25:21.907,419.99052843155016,103
2024-09-19 10:25:21.935,420.0086305708684,100
2024-09-19 10:25:22.092,419.95589731592673,11
2024-09-19 10:25:22.101,419.9252005354676,6
2024-09-19 10:25:22.229,419.9638195991701,100
2024-09-19 10:25:22.236,419.96937032789816,98
2024-09-19 10:25:22.293,419.9448629625224,13
2024-09-19 10:25:22.300,419.9651538642266,104
2024-09-19 10:25:22.322,419.984886262339,1004
2024-09-19 10:25:22.357,419.9321460749477,98
2024-09-19 10:25:22.405,419.9417729272943,99
2024-09-19 10:25:22.444,419.9694789582096,96
2024-09-19 10:25:22.536,419.9681939307727,998
2024-09-19 10:25:22.552,419.9836000417054,15
2024-09-19 10:25:22.587,419.98274994310856,105
2024-09-19 10:25:22.698,419.9378431686214,998
2024-09-19 10:25:22.749,419.9600144981502,1003
2024-09-19 10:25:22.754,419.9352640429747,103
2024-09-19 10:25:22.826,419.9542408834707,7
2024-09-19 10:25:22.843,419.9279114497888,13
2024-09-19 10:25:22.874,419.9444321536393,101
2024-09-19 10:25:22.902,419.9731468678784,105
2024-09-19 10:25:22.964,419.9940310228226,1000
2024-09-19 10:25:22.983,419.941209784971,1004
2024-09-19 10:25:23.022,419.9753675697938,9
2024-09-19 10:25:23.100,419.9490323189429,103
2024-09-19 10:25:23.170,419.991487945934,104
2024-09-19 10:25:23.173,420.0051998592291,995
2024-09-19 10:25:23.199,419.94654869032735,95
2024-09-19 10:25:23.316,419.94005494541744,1001
2024-09-19 10:25:23.390,420.01659662711535,9
2024-09-19 10:25:23.444,420.0051448829667,996
2024-09-19 10:25:23.551,419.9322934197551,997
2024-09-19 10:25:23.633,419.93825683125016,97
2024-09-19 10:25:23.703,419.94676546621815,14
2024-09-19 10:25:23.846,419.9634254145873,104
2024-09-19 10:25:23.876,-420.0223651070221,1002
2024-09-19 10:25:23.923,419.94575288419526,15
2024-09-19 10:25:23.925,419.9382063732,13
2024-09-19 10:25:24.014,419.9335657995082,104
2024-09-19 10:25:24.078,419.9758235149105,5
2024-09-19 10:25:24.084,419.9311653630429,1004
2024-09-19 10:25:24.119,419.95762829656,96
2024-09-19 10:25:24.125,419.9414449673928,8
2024-09-19 10:25:24.152,419.9479350903691,998
2024-09-19 10:25:24.257,419.9862291800651,98
2024-09-19 10:25:24.315,419.9369961820455,6
2024-09-19 10:25:24.321,419.94867493592585,5
2024-09-19 10:25:24.326,419.94718467416806,100
2024-09-19 10:25:24.339,419.9383785913224,7
2024-09-19 10:25:24.416,419.9426797524279,15
2024-09-19 10:25:24.451,419.94400817655577,999
2024-09-19 10:25:24.666,419.94479066141525,101
2024-09-19 10:25:24.695,419.93992856861246,105
2024-09-19 10:25:24.753,419.9419611152459,1000
2024-09-19 10:25:24.759,419.9782731640474,12
2024-09-19 10:25:24.798,419.9299880870621,10
2024-09-19 10:25:24.799,419.9393360849194,995
2024-09-19 10:25:24.802,419.925542383316,13
2024-09-19 10:25:24.867,419.92072754951033,103
2024-09-19 10:25:24.892,419.9427791156279,997
2024-09-19 10:25:24.892,419.9857690029295,14
2024-09-19 10:25:24.893,419.9397351356554,103
2024-09-19 10:25:24.959,419.97025485982255,12
2024-09-19 10:25:24.977,419.9516510288916,101
2024-09-19 10:25:25.035,419.81026132444873,104
2024-09-19 10:25:25.070,419.8950155508197,997
2024-09-19 10:25:25.071,419.8069749077485,102
2024-09-19 10:25:25.087,419.8534014982488,996
2024-09-19 10:25:25.109,419.8933559729402,8
2024-09-19 10:25:25.262,419.8852157269196,1000
2024-09-19 10:25:25.270,419.9021644283091,998
2024-09-19 10:25:25.320,419.7980120071624,999
2024-09-19 10:25:25.463,419.8910995697578,1003
2024-09-19 10:25:25.548,419.79945225487074,101
2024-09-19 10:25:25.577,419.7906612473982,9
2024-09-19 10:25:25.785,419.8912765686501,99
2024-09-19 10:25:25.808,419.8781355319399,1001
2024-09-19 10:25:25.865,419.8268604178584,15
2024-09-19 10:25:25.874,419.927742541775,7
2024-09-19 10:25:25.884,419.9194957931111,99
2024-09-19 10:25:25.982,419.90598483316575,100
2024-09-19 10:25:25.988,419.8259375869488,7
2024-09-19 10:25:26.056,419.80922325013546,100
2024-09-19 10:25:26.081,419.7780172279168,7
2024-09-19 10:25:26.091,419.7877007111829,95
2024-09-19 10:25:26.111,419.8022331155904,12
2024-09-19 10:25:26.112,419.8110558305266,7
2024-09-19 10:25:26.124,419.7872889519624,9
2024-09-19 10:25:26.129,419.808056580482,1002
2024-09-19 10:25:26.149,419.7829952846012,1002
2024-09-19 10:25:26.172,419.77753494138113,95
2024-09-19 10:25:26.195,419.7933625201596,102
2024-09-19 10:25:26.339,419.7870091898697,6
2024-09-19 10:25:26.354,419.79509856403314,9
2024-09-19 10:25:26.369,419.7961863639061,1001
2024-09-19 10:25:26.372,419.7876127605372,12
2024-09-19 10:25:26.525,419.8095685182603,15
2024-09-19 10:25:26.547,419.780176669775,998
2024-09-19 10:25:26.556,419.7742527938763,1002
2024-09-19 10:25:26.598,419.7951871887558,8
2024-09-19 10:25:26.621,419.8019600609324,104
2024-09-19 10:25:26.638,419.7973659282296,96
2024-09-19 10:25:26.741,41.979470682530064,6
2024-09-19 10:25:26.769,419.7820640014547,11
2024-09-19 10:25:26.778,419.8046139842277,995
2024-09-19 10:25:26.786,419.8024862465068,997
2024-09-19 10:25:26.826,419.7893539404188,96
2024-09-19 10:25:26.872,419.79054928502654,15
2024-09-19 10:25:26.875,419.8030288356685,999
2024-09-19 10:25:26.939,419.79855520105,1001
2024-09-19 10:25:26.941,419.76351761388713,99
2024-09-19 10:25:26.948,419.7831961096937,14
2024-09-19 10:25:27.064,419.8035753412409,1002
2024-09-19 10:25:27.208,419.79790304806295,102
2024-09-19 10:25:27.296,419.7935173934054,13
2024-09-19 10:25:27.505,419.7860890008279,8
2024-09-19 10:25:27.772,419.7860317017072,12
2024-09-19 10:25:27.798,419.8192893386917,95
2024-09-19 10:25:28.052,419.7844543212573,995
2024-09-19 10:25:28.125,419.76381730193873,13
2024-09-19 10:25:28.152,419.81974554270346,102
2024-09-19 10:25:28.179,419.8091920559728,97
2024-09-19 10:25:28.192,419.82418697477823,1004
2024-09-19 10:25:28.356,419.8039015772701,1005
2024-09-19 10:25:28.376,419.7981063475541,11
2024-09-19 10:25:28.384,419.7788999877532,101
2024-09-19 10:25:28.410,419.7960488227968,5
2024-09-19 10:25:28.411,419.7744090976934,102
2024-09-19 10:25:28.449,419.8238909078664,97
2024-09-19 10:25:28.471,419.81366568582,14
2024-09-19 10:25:28.530,419.8241493285457,1004
2024-09-19 10:25:28.553,,1003
2024-09-19 10:25:28.643,419.76863970302304,996
2024-09-19 10:25:28.695,419.8226262269285,1001
2024-09-19 10:25:28.704,419.8221921391116,9
2024-09-19 10:25:28.715,419.750895914935,15
2024-09-19 10:25:28.768,419.7969132313398,96
2024-09-19 10:25:28.785,419.7759800256876,1001
2024-09-19 10:25:28.848,419.7680869590228,1002
2024-09-19 10:25:28.880,419.8288182853611,995
2024-09-19 10:25:29.071,419.75823749283467,995
2024-09-19 10:25:29.492,419.7597234023984,6
2024-09-19 10:25:29.623,419.7766224080869,99
2024-09-19 10:25:30.239,419.6731290426517,999
2024-09-19 10:25:30.319,,995
2024-09-19 10:25:30.354,419.7267601284939,6
2024-09-19 10:25:30.373,419.67435012382,98
2024-09-19 10:25:30.461,419.6995373954397,1000
2024-09-19 10:25:30.518,419.7092207933906,101
2024-09-19 10:25:30.558,419.7471557472454,96
2024-09-19 10:25:30.566,419.67898001186296,13
2024-09-19 10:25:30.572,419.712117264636,997
2024-09-19 10:25:30.607,419.6918589586492,1002
2024-09-19 10:25:30.628,419.6773736365847,14
2024-09-19 10:25:30.779,419.6890660996723,8
2024-09-19 10:25:30.927,419.7473192937808,101
2024-09-19 10:25:30.941,419.7321388847706,1005
2024-09-19 10:25:30.981,419.6944757856047,1005
2024-09-19 10:25:31.022,419.61042959545847,7
2024-09-19 10:25:31.023,419.6284585393778,1005
2024-09-19 10:25:31.053,419.66901388531545,9
2024-09-19 10:25:31.055,419.6141058013061,98
2024-09-19 10:25:31.070,419.6727587612184,996
2024-09-19 10:25:31.088,419.6320403678519,102
2024-09-19 10:25:31.096,419.6943506630972,1000
2024-09-19 10:25:31.136,419.63473789973335,104
2024-09-19 10:25:31.143,419.6214312130994,6
2024-09-19 10:25:31.149,419.6340938114412,12
2024-09-19 10:25:31.167,419.6325504765646,1004
2024-09-19 10:25:31.244,419.6165814879316,1005
2024-09-19 10:25:31.265,419.6823647576918,6
2024-09-19 10:25:31.283,419.669594080338,14
2024-09-19 10:25:31.325,419.6339242502926,997
2024-09-19 10:25:31.369,419.6875903504597,14
2024-09-19 10:25:31.381,419.609110399125,1003
2024-09-19 10:25:31.388,419.6810686047508,100
2024-09-19 10:25:31.436,419.6368077637949,13
2024-09-19 10:25:31.582,419.6342203620126,99
2024-09-19 10:25:31.664,419.6756314919002,95
2024-09-19 10:25:31.676,419.6469247040738,103
2024-09-19 10:25:31.717,419.6293446574765,97
2024-09-19 10:25:31.740,419.6452454306696,101
2024-09-19 10:25:31.754,419.6340062676909,995
2024-09-19 10:25:31.807,41.96309056599213,14
2024-09-19 10:25:31.858,419.6196541626947,5
2024-09-19 10:25:31.885,419.6305921520476,15
2024-09-19 10:25:31.947,419.62987804243744,99
2024-09-19 10:25:31.993,419.6439978579542,11
2024-09-19 10:25:32.014,419.6674300228929,100
2024-09-19 10:25:32.047,419.68210708788354,6
2024-09-19 10:25:32.159,419.6850843156921,997
2024-09-19 10:25:32.163,,1005
2024-09-19 10:25:32.231,419.6745793221632,95
2024-09-19 10:25:32.257,419.6433250313055,102
2024-09-19 10:25:32.265,419.6647488208308,1002
2024-09-19 10:25:32.269,419.7029423011487,11
2024-09-19 10:25:32.308,419.6968498388942,1004
2024-09-19 10:25:32.520,419.73143939207057,9
2024-09-19 10:25:32.564,419.668418242674,95
2024-09-19 10:25:32.574,419.6595220130173,101
2024-09-19 10:25:32.590,419.6835965406209,997
2024-09-19 10:25:32.600,419.6603804675107,9
2024-09-19 10:25:32.602,419.6758288626063,100
2024-09-19 10:25:32.632,419.6441468090197,102
2024-09-19 10:25:32.650,419.70400879432106,998
2024-09-19 10:25:32.683,419.69409896369297,101
2024-09-19 10:25:32.712,419.683829222964,105
2024-09-19 10:25:32.712,419.6938009498626,1004
2024-09-19 10:25:32.775,419.6821169766901,96
2024-09-19 10:25:32.783,419.67507577041056,997
2024-09-19 10:25:32.783,419.6680787131911,105
2024-09-19 10:25:32.787,419.6570567767203,14
2024-09-19 10:25:32.789,419.6770319949474,12
2024-09-19 10:25:32.843,419.6510365019081,6
2024-09-19 10:25:32.864,419.6665498874991,999
2024-09-19 10:25:32.912,,14
2024-09-19 10:25:32.951,419.6715566174922,8
2024-09-19 10:25:33.024,419.7761213630785,1003
2024-09-19 10:25:33.032,419.7306947635017,104
2024-09-19 10:25:33.041,419.7891230590824,98
2024-09-19 10:25:33.046,419.7334597897359,997
2024-09-19 10:25:33.060,419.7663027846919,105
2024-09-19 10:25:33.077,419.7389666970186,15
2024-09-19 10:25:33.215,419.7536826874125,99
2024-09-19 10:25:33.240,419.7370676979159,1002
2024-09-19 10:25:33.245,419.7591805704016,15
2024-09-19 10:25:33.282,419.7933812709562,1003
2024-09-19 10:25:33.405,419.73849708585607,99
2024-09-19 10:25:33.478,419.7201274464664,13
2024-09-19 10:25:33.486,419.7668905919329,96
2024-09-19 10:25:33.499,419.7412801364783,103
2024-09-19 10:25:33.499,419.73762525379306,998
2024-09-19 10:25:33.514,419.7501313882092,103
2024-09-19 10:25:33.523,419.7440541886277,1000
2024-09-19 10:25:33.575,419.7307361219703,5
2024-09-19 10:25:33.643,419.74169363011765,5
2024-09-19 10:25:33.647,419.7015927041902,100
2024-09-19 10:25:33.652,419.7320079354922,11
2024-09-19 10:25:33.681,419.7432163291237,998
2024-09-19 10:25:33.696,419.7450397897746,997
2024-09-19 10:25:33.707,419.7398170658715,15
2024-09-19 10:25:33.713,419.74556245479545,1002
2024-09-19 10:25:33.813,,1000
2024-09-19 10:25:33.858,419.7417434628137,5
2024-09-19 10:25:33.917,419.7949503884897,14
2024-09-19 10:25:33.932,419.7467889402099,103
2024-09-19 10:25:33.985,419.7693123686475,6
2024-09-19 10:25:34.048,419.817289815405,1003
2024-09-19 10:25:34.088,419.76738537998045,6
2024-09-19 10:25:34.123,419.74567285951576,102
2024-09-19 10:25:34.146,419.7631124382877,998
2024-09-19 10:25:34.216,419.83511025994966,102
2024-09-19 10:25:34.238,419.7923206739149,6
2024-09-19 10:25:34.294,419.84145430245184,1002
2024-09-19 10:25:34.324,-419.7967024091007,104
2024-09-19 10:25:34.333,419.8064522674603,6
2024-09-19 10:25:34.386,-419.80486412660827,998
2024-09-19 10:25:34.426,419.76320525560175,6
2024-09-19 10:25:34.451,419.7747875716243,11
2024-09-19 10:25:34.481,419.7816468782757,11
2024-09-19 10:25:34.492,419.83096861119566,99
2024-09-19 10:25:34.524,419.81661504206994,8
2024-09-19 10:25:34.557,419.7754942023909,8
2024-09-19 10:25:34.601,419.81817205675526,13
2024-09-19 10:25:34.650,419.80517689310346,1003
2024-09-19 10:25:34.707,419.8291274946321,1003
2024-09-19 10:25:34.731,419.8309020771478,1001
2024-09-19 10:25:34.745,419.8133448924464,101
2024-09-19 10:25:34.756,419.7989923003367,1002
2024-09-19 10:25:34.949,419.8061505451958,104
2024-09-19 10:25:35.511,419.82057402642494,1003
2024-09-19 10:25:35.519,419.8310160718333,15
2024-09-19 10:25:35.989,419.818133269294,1004
2024-09-19 10:25:36.005,419.8197399594455,997
2024-09-19 10:25:36.066,419.79629232695567,101
2024-09-19 10:25:36.092,419.80189510101593,10
2024-09-19 10:25:36.101,419.80612816075785,1002
2024-09-19 10:25:36.147,419.8273691603889,5
2024-09-19 10:25:36.160,419.8120290587525,103
2024-09-19 10:25:36.208,419.8151859726772,101
2024-09-19 10:25:36.323,41.98561721980478,999
2024-09-19 10:25:36.388,419.8355924472056,7
2024-09-19 10:25:36.404,419.8049062535035,95
2024-09-19 10:25:36.434,419.8088526061285,995
2024-09-19 10:25:36.476,419.79499640576745,99
2024-09-19 10:25:36.632,419.8282490845714,8
2024-09-19 10:25:36.681,419.8043221605341,997
2024-09-19 10:25:36.747,419.8162070835874,96
2024-09-19 10:25:36.913,419.8225359405178,998
2024-09-19 10:25:36.954,419.8129385337059,13
2024-09-19 10:25:37.035,419.82207747880375,1000
2024-09-19 10:25:37.111,419.8686420838106,10
2024-09-19 10:25:37.138,419.8537796911275,996
2024-09-19 10:25:37.162,419.8165936630334,998
2024-09-19 10:25:37.192,419.81988315476434,998
2024-09-19 10:25:37.308,419.83602776266207,103
2024-09-19 10:25:37.386,419.87678770191513,101
2024-09-19 10:25:37.412,419.8685408249001,998
2024-09-19 10:25:37.429,419.8622002877481,15
2024-09-19 10:25:37.447,419.86683692540026,6
2024-09-19 10:25:37.460,419.8660420052221,13
2024-09-19 10:25:37.462,419.8561427089572,1002
2024-09-19 10:25:37.536,419.8576762277399,100
2024-09-19 10:25:37.556,419.8392305571204,9
2024-09-19 10:25:37.567,419.8797233284633,103
2024-09-19 10:25:37.571,419.83325135521807,105
2024-09-19 10:25:37.610,419.8529641311272,100
2024-09-19 10:25:37.612,419.8694849194725,1001
2024-09-19 10:25:37.917,419.8738807550781,998
2024-09-19 10:25:38.546,419.8673444541932,1003
2024-09-19 10:25:38.550,419.8725976785712,95
2024-09-19 10:25:38.558,419.8742289809468,998
2024-09-19 10:25:38.655,419.8685904085541,95
2024-09-19 10:25:38.848,419.8642950072991,104
2024-09-19 10:25:38.855,419.8666944764168,995
2024-09-19 10:25:38.903,419.8758215465406,6
2024-09-19 10:25:39.199,419.8647131367471,1004
2024-09-19 10:25:39.292,419.868628286719,95
2024-09-19 10:25:39.598,419.8681365872786,9
2024-09-19 10:25:39.666,419.8468262703803,995
2024-09-19 10:25:39.713,419.857541906503,1002
2024-09-19 10:25:39.756,419.8545263681604,10
2024-09-19 10:25:39.946,419.84663333071313,5
2024-09-19 10:25:40.026,419.8359618589056,100
2024-09-19 10:25:40.029,419.7533258564666,12
2024-09-19 10:25:40.113,419.8069515294999,99
2024-09-19 10:25:40.146,419.8086113954407,8
2024-09-19 10:25:40.182,419.7890518022515,1000
2024-09-19 10:25:40.193,419.8087434708024,11
2024-09-19 10:25:40.221,419.7580575126114,104
2024-09-19 10:25:40.256,419.7682291466725,95
2024-09-19 10:25:40.258,419.788503688864,15
2024-09-19 10:25:40.419,419.7817245196614,6
2024-09-19 10:25:40.441,419.76884507825287,102
2024-09-19 10:25:40.444,419.7788510347656,5
2024-09-19 10:25:40.572,419.8352441766432,97
2024-09-19 10:25:40.621,419.8143022651999,1003
2024-09-19 10:25:40.647,419.83394487327945,10
2024-09-19 10:25:40.704,419.80488397847387,103
2024-09-19 10:25:40.706,419.8430715349693,1000
2024-09-19 10:25:40.710,419.8355128543714,997
2024-09-19 10:25:40.818,419.7859436110253,103
2024-09-19 10:25:40.954,419.8438918596953,1001
2024-09-19 10:25:41.033,419.7814403509347,995
2024-09-19 10:25:41.113,419.8026598043844,102
2024-09-19 10:25:41.117,419.8076686958891,7
2024-09-19 10:25:41.141,419.7647489956888,1002
2024-09-19 10:25:41.143,419.7936478773468,995
2024-09-19 10:25:41.187,419.7893099962715,1000
2024-09-19 10:25:41.202,419.78609101899895,1004
2024-09-19 10:25:41.340,419.7850080010631,997
2024-09-19 10:25:41.392,419.7999373948415,13
2024-09-19 10:25:41.408,419.7740487198285,1002
2024-09-19 10:25:41.449,419.8071352592353,14
2024-09-19 10:25:41.465,419.772707632193,997
2024-09-19 10:25:41.666,419.745689964687,105
2024-09-19 10:25:41.787,419.7956063583397,5
2024-09-19 10:25:41.946,419.7999349099437,1005
2024-09-19 10:25:42.037,419.7252566574508,8
2024-09-19 10:25:42.043,419.7775146382596,101
2024-09-19 10:25:42.110,419.74530672513566,104
2024-09-19 10:25:42.342,419.77876238626544,99
2024-09-19 10:25:42.393,419.7227525616563,1005
2024-09-19 10:25:42.552,419.7656995624818,997
2024-09-19 10:25:42.577,419.7418043497872,7
2024-09-19 10:25:42.631,419.743815408665,9
2024-09-19 10:25:42.672,419.7241064830516,105
2024-09-19 10:25:42.727,419.748987513318,1000
2024-09-19 10:25:42.875,419.7276518494254,98
2024-09-19 10:25:42.900,419.7512471253631,1003
2024-09-19 10:25:42.957,419.7465927619318,98
2024-09-19 10:25:42.982,419.7799036827471,100
2024-09-19 10:25:43.039,419.7248894706764,104
2024-09-19 10:25:43.059,419.7288560892149,99
2024-09-19 10:25:43.064,419.745043319372,105
2024-09-19 10:25:43.155,419.7312787929689,13
2024-09-19 10:25:43.207,419.7364673549603,999
2024-09-19 10:25:43.229,419.7514359718283,996
2024-09-19 10:25:43.338,419.7233812421912,12
2024-09-19 10:25:43.394,419.7240813090029,997
2024-09-19 10:25:43.480,419.7525229484889,1005
2024-09-19 10:25:43.488,419.7219456806939,1002
2024-09-19 10:25:43.536,419.7519615269856,101
2024-09-19 10:25:43.558,419.7356677341269,1005
2024-09-19 10:25:43.688,419.7164627577477,7
2024-09-19 10:25:43.691,419.7539169941436,996
2024-09-19 10:25:43.748,419.7155131463314,1003
2024-09-19 10:25:43.748,419.7434700809374,1001
2024-09-19 10:25:43.837,419.7377690086359,6
2024-09-19 10:25:44.027,419.74580432398767,100
2024-09-19 10:25:44.065,419.7280145775485,5
2024-09-19 10:25:44.113,419.68101301396126,6
2024-09-19 10:25:44.166,419.6772326636231,995
2024-09-19 10:25:44.179,419.6915011749968,9
2024-09-19 10:25:44.239,419.7393096343493,103
2024-09-19 10:25:44.240,419.66940722696415,8
2024-09-19 10:25:44.262,419.74184767918587,102
2024-09-19 10:25:44.273,419.7083718526865,1001
2024-09-19 10:25:44.440,419.73840882196384,998
2024-09-19 10:25:44.459,419.7399014446223,1000
2024-09-19 10:25:44.526,419.7364560353544,8
2024-09-19 10:25:44.595,419.7263308151462,104
2024-09-19 10:25:44.621,419.7281979228426,997
2024-09-19 10:25:44.667,419.6820392080165,996
2024-09-19 10:25:44.744,419.6832739992127,1001
2024-09-19 10:25:44.782,419.6963815895466,10
2024-09-19 10:25:44.815,419.7348645957607,13
2024-09-19 10:25:44.844,419.73042621571886,100
2024-09-19 10:25:44.847,41.97234542609704,996
2024-09-19 10:25:44.903,419.6815499185851,101
2024-09-19 10:25:44.943,419.73456289666655,13
2024-09-19 10:25:45.064,419.67862510863887,98
2024-09-19 10:25:45.227,419.6449486721708,1000
2024-09-19 10:25:45.228,419.70170212032775,99
2024-09-19 10:25:45.288,419.6574604099078,103
2024-09-19 10:25:45.335,419.6266500024165,997
2024-09-19 10:25:45.406,419.6897829629425,104
2024-09-19 10:25:45.413,419.654847271716,105
2024-09-19 10:25:45.564,419.63599945007417,102
2024-09-19 10:25:45.573,419.6771559099109,1001
2024-09-19 10:25:45.670,419.6132987710019,7
2024-09-19 10:25:45.688,419.6850797929455,1004
2024-09-19 10:25:45.728,419.68823337203867,1003
2024-09-19 10:25:45.736,419.663401681217,11
2024-09-19 10:25:45.777,419.69715597936033,100
2024-09-19 10:25:45.785,419.6639687579204,996
2024-09-19 10:25:45.786,419.6512280536834,102
2024-09-19 10:25:45.791,419.65939992012926,14
2024-09-19 10:25:45.806,419.68303216113617,9
2024-09-19 10:25:46.266,419.69942027960536,8
2024-09-19 10:25:46.864,419.7000475144509,102
2024-09-19 10:25:46.866,419.6833428751722,999
2024-09-19 10:25:46.920,419.695385748002,95
2024-09-19 10:25:46.967,419.68830539353473,13
2024-09-19 10:25:47.120,419.6498149131468,1000
2024-09-19 10:25:47.297,419.6305091414005,96
2024-09-19 10:25:47.340,419.6138792700702,5
2024-09-19 10:25:47.537,419.63982243994025,101
2024-09-19 10:25:47.606,419.6648488370014,1004
2024-09-19 10:25:47.628,419.67550270309806,95
2024-09-19 10:25:47.849,419.62213663063096,104
2024-09-19 10:25:47.919,419.67037416323046,12
2024-09-19 10:25:48.082,419.62273678086194,7
2024-09-19 10:25:48.154,419.6360109630406,9
2024-09-19 10:25:48.159,419.66455872336985,11
2024-09-19 10:25:48.166,419.6447355232162,7
2024-09-19 10:25:48.221,419.67324857866936,999
2024-09-19 10:25:48.255,419.6707116746532,99
2024-09-19 10:25:48.256,419.6598684269819,1003
2024-09-19 10:25:48.303,419.6553638401908,100
2024-09-19 10:25:48.306,419.656265856668,97
2024-09-19 10:25:48.333,419.6685279139765,1002
2024-09-19 10:25:48.364,419.6254625929055,5
2024-09-19 10:25:48.387,419.6574489969848,95
2024-09-19 10:25:48.412,419.6325550285271,5
2024-09-19 10:25:48.431,419.6818454985226,102
2024-09-19 10:25:48.482,419.66887727371216,1001
2024-09-19 10:25:48.597,419.6233270372043,15
2024-09-19 10:25:48.625,419.6230232762502,10
2024-09-19 10:25:48.670,419.6669009439873,996
2024-09-19 10:25:48.686,419.6604585492341,5
2024-09-19 10:25:48.703,419.6472419838423,996
2024-09-19 10:25:48.765,419.6604453465866,8
2024-09-19 10:25:48.774,419.6596862354567,14
2024-09-19 10:25:48.794,419.6317541580698,999
2024-09-19 10:25:48.800,419.63035871829743,105
2024-09-19 10:25:48.826,419.6433926308249,9
2024-09-19 10:25:48.903,419.66535648408,1000
2024-09-19 10:25:48.917,419.6317462047194,96
2024-09-19 10:25:48.955,419.6562741131174,1002
2024-09-19 10:25:49.012,419.6653628935583,6
2024-09-19 10:25:49.079,419.67370524437945,104
2024-09-19 10:25:49.137,419.6740228788171,996
2024-09-19 10:25:49.149,419.6701371480924,104
2024-09-19 10:25:49.197,419.6777416067731,1000
2024-09-19 10:25:49.260,419.6751823756602,1003
2024-09-19 10:25:49.408,419.6761976705056,998
2024-09-19 10:25:49.471,419.6755695172843,999
2024-09-19 10:25:49.518,419.6809075783039,103
2024-09-19 10:25:49.596,419.6726036632635,10
2024-09-19 10:25:49.742,419.6507865433801,102
2024-09-19 10:25:49.768,419.6742869040664,15
2024-09-19 10:25:49.842,419.64668773071736,995
2024-09-19 10:25:49.935,419.6771523998572,104
2024-09-19 10:25:49.970,419.6806118512174,9
2024-09-19 10:25:50.020,419.6839373061958,998
2024-09-19 10:25:50.202,419.6805022002412,102
2024-09-19 10:25:50.209,,995
2024-09-19 10:25:50.275,419.66034239919566,8
2024-09-19 10:25:50.303,419.6807935538076,8
2024-09-19 10:25:50.319,419.7019197594312,97
2024-09-19 10:25:50.387,419.6672157012839,11
2024-09-19 10:25:50.402,419.6878020290129,102
2024-09-19 10:25:50.473,419.668517278628,997
2024-09-19 10:25:50.514,419.6645692912006,95
2024-09-19 10:25:50.574,419.6900632428473,997
2024-09-19 10:25:50.651,419.66919099888014,7
2024-09-19 10:25:50.672,419.68069457299646,998
2024-09-19 10:25:50.689,419.6801826546926,104
2024-09-19 10:25:50.692,419.6741807776044,102
2024-09-19 10:25:50.709,419.6852253011587,995
2024-09-19 10:25:50.838,419.6710097218671,999
2024-09-19 10:25:50.905,419.6920090036762,8
2024-09-19 10:25:50.909,419.70061914640047,14
2024-09-19 10:25:50.969,419.6832453078965,1002
2024-09-19 10:25:51.001,419.6514557605528,9
2024-09-19 10:25:51.016,419.6621487507964,100
2024-09-19 10:25:51.189,419.6683123040562,12
2024-09-19 10:25:51.219,419.7130639190314,13
2024-09-19 10:25:51.422,419.6646015215191,7
2024-09-19 10:25:51.547,-419.65475046341714,1000
2024-09-19 10:25:51.666,-419.6913466838844,6
2024-09-19 10:25:51.947,419.6706506821876,1004
2024-09-19 10:25:52.130,419.7715439209588,997
2024-09-19 10:25:52.139,419.7475904016726,997
2024-09-19 10:25:52.142,419.7925120269384,102
2024-09-19 10:25:52.236,419.7795135390227,98
2024-09-19 10:25:52.242,419.7618957058694,95
2024-09-19 10:25:52.328,419.762259959815,7
2024-09-19 10:25:52.382,419.73917389082,13
2024-09-19 10:25:52.388,419.6874993386684,999
2024-09-19 10:25:52.560,419.7579300919144,103
2024-09-19 10:25:52.592,419.7876089256768,1003
2024-09-19 10:25:52.606,419.78115045284574,1000
2024-09-19 10:25:52.619,419.7683014357341,100
2024-09-19 10:25:52.633,419.7102137193144,997
2024-09-19 10:25:52.646,419.7635880996707,105
2024-09-19 10:25:52.687,419.6843528057394,1003
2024-09-19 10:25:52.705,419.7758855223442,8
2024-09-19 10:25:52.807,419.7625106697695,997
2024-09-19 10:25:52.922,419.7680116093904,5
2024-09-19 10:25:52.935,419.7905315735156,103
2024-09-19 10:25:53.020,419.8016597304618,7
2024-09-19 10:25:53.062,419.8097853785952,999
2024-09-19 10:25:53.231,419.7915122564417,103
2024-09-19 10:25:53.264,419.7355779225932,10
2024-09-19 10:25:53.311,419.7528477635008,999
2024-09-19 10:25:53.317,419.7883099931847,11
2024-09-19 10:25:53.341,419.7549883702825,15
2024-09-19 10:25:53.343,419.7979161127448,6
2024-09-19 10:25:53.399,419.79654005022536,1000
2024-09-19 10:25:53.519,419.74545000969925,10
2024-09-19 10:25:53.541,419.7802781814757,996
2024-09-19 10:25:53.557,419.80361814346446,1000
2024-09-19 10:25:53.644,419.7260397689413,12
2024-09-19 10:25:53.653,419.7302185374976,996
2024-09-19 10:25:53.711,419.7335005109626,1002
2024-09-19 10:25:53.718,419.7392375400352,103
2024-09-19 10:25:53.735,419.7429517904388,14
2024-09-19 10:25:53.737,419.7821739070858,998
2024-09-19 10:25:53.840,419.7733472822064,95
2024-09-19 10:25:53.870,419.7569828062623,6
2024-09-19 10:25:53.879,419.7558400705491,10
2024-09-19 10:25:53.938,419.7754971394112,6
2024-09-19 10:25:53.958,-419.7357613437744,8
2024-09-19 10:25:54.013,419.7880786260384,97
2024-09-19 10:25:54.015,419.7824973497776,99
2024-09-19 10:25:54.146,419.7500926407648,11
2024-09-19 10:25:54.228,419.7664142079714,13
2024-09-19 10:25:54.253,419.77309598637765,96
2024-09-19 10:25:54.279,419.78045664884087,95
2024-09-19 10:25:54.295,419.7614891159706,1003
2024-09-19 10:25:54.364,419.7421162753249,997
2024-09-19 10:25:54.378,419.77715385190174,102
2024-09-19 10:25:54.379,419.7745217607188,5
2024-09-19 10:25:54.596,419.767215028197,104
2024-09-19 10:25:54.618,419.7860735413049,103
2024-09-19 10:25:54.622,419.7572652222317,99
2024-09-19 10:25:54.671,419.7751249446909,15
2024-09-19 10:25:54.680,419.7451621442272,1000
2024-09-19 10:25:54.893,,7
2024-09-19 10:25:55.332,419.7684540213141,13
2024-09-19 10:25:55.470,419.7958808339128,995
2024-09-19 10:25:55.879,419.7812060701072,13
2024-09-19 10:25:56.001,419.7950800083432,95
2024-09-19 10:25:56.007,419.7612890980676,1002
2024-09-19 10:25:56.019,419.7772416047626,7
2024-09-19 10:25:56.116,419.7504562343627,15
2024-09-19 10:25:56.192,419.8534628358617,11
2024-09-19 10:25:56.244,419.7775311363383,14
2024-09-19 10:25:56.360,419.82269573201626,8
2024-09-19 10:25:56.366,419.8554533861533,6
2024-09-19 10:25:56.569,419.7667391655862,15
2024-09-19 10:25:56.746,419.7634274644511,12
2024-09-19 10:25:56.794,419.7723415979672,999
2024-09-19 10:25:56.804,419.8000701190348,7
2024-09-19 10:25:56.878,419.76324385351927,1000
2024-09-19 10:25:56.900,419.8153608295314,9
2024-09-19 10:25:57.041,419.8806346003922,9
2024-09-19 10:25:57.121,419.8600174912176,13
2024-09-19 10:25:57.126,419.89247772771085,12
2024-09-19 10:25:57.133,419.8675169501768,6
2024-09-19 10:25:57.325,419.8637478951792,105
2024-09-19 10:25:57.355,419.89552586046767,99
2024-09-19 10:25:57.426,419.86758529961867,103
2024-09-19 10:25:57.741,419.8769312394216,96
2024-09-19 10:25:57.790,419.8731462766826,98
2024-09-19 10:25:57.906,419.8827615592972,96
2024-09-19 10:25:58.016,419.9488189531461,15
2024-09-19 10:25:58.119,419.9327198169018,9
2024-09-19 10:25:58.233,419.9473981471119,998
2024-09-19 10:25:58.242,419.8992012702621,98
2024-09-19 10:25:58.275,419.94917435893166,996
2024-09-19 10:25:58.403,419.9784856920902,996
2024-09-19 10:25:58.704,419.8798668600096,995
2024-09-19 10:25:58.784,,103
2024-09-19 10:25:58.870,419.9885750122714,1004
2024-09-19 10:25:58.872,419.93838713622273,1000
2024-09-19 10:25:58.924,419.96710911243815,12
2024-09-19 10:25:58.929,419.9899250207856,5
2024-09-19 10:25:58.989,419.930358449205,1003
2024-09-19 10:25:59.064,419.9236723049869,11
2024-09-19 10:25:59.071,419.8981835658197,105
2024-09-19 10:25:59.110,419.9110449307428,995
2024-09-19 10:25:59.206,419.9466409313395,15
2024-09-19 10:25:59.236,419.9504772671861,997
2024-09-19 10:25:59.286,419.8964911247549,13
2024-09-19 10:25:59.329,419.9127926093817,101
2024-09-19 10:25:59.360,419.9344095488855,1003
2024-09-19 10:25:59.474,419.9582546508564,11
2024-09-19 10:25:59.512,419.9050779862203,8
2024-09-19 10:25:59.706,419.9139912468158,98
2024-09-19 10:25:59.729,419.92381589539394,100
2024-09-19 10:25:59.739,419.945387307908,95
2024-09-19 10:25:59.851,419.91719988973847,97
2024-09-19 10:25:59.852,419.9144787191168,15
2024-09-19 10:25:59.904,419.91865008136745,997
