Timestamp,Price,Size
2024-09-20 10:41:00.014,423.46412399798646,997
2024-09-20 10:41:00.019,423.4445756750181,104
2024-09-20 10:41:00.035,423.4418109043154,95
2024-09-20 10:41:00.061,423.4837390579247,13
2024-09-20 10:41:00.098,423.4690016352831,995
2024-09-20 10:41:00.103,423.4514497031739,99
2024-09-20 10:41:00.111,423.50637871742526,104
2024-09-20 10:41:00.121,423.458520901798,1003
2024-09-20 10:41:00.173,423.4840537131571,98
2024-09-20 10:41:00.266,423.48092780509575,1001
2024-09-20 10:41:00.286,423.4202217667904,15
2024-09-20 10:41:00.339,423.4868148034913,12
2024-09-20 10:41:00.347,423.4713486876916,13
2024-09-20 10:41:00.378,423.4719701954272,10
2024-09-20 10:41:00.395,423.4910252885156,95
2024-09-20 10:41:00.468,423.4796987968481,15
2024-09-20 10:41:00.472,423.4691740871952,103
2024-09-20 10:41:00.494,423.4539383057268,999
2024-09-20 10:41:00.543,423.4636426161658,8
2024-09-20 10:41:00.546,423.4426018162488,8
2024-09-20 10:41:00.596,423.4571993306328,15
2024-09-20 10:41:00.602,423.4524449589066,1002
2024-09-20 10:41:00.640,423.4710874933055,13
2024-09-20 10:41:00.798,423.44507388231295,1001
2024-09-20 10:41:00.801,423.48921023238734,7
2024-09-20 10:41:00.815,423.45188719598616,102
2024-09-20 10:41:00.841,423.4608675010723,100
2024-09-20 10:41:00.851,423.4456890024056,10
2024-09-20 10:41:00.870,423.4555935289856,13
2024-09-20 10:41:00.914,423.4649405205938,1000
2024-09-20 10:41:01.003,423.4375990682296,14
2024-09-20 10:41:01.015,423.4597919264911,1001
2024-09-20 10:41:01.078,423.4624724043567,996
2024-09-20 10:41:01.086,423.44193364764055,9
2024-09-20 10:41:01.129,423.4710367705538,7
2024-09-20 10:41:01.147,423.46422984259874,15
2024-09-20 10:41:01.163,423.4361513033188,1000
2024-09-20 10:41:01.185,423.415599855094,99
2024-09-20 10:41:01.255,423.4440346436425,10
2024-09-20 10:41:01.307,423.4879722862975,1005
2024-09-20 10:41:01.360,423.4988918273168,12
2024-09-20 10:41:01.385,42.34382156580797,101
2024-09-20 10:41:01.409,423.4660510146661,999
2024-09-20 10:41:01.436,423.4317591603146,995
2024-09-20 10:41:01.436,423.4663813863778,1000
2024-09-20 10:41:01.486,423.4437602660522,101
2024-09-20 10:41:01.507,423.4708339749246,1005
2024-09-20 10:41:01.529,423.4454681102314,13
2024-09-20 10:41:01.545,423.4922214922589,1002
2024-09-20 10:41:01.664,423.4626189424464,96
2024-09-20 10:41:01.687,423.4155223660836,1003
2024-09-20 10:41:01.703,423.45255745543807,9
2024-09-20 10:41:01.797,423.4370444023143,6
2024-09-20 10:41:01.851,423.4742080927378,1005
2024-09-20 10:41:01.862,423.491786047433,15
2024-09-20 10:41:01.871,423.48189630025246,5
2024-09-20 10:41:01.903,423.4739645739998,105
2024-09-20 10:41:01.949,423.44332942383954,6
2024-09-20 10:41:02.045,423.4901299512549,999
2024-09-20 10:41:02.046,423.538755402495,11
2024-09-20 10:41:02.090,423.4935352485656,1005
2024-09-20 10:41:02.116,423.5363236922866,11
2024-09-20 10:41:02.205,423.5059362990552,6
2024-09-20 10:41:02.329,423.5060613994571,14
2024-09-20 10:41:02.344,423.5372667758868,1004
2024-09-20 10:41:02.357,423.4785196887914,105
2024-09-20 10:41:02.492,423.4953079858492,1003
2024-09-20 10:41:02.647,423.4875736613384,97
2024-09-20 10:41:02.759,423.5407092444142,98
2024-09-20 10:41:02.914,423.513972856951,15
2024-09-20 10:41:02.929,423.519164748526,1001
2024-09-20 10:41:03.017,423.47445738573447,13
2024-09-20 10:41:03.039,423.462966111459,999
2024-09-20 10:41:03.041,423.5123251165375,1003
2024-09-20 10:41:03.064,423.5202325468696,13
2024-09-20 10:41:03.115,423.5157504868772,15
2024-09-20 10:41:03.136,423.50936739151257,7
2024-09-20 10:41:03.169,42.349042790261,1005
2024-09-20 10:41:03.178,423.48351171398434,1005
2024-09-20 10:41:03.201,423.5074216650211,102
2024-09-20 10:41:03.202,423.52368959922137,5
2024-09-20 10:41:03.250,423.4926223882735,998
2024-09-20 10:41:03.265,423.51196002656974,8
2024-09-20 10:41:03.322,423.4933257563822,1004
2024-09-20 10:41:03.336,-423.5147029692112,1001
2024-09-20 10:41:03.356,423.510644663322,100
2024-09-20 10:41:03.356,423.538172052476,101
2024-09-20 10:41:03.371,423.4976530929388,5
2024-09-20 10:41:03.436,423.49802070773,1002
2024-09-20 10:41:03.462,423.4673044110184,997
2024-09-20 10:41:03.473,423.5296740182828,12
2024-09-20 10:41:03.494,423.5258610281558,997
2024-09-20 10:41:03.510,423.4861307782925,97
2024-09-20 10:41:03.513,423.4826040852137,101
2024-09-20 10:41:03.551,423.5151465716835,6
2024-09-20 10:41:03.651,423.513124379557,9
2024-09-20 10:41:03.712,423.52721750254375,8
2024-09-20 10:41:03.808,423.49728574230767,9
2024-09-20 10:41:03.957,423.5189478877395,97
2024-09-20 10:41:04.005,423.4522087057728,996
2024-09-20 10:41:04.226,423.46999979153793,101
2024-09-20 10:41:04.713,423.48058261764254,9
2024-09-20 10:41:05.112,423.4385175863273,1000
2024-09-20 10:41:05.448,423.4291903531657,14
2024-09-20 10:41:06.230,423.4548853705796,1005
2024-09-20 10:41:06.358,423.4763651982029,9
2024-09-20 10:41:06.370,423.4679604410125,11
2024-09-20 10:41:06.500,423.4239258238828,1002
2024-09-20 10:41:06.585,423.46026707433646,8
2024-09-20 10:41:06.608,423.4368285644389,995
2024-09-20 10:41:06.608,423.4594007188133,10
2024-09-20 10:41:06.707,423.4117581489424,97
2024-09-20 10:41:06.757,423.4542342942551,10
2024-09-20 10:41:06.961,423.4621319365402,9
2024-09-20 10:41:07.865,423.4802259234551,997
2024-09-20 10:41:08.145,423.4852868907829,99
2024-09-20 10:41:08.206,423.4926330546793,8
2024-09-20 10:41:08.295,423.4876091402434,99
2024-09-20 10:41:08.307,423.4994257126636,100
2024-09-20 10:41:08.479,423.4912748356502,1001
2024-09-20 10:41:08.985,423.4923480977306,100
2024-09-20 10:41:09.038,,104
2024-09-20 10:41:09.057,423.5087668142745,100
2024-09-20 10:41:09.093,423.3979393235927,6
2024-09-20 10:41:09.143,423.498083089395,13
2024-09-20 10:41:09.222,423.5024111174359,104
2024-09-20 10:41:09.273,423.39435660766105,98
2024-09-20 10:41:09.399,423.4303461243732,12
2024-09-20 10:41:09.399,423.4945411491648,997
2024-09-20 10:41:09.425,423.4055418292587,102
2024-09-20 10:41:09.438,423.5095079913741,10
2024-09-20 10:41:09.495,423.4186986789789,105
2024-09-20 10:41:09.495,42.33840644030513,102
2024-09-20 10:41:09.519,423.4098585487001,101
2024-09-20 10:41:09.573,423.47651658900935,996
2024-09-20 10:41:09.622,423.37191512012265,96
2024-09-20 10:41:09.656,423.4424485358187,95
2024-09-20 10:41:09.683,423.489398585269,1000
2024-09-20 10:41:09.726,423.4222599614415,999
2024-09-20 10:41:09.799,423.3889594105685,5
2024-09-20 10:41:09.826,423.4424982282855,996
2024-09-20 10:41:09.851,423.46240861772986,8
2024-09-20 10:41:09.883,423.4318521676899,995
2024-09-20 10:41:09.929,423.50504618718713,105
2024-09-20 10:41:09.939,,10
2024-09-20 10:41:09.986,423.4160056219131,8
2024-09-20 10:41:10.052,423.5166499266497,998
2024-09-20 10:41:10.172,423.461642479872,7
2024-09-20 10:41:10.272,423.440482973173,6
2024-09-20 10:41:10.346,423.4719873404213,97
2024-09-20 10:41:10.439,423.4759375750768,1000
2024-09-20 10:41:10.590,423.48520299749725,95
2024-09-20 10:41:10.620,423.4798317705888,105
2024-09-20 10:41:10.648,423.45620374005,13
2024-09-20 10:41:10.728,423.50094197953706,1004
2024-09-20 10:41:10.753,423.473097662394,96
2024-09-20 10:41:10.793,423.4848724314646,13
2024-09-20 10:41:10.809,423.4816094072696,102
2024-09-20 10:41:10.833,423.4493396510174,5
2024-09-20 10:41:10.906,423.44650246063935,14
2024-09-20 10:41:11.082,423.5308748792879,99
2024-09-20 10:41:11.083,423.5398096701601,98
2024-09-20 10:41:11.121,423.552910927205,996
2024-09-20 10:41:11.160,423.49797193294967,103
2024-09-20 10:41:11.247,423.5150829713924,1000
2024-09-20 10:41:11.275,423.5065962964117,8
2024-09-20 10:41:11.284,423.5119754347047,9
2024-09-20 10:41:11.286,423.53312698988384,105
2024-09-20 10:41:11.300,423.5463778491602,11
2024-09-20 10:41:11.365,423.5513106351054,97
2024-09-20 10:41:11.400,423.5097233704926,999
2024-09-20 10:41:11.645,423.5449671488557,99
2024-09-20 10:41:11.833,42.35479021938805,100
2024-09-20 10:41:12.009,423.4946661895348,98
2024-09-20 10:41:12.043,423.4978780299225,999
2024-09-20 10:41:12.195,423.48045737411417,14
2024-09-20 10:41:12.300,423.4988264875132,9
2024-09-20 10:41:12.441,42.34921198975604,5
2024-09-20 10:41:12.481,423.4736060222014,100
2024-09-20 10:41:12.601,423.48785219246594,8
2024-09-20 10:41:12.602,423.4963840057717,102
2024-09-20 10:41:12.646,423.4518189698513,995
2024-09-20 10:41:12.655,423.5014259939346,998
2024-09-20 10:41:12.694,423.4951347433621,996
2024-09-20 10:41:12.734,423.5202125072954,7
2024-09-20 10:41:12.802,423.486243664598,95
2024-09-20 10:41:12.834,423.4716091653922,1002
2024-09-20 10:41:12.838,423.4692919377077,99
2024-09-20 10:41:12.862,423.4817352807595,1001
2024-09-20 10:41:12.889,423.521930992452,14
2024-09-20 10:41:12.947,423.4972374140522,996
2024-09-20 10:41:12.975,423.4797075395037,1001
2024-09-20 10:41:12.979,423.5111030366803,1002
2024-09-20 10:41:13.007,423.4537615462274,97
2024-09-20 10:41:13.160,423.4299035430223,1002
2024-09-20 10:41:13.270,423.4254557533792,101
2024-09-20 10:41:13.337,423.4164732395882,6
2024-09-20 10:41:13.862,423.4273787265609,10
2024-09-20 10:41:13.922,423.4544511284034,995
2024-09-20 10:41:14.028,423.4250887767072,97
2024-09-20 10:41:14.099,423.4320200624824,14
2024-09-20 10:41:14.100,423.4297629916542,103
2024-09-20 10:41:14.120,423.4372738858796,15
2024-09-20 10:41:14.190,423.4487813126358,1004
2024-09-20 10:41:14.245,423.4410867022454,10
2024-09-20 10:41:14.363,423.4371626828012,1003
2024-09-20 10:41:14.450,423.43840940860224,7
2024-09-20 10:41:14.556,423.4211601533884,12
2024-09-20 10:41:14.557,423.42132476218205,105
2024-09-20 10:41:14.776,423.4412426734012,1000
2024-09-20 10:41:14.786,423.44974256082384,1001
2024-09-20 10:41:14.869,423.4417871155795,99
2024-09-20 10:41:14.890,423.4354868212856,6
2024-09-20 10:41:14.943,423.4480530150728,996
2024-09-20 10:41:14.957,423.4421714262106,999
2024-09-20 10:41:15.056,423.425853861665,998
2024-09-20 10:41:15.079,423.4197050279361,1001
2024-09-20 10:41:15.210,423.4497725823287,9
2024-09-20 10:41:15.485,423.4214360079552,1001
2024-09-20 10:41:15.584,423.45565204790455,95
2024-09-20 10:41:15.666,423.4584650795119,97
2024-09-20 10:41:15.695,423.4064827197212,999
2024-09-20 10:41:15.826,423.42151558521385,15
2024-09-20 10:41:15.996,423.4480636377447,1000
2024-09-20 10:41:16.120,423.3999708646096,97
2024-09-20 10:41:16.156,423.4252644836202,99
2024-09-20 10:41:16.204,423.4072357889513,1001
2024-09-20 10:41:16.219,423.40864203670526,1003
2024-09-20 10:41:16.234,-423.4317917412697,103
2024-09-20 10:41:16.254,423.4176375765711,98
2024-09-20 10:41:16.328,423.4081069542666,95
2024-09-20 10:41:16.371,423.39391142514296,1002
2024-09-20 10:41:16.588,423.4125993658104,102
2024-09-20 10:41:16.607,423.4236854753444,5
2024-09-20 10:41:16.640,423.4077619509053,5
2024-09-20 10:41:16.650,423.3472762411917,101
2024-09-20 10:41:16.766,423.4045154793452,996
2024-09-20 10:41:16.779,423.3801549342788,12
2024-09-20 10:41:16.908,423.4080968551892,6
2024-09-20 10:41:16.958,423.40710649372414,12
2024-09-20 10:41:16.995,423.4080006814617,995
2024-09-20 10:41:17.039,423.43421734504574,103
2024-09-20 10:41:17.330,423.39283957545,996
2024-09-20 10:41:17.525,423.4388103544919,5
2024-09-20 10:41:17.658,423.4228579879625,1001
2024-09-20 10:41:17.699,423.4283456241539,15
2024-09-20 10:41:17.732,423.42652661608753,8
2024-09-20 10:41:17.822,423.446199376318,1001
2024-09-20 10:41:17.887,423.4344870636282,5
2024-09-20 10:41:17.898,423.3777304635784,98
2024-09-20 10:41:17.910,423.41107546148817,9
2024-09-20 10:41:17.928,423.3610457320547,101
2024-09-20 10:41:17.940,423.38209299881896,13
2024-09-20 10:41:17.956,423.3600334141374,101
2024-09-20 10:41:18.169,423.4649904299711,9
2024-09-20 10:41:18.191,423.4589819852782,97
2024-09-20 10:41:18.312,423.4525710129125,7
2024-09-20 10:41:18.626,423.4623671972452,995
2024-09-20 10:41:18.908,423.458930174604,998
2024-09-20 10:41:19.070,42.347121493633495,6
2024-09-20 10:41:19.142,423.4500483846504,104
2024-09-20 10:41:19.177,423.39004317099256,995
2024-09-20 10:41:19.317,423.4389649136535,103
2024-09-20 10:41:19.366,423.4513621151826,1005
2024-09-20 10:41:19.377,423.4213510386074,998
2024-09-20 10:41:19.382,423.42861682943953,104
2024-09-20 10:41:19.416,423.4895203927469,995
2024-09-20 10:41:19.454,423.456782626736,995
2024-09-20 10:41:19.475,423.463760476069,104
2024-09-20 10:41:19.482,423.4609702995177,9
2024-09-20 10:41:19.499,423.4499433827258,104
2024-09-20 10:41:19.506,423.4598456507906,7
2024-09-20 10:41:19.523,423.4668227483294,996
2024-09-20 10:41:19.559,423.44775288198525,7
2024-09-20 10:41:19.608,423.4505941008076,999
2024-09-20 10:41:19.623,423.4091390212213,98
2024-09-20 10:41:19.644,423.4418295235109,1005
2024-09-20 10:41:19.674,423.436290936296,103
2024-09-20 10:41:19.676,423.4653806576788,1001
2024-09-20 10:41:19.676,423.4461826819581,15
2024-09-20 10:41:19.728,423.4574299229847,1005
2024-09-20 10:41:19.739,423.4624614300672,7
2024-09-20 10:41:19.745,,997
2024-09-20 10:41:19.834,423.3992323516594,8
2024-09-20 10:41:19.835,423.4558423042616,12
2024-09-20 10:41:19.956,423.4185124818957,11
2024-09-20 10:41:20.026,423.2657029036478,995
2024-09-20 10:41:20.045,423.2575915011895,96
2024-09-20 10:41:20.056,423.2804863013259,15
2024-09-20 10:41:20.075,423.2360953963457,1005
2024-09-20 10:41:20.092,423.2814205524483,12
2024-09-20 10:41:20.205,423.2843142804022,1005
2024-09-20 10:41:20.249,423.2470137948934,98
2024-09-20 10:41:20.260,423.3814779645655,5
2024-09-20 10:41:20.282,423.406071752071,96
2024-09-20 10:41:20.340,423.3788742618223,102
2024-09-20 10:41:20.395,42.33134586320456,999
2024-09-20 10:41:20.400,423.2280477406378,1004
2024-09-20 10:41:20.426,423.23481568496754,995
2024-09-20 10:41:20.435,423.2808853754165,14
2024-09-20 10:41:20.523,423.264639055771,995
2024-09-20 10:41:20.578,423.39762941536304,998
2024-09-20 10:41:20.617,423.3624846258129,99
2024-09-20 10:41:20.683,423.30492387500414,997
2024-09-20 10:41:20.683,423.2925831821415,100
2024-09-20 10:41:20.744,423.3319378983031,12
2024-09-20 10:41:20.864,423.3547260746908,100
2024-09-20 10:41:21.049,423.3383426120234,97
2024-09-20 10:41:21.056,423.3333300706595,11
2024-09-20 10:41:21.189,423.3151329087871,103
2024-09-20 10:41:21.203,423.3039649114352,996
2024-09-20 10:41:21.222,423.3576766415027,1002
2024-09-20 10:41:21.292,423.3520646127392,995
2024-09-20 10:41:21.378,423.36000567920127,6
2024-09-20 10:41:21.401,423.2996611262443,1000
2024-09-20 10:41:21.417,423.3311469593517,996
2024-09-20 10:41:21.515,423.3366426335248,97
2024-09-20 10:41:21.603,423.3284909196775,99
2024-09-20 10:41:21.626,423.35035823915166,10
2024-09-20 10:41:21.704,423.3416731237669,105
2024-09-20 10:41:21.762,423.3423281122531,105
2024-09-20 10:41:21.801,423.3608405810168,1003
2024-09-20 10:41:21.864,423.3577507508722,15
2024-09-20 10:41:21.932,423.3537141301021,15
2024-09-20 10:41:21.937,423.344955385229,97
2024-09-20 10:41:22.076,423.3155533733877,998
2024-09-20 10:41:22.386,423.3300561897037,13
2024-09-20 10:41:22.437,423.3066752911682,12
2024-09-20 10:41:22.503,423.3316407068053,5
2024-09-20 10:41:22.516,423.3148853498803,15
2024-09-20 10:41:22.600,423.3347785846595,98
2024-09-20 10:41:22.608,423.306664912598,1001
2024-09-20 10:41:22.658,423.3353518643213,1005
2024-09-20 10:41:22.900,423.3440603459538,998
2024-09-20 10:41:23.013,423.281978452688,1000
2024-09-20 10:41:23.018,423.2877872488008,8
2024-09-20 10:41:23.081,423.2901219470899,997
2024-09-20 10:41:23.129,423.29975886905015,5
2024-09-20 10:41:23.149,423.2997901474012,1002
2024-09-20 10:41:23.209,423.3010818049529,103
2024-09-20 10:41:23.267,423.24299324772,7
2024-09-20 10:41:23.334,423.2535744200706,9
2024-09-20 10:41:23.395,42.32974999580043,1003
2024-09-20 10:41:23.493,423.2507619185973,999
2024-09-20 10:41:23.636,423.2441866785385,1004
2024-09-20 10:41:23.701,423.2852192990052,10
2024-09-20 10:41:23.842,423.2966570304519,1001
2024-09-20 10:41:23.944,423.2455944653787,7
2024-09-20 10:41:23.955,423.3105306355713,1005
2024-09-20 10:41:23.989,423.27159816088346,98
2024-09-20 10:41:24.000,423.3699106944603,96
2024-09-20 10:41:24.058,423.3602866948141,97
2024-09-20 10:41:24.083,,15
2024-09-20 10:41:24.133,423.3088462134245,95
2024-09-20 10:41:24.243,423.3105726838193,996
2024-09-20 10:41:24.265,423.29246023439134,15
2024-09-20 10:41:24.266,423.2864377155863,1000
2024-09-20 10:41:24.266,423.29300475155753,9
2024-09-20 10:41:24.283,423.28635334095577,99
2024-09-20 10:41:24.325,423.3647659105546,10
2024-09-20 10:41:24.344,423.2816271448616,6
2024-09-20 10:41:24.375,423.2921884307456,6
2024-09-20 10:41:24.442,423.3462404189492,13
2024-09-20 10:41:24.490,423.3686384296975,996
2024-09-20 10:41:24.519,423.28673871258,995
2024-09-20 10:41:24.519,423.29068571225775,10
2024-09-20 10:41:24.592,423.3064071702427,97
2024-09-20 10:41:24.634,423.2880558709481,5
2024-09-20 10:41:24.662,423.2986717860805,1001
2024-09-20 10:41:24.662,423.3781275838688,100
2024-09-20 10:41:24.778,423.29088853293337,98
2024-09-20 10:41:24.799,423.30889846581766,100
2024-09-20 10:41:24.818,423.30185750046735,6
2024-09-20 10:41:24.922,423.29765640879367,1002
2024-09-20 10:41:24.938,423.3671829342909,102
2024-09-20 10:41:24.942,423.294304187785,1000
2024-09-20 10:41:24.950,423.3697525414376,996
2024-09-20 10:41:24.989,423.3602018351692,101
2024-09-20 10:41:25.017,423.3754220031606,1000
2024-09-20 10:41:25.204,423.3722584466834,99
2024-09-20 10:41:25.219,423.32897090108247,5
2024-09-20 10:41:25.223,423.3024201619536,104
2024-09-20 10:41:25.303,423.3492433363675,13
2024-09-20 10:41:25.350,423.3374795568748,1002
2024-09-20 10:41:25.487,423.3812027367648,1000
2024-09-20 10:41:25.491,423.2972907518948,1005
2024-09-20 10:41:25.622,423.3386421676537,998
2024-09-20 10:41:25.692,423.3315974329662,98
2024-09-20 10:41:25.712,423.34932227015696,998
2024-09-20 10:41:25.750,423.3405081250402,6
2024-09-20 10:41:25.802,423.3314754573253,101
2024-09-20 10:41:25.840,423.3057699071827,1001
2024-09-20 10:41:25.858,423.2966431147477,102
2024-09-20 10:41:25.871,423.3622838003312,999
2024-09-20 10:41:25.933,423.3387473883997,104
2024-09-20 10:41:26.000,423.2936548559796,9
2024-09-20 10:41:26.045,423.32187015248377,997
2024-09-20 10:41:26.108,423.3005723838153,13
2024-09-20 10:41:26.134,423.308313672064,15
2024-09-20 10:41:26.136,423.3106148082177,6
2024-09-20 10:41:26.227,423.33913152617686,1003
2024-09-20 10:41:26.272,423.3049270846862,997
2024-09-20 10:41:26.334,423.31365498224,95
2024-09-20 10:41:26.406,423.311577991285,998
2024-09-20 10:41:26.465,423.3203920368874,6
2024-09-20 10:41:26.744,423.3130559927925,101
2024-09-20 10:41:26.869,423.3116565748067,104
2024-09-20 10:41:26.911,423.3195389920775,13
2024-09-20 10:41:26.920,423.3198463217799,998
2024-09-20 10:41:26.933,423.3144536804147,1004
2024-09-20 10:41:26.956,423.32791909834935,98
2024-09-20 10:41:26.956,423.3043294531174,101
2024-09-20 10:41:26.974,423.3026858156712,102
2024-09-20 10:41:26.987,423.2963408031013,997
2024-09-20 10:41:27.144,423.3588944604387,1001
2024-09-20 10:41:27.155,423.34106901216416,95
2024-09-20 10:41:27.191,423.355723926257,12
2024-09-20 10:41:27.218,423.3713399825599,13
2024-09-20 10:41:27.219,423.3561906291092,15
2024-09-20 10:41:27.233,423.3453199833896,103
2024-09-20 10:41:27.289,423.3464993988246,103
2024-09-20 10:41:27.315,423.3230773130704,1003
2024-09-20 10:41:27.439,423.35227975534536,995
2024-09-20 10:41:27.531,423.3141844936953,1000
2024-09-20 10:41:27.679,423.35934392204905,102
2024-09-20 10:41:27.680,423.3099579745301,98
2024-09-20 10:41:27.695,423.321380556129,13
2024-09-20 10:41:27.703,423.3682992663084,999
2024-09-20 10:41:27.972,423.3378377035714,998
2024-09-20 10:41:27.991,423.3323853055204,104
2024-09-20 10:41:28.214,423.31865596652057,98
2024-09-20 10:41:28.217,423.3350049074119,1000
2024-09-20 10:41:28.265,423.3633697434391,14
2024-09-20 10:41:28.310,423.3250438430304,8
2024-09-20 10:41:28.324,423.3497627376586,1003
2024-09-20 10:41:28.338,423.289299637533,101
2024-09-20 10:41:28.396,423.3470389650022,1005
2024-09-20 10:41:28.453,423.3013690928586,11
2024-09-20 10:41:28.468,423.34002682916247,1003
2024-09-20 10:41:28.590,423.33719744695134,9
2024-09-20 10:41:28.592,423.359449613961,1003
2024-09-20 10:41:28.675,423.2956289465741,996
2024-09-20 10:41:28.948,423.3169272319631,101
2024-09-20 10:41:29.134,423.3035603563442,100
2024-09-20 10:41:29.141,423.3060116289253,105
2024-09-20 10:41:29.286,423.31037016718926,99
2024-09-20 10:41:29.549,423.30661946276064,13
2024-09-20 10:41:29.797,423.3147024865222,103
2024-09-20 10:41:29.857,42.33108881282652,104
2024-09-20 10:41:30.031,423.2829144922534,996
2024-09-20 10:41:30.105,423.2724383440322,1003
2024-09-20 10:41:30.159,423.29227410653226,995
2024-09-20 10:41:30.317,423.2708821567515,995
2024-09-20 10:41:30.392,423.2466768818814,102
2024-09-20 10:41:30.480,423.280615587916,9
2024-09-20 10:41:30.492,423.27719591314894,7
2024-09-20 10:41:30.494,423.2800652600935,1003
2024-09-20 10:41:30.498,423.29040058129925,6
2024-09-20 10:41:30.618,423.2987517315651,104
2024-09-20 10:41:30.623,423.28499586296647,96
2024-09-20 10:41:30.653,423.2597248902683,95
2024-09-20 10:41:30.795,423.2557701307901,996
2024-09-20 10:41:30.843,423.25214674783,6
2024-09-20 10:41:30.849,423.2897170627365,96
2024-09-20 10:41:30.851,423.2547850270447,8
2024-09-20 10:41:30.918,423.25273194295096,99
2024-09-20 10:41:30.940,423.26735680968505,95
2024-09-20 10:41:31.061,423.3272770525011,98
2024-09-20 10:41:31.131,423.32725440637984,1005
2024-09-20 10:41:31.170,423.3061087469852,1001
2024-09-20 10:41:31.227,423.2807964827377,8
2024-09-20 10:41:31.263,423.3284030557365,101
2024-09-20 10:41:31.287,423.3139471012465,996
2024-09-20 10:41:31.296,423.31447190201135,99
2024-09-20 10:41:31.346,423.30967339387286,1001
2024-09-20 10:41:31.483,423.2595882186527,1000
2024-09-20 10:41:31.499,423.2571220234882,1005
2024-09-20 10:41:31.510,423.2971956005767,1001
2024-09-20 10:41:31.514,423.3375568980746,13
2024-09-20 10:41:31.567,423.2969421145061,100
2024-09-20 10:41:31.573,423.3123882110354,15
2024-09-20 10:41:31.596,423.3030025041063,7
2024-09-20 10:41:31.625,423.3268895608049,7
2024-09-20 10:41:31.699,423.3107497612135,995
2024-09-20 10:41:31.717,423.2747364438848,996
2024-09-20 10:41:31.741,423.33598354177394,8
2024-09-20 10:41:31.752,423.29602386228817,99
2024-09-20 10:41:31.869,423.32478733299126,5
2024-09-20 10:41:31.873,423.3150164211944,11
2024-09-20 10:41:31.916,423.2803079850337,1003
2024-09-20 10:41:32.019,423.2756978985239,999
2024-09-20 10:41:32.033,423.28152884493977,1002
2024-09-20 10:41:32.092,423.2749781309715,96
2024-09-20 10:41:32.095,423.2593096287899,6
2024-09-20 10:41:32.168,423.2901520371532,7
2024-09-20 10:41:32.172,423.3235864962341,95
2024-09-20 10:41:32.270,-423.30032256708176,9
2024-09-20 10:41:32.375,423.31612775147687,102
2024-09-20 10:41:32.411,423.3005653987751,1005
2024-09-20 10:41:32.501,423.2851124921465,97
2024-09-20 10:41:32.503,423.2709869486728,8
2024-09-20 10:41:32.516,423.3122933910083,1003
2024-09-20 10:41:32.591,423.28258904141904,97
2024-09-20 10:41:32.622,423.3512301719956,1002
2024-09-20 10:41:32.643,423.2770221051668,5
2024-09-20 10:41:32.644,423.2903727572412,997
2024-09-20 10:41:32.646,423.3610600917413,98
2024-09-20 10:41:32.647,423.33407985268445,96
2024-09-20 10:41:32.675,423.3057080941576,8
2024-09-20 10:41:32.702,423.25691190280696,1000
2024-09-20 10:41:32.710,423.30106216472007,99
2024-09-20 10:41:32.774,423.2846011379801,9
2024-09-20 10:41:32.823,423.2796467387727,1000
2024-09-20 10:41:32.850,423.3424971089124,1000
2024-09-20 10:41:32.879,423.28117439784,7
2024-09-20 10:41:32.885,423.29156956690434,9
2024-09-20 10:41:32.985,423.2983531483863,995
2024-09-20 10:41:33.424,423.3331309372995,11
2024-09-20 10:41:33.532,423.3423487721311,996
2024-09-20 10:41:33.542,423.3298102579047,105
2024-09-20 10:41:33.714,423.31002211576526,13
2024-09-20 10:41:33.940,423.307809362723,95
2024-09-20 10:41:33.995,423.3348108063263,9
2024-09-20 10:41:34.027,423.368797825883,995
2024-09-20 10:41:34.101,423.4058396496888,998
2024-09-20 10:41:34.217,423.3494801095706,105
2024-09-20 10:41:34.271,423.3174509034236,98
2024-09-20 10:41:34.307,423.3100195907718,996
2024-09-20 10:41:34.342,423.3302631504346,995
2024-09-20 10:41:34.410,423.4078044578686,1005
2024-09-20 10:41:34.473,423.3761416018821,100
2024-09-20 10:41:34.533,423.3788801335105,15
2024-09-20 10:41:34.683,423.34878944680287,8
2024-09-20 10:41:34.988,423.34845625415466,102
2024-09-20 10:41:35.016,423.3814884614164,997
2024-09-20 10:41:35.029,423.3726543466462,996
2024-09-20 10:41:35.054,423.34605049204526,7
2024-09-20 10:41:35.061,423.3398456385365,6
2024-09-20 10:41:35.116,423.38623453999895,1002
2024-09-20 10:41:35.255,423.3372807985645,10
2024-09-20 10:41:35.265,423.3497947011962,105
2024-09-20 10:41:35.322,423.3706702400262,1002
2024-09-20 10:41:35.334,423.3720461583184,999
2024-09-20 10:41:35.366,423.35617425944247,997
2024-09-20 10:41:35.378,423.3611124508914,102
2024-09-20 10:41:35.388,423.3788274667212,997
2024-09-20 10:41:35.406,423.36970151962015,1002
2024-09-20 10:41:35.463,423.3581107163568,5
2024-09-20 10:41:35.478,423.3625694408967,1000
2024-09-20 10:41:35.509,423.3975868036337,99
2024-09-20 10:41:35.540,423.36965502870737,995
2024-09-20 10:41:35.558,423.35306270741336,104
2024-09-20 10:41:35.567,423.3826804777602,15
2024-09-20 10:41:35.579,423.3578600751677,102
2024-09-20 10:41:35.587,423.3783568099608,999
2024-09-20 10:41:35.621,423.3486607659837,1004
2024-09-20 10:41:35.720,423.4077473269181,97
2024-09-20 10:41:35.724,423.3878070517222,12
2024-09-20 10:41:35.730,423.3692772605169,1005
2024-09-20 10:41:35.782,423.3322527231217,1000
2024-09-20 10:41:35.942,423.3685831298508,8
2024-09-20 10:41:35.971,423.3289443428116,9
2024-09-20 10:41:36.055,423.3772453125685,996
2024-09-20 10:41:36.322,423.3969036460836,1003
2024-09-20 10:41:36.422,423.3807767473749,97
2024-09-20 10:41:36.618,423.377041491587,1001
2024-09-20 10:41:37.165,423.4009195708338,10
2024-09-20 10:41:37.245,423.3972720880928,1004
2024-09-20 10:41:37.268,423.4093174329329,97
2024-09-20 10:41:37.370,423.4218116265932,8
2024-09-20 10:41:37.390,423.4028340972671,998
2024-09-20 10:41:37.951,423.4023651452988,13
2024-09-20 10:41:37.990,423.4141082615237,14
2024-09-20 10:41:38.143,423.357046407276,8
2024-09-20 10:41:38.304,423.4181684643768,13
2024-09-20 10:41:38.328,423.3569143020053,98
2024-09-20 10:41:38.394,423.3614121767271,10
2024-09-20 10:41:38.667,423.3953486160559,998
2024-09-20 10:41:38.736,-423.3834603153489,95
2024-09-20 10:41:38.801,423.410413233742,96
2024-09-20 10:41:38.807,423.3721094750581,104
2024-09-20 10:41:39.021,423.34323189247954,100
2024-09-20 10:41:39.096,423.3655154114871,105
2024-09-20 10:41:39.219,423.32966598817103,1002
2024-09-20 10:41:39.231,423.33896655837,14
2024-09-20 10:41:39.261,423.33981990795087,7
2024-09-20 10:41:39.321,423.33375739392886,11
2024-09-20 10:41:39.351,423.3521389141409,995
2024-09-20 10:41:39.395,-423.3349815195392,9
2024-09-20 10:41:39.432,423.3425429692917,1004
2024-09-20 10:41:39.576,423.33130301130456,998
2024-09-20 10:41:39.642,423.3480938417684,102
2024-09-20 10:41:39.722,423.3525838787736,95
2024-09-20 10:41:39.787,423.34368909804726,99
2024-09-20 10:41:39.824,423.3477092355959,5
2024-09-20 10:41:39.841,423.3309210892194,999
2024-09-20 10:41:39.866,423.3364908913496,998
2024-09-20 10:41:39.935,423.35392489276086,1003
2024-09-20 10:41:40.014,423.3709508434057,101
2024-09-20 10:41:40.040,423.3903901726189,997
2024-09-20 10:41:40.073,423.3493106268997,12
2024-09-20 10:41:40.258,423.3937615772394,104
2024-09-20 10:41:40.369,423.3917881913975,8
2024-09-20 10:41:40.407,423.3746248825954,104
2024-09-20 10:41:40.684,423.39355127960897,12
2024-09-20 10:41:40.929,423.3995019833276,101
2024-09-20 10:41:40.942,423.3968502420349,995
2024-09-20 10:41:41.022,423.36971445734616,1000
2024-09-20 10:41:41.025,42.33375634182163,5
2024-09-20 10:41:41.047,423.3335420706496,9
2024-09-20 10:41:41.095,423.35742630553926,97
2024-09-20 10:41:41.195,423.3406919523249,6
2024-09-20 10:41:41.223,-423.35924752153966,15
2024-09-20 10:41:41.241,423.32886409315415,14
2024-09-20 10:41:41.350,423.3391836520773,998
2024-09-20 10:41:41.354,423.3521565911735,998
2024-09-20 10:41:41.408,423.3505126835135,1005
2024-09-20 10:41:41.484,423.41392032987306,12
2024-09-20 10:41:41.496,423.3904135278029,1000
2024-09-20 10:41:41.521,423.3247665707265,8
2024-09-20 10:41:41.556,42.33533668561738,96
2024-09-20 10:41:41.674,423.4107059085403,100
2024-09-20 10:41:41.752,423.3546818650297,995
2024-09-20 10:41:41.786,423.3402397158172,102
2024-09-20 10:41:41.796,423.36751184185306,1003
2024-09-20 10:41:41.799,423.3752160881484,7
2024-09-20 10:41:41.815,423.3327467998422,100
2024-09-20 10:41:41.856,423.3882994848106,996
2024-09-20 10:41:41.872,423.4016733589334,997
2024-09-20 10:41:41.892,-423.35107206753713,998
2024-09-20 10:41:42.028,423.3298242049843,95
2024-09-20 10:41:42.035,423.3224543932228,8
2024-09-20 10:41:42.037,423.3329244334764,997
2024-09-20 10:41:42.085,423.2961135927901,105
2024-09-20 10:41:42.146,423.3012803173162,99
2024-09-20 10:41:42.191,423.31710441083993,1003
2024-09-20 10:41:42.197,,1005
2024-09-20 10:41:42.294,423.35789010808617,996
2024-09-20 10:41:42.311,423.3012181101784,997
2024-09-20 10:41:42.338,423.3244069580085,995
2024-09-20 10:41:42.389,423.3095692457306,15
2024-09-20 10:41:42.450,423.3111787983037,1001
2024-09-20 10:41:42.538,423.3028579253844,5
2024-09-20 10:41:42.545,423.274867573138,1003
2024-09-20 10:41:42.622,423.3243486153469,998
2024-09-20 10:41:42.684,423.3518616190417,995
2024-09-20 10:41:42.700,423.2692022754214,997
2024-09-20 10:41:42.707,423.29685200499085,15
2024-09-20 10:41:42.743,423.3026582146345,1001
2024-09-20 10:41:42.895,423.3401373321221,96
2024-09-20 10:41:42.904,423.3046077345274,99
2024-09-20 10:41:42.945,423.3187033753301,98
2024-09-20 10:41:42.950,423.3064978285951,996
2024-09-20 10:41:42.959,423.3475418279676,105
2024-09-20 10:41:43.060,423.3931494554917,99
2024-09-20 10:41:43.076,423.3893314324852,102
2024-09-20 10:41:43.077,423.3397084808082,995
2024-09-20 10:41:43.209,423.3846997619387,7
2024-09-20 10:41:43.215,423.3411593117352,5
2024-09-20 10:41:43.223,423.3763840854087,11
2024-09-20 10:41:43.248,423.3958691570283,1004
2024-09-20 10:41:43.297,423.37418187806,10
2024-09-20 10:41:43.297,423.3844171792357,97
2024-09-20 10:41:43.376,-423.387369338788,97
2024-09-20 10:41:43.480,423.3685524862491,8
2024-09-20 10:41:43.527,423.40760775906574,13
2024-09-20 10:41:43.534,423.408715960202,999
2024-09-20 10:41:43.581,423.3000798541706,9
2024-09-20 10:41:43.629,423.3935298795991,1005
2024-09-20 10:41:43.649,423.3761702521176,105
2024-09-20 10:41:43.663,423.3711516036962,1003
2024-09-20 10:41:43.756,423.4048842072672,7
2024-09-20 10:41:43.808,423.3937867884554,1000
2024-09-20 10:41:43.937,423.3716087167943,1001
2024-09-20 10:41:44.166,423.4117027568816,102
2024-09-20 10:41:44.178,423.3738157911072,103
2024-09-20 10:41:44.337,423.398778261839,102
2024-09-20 10:41:44.344,423.3783058515433,1004
2024-09-20 10:41:44.364,423.39551712149216,105
2024-09-20 10:41:44.367,423.395434121548,1001
2024-09-20 10:41:44.439,423.3838634674185,97
2024-09-20 10:41:44.509,423.3991579328046,998
2024-09-20 10:41:44.579,423.3778950607282,995
2024-09-20 10:41:44.581,423.36644335058327,1000
2024-09-20 10:41:44.588,423.3891538174474,99
2024-09-20 10:41:44.651,423.4050690780596,103
2024-09-20 10:41:44.789,423.388178097704,105
2024-09-20 10:41:44.970,423.3878292482096,11
2024-09-20 10:41:44.982,423.37610673297416,997
2024-09-20 10:41:45.004,423.3805314332014,998
2024-09-20 10:41:45.005,423.4240211338909,12
2024-09-20 10:41:45.062,423.3824529980188,1004
2024-09-20 10:41:45.246,423.4052442166589,12
2024-09-20 10:41:45.362,423.41898577468015,98
2024-09-20 10:41:45.397,423.4029168138677,1003
2024-09-20 10:41:45.473,423.4190944168701,5
2024-09-20 10:41:45.529,423.3804080361098,9
2024-09-20 10:41:45.549,423.3809120930354,10
2024-09-20 10:41:45.608,423.3888387607211,13
2024-09-20 10:41:45.648,423.3874678092166,1005
2024-09-20 10:41:45.838,423.3953995632314,1004
2024-09-20 10:41:45.872,423.3670536828705,15
2024-09-20 10:41:45.880,423.3983678559113,1000
2024-09-20 10:41:45.922,423.4072492341318,12
2024-09-20 10:41:45.954,423.375173900149,998
2024-09-20 10:41:47.185,423.374269637832,995
2024-09-20 10:41:47.317,423.3628566488688,14
2024-09-20 10:41:47.611,423.3571926631262,10
2024-09-20 10:41:47.711,423.3936267635125,1003
2024-09-20 10:41:47.788,423.3838520337176,999
2024-09-20 10:41:47.889,423.360777915525,1004
2024-09-20 10:41:48.050,423.3343361950827,1000
2024-09-20 10:41:48.089,423.400139370004,97
2024-09-20 10:41:48.149,423.3139759673877,95
2024-09-20 10:41:48.153,423.29259103637935,10
2024-09-20 10:41:48.185,423.303512140509,12
2024-09-20 10:41:48.219,423.3836384063448,9
2024-09-20 10:41:48.251,423.3977328160289,100
2024-09-20 10:41:48.321,423.388114970061,6
2024-09-20 10:41:48.437,423.30946467087045,7
2024-09-20 10:41:48.482,423.3522686097751,995
2024-09-20 10:41:48.637,423.3226670666417,995
2024-09-20 10:41:48.730,423.3465974251064,8
2024-09-20 10:41:48.780,423.303413491653,1004
2024-09-20 10:41:48.800,423.3754610170983,97
2024-09-20 10:41:48.829,423.340717309438,104
2024-09-20 10:41:48.838,423.37640387461073,6
2024-09-20 10:41:48.914,423.35038821009954,1002
2024-09-20 10:41:48.920,423.3458959272421,102
2024-09-20 10:41:48.947,423.3782063745832,7
2024-09-20 10:41:48.957,,1000
2024-09-20 10:41:49.054,423.2600177641581,97
2024-09-20 10:41:49.057,423.2942362305243,102
2024-09-20 10:41:49.075,423.2954688203952,1001
2024-09-20 10:41:49.084,423.2956455059892,999
2024-09-20 10:41:49.093,423.2748801290264,7
2024-09-20 10:41:49.095,423.2808527322874,103
2024-09-20 10:41:49.099,423.2863177430211,1000
2024-09-20 10:41:49.165,423.2952450111514,7
2024-09-20 10:41:49.175,423.2713889233762,1005
2024-09-20 10:41:49.276,423.28849445040737,5
2024-09-20 10:41:49.302,423.2810545995933,5
2024-09-20 10:41:49.305,423.28313987042986,98
2024-09-20 10:41:49.318,423.25945434539017,105
2024-09-20 10:41:49.481,423.305507441679,999
2024-09-20 10:41:49.558,423.2510686191882,1000
2024-09-20 10:41:49.579,423.2768882046556,102
2024-09-20 10:41:49.580,423.28970186476,103
2024-09-20 10:41:49.601,423.2536386566607,1004
2024-09-20 10:41:49.620,423.2970538964854,103
2024-09-20 10:41:49.637,423.286444057772,14
2024-09-20 10:41:49.678,423.2929667158466,105
2024-09-20 10:41:49.768,423.3097773715537,999
2024-09-20 10:41:49.783,423.2462732079835,1000
2024-09-20 10:41:49.892,423.267834821608,12
2024-09-20 10:41:49.904,423.2649904709578,7
2024-09-20 10:41:50.027,423.2550663267157,5
2024-09-20 10:41:50.033,423.2658036683741,10
2024-09-20 10:41:50.048,423.2465290573736,99
2024-09-20 10:41:50.058,423.2649078425658,103
2024-09-20 10:41:50.253,423.27823132728736,1002
2024-09-20 10:41:50.351,423.25734280376713,104
2024-09-20 10:41:50.384,423.2140651492454,1000
2024-09-20 10:41:50.400,423.2589906670729,1001
2024-09-20 10:41:50.425,423.2952352646376,996
2024-09-20 10:41:50.457,423.2506079991292,15
2024-09-20 10:41:50.475,423.2618403350152,97
2024-09-20 10:41:50.492,423.2213008117388,15
2024-09-20 10:41:50.533,423.2375281533249,9
2024-09-20 10:41:50.537,423.25256739088576,9
2024-09-20 10:41:50.541,423.2269078418349,98
2024-09-20 10:41:50.589,423.28577821179965,8
2024-09-20 10:41:50.627,423.2546998711501,104
2024-09-20 10:41:50.656,423.2678108370776,999
2024-09-20 10:41:50.667,423.2818701312374,104
2024-09-20 10:41:50.670,423.2727328101312,999
2024-09-20 10:41:50.673,,1000
2024-09-20 10:41:50.680,423.2699697955479,104
2024-09-20 10:41:50.794,423.2727851016706,105
2024-09-20 10:41:50.812,423.24370181172,102
2024-09-20 10:41:50.813,423.2594342970296,14
2024-09-20 10:41:50.871,423.2458195867865,14
2024-09-20 10:41:50.890,423.22840517460617,100
2024-09-20 10:41:50.904,423.2204224000143,1002
2024-09-20 10:41:50.964,423.2526240780934,101
2024-09-20 10:41:51.112,423.2255895347048,998
2024-09-20 10:41:51.181,423.2208160299157,99
2024-09-20 10:41:51.234,423.19270804558056,104
2024-09-20 10:41:51.328,423.201888897431,101
2024-09-20 10:41:51.586,423.2202569788085,12
2024-09-20 10:41:51.620,423.2159878164722,98
2024-09-20 10:41:51.653,423.22485264029154,997
2024-09-20 10:41:51.982,423.221071035144,96
2024-09-20 10:41:52.165,423.19543979201273,96
2024-09-20 10:41:52.231,423.1598512369251,98
2024-09-20 10:41:52.452,423.1742362509965,6
2024-09-20 10:41:52.525,423.1779237673719,1005
2024-09-20 10:41:52.552,423.2008757181957,999
2024-09-20 10:41:52.553,423.1930610356742,997
2024-09-20 10:41:52.680,423.21446103594815,12
2024-09-20 10:41:52.739,423.1801170035273,96
2024-09-20 10:41:52.742,423.1993668606515,101
2024-09-20 10:41:52.773,423.1889530350492,100
2024-09-20 10:41:52.838,423.2109979558718,99
2024-09-20 10:41:54.015,423.2417887793031,8
2024-09-20 10:41:54.027,423.20204655788046,11
2024-09-20 10:41:54.048,423.2320924818167,9
2024-09-20 10:41:54.174,423.1903608363284,8
2024-09-20 10:41:54.181,423.1960994257118,12
2024-09-20 10:41:54.210,423.19256387077326,996
2024-09-20 10:41:54.228,423.2283324904416,12
2024-09-20 10:41:54.300,423.2101207562725,996
2024-09-20 10:41:54.365,423.2347307299023,101
2024-09-20 10:41:54.389,423.1962536316528,9
2024-09-20 10:41:54.396,423.2035665382225,998
2024-09-20 10:41:54.542,423.2506530401607,99
2024-09-20 10:41:54.568,423.2098870802899,1003
2024-09-20 10:41:54.576,423.1960909304443,10
2024-09-20 10:41:54.617,423.2547643400853,12
2024-09-20 10:41:54.618,423.2530127219733,9
2024-09-20 10:41:54.640,423.2138100218162,11
2024-09-20 10:41:54.650,423.19623816405885,102
2024-09-20 10:41:54.679,423.2342236463515,15
2024-09-20 10:41:54.705,423.219687068492,1002
2024-09-20 10:41:54.714,423.23214082879,5
2024-09-20 10:41:54.778,423.2135294894612,10
2024-09-20 10:41:54.792,423.2357087617636,1002
2024-09-20 10:41:54.855,423.1883113238143,102
2024-09-20 10:41:55.018,42.31770363343325,102
2024-09-20 10:41:55.053,423.1874778723147,12
2024-09-20 10:41:55.112,423.1781263962338,1005
2024-09-20 10:41:55.762,42.32103665441532,999
2024-09-20 10:41:55.769,423.1868135542214,13
2024-09-20 10:41:55.781,423.1620823688047,15
2024-09-20 10:41:55.794,423.1967729357257,12
2024-09-20 10:41:55.858,423.18792285012455,101
2024-09-20 10:41:55.929,423.16586085208166,11
2024-09-20 10:41:56.045,423.1610754360957,1001
2024-09-20 10:41:56.080,423.1855269189073,1005
2024-09-20 10:41:56.185,423.1926766926092,105
2024-09-20 10:41:56.339,423.1811238892018,1001
2024-09-20 10:41:56.356,423.1782516275079,6
2024-09-20 10:41:56.473,423.17079516724846,1001
2024-09-20 10:41:56.587,423.1500865614128,1000
2024-09-20 10:41:56.740,423.1901164924655,1004
2024-09-20 10:41:56.783,423.1698645282184,5
2024-09-20 10:41:57.006,423.1782782897255,105
2024-09-20 10:41:57.099,423.1738183678998,105
2024-09-20 10:41:57.185,423.160206802457,12
2024-09-20 10:41:57.189,-423.1655795304994,13
2024-09-20 10:41:57.203,423.177411666982,1001
2024-09-20 10:41:57.308,423.1473170941963,1002
2024-09-20 10:41:57.440,423.1730745804568,15
2024-09-20 10:41:57.559,423.1837147335495,99
2024-09-20 10:41:57.602,423.1581396335845,999
2024-09-20 10:41:58.288,423.150356082394,104
2024-09-20 10:41:58.346,423.13874050693966,11
2024-09-20 10:41:58.571,423.15089015987263,104
2024-09-20 10:41:58.582,423.1112610320964,1005
2024-09-20 10:41:58.744,423.1446426313247,11
2024-09-20 10:41:58.887,423.1232050325702,11
2024-09-20 10:41:59.001,423.1591239582239,11
2024-09-20 10:41:59.029,423.1638187039755,14
2024-09-20 10:41:59.049,423.13524756503546,12
2024-09-20 10:41:59.081,423.169319459009,9
2024-09-20 10:41:59.206,423.1731577291084,98
2024-09-20 10:41:59.219,423.15732293338544,104
2024-09-20 10:41:59.228,423.156952090586,96
2024-09-20 10:41:59.254,423.19601994487016,102
2024-09-20 10:41:59.327,423.1876098009288,105
2024-09-20 10:41:59.331,423.15382087193177,6
2024-09-20 10:41:59.338,423.1527989393019,12
2024-09-20 10:41:59.359,423.18200489323,998
2024-09-20 10:41:59.371,423.1578457211247,1002
2024-09-20 10:41:59.444,423.1506381699756,104
2024-09-20 10:41:59.520,423.1769546278045,98
2024-09-20 10:41:59.521,423.1409605698983,1005
2024-09-20 10:41:59.530,423.1793464593741,1002
2024-09-20 10:41:59.565,423.15370565965367,8
2024-09-20 10:41:59.655,423.1453820306855,103
2024-09-20 10:41:59.673,423.1440992618386,12
2024-09-20 10:41:59.725,423.18751919192334,102
2024-09-20 10:41:59.801,423.16539058897575,99
2024-09-20 10:41:59.803,423.1592121067826,101
2024-09-20 10:41:59.829,423.1831675831906,11
2024-09-20 10:41:59.853,423.1677412075418,5
2024-09-20 10:41:59.923,423.1607794138152,9
2024-09-20 10:41:59.949,423.17191243043857,1000
2024-09-20 10:41:59.967,423.16297103646735,96
