Timestamp,Price,Size
2024-09-16 12:15:00.110,418.0486191187397,103
2024-09-16 12:15:00.112,418.0569286870749,5
2024-09-16 12:15:00.344,418.03431833372633,999
2024-09-16 12:15:00.354,418.0472552358408,9
2024-09-16 12:15:00.411,418.0362191088042,15
2024-09-16 12:15:00.508,418.04180575964807,1001
2024-09-16 12:15:00.528,418.0398151093895,999
2024-09-16 12:15:00.575,418.02803760570094,102
2024-09-16 12:15:00.624,418.0346973680535,6
2024-09-16 12:15:00.637,418.0642461042754,100
2024-09-16 12:15:00.696,418.0438684367105,105
2024-09-16 12:15:00.717,418.0394823516349,14
2024-09-16 12:15:00.763,418.047649851872,105
2024-09-16 12:15:00.826,418.0302807042108,9
2024-09-16 12:15:00.867,418.0438336809312,105
2024-09-16 12:15:00.889,418.04977579494056,95
2024-09-16 12:15:00.892,418.058711225417,104
2024-09-16 12:15:00.974,418.0524530828968,1004
2024-09-16 12:15:01.025,417.9868762988106,8
2024-09-16 12:15:01.271,417.9611258312642,97
2024-09-16 12:15:01.273,418.0117234572692,996
2024-09-16 12:15:01.360,417.9620376737369,998
2024-09-16 12:15:01.363,417.9524684509311,1001
2024-09-16 12:15:01.478,417.9808152726016,105
2024-09-16 12:15:01.484,417.95847185871474,102
2024-09-16 12:15:01.559,417.95034528542936,14
2024-09-16 12:15:01.642,417.9433109353172,1000
2024-09-16 12:15:01.648,418.0049963342272,96
2024-09-16 12:15:01.696,417.95656936901946,1004
2024-09-16 12:15:01.854,417.93738377300514,997
2024-09-16 12:15:01.859,417.9818930290493,95
2024-09-16 12:15:01.868,417.9954749059987,998
2024-09-16 12:15:01.875,417.9593100881536,1000
2024-09-16 12:15:01.877,417.9359668715688,96
2024-09-16 12:15:01.948,417.9822367103477,105
2024-09-16 12:15:02.004,417.9617247658024,98
2024-09-16 12:15:02.279,417.9506661721711,995
2024-09-16 12:15:02.363,417.9702987031486,7
2024-09-16 12:15:02.577,417.961574196812,1000
2024-09-16 12:15:03.022,417.9123112164083,8
2024-09-16 12:15:03.121,417.8629466807906,96
2024-09-16 12:15:03.181,417.92132078821976,9
2024-09-16 12:15:03.189,417.8735235792868,1003
2024-09-16 12:15:03.257,417.89074186819965,15
2024-09-16 12:15:03.282,417.94032729449714,97
2024-09-16 12:15:03.318,417.94782983343424,1005
2024-09-16 12:15:03.373,417.8923134541137,100
2024-09-16 12:15:03.392,417.9398553580895,96
2024-09-16 12:15:03.404,417.9261986851751,1003
2024-09-16 12:15:03.413,417.8961870496751,7
2024-09-16 12:15:03.413,417.93504447726986,5
2024-09-16 12:15:03.423,417.93236507089847,12
2024-09-16 12:15:03.430,417.9129804716093,5
2024-09-16 12:15:03.446,417.9037811120391,10
2024-09-16 12:15:03.552,417.9460575298761,103
2024-09-16 12:15:03.590,417.92443844853545,1000
2024-09-16 12:15:03.594,417.9026232729232,10
2024-09-16 12:15:03.612,417.9460153762576,100
2024-09-16 12:15:03.668,417.937499823774,1003
2024-09-16 12:15:03.689,417.9430522023447,1003
2024-09-16 12:15:03.696,417.92759376839786,97
2024-09-16 12:15:03.714,417.8575763206023,9
2024-09-16 12:15:03.742,417.95400755271953,12
2024-09-16 12:15:03.845,417.9034040376966,15
2024-09-16 12:15:03.863,417.8690179050616,998
2024-09-16 12:15:03.875,417.9190319674559,95
2024-09-16 12:15:03.990,417.948852547876,103
2024-09-16 12:15:04.037,417.8659104476325,1002
2024-09-16 12:15:04.097,,7
2024-09-16 12:15:04.136,417.8413904605608,98
2024-09-16 12:15:04.175,417.8458615636015,15
2024-09-16 12:15:04.344,417.8540197212874,1003
2024-09-16 12:15:04.436,417.8767114925657,15
2024-09-16 12:15:04.541,417.86547223272765,10
2024-09-16 12:15:04.577,417.85833900736,1002
2024-09-16 12:15:04.673,417.8637959398976,13
2024-09-16 12:15:04.673,417.8662670853172,5
2024-09-16 12:15:04.696,417.8722818173191,8
2024-09-16 12:15:04.718,417.86415972541016,996
2024-09-16 12:15:04.758,417.87705194764766,5
2024-09-16 12:15:04.762,417.8669809928337,95
2024-09-16 12:15:04.824,417.8489561985333,105
2024-09-16 12:15:04.870,417.8656521623791,98
2024-09-16 12:15:04.892,417.8551381749874,96
2024-09-16 12:15:04.970,417.8568356646003,15
2024-09-16 12:15:05.014,417.8498093962173,14
2024-09-16 12:15:05.048,417.86954366309664,13
2024-09-16 12:15:05.114,417.8623379261323,10
2024-09-16 12:15:05.118,417.8661432123212,1002
2024-09-16 12:15:05.121,417.8773040361495,995
2024-09-16 12:15:05.319,,997
2024-09-16 12:15:05.324,417.8692061121162,996
2024-09-16 12:15:05.367,417.88496568662447,13
2024-09-16 12:15:05.472,417.8830819628058,996
2024-09-16 12:15:05.535,417.8277958408517,997
2024-09-16 12:15:05.584,417.891878651855,100
2024-09-16 12:15:05.616,417.8733325759048,97
2024-09-16 12:15:05.641,417.8665149055535,100
2024-09-16 12:15:05.646,417.88837871264695,8
2024-09-16 12:15:05.675,417.849099730747,10
2024-09-16 12:15:05.706,417.9067505399357,15
2024-09-16 12:15:05.730,,998
2024-09-16 12:15:05.739,417.8529890023543,13
2024-09-16 12:15:05.751,417.8893458787312,98
2024-09-16 12:15:05.774,417.8697629705645,15
2024-09-16 12:15:05.848,417.8720766151408,14
2024-09-16 12:15:05.861,417.87308976876,9
2024-09-16 12:15:05.861,417.8850595316712,1002
2024-09-16 12:15:05.974,417.85962098806993,1000
2024-09-16 12:15:05.989,417.8550901115779,103
2024-09-16 12:15:06.004,417.81578926660353,11
2024-09-16 12:15:06.053,-417.8687872699932,6
2024-09-16 12:15:06.085,417.81645182729335,103
2024-09-16 12:15:06.117,417.823254144556,1001
2024-09-16 12:15:06.182,417.8842734057413,1002
2024-09-16 12:15:06.183,417.84141895276986,14
2024-09-16 12:15:06.258,417.87176560330073,14
2024-09-16 12:15:06.268,417.8307346921938,996
2024-09-16 12:15:06.329,417.8708534971199,996
2024-09-16 12:15:06.352,417.8227589822701,997
2024-09-16 12:15:06.458,417.8757018224025,104
2024-09-16 12:15:06.489,417.8051916082283,9
2024-09-16 12:15:06.545,417.8293693867983,1005
2024-09-16 12:15:06.583,417.8407316928026,1001
2024-09-16 12:15:06.639,417.8290037450857,11
2024-09-16 12:15:06.728,417.854017692706,5
2024-09-16 12:15:06.757,417.8328820933957,102
2024-09-16 12:15:06.878,417.81509136113095,9
2024-09-16 12:15:06.923,417.8347516796817,1000
2024-09-16 12:15:06.964,417.82532512669854,97
2024-09-16 12:15:06.987,417.8640588292066,1000
2024-09-16 12:15:06.991,417.8251212378861,997
2024-09-16 12:15:07.049,417.9007424871206,104
2024-09-16 12:15:07.097,417.8823277283362,101
2024-09-16 12:15:07.129,417.8060968098972,1001
2024-09-16 12:15:07.142,417.8012915588443,103
2024-09-16 12:15:07.165,417.793166571391,100
2024-09-16 12:15:07.224,417.8108434836221,10
2024-09-16 12:15:07.232,417.777367782622,100
2024-09-16 12:15:07.265,417.8773190092449,1003
2024-09-16 12:15:07.313,417.87671480622384,999
2024-09-16 12:15:07.341,417.9158963458624,1000
2024-09-16 12:15:07.354,417.7902636263304,104
2024-09-16 12:15:07.420,417.8645322257826,998
2024-09-16 12:15:07.521,417.8437632303703,104
2024-09-16 12:15:07.567,417.87597315381504,11
2024-09-16 12:15:07.576,417.812250426906,10
2024-09-16 12:15:07.588,417.8255949123931,102
2024-09-16 12:15:07.619,417.8182580435932,104
2024-09-16 12:15:07.639,417.9015889269426,100
2024-09-16 12:15:07.706,417.8608042596829,1004
2024-09-16 12:15:07.740,417.85937627936346,97
2024-09-16 12:15:07.754,417.842388455791,11
2024-09-16 12:15:07.819,417.8080263986389,996
2024-09-16 12:15:07.865,417.85152067209344,95
2024-09-16 12:15:07.936,,1005
2024-09-16 12:15:08.023,417.8050846069773,6
2024-09-16 12:15:08.080,417.83076336054097,1000
2024-09-16 12:15:08.095,417.826430365634,13
2024-09-16 12:15:08.224,417.8248294007384,10
2024-09-16 12:15:08.225,41.78820975679164,103
2024-09-16 12:15:08.313,417.8348721118402,13
2024-09-16 12:15:08.354,,997
2024-09-16 12:15:08.397,417.8307040487557,13
2024-09-16 12:15:08.417,417.8276509658765,995
2024-09-16 12:15:08.424,417.86424987518296,8
2024-09-16 12:15:08.481,417.8779134511405,7
2024-09-16 12:15:08.591,41.78117573121364,14
2024-09-16 12:15:08.626,417.9035397749098,13
2024-09-16 12:15:08.710,417.8458972803144,1001
2024-09-16 12:15:08.833,417.8684262566202,1002
2024-09-16 12:15:08.859,417.8379227994578,101
2024-09-16 12:15:08.872,417.8707900224709,99
2024-09-16 12:15:08.909,417.8673314514755,102
2024-09-16 12:15:08.980,417.82251492039086,98
2024-09-16 12:15:08.982,417.86531998352586,99
2024-09-16 12:15:08.984,417.8672081761273,1004
2024-09-16 12:15:09.009,417.8347941688097,13
2024-09-16 12:15:09.089,417.8339198532301,99
2024-09-16 12:15:09.091,417.8304864823848,100
2024-09-16 12:15:09.280,417.8287892020545,1001
2024-09-16 12:15:09.311,417.8392536188181,104
2024-09-16 12:15:09.410,41.78270397765403,12
2024-09-16 12:15:09.436,417.83609384481775,6
2024-09-16 12:15:09.517,417.82002047898936,100
2024-09-16 12:15:09.522,-417.83440091159525,998
2024-09-16 12:15:09.737,417.8302045389803,996
2024-09-16 12:15:09.821,417.8282500959917,103
2024-09-16 12:15:09.909,417.8384076753581,995
2024-09-16 12:15:09.913,417.8286379190301,98
2024-09-16 12:15:09.931,417.8430704353079,98
2024-09-16 12:15:09.958,417.8504849527568,101
2024-09-16 12:15:11.200,417.880499944189,103
2024-09-16 12:15:11.249,417.8434925687515,996
2024-09-16 12:15:11.358,417.8812341800444,999
2024-09-16 12:15:11.549,417.8610273180821,104
2024-09-16 12:15:11.622,417.8590332542506,97
2024-09-16 12:15:11.633,417.8701852218795,1003
2024-09-16 12:15:11.745,417.8321943307317,8
2024-09-16 12:15:11.754,417.8412913141735,1001
2024-09-16 12:15:11.867,417.8293920170446,1004
2024-09-16 12:15:11.873,417.8572752218896,1003
2024-09-16 12:15:11.946,417.8368534075961,11
2024-09-16 12:15:12.108,417.9496259229522,103
2024-09-16 12:15:12.152,417.937974545256,104
2024-09-16 12:15:12.168,417.9359163610421,997
2024-09-16 12:15:12.302,417.9187492113543,98
2024-09-16 12:15:12.377,417.9160723745673,97
2024-09-16 12:15:12.391,417.91355455263687,11
2024-09-16 12:15:12.416,417.92571675298495,103
2024-09-16 12:15:12.423,417.9675903121892,13
2024-09-16 12:15:12.431,417.9421221551205,103
2024-09-16 12:15:12.450,417.9485493486376,100
2024-09-16 12:15:12.458,417.9306546916204,1001
2024-09-16 12:15:12.481,417.9366354483178,999
2024-09-16 12:15:12.489,417.92909966889744,996
2024-09-16 12:15:12.532,417.8902220438961,97
2024-09-16 12:15:12.556,417.9912821921495,101
2024-09-16 12:15:12.691,417.92466916590456,105
2024-09-16 12:15:12.715,417.9483419181877,1003
2024-09-16 12:15:12.717,417.92463365804633,95
2024-09-16 12:15:12.786,417.9380416563802,102
2024-09-16 12:15:12.823,417.95263516892777,6
2024-09-16 12:15:12.857,417.8954406916199,104
2024-09-16 12:15:12.861,417.9220185326926,8
2024-09-16 12:15:12.866,417.9066842532847,8
2024-09-16 12:15:14.043,417.99221686708967,995
2024-09-16 12:15:14.062,417.9675959414948,8
2024-09-16 12:15:14.084,417.9897412725207,96
2024-09-16 12:15:14.254,417.9499681510535,1000
2024-09-16 12:15:14.316,417.9647897735959,10
2024-09-16 12:15:14.328,417.9411781584936,102
2024-09-16 12:15:14.350,417.9213416682621,999
2024-09-16 12:15:14.352,417.9554278782919,6
2024-09-16 12:15:14.377,417.9677897813469,11
2024-09-16 12:15:14.438,417.962420960083,10
2024-09-16 12:15:14.504,417.9956681064148,997
2024-09-16 12:15:14.583,417.97920748888833,100
2024-09-16 12:15:14.687,417.9293398161348,103
2024-09-16 12:15:14.789,417.9659798435741,999
2024-09-16 12:15:14.850,417.98607156023206,996
2024-09-16 12:15:14.881,417.906258223851,1003
2024-09-16 12:15:14.887,417.96699810335815,10
2024-09-16 12:15:14.898,417.9472815295585,1001
2024-09-16 12:15:14.914,417.9997466070571,6
2024-09-16 12:15:14.997,417.9325058276589,1005
2024-09-16 12:15:15.099,417.94381212702456,10
2024-09-16 12:15:15.138,417.9480677689979,99
2024-09-16 12:15:15.173,417.9465809046514,99
2024-09-16 12:15:15.183,417.9434310119632,96
2024-09-16 12:15:15.194,417.922768245987,13
2024-09-16 12:15:15.228,417.9618465715631,10
2024-09-16 12:15:15.271,417.9204406384456,1005
2024-09-16 12:15:15.386,417.9466300084217,995
2024-09-16 12:15:15.393,417.91968599923536,100
2024-09-16 12:15:15.432,417.9428518629724,98
2024-09-16 12:15:15.493,417.9504965586343,11
2024-09-16 12:15:15.561,417.9334675057708,95
2024-09-16 12:15:15.577,417.93073387090175,95
2024-09-16 12:15:15.620,417.9544845297541,10
2024-09-16 12:15:15.666,417.9388006351879,98
2024-09-16 12:15:15.667,417.9399812741608,97
2024-09-16 12:15:15.689,417.9444118624735,95
2024-09-16 12:15:15.781,417.9416848908481,8
2024-09-16 12:15:15.821,417.9136455908559,105
2024-09-16 12:15:15.915,417.9410621853585,95
2024-09-16 12:15:15.971,417.9453659684743,996
2024-09-16 12:15:15.981,417.9349757985586,1000
2024-09-16 12:15:16.074,417.9097973662503,11
2024-09-16 12:15:16.232,417.93526784749616,996
2024-09-16 12:15:16.254,417.9267477519636,1003
2024-09-16 12:15:16.381,,15
2024-09-16 12:15:16.527,417.9195558319086,12
2024-09-16 12:15:16.550,417.9062059168259,1005
2024-09-16 12:15:16.699,417.9094101495844,12
2024-09-16 12:15:17.010,417.89680156062553,7
2024-09-16 12:15:17.137,417.8852926010998,5
2024-09-16 12:15:17.191,417.8864629315816,8
2024-09-16 12:15:17.271,417.8999695130231,14
2024-09-16 12:15:17.439,417.8702966221818,1005
2024-09-16 12:15:17.491,417.88833655996575,995
2024-09-16 12:15:17.536,417.8648892112767,999
2024-09-16 12:15:17.552,417.885429230196,100
2024-09-16 12:15:17.579,417.8611245343533,102
2024-09-16 12:15:17.591,417.8563989885208,104
2024-09-16 12:15:17.662,417.8982271714729,999
2024-09-16 12:15:17.715,417.8500349261711,98
2024-09-16 12:15:17.782,417.881468662639,6
2024-09-16 12:15:17.796,417.8859501801404,95
2024-09-16 12:15:17.830,417.8636531750377,104
2024-09-16 12:15:17.929,417.8744818891104,998
2024-09-16 12:15:17.996,417.8771413028184,98
2024-09-16 12:15:18.032,417.8404665641405,996
2024-09-16 12:15:18.057,417.8338355153418,6
2024-09-16 12:15:18.115,417.8141877236997,97
2024-09-16 12:15:18.166,417.83228039494975,105
2024-09-16 12:15:18.299,417.8278037434907,1005
2024-09-16 12:15:18.315,417.8195287841859,6
2024-09-16 12:15:18.335,417.8500407493856,999
2024-09-16 12:15:18.341,417.8466477049079,1005
2024-09-16 12:15:18.344,417.7897179455999,102
2024-09-16 12:15:18.347,417.846835780804,997
2024-09-16 12:15:18.364,417.8027005711718,1002
2024-09-16 12:15:18.372,417.8296303808569,6
2024-09-16 12:15:18.419,417.78764531442937,97
2024-09-16 12:15:18.498,417.7611448245349,10
2024-09-16 12:15:18.557,417.822672796563,100
2024-09-16 12:15:18.578,417.7860667668815,1001
2024-09-16 12:15:18.582,417.813435817878,1004
2024-09-16 12:15:18.635,417.7781860000828,11
2024-09-16 12:15:18.658,417.8474347590084,95
2024-09-16 12:15:18.715,417.7853379871287,105
2024-09-16 12:15:18.739,417.77058640255376,95
2024-09-16 12:15:18.773,417.8554815801366,105
2024-09-16 12:15:18.782,417.85529022406905,11
2024-09-16 12:15:19.048,417.76910387540937,13
2024-09-16 12:15:19.093,417.7855063296416,95
2024-09-16 12:15:19.146,417.7936181349966,95
2024-09-16 12:15:19.168,417.7917206528858,6
2024-09-16 12:15:19.219,417.7921122687275,1002
2024-09-16 12:15:19.253,417.8003348402179,1000
2024-09-16 12:15:19.267,417.7939766051804,999
2024-09-16 12:15:19.275,417.7789866498307,1001
2024-09-16 12:15:19.441,417.7683033946566,998
2024-09-16 12:15:19.488,-417.7787832871999,10
2024-09-16 12:15:19.664,417.78348465643614,99
2024-09-16 12:15:19.860,417.7733751731482,1005
2024-09-16 12:15:19.878,417.7894628264345,11
2024-09-16 12:15:19.879,417.78120462111576,1002
2024-09-16 12:15:19.897,417.7755521080135,10
2024-09-16 12:15:20.020,417.769919504274,1001
2024-09-16 12:15:20.378,417.7844497499145,1005
2024-09-16 12:15:20.908,417.77241251126577,999
2024-09-16 12:15:20.958,417.7828842406984,14
2024-09-16 12:15:21.044,417.8127582688902,103
2024-09-16 12:15:21.047,417.77167561697206,11
2024-09-16 12:15:21.107,417.8238074039631,997
2024-09-16 12:15:21.124,417.7856300141826,999
2024-09-16 12:15:21.137,417.7872455947768,7
2024-09-16 12:15:21.150,417.8525358511511,5
2024-09-16 12:15:21.158,417.81447877184695,5
2024-09-16 12:15:21.202,417.8086505119325,1001
2024-09-16 12:15:21.217,417.8301413711608,997
2024-09-16 12:15:21.267,417.81133398442216,15
2024-09-16 12:15:21.270,417.7945610555838,1004
2024-09-16 12:15:21.364,417.8652615685776,999
2024-09-16 12:15:21.461,417.7995380053845,96
2024-09-16 12:15:21.581,417.8116867526554,99
2024-09-16 12:15:21.591,417.86874926437446,102
2024-09-16 12:15:21.677,417.80338766620025,999
2024-09-16 12:15:21.720,417.8240573293073,1000
2024-09-16 12:15:21.843,417.8510892713313,9
2024-09-16 12:15:21.847,417.82941793205725,105
2024-09-16 12:15:21.857,417.820479664271,98
2024-09-16 12:15:21.883,417.8702057777903,1004
2024-09-16 12:15:21.911,417.8081761651644,1003
2024-09-16 12:15:21.936,417.7849834357778,997
2024-09-16 12:15:21.980,417.81261259893216,997
2024-09-16 12:15:21.993,417.8129799024298,10
2024-09-16 12:15:22.010,417.79706139070487,15
2024-09-16 12:15:22.013,417.863615382408,995
2024-09-16 12:15:22.072,417.9190568989843,105
2024-09-16 12:15:22.105,417.8989096268884,7
2024-09-16 12:15:22.133,417.8013028824918,97
2024-09-16 12:15:22.153,417.8778967596147,997
2024-09-16 12:15:22.273,-417.8858057503585,1000
2024-09-16 12:15:22.281,417.853001589081,105
2024-09-16 12:15:22.283,417.8805562577293,100
2024-09-16 12:15:22.301,417.8022107577381,5
2024-09-16 12:15:22.336,417.8911439270669,10
2024-09-16 12:15:22.367,417.7866967397256,104
2024-09-16 12:15:22.370,417.921532022802,1000
2024-09-16 12:15:22.386,417.82029970273,998
2024-09-16 12:15:22.395,417.83839843722166,97
2024-09-16 12:15:22.423,417.8662795750458,102
2024-09-16 12:15:22.438,417.8655187078958,996
2024-09-16 12:15:22.518,417.9149911719511,1000
2024-09-16 12:15:22.609,,1000
2024-09-16 12:15:22.670,417.8711318606471,995
2024-09-16 12:15:22.679,417.9060625104892,998
2024-09-16 12:15:22.744,417.9253788149424,1005
2024-09-16 12:15:22.777,417.90942545158265,1000
2024-09-16 12:15:22.800,417.8668459024528,1003
2024-09-16 12:15:22.850,417.81861847591927,1005
2024-09-16 12:15:22.902,417.856173019526,998
2024-09-16 12:15:22.937,417.889252083574,5
2024-09-16 12:15:22.992,417.87706092436383,1002
2024-09-16 12:15:23.032,417.8555402758363,10
2024-09-16 12:15:23.135,417.84970017434057,8
2024-09-16 12:15:23.252,417.8258326442845,5
2024-09-16 12:15:23.263,417.8145183807177,1002
2024-09-16 12:15:23.279,417.7954913419568,97
2024-09-16 12:15:23.332,417.8275368482352,99
2024-09-16 12:15:23.352,417.83030397316696,98
2024-09-16 12:15:23.412,417.8050486349933,95
2024-09-16 12:15:23.420,417.8050335335109,104
2024-09-16 12:15:23.426,417.7973704487089,14
2024-09-16 12:15:23.499,417.8223277042247,11
2024-09-16 12:15:23.578,417.8444688758351,98
2024-09-16 12:15:23.619,417.8852334902544,105
2024-09-16 12:15:23.623,417.86377892214784,11
2024-09-16 12:15:23.627,417.7994394588399,105
2024-09-16 12:15:23.653,417.8053274716825,8
2024-09-16 12:15:23.678,417.8013008913892,12
2024-09-16 12:15:23.812,417.8610935474944,1003
2024-09-16 12:15:23.838,417.8488897524544,996
2024-09-16 12:15:23.880,417.83372412587545,101
2024-09-16 12:15:23.965,417.857167971242,5
2024-09-16 12:15:24.037,417.8694857703603,96
2024-09-16 12:15:24.291,417.902234594048,1003
2024-09-16 12:15:24.340,417.89571212888495,9
2024-09-16 12:15:24.365,417.88793310246297,1000
2024-09-16 12:15:24.460,41.78672877320261,96
2024-09-16 12:15:24.503,417.8676421123327,7
2024-09-16 12:15:24.540,417.8946542418807,95
2024-09-16 12:15:24.542,417.9026943710769,15
2024-09-16 12:15:24.691,417.87985241430846,98
2024-09-16 12:15:24.706,,99
2024-09-16 12:15:24.825,417.9064839558368,999
2024-09-16 12:15:24.853,417.8585726537825,11
2024-09-16 12:15:25.004,417.88898759478377,1000
2024-09-16 12:15:25.040,417.8898520533015,13
2024-09-16 12:15:25.081,417.9267334396682,1000
2024-09-16 12:15:25.120,417.8895430239567,997
2024-09-16 12:15:25.189,417.9145665370464,1002
2024-09-16 12:15:25.257,417.9010766359317,995
2024-09-16 12:15:25.389,417.9058522966234,104
2024-09-16 12:15:25.475,417.9000511340864,13
2024-09-16 12:15:25.528,417.9367650612355,105
2024-09-16 12:15:25.653,417.906231576656,996
2024-09-16 12:15:25.690,417.8728812098904,98
2024-09-16 12:15:25.696,417.923939030053,6
2024-09-16 12:15:25.756,417.92546121608194,105
2024-09-16 12:15:25.807,417.9107798924571,14
2024-09-16 12:15:25.824,417.8619412617799,1003
2024-09-16 12:15:25.887,417.91892047937904,101
2024-09-16 12:15:25.909,417.8852890371461,1004
2024-09-16 12:15:25.914,417.9015240837549,996
2024-09-16 12:15:26.082,417.918944404544,105
2024-09-16 12:15:26.124,417.8940970649063,103
2024-09-16 12:15:26.141,417.8903211154114,1001
2024-09-16 12:15:26.154,417.9037065836304,15
2024-09-16 12:15:26.239,417.9417627989144,1002
2024-09-16 12:15:26.241,417.96104390634827,9
2024-09-16 12:15:26.302,417.9240165533386,5
2024-09-16 12:15:26.303,417.9198211860877,1004
2024-09-16 12:15:26.323,417.9493886158702,103
2024-09-16 12:15:26.335,417.9295670965236,96
2024-09-16 12:15:26.366,417.93684680595686,101
2024-09-16 12:15:26.393,417.9700771077461,6
2024-09-16 12:15:26.404,417.9559058250358,1004
2024-09-16 12:15:26.438,417.912835725828,98
2024-09-16 12:15:26.486,417.97590816789057,1004
2024-09-16 12:15:26.517,417.9528289017336,997
2024-09-16 12:15:26.527,417.9411294391658,95
2024-09-16 12:15:26.530,417.9109132899588,9
2024-09-16 12:15:26.551,417.98001200218425,103
2024-09-16 12:15:26.634,417.9337148159847,101
2024-09-16 12:15:26.658,417.9397293315912,1001
2024-09-16 12:15:26.735,417.92174581381937,102
2024-09-16 12:15:26.744,417.9063140378173,12
2024-09-16 12:15:26.754,417.9753597766764,995
2024-09-16 12:15:26.854,417.9498307246576,101
2024-09-16 12:15:26.859,417.9276239484785,1004
2024-09-16 12:15:26.921,417.9380832560632,1001
2024-09-16 12:15:27.323,417.9170765121296,97
2024-09-16 12:15:27.731,417.9428588342424,14
2024-09-16 12:15:28.118,417.93310779091786,996
2024-09-16 12:15:28.337,417.9689665067941,101
2024-09-16 12:15:28.358,417.94641220652977,99
2024-09-16 12:15:28.401,417.9713946947697,996
2024-09-16 12:15:28.408,417.9724030854582,995
2024-09-16 12:15:28.417,417.9418683729177,7
2024-09-16 12:15:28.442,417.995675637916,8
2024-09-16 12:15:28.443,417.9690182529536,999
2024-09-16 12:15:28.462,417.9550525422479,15
2024-09-16 12:15:28.471,417.9316674751936,998
2024-09-16 12:15:28.499,417.9682569634697,7
2024-09-16 12:15:28.499,417.9593903455827,1005
2024-09-16 12:15:28.582,417.94629610432025,1005
2024-09-16 12:15:28.614,417.96520024864094,13
2024-09-16 12:15:28.687,417.9068758742701,998
2024-09-16 12:15:28.748,417.9752647674808,95
2024-09-16 12:15:28.754,417.9586566854488,995
2024-09-16 12:15:28.803,417.9606054421169,8
2024-09-16 12:15:28.838,417.9296184118599,97
2024-09-16 12:15:28.856,417.9358422263065,995
2024-09-16 12:15:28.875,417.9645175621727,9
2024-09-16 12:15:28.919,417.9346232757957,9
2024-09-16 12:15:28.956,417.98209298160776,101
2024-09-16 12:15:28.968,417.9446248254248,104
2024-09-16 12:15:29.262,417.9122599595593,8
2024-09-16 12:15:29.391,417.9288543866916,102
2024-09-16 12:15:29.399,417.9032229541569,95
2024-09-16 12:15:29.463,417.8541182531912,98
2024-09-16 12:15:29.561,417.88828395815256,96
2024-09-16 12:15:29.598,417.89392938746767,15
2024-09-16 12:15:29.743,417.8645752550953,13
2024-09-16 12:15:30.058,417.8269790111496,11
2024-09-16 12:15:30.102,417.7806335573085,101
2024-09-16 12:15:30.103,417.79589036138,101
2024-09-16 12:15:30.130,417.8264185774345,1000
2024-09-16 12:15:30.207,417.79959211736553,5
2024-09-16 12:15:30.226,417.78839005960486,8
2024-09-16 12:15:30.236,417.7909861933165,99
2024-09-16 12:15:30.268,417.78302190862166,15
2024-09-16 12:15:30.343,417.7897369722094,103
2024-09-16 12:15:30.362,417.8251179844908,996
2024-09-16 12:15:30.408,417.8182733251249,10
2024-09-16 12:15:30.420,417.87708816181856,7
2024-09-16 12:15:30.546,417.87492942778806,1000
2024-09-16 12:15:30.566,417.8363660014415,15
2024-09-16 12:15:30.623,417.8234088021725,101
2024-09-16 12:15:30.683,417.82416259886514,11
2024-09-16 12:15:30.723,417.85851563359137,102
2024-09-16 12:15:30.765,417.8041687221898,14
2024-09-16 12:15:30.791,417.8158292867205,98
2024-09-16 12:15:30.840,417.82821046348187,1001
2024-09-16 12:15:30.844,417.79673308409343,13
2024-09-16 12:15:30.882,417.7702091583882,11
2024-09-16 12:15:30.945,417.83838444702616,9
2024-09-16 12:15:30.963,417.7844006848516,11
2024-09-16 12:15:30.975,417.8135822455481,1004
2024-09-16 12:15:30.982,417.83654365019765,8
2024-09-16 12:15:31.021,417.8376034724356,102
2024-09-16 12:15:31.027,417.8332356414805,8
2024-09-16 12:15:31.053,417.76367327352,95
2024-09-16 12:15:31.115,417.8105243011904,12
2024-09-16 12:15:31.141,417.7973396447712,1003
2024-09-16 12:15:31.154,417.8186425541234,1002
2024-09-16 12:15:31.172,417.8113303315195,5
2024-09-16 12:15:31.270,417.7929373594951,104
2024-09-16 12:15:31.293,417.7988835928388,100
2024-09-16 12:15:31.298,-417.8177178864111,1004
2024-09-16 12:15:31.331,417.7780734740139,1005
2024-09-16 12:15:31.335,417.8307647183105,13
2024-09-16 12:15:31.341,417.78615558324447,13
2024-09-16 12:15:31.461,417.7925506659,102
2024-09-16 12:15:31.485,417.78641164461385,997
2024-09-16 12:15:31.537,417.82166317428215,15
2024-09-16 12:15:31.613,417.7892233422985,998
2024-09-16 12:15:31.681,417.80261470720257,1001
2024-09-16 12:15:31.695,417.8098699703612,14
2024-09-16 12:15:31.739,417.8285318898236,100
2024-09-16 12:15:31.785,417.7766990669461,104
2024-09-16 12:15:31.810,417.8345262522717,103
2024-09-16 12:15:31.832,417.7982985230951,997
2024-09-16 12:15:31.886,417.7876345477768,999
2024-09-16 12:15:31.917,417.797192902206,105
2024-09-16 12:15:32.010,417.7721427343793,98
2024-09-16 12:15:32.038,417.79312902711,14
2024-09-16 12:15:32.042,417.782779137838,103
2024-09-16 12:15:32.054,417.8668272189808,1000
2024-09-16 12:15:32.065,417.837101209662,9
2024-09-16 12:15:32.134,417.81251527072527,1001
2024-09-16 12:15:32.251,417.7845082485508,102
2024-09-16 12:15:32.289,417.801210463854,102
2024-09-16 12:15:32.300,417.8492661808551,1004
2024-09-16 12:15:32.353,417.8278630054651,995
2024-09-16 12:15:32.480,417.817203918218,96
2024-09-16 12:15:32.481,417.81744570546914,1004
2024-09-16 12:15:32.493,417.87105125469697,10
2024-09-16 12:15:32.495,417.80884766148296,1004
2024-09-16 12:15:32.513,417.8326230844574,10
2024-09-16 12:15:32.531,417.846500731783,7
2024-09-16 12:15:32.535,417.80977892727776,15
2024-09-16 12:15:32.729,417.7675851461069,13
2024-09-16 12:15:32.739,417.8445890915239,14
2024-09-16 12:15:32.869,417.87013775798135,995
2024-09-16 12:15:32.906,417.8465099497322,14
2024-09-16 12:15:32.931,417.84193462079423,996
2024-09-16 12:15:32.954,417.75727826163626,101
2024-09-16 12:15:32.987,417.8133214145438,12
2024-09-16 12:15:33.000,417.8931127284527,10
2024-09-16 12:15:33.062,,998
2024-09-16 12:15:33.071,417.9204502743594,101
2024-09-16 12:15:33.132,417.903803756745,10
2024-09-16 12:15:33.134,417.88502088615473,13
2024-09-16 12:15:33.164,,6
2024-09-16 12:15:33.166,417.9916756457424,11
2024-09-16 12:15:33.171,417.9009219382825,998
2024-09-16 12:15:33.186,417.9737407801656,995
2024-09-16 12:15:33.260,417.8679869085886,1001
2024-09-16 12:15:33.266,417.96576844408486,1001
2024-09-16 12:15:33.282,417.9492283751142,99
2024-09-16 12:15:33.289,417.88280031690414,1003
2024-09-16 12:15:33.416,417.8831111361408,12
2024-09-16 12:15:33.419,417.99759493195785,1005
2024-09-16 12:15:33.440,417.977514225411,7
2024-09-16 12:15:33.444,417.871643571576,95
2024-09-16 12:15:33.485,417.9628445610226,103
2024-09-16 12:15:33.516,417.8873352658009,997
2024-09-16 12:15:33.531,417.9698260983968,96
2024-09-16 12:15:33.549,417.9255252878778,1005
2024-09-16 12:15:33.583,417.8874706858644,996
2024-09-16 12:15:33.707,417.8710180414241,996
2024-09-16 12:15:33.711,417.8800537354026,1002
2024-09-16 12:15:33.735,417.8831201642668,1001
2024-09-16 12:15:33.747,417.95743212303984,996
2024-09-16 12:15:33.766,417.995668494312,104
2024-09-16 12:15:33.799,417.9493871606264,999
2024-09-16 12:15:33.823,417.9569869362047,105
2024-09-16 12:15:33.979,417.8845002160041,1005
2024-09-16 12:15:34.049,417.8893492631914,995
2024-09-16 12:15:34.171,417.9070234118905,995
2024-09-16 12:15:34.214,417.92423399898297,104
2024-09-16 12:15:34.325,417.8907054916245,11
2024-09-16 12:15:34.328,417.9134602940548,995
2024-09-16 12:15:34.539,417.9246901714144,8
2024-09-16 12:15:34.639,417.9053833608245,97
2024-09-16 12:15:34.658,417.8978799124165,8
2024-09-16 12:15:34.707,417.9121145111325,1001
2024-09-16 12:15:35.919,417.889674399709,102
2024-09-16 12:15:36.024,417.8997242266634,99
2024-09-16 12:15:36.164,,105
2024-09-16 12:15:36.299,417.8864322477873,1002
2024-09-16 12:15:36.315,417.9021081282975,12
2024-09-16 12:15:36.343,417.957417638343,98
2024-09-16 12:15:36.510,417.91152992963634,100
2024-09-16 12:15:36.677,417.9456374558248,15
2024-09-16 12:15:36.773,417.9075076068747,104
2024-09-16 12:15:36.883,417.92499869073794,1000
2024-09-16 12:15:36.972,417.9155261441249,102
2024-09-16 12:15:37.026,417.9551486456999,996
2024-09-16 12:15:37.115,417.94321850279874,1001
2024-09-16 12:15:37.217,417.9890174822714,10
2024-09-16 12:15:37.249,417.9783379807682,1005
2024-09-16 12:15:37.315,417.9376858119567,103
2024-09-16 12:15:37.419,417.98499176674807,5
2024-09-16 12:15:37.726,417.9535247837495,102
2024-09-16 12:15:37.810,-417.9557320005661,101
2024-09-16 12:15:37.928,417.9692559788795,101
2024-09-16 12:15:37.953,417.9672352561705,11
2024-09-16 12:15:37.993,417.97062612045534,97
2024-09-16 12:15:38.005,417.9507900895444,997
2024-09-16 12:15:38.023,41.79380784971329,1004
2024-09-16 12:15:38.039,417.9124356920898,996
2024-09-16 12:15:38.051,417.9236871366148,996
2024-09-16 12:15:38.057,417.9858946780364,8
2024-09-16 12:15:38.105,417.9096141544924,102
2024-09-16 12:15:38.156,417.8575133928293,97
2024-09-16 12:15:38.168,417.9027157059574,10
2024-09-16 12:15:38.225,417.87612390321897,1003
2024-09-16 12:15:38.228,417.96494679656735,12
2024-09-16 12:15:38.310,417.8849438779332,13
2024-09-16 12:15:38.310,417.9305666391839,996
2024-09-16 12:15:38.365,417.9014644833276,1000
2024-09-16 12:15:38.417,417.8853826801748,995
2024-09-16 12:15:38.505,417.9645474169705,8
2024-09-16 12:15:38.537,417.9432472306845,1000
2024-09-16 12:15:38.601,417.9274454376334,104
2024-09-16 12:15:38.631,417.9118422748607,6
2024-09-16 12:15:38.731,417.9611588192319,15
2024-09-16 12:15:38.761,417.9089700522405,6
2024-09-16 12:15:38.765,417.9518916599252,105
2024-09-16 12:15:38.773,417.932137559218,103
2024-09-16 12:15:38.856,417.8989328218239,100
2024-09-16 12:15:38.884,417.86772024235614,15
2024-09-16 12:15:38.896,417.9198433910437,102
2024-09-16 12:15:38.958,417.90856206044185,1001
2024-09-16 12:15:38.992,417.9044025158656,99
2024-09-16 12:15:39.038,417.9082526659129,95
2024-09-16 12:15:39.193,417.8734100575331,8
2024-09-16 12:15:39.238,417.9001494298354,99
2024-09-16 12:15:39.248,417.8774136977104,1003
2024-09-16 12:15:39.316,417.8951068045012,1003
2024-09-16 12:15:39.316,417.9144169768216,7
2024-09-16 12:15:39.369,417.9055064586698,7
2024-09-16 12:15:39.379,417.91575558335626,97
2024-09-16 12:15:39.399,417.8731559164914,1001
2024-09-16 12:15:39.519,417.9053950887838,6
2024-09-16 12:15:39.524,417.9055587298067,15
2024-09-16 12:15:39.538,417.886940786608,102
2024-09-16 12:15:39.542,417.9203947233527,5
2024-09-16 12:15:39.628,417.8896941010966,10
2024-09-16 12:15:39.744,417.9069039492514,97
2024-09-16 12:15:39.891,417.8927054578067,996
2024-09-16 12:15:39.916,417.88650071411314,5
2024-09-16 12:15:40.011,417.86297907788736,102
2024-09-16 12:15:40.016,417.8957543267495,1000
2024-09-16 12:15:40.023,417.8455680487816,98
2024-09-16 12:15:40.072,417.86337314758765,8
2024-09-16 12:15:40.159,417.853921578403,99
2024-09-16 12:15:40.313,417.88680419711744,11
2024-09-16 12:15:40.572,417.8907211747804,997
2024-09-16 12:15:40.661,417.8519139800145,100
2024-09-16 12:15:40.758,417.8461724204989,105
2024-09-16 12:15:40.811,417.88131615686217,13
2024-09-16 12:15:40.819,417.87900425657193,96
2024-09-16 12:15:40.927,417.8613993576101,996
2024-09-16 12:15:41.209,417.8668526439422,999
2024-09-16 12:15:41.376,417.9000543299072,1002
2024-09-16 12:15:41.918,417.85589573885727,14
2024-09-16 12:15:41.997,417.87727013839407,14
2024-09-16 12:15:42.001,417.898795903629,998
2024-09-16 12:15:42.015,417.90655646195495,102
2024-09-16 12:15:42.027,417.9262163155503,13
2024-09-16 12:15:42.069,417.94329101140346,1001
2024-09-16 12:15:42.121,417.9684805028948,102
2024-09-16 12:15:42.143,417.92027264671816,1002
2024-09-16 12:15:42.175,417.9566817324151,7
2024-09-16 12:15:42.229,417.92590997456966,102
2024-09-16 12:15:42.318,417.95005457889897,101
2024-09-16 12:15:42.445,417.94622864696646,9
2024-09-16 12:15:42.453,417.9411110515293,995
2024-09-16 12:15:42.467,417.9478745309804,13
2024-09-16 12:15:42.562,417.88155694145297,5
2024-09-16 12:15:42.605,417.9553342046849,104
2024-09-16 12:15:42.695,417.95368536051217,100
2024-09-16 12:15:42.795,417.935101656842,13
2024-09-16 12:15:42.813,417.9404395510006,997
2024-09-16 12:15:42.834,417.8743684232225,12
2024-09-16 12:15:42.957,417.95198319684624,96
2024-09-16 12:15:42.991,417.9331556858444,104
2024-09-16 12:15:42.997,417.94792643190544,12
2024-09-16 12:15:43.052,417.9155190881064,14
2024-09-16 12:15:43.126,417.9028341622201,96
2024-09-16 12:15:43.229,417.9149898531052,95
2024-09-16 12:15:43.280,417.8995573251476,995
2024-09-16 12:15:43.303,417.93907926549,5
2024-09-16 12:15:43.420,417.8968166967286,6
2024-09-16 12:15:43.458,417.8996504147552,97
2024-09-16 12:15:43.573,417.93144761938856,995
2024-09-16 12:15:43.648,417.901842433404,10
2024-09-16 12:15:43.661,417.9184643671703,1000
2024-09-16 12:15:43.767,417.9100870569964,95
2024-09-16 12:15:44.367,417.89399660178856,101
2024-09-16 12:15:45.131,417.9361128263549,1003
2024-09-16 12:15:45.142,417.9545094043312,995
2024-09-16 12:15:45.151,417.9408772549992,14
2024-09-16 12:15:45.168,417.95055148507976,1003
2024-09-16 12:15:45.208,417.9868645909264,1004
2024-09-16 12:15:45.221,417.9610884871074,103
2024-09-16 12:15:45.221,417.9158441166188,13
2024-09-16 12:15:45.247,417.9086490959839,996
2024-09-16 12:15:45.266,417.9560424239892,102
2024-09-16 12:15:45.282,417.9770038784046,1000
2024-09-16 12:15:45.284,417.97447285072303,99
2024-09-16 12:15:45.292,417.9701545280546,104
2024-09-16 12:15:45.304,417.9051239988501,995
2024-09-16 12:15:45.473,417.93208280865946,98
2024-09-16 12:15:45.495,417.9693201942352,7
2024-09-16 12:15:45.495,417.8824216312179,104
2024-09-16 12:15:45.558,417.9252481727328,12
2024-09-16 12:15:45.582,417.89236149036265,5
2024-09-16 12:15:45.586,417.90026814107694,1002
2024-09-16 12:15:45.587,417.94197092916943,1001
2024-09-16 12:15:45.589,417.97634381967066,996
2024-09-16 12:15:45.608,417.90060816691744,97
2024-09-16 12:15:45.656,,1001
2024-09-16 12:15:45.712,417.95000740902975,998
2024-09-16 12:15:45.753,418.0106524146082,8
2024-09-16 12:15:45.830,417.9486114053573,105
2024-09-16 12:15:45.836,417.9605305916456,999
2024-09-16 12:15:45.904,417.91033769326606,105
2024-09-16 12:15:45.975,417.8870943538245,13
2024-09-16 12:15:45.983,417.9022221792912,12
2024-09-16 12:15:46.097,418.0086628721973,1002
2024-09-16 12:15:46.362,418.0043532808813,996
2024-09-16 12:15:46.416,418.0289578062184,102
2024-09-16 12:15:46.849,418.0282053418664,5
2024-09-16 12:15:47.042,417.9843757512869,1001
2024-09-16 12:15:47.087,417.98260735042027,103
2024-09-16 12:15:47.513,417.9835808591586,999
2024-09-16 12:15:47.645,417.9817852238192,103
2024-09-16 12:15:47.664,417.9725807026604,102
2024-09-16 12:15:47.684,417.97269591496257,98
2024-09-16 12:15:48.044,417.9849941644047,8
2024-09-16 12:15:48.075,417.9894885558444,12
2024-09-16 12:15:48.093,417.994384066407,1003
2024-09-16 12:15:48.143,417.95843057752006,7
2024-09-16 12:15:48.275,417.9582955415216,101
2024-09-16 12:15:48.276,417.9787095699067,105
2024-09-16 12:15:48.326,417.9941403864693,105
2024-09-16 12:15:48.416,417.9855748625423,13
2024-09-16 12:15:48.492,417.94895062032737,7
2024-09-16 12:15:48.493,417.9495730186732,98
2024-09-16 12:15:48.503,417.9474851478543,102
2024-09-16 12:15:48.573,417.9511024129701,102
2024-09-16 12:15:48.597,417.99234138920514,997
2024-09-16 12:15:48.618,417.951261518604,105
2024-09-16 12:15:48.637,417.95899466470297,102
2024-09-16 12:15:48.678,417.9865489561254,98
2024-09-16 12:15:48.712,417.9848902488999,102
2024-09-16 12:15:48.745,417.950357770097,1000
2024-09-16 12:15:48.770,417.9697615362277,14
2024-09-16 12:15:48.794,417.9749500480545,1000
2024-09-16 12:15:48.808,417.96566858762645,6
2024-09-16 12:15:48.867,417.969563876104,9
2024-09-16 12:15:48.887,417.98139548382846,97
2024-09-16 12:15:48.962,417.9815536007527,101
2024-09-16 12:15:48.965,417.9646863340811,103
2024-09-16 12:15:49.023,417.9689348922154,7
2024-09-16 12:15:49.073,417.9240107700032,15
2024-09-16 12:15:49.087,417.9959185021268,1005
2024-09-16 12:15:49.103,417.97843304945377,998
2024-09-16 12:15:49.128,417.966027165098,998
2024-09-16 12:15:49.145,418.0042049421725,8
2024-09-16 12:15:49.157,418.01153013725343,5
2024-09-16 12:15:49.196,417.9199326049183,104
2024-09-16 12:15:49.203,417.9933981722963,98
2024-09-16 12:15:49.241,417.8967512874364,10
2024-09-16 12:15:49.292,417.90439163701166,5
2024-09-16 12:15:49.295,417.9305187496572,1000
2024-09-16 12:15:49.374,417.9042523917684,9
2024-09-16 12:15:49.399,417.9635644574985,1003
2024-09-16 12:15:49.472,-417.9870200801739,100
2024-09-16 12:15:49.546,417.8907781513617,99
2024-09-16 12:15:49.601,417.9947028200302,996
2024-09-16 12:15:49.652,417.9067975705139,1004
2024-09-16 12:15:49.659,417.9938157762135,5
2024-09-16 12:15:49.678,417.9602157355836,99
2024-09-16 12:15:49.783,417.9913137685947,104
2024-09-16 12:15:49.943,417.8936417370059,997
2024-09-16 12:15:49.958,417.8865163300033,1002
2024-09-16 12:15:49.977,417.9830430088344,997
2024-09-16 12:15:49.996,417.9853994316129,6
2024-09-16 12:15:50.013,417.8281296753986,995
2024-09-16 12:15:50.108,417.817004813993,9
2024-09-16 12:15:50.135,417.8073020132642,104
2024-09-16 12:15:50.144,417.78227371115,8
2024-09-16 12:15:50.154,417.79681541940136,1002
2024-09-16 12:15:50.179,417.8520001227485,105
2024-09-16 12:15:50.247,417.7895196276659,9
2024-09-16 12:15:50.334,417.7612155848189,999
2024-09-16 12:15:50.387,417.8226658229185,6
2024-09-16 12:15:50.507,417.8036082040844,102
2024-09-16 12:15:50.575,417.8322656737165,100
2024-09-16 12:15:50.592,417.76889341675553,1003
2024-09-16 12:15:50.611,417.8403145060303,10
2024-09-16 12:15:50.633,417.8103555007076,999
2024-09-16 12:15:50.698,417.82349475215415,1004
2024-09-16 12:15:50.769,417.7893805590148,7
2024-09-16 12:15:50.806,417.7765953606072,97
2024-09-16 12:15:50.832,417.7923860975512,6
2024-09-16 12:15:50.856,417.8668135714226,10
2024-09-16 12:15:50.870,41.78103598798388,103
2024-09-16 12:15:50.870,417.8250392827078,102
2024-09-16 12:15:50.888,417.8256489659479,996
2024-09-16 12:15:50.908,417.80504704072695,13
2024-09-16 12:15:51.035,417.7964748725398,101
2024-09-16 12:15:51.125,417.810564255245,12
2024-09-16 12:15:51.275,417.8582201355495,10
2024-09-16 12:15:51.405,417.84691219474206,104
2024-09-16 12:15:51.453,417.8455682152886,103
2024-09-16 12:15:51.515,417.81968142613766,100
2024-09-16 12:15:51.642,417.8640386532187,15
2024-09-16 12:15:51.656,417.8301819725994,102
2024-09-16 12:15:51.658,417.8412164130967,8
2024-09-16 12:15:51.758,417.8297160298041,95
2024-09-16 12:15:51.893,417.831017016386,1003
2024-09-16 12:15:52.066,417.8069865918555,101
2024-09-16 12:15:52.116,417.8655022911601,997
2024-09-16 12:15:52.202,417.87319034470266,14
2024-09-16 12:15:52.211,417.8070325253022,5
2024-09-16 12:15:52.390,417.85027794765296,996
2024-09-16 12:15:52.495,417.8215581998536,99
2024-09-16 12:15:52.540,417.8209628238077,1001
2024-09-16 12:15:52.553,417.8777251074664,97
2024-09-16 12:15:52.591,417.8712300484977,105
2024-09-16 12:15:52.621,417.8252395615645,999
2024-09-16 12:15:52.639,417.81500846848047,96
2024-09-16 12:15:52.754,417.86724745444326,1005
2024-09-16 12:15:52.759,417.8274998187502,999
2024-09-16 12:15:52.775,417.80426935627366,105
2024-09-16 12:15:52.902,417.8587779479085,996
2024-09-16 12:15:53.018,417.8073563974015,998
2024-09-16 12:15:53.050,417.8081465038687,11
2024-09-16 12:15:53.070,417.82734402982896,95
2024-09-16 12:15:53.096,417.8692742293785,6
2024-09-16 12:15:53.120,417.8239778440757,9
2024-09-16 12:15:53.135,417.8586718728816,995
2024-09-16 12:15:53.204,417.808276442621,100
2024-09-16 12:15:53.216,417.8420026077621,1000
2024-09-16 12:15:53.267,417.80523687109417,13
2024-09-16 12:15:53.270,417.8281452634285,999
2024-09-16 12:15:53.284,417.83647528806034,15
2024-09-16 12:15:53.293,417.8276806044295,1000
2024-09-16 12:15:53.392,417.845311004613,101
2024-09-16 12:15:53.408,417.8355506745257,1005
2024-09-16 12:15:53.454,417.8054675650106,14
2024-09-16 12:15:53.483,417.8256083668185,1001
2024-09-16 12:15:53.530,417.8188927330385,1004
2024-09-16 12:15:53.657,417.85506350423015,105
2024-09-16 12:15:53.751,417.86179984183167,13
2024-09-16 12:15:53.766,417.8666604335023,100
2024-09-16 12:15:53.776,417.8551565561103,15
2024-09-16 12:15:53.793,417.8633748105415,102
2024-09-16 12:15:54.165,417.7687844576877,996
2024-09-16 12:15:54.170,417.75880618435474,1004
2024-09-16 12:15:54.230,417.7539108832205,97
2024-09-16 12:15:54.300,417.7667069369611,14
2024-09-16 12:15:54.317,-417.740440617346,102
2024-09-16 12:15:54.438,417.75479758720064,10
2024-09-16 12:15:54.480,417.7613894080743,6
2024-09-16 12:15:55.039,417.739482432392,8
2024-09-16 12:15:55.059,417.7743554151677,10
2024-09-16 12:15:55.074,417.6983008314885,104
2024-09-16 12:15:55.083,417.76076816410335,15
2024-09-16 12:15:55.102,417.7049023702514,101
2024-09-16 12:15:55.117,417.6895100573032,9
2024-09-16 12:15:55.129,417.7339606646016,9
2024-09-16 12:15:55.169,417.73411915457297,5
2024-09-16 12:15:55.189,417.70115037777066,999
2024-09-16 12:15:55.204,417.7048284071198,10
2024-09-16 12:15:55.228,417.7014178036066,101
2024-09-16 12:15:55.332,417.72671664948,998
2024-09-16 12:15:55.365,417.7483097084465,5
2024-09-16 12:15:55.381,417.73179849156713,7
2024-09-16 12:15:55.487,417.7396823298781,998
2024-09-16 12:15:55.533,417.71641725068,12
2024-09-16 12:15:55.569,417.6835828130471,1005
2024-09-16 12:15:55.635,417.6978527501686,14
2024-09-16 12:15:55.688,417.6939300537502,101
2024-09-16 12:15:55.713,417.6730029154156,9
2024-09-16 12:15:55.717,417.72599169078006,997
2024-09-16 12:15:55.736,417.6983459535308,996
2024-09-16 12:15:55.772,417.6911820715879,998
2024-09-16 12:15:55.804,417.6907832895911,102
2024-09-16 12:15:55.809,417.6913737648121,105
2024-09-16 12:15:55.810,417.68048654852976,105
2024-09-16 12:15:55.862,417.7054144421597,1005
2024-09-16 12:15:55.983,417.68030871176,100
2024-09-16 12:15:55.985,417.6903778141673,5
2024-09-16 12:15:56.012,417.76885171346873,99
2024-09-16 12:15:56.042,417.7074110239421,97
2024-09-16 12:15:56.088,417.7494398973296,105
2024-09-16 12:15:56.091,417.7599993890714,1002
2024-09-16 12:15:56.100,417.7100934073704,98
2024-09-16 12:15:56.154,417.7694402827146,95
2024-09-16 12:15:56.179,417.7407017839519,1000
2024-09-16 12:15:56.186,41.77223342177516,1001
2024-09-16 12:15:56.233,417.73885330003645,8
2024-09-16 12:15:56.314,417.7802538480183,11
2024-09-16 12:15:56.329,417.7258067605648,10
2024-09-16 12:15:56.362,417.757272081658,998
2024-09-16 12:15:56.369,417.70677807133785,98
2024-09-16 12:15:56.382,417.7165700036402,995
2024-09-16 12:15:56.410,417.76424848346,999
2024-09-16 12:15:56.424,417.7564864663537,96
2024-09-16 12:15:56.426,417.7339749059393,1000
2024-09-16 12:15:56.442,417.6990144627964,999
2024-09-16 12:15:56.460,417.7492231665154,6
2024-09-16 12:15:56.475,417.7514580293856,1005
2024-09-16 12:15:56.488,417.7583093161397,1002
2024-09-16 12:15:56.546,417.7097913153097,5
2024-09-16 12:15:56.603,417.7796451108685,14
2024-09-16 12:15:56.763,417.7497388224324,100
2024-09-16 12:15:56.809,417.732329292816,102
2024-09-16 12:15:56.973,417.7743754752147,104
2024-09-16 12:15:56.991,417.75348948730726,104
2024-09-16 12:15:57.153,417.74517578465947,12
2024-09-16 12:15:57.160,417.74437059465697,1003
2024-09-16 12:15:57.195,417.74363684241393,1005
2024-09-16 12:15:57.200,417.74550713959707,95
2024-09-16 12:15:57.511,417.7294289221245,12
2024-09-16 12:15:57.512,417.74457194748186,103
2024-09-16 12:15:57.758,417.7253572884924,97
2024-09-16 12:15:57.811,417.7335814228047,995
2024-09-16 12:15:58.004,417.7571024415225,104
2024-09-16 12:15:58.024,417.7276151061525,12
2024-09-16 12:15:58.057,417.71911842594017,98
2024-09-16 12:15:58.093,417.7321145043688,1000
2024-09-16 12:15:58.236,41.773652050323705,11
2024-09-16 12:15:58.243,417.7423205540761,12
2024-09-16 12:15:58.247,417.7314958364714,104
2024-09-16 12:15:58.301,417.7494545690248,15
2024-09-16 12:15:58.355,417.7264460654461,95
2024-09-16 12:15:58.437,417.7231365804833,100
2024-09-16 12:15:58.448,417.7435773840807,105
2024-09-16 12:15:58.620,417.72203238855656,8
2024-09-16 12:15:58.752,417.7415062949392,6
2024-09-16 12:15:58.867,417.7497380075477,998
2024-09-16 12:15:59.285,417.7442476775867,1005
2024-09-16 12:15:59.297,417.74742084179496,9
2024-09-16 12:15:59.363,417.7408470550431,99
2024-09-16 12:15:59.541,417.7574555923751,997
