Timestamp,Price,Size
2024-09-16 13:08:00.076,416.0125602276893,1000
2024-09-16 13:08:00.295,416.0242476084502,5
2024-09-16 13:08:00.447,416.0166442387954,7
2024-09-16 13:08:00.669,416.0316491124103,11
2024-09-16 13:08:01.041,416.00672390575113,9
2024-09-16 13:08:01.066,416.03743934073873,12
2024-09-16 13:08:01.308,416.0201988142068,1000
2024-09-16 13:08:01.437,416.0214305514329,1005
2024-09-16 13:08:01.644,416.01264013832986,997
2024-09-16 13:08:01.697,416.0346203198495,15
2024-09-16 13:08:01.767,416.0207817572333,7
2024-09-16 13:08:01.779,416.0110697454219,6
2024-09-16 13:08:02.008,415.97476204200495,10
2024-09-16 13:08:02.038,416.0196612685008,96
2024-09-16 13:08:02.211,416.0018103876147,102
2024-09-16 13:08:02.213,416.0093157774121,1003
2024-09-16 13:08:02.295,416.0255305981647,999
2024-09-16 13:08:02.299,416.0430007827311,14
2024-09-16 13:08:02.324,416.0120641590219,96
2024-09-16 13:08:02.324,416.0408448673405,997
2024-09-16 13:08:02.346,416.0028160651962,95
2024-09-16 13:08:02.355,415.9905714770369,8
2024-09-16 13:08:02.413,415.9801617677568,995
2024-09-16 13:08:02.489,416.04729285502896,1003
2024-09-16 13:08:02.530,416.0170859206477,10
2024-09-16 13:08:02.569,416.0094262588751,10
2024-09-16 13:08:02.573,415.9942495178061,6
2024-09-16 13:08:02.614,416.0074001364042,99
2024-09-16 13:08:02.658,416.0076530287147,11
2024-09-16 13:08:02.736,416.0005993906764,102
2024-09-16 13:08:02.786,415.9741923195165,105
2024-09-16 13:08:02.828,416.0067956182345,997
2024-09-16 13:08:02.843,416.0221092176934,5
2024-09-16 13:08:02.881,416.0131386882133,98
2024-09-16 13:08:02.904,416.0237991226848,10
2024-09-16 13:08:02.914,416.0195979138293,98
2024-09-16 13:08:02.942,415.98104383707016,5
2024-09-16 13:08:03.014,415.8937752586543,1002
2024-09-16 13:08:03.029,415.8823638603752,103
2024-09-16 13:08:03.063,415.982110968826,15
2024-09-16 13:08:03.157,415.94913727145854,1005
2024-09-16 13:08:03.185,415.9681098083748,13
2024-09-16 13:08:03.208,415.9188221680092,1003
2024-09-16 13:08:03.235,415.9013470395918,102
2024-09-16 13:08:03.311,415.8970398720429,100
2024-09-16 13:08:03.319,415.981546711783,12
2024-09-16 13:08:03.344,415.87627896058456,101
2024-09-16 13:08:03.393,415.9119270038821,15
2024-09-16 13:08:03.394,415.8846457670627,10
2024-09-16 13:08:03.494,415.8895036305096,1000
2024-09-16 13:08:03.593,415.86914096324057,100
2024-09-16 13:08:03.652,415.9018422373773,100
2024-09-16 13:08:03.668,415.89196710820136,996
2024-09-16 13:08:03.728,415.94062513102136,96
2024-09-16 13:08:03.759,415.89653003475496,14
2024-09-16 13:08:03.795,415.9048344724071,7
2024-09-16 13:08:03.808,415.8670577019327,12
2024-09-16 13:08:03.974,415.9056572170124,103
2024-09-16 13:08:04.036,415.8460217891034,999
2024-09-16 13:08:04.100,415.9028024077174,9
2024-09-16 13:08:04.255,415.8785500559295,997
2024-09-16 13:08:04.560,415.87454799723736,12
2024-09-16 13:08:04.590,415.9007895122864,11
2024-09-16 13:08:04.704,415.8999668656283,997
2024-09-16 13:08:04.729,415.9026847599053,1000
2024-09-16 13:08:04.877,415.8893968727183,7
2024-09-16 13:08:05.002,415.8428208382702,104
2024-09-16 13:08:05.025,415.87261058401714,995
2024-09-16 13:08:05.047,415.8336264744361,7
2024-09-16 13:08:05.072,415.78744370143767,995
2024-09-16 13:08:05.073,415.8571522102283,14
2024-09-16 13:08:05.080,415.8584392742512,996
2024-09-16 13:08:05.086,415.88725642405575,96
2024-09-16 13:08:05.163,415.848981620061,15
2024-09-16 13:08:05.164,415.8940396552495,95
2024-09-16 13:08:05.277,415.87482787445146,8
2024-09-16 13:08:05.346,415.8831001675651,1002
2024-09-16 13:08:05.501,415.86968420582286,10
2024-09-16 13:08:05.503,415.8742714154622,1005
2024-09-16 13:08:05.512,415.84856763420737,6
2024-09-16 13:08:05.531,415.8720237419244,1000
2024-09-16 13:08:05.627,415.85467846326185,996
2024-09-16 13:08:05.627,415.8478724962181,999
2024-09-16 13:08:05.633,415.7906371456688,102
2024-09-16 13:08:05.658,415.8548162636693,1004
2024-09-16 13:08:05.691,415.7708031252003,105
2024-09-16 13:08:05.983,415.82876315944526,1004
2024-09-16 13:08:05.987,415.8426389422444,6
2024-09-16 13:08:06.140,415.8141001154447,1001
2024-09-16 13:08:06.265,415.7798118461975,11
2024-09-16 13:08:06.275,415.7967112719288,1005
2024-09-16 13:08:06.287,415.80085032878407,99
2024-09-16 13:08:06.982,415.7890301672479,13
2024-09-16 13:08:06.986,415.7861350001808,1004
2024-09-16 13:08:07.030,415.7985109651899,96
2024-09-16 13:08:07.051,415.8124880260016,998
2024-09-16 13:08:07.096,415.81611902084313,1002
2024-09-16 13:08:07.191,415.8063534383575,998
2024-09-16 13:08:07.274,415.7920669501822,1001
2024-09-16 13:08:07.281,415.7903508482269,13
2024-09-16 13:08:07.332,415.84796114202345,100
2024-09-16 13:08:07.349,415.775610854384,12
2024-09-16 13:08:07.422,415.7742934748245,1005
2024-09-16 13:08:07.456,415.7754361566849,15
2024-09-16 13:08:07.492,415.7990691350837,13
2024-09-16 13:08:07.502,415.7911810302179,995
2024-09-16 13:08:07.502,415.8218945671069,12
2024-09-16 13:08:07.511,415.7878260201008,12
2024-09-16 13:08:07.596,415.7769118193246,6
2024-09-16 13:08:07.599,415.8237685550632,996
2024-09-16 13:08:07.728,415.816650924939,101
2024-09-16 13:08:07.756,415.7898508452611,996
2024-09-16 13:08:07.835,415.7793855735181,102
2024-09-16 13:08:07.882,415.8089491376045,13
2024-09-16 13:08:07.914,415.8123946367721,5
2024-09-16 13:08:07.941,-415.7952006599396,14
2024-09-16 13:08:08.064,415.8826605914554,101
2024-09-16 13:08:08.116,415.7912668041448,996
2024-09-16 13:08:08.123,415.8041832708527,104
2024-09-16 13:08:08.130,415.83152660660926,96
2024-09-16 13:08:08.198,415.8730297429741,98
2024-09-16 13:08:08.335,415.7980108452344,5
2024-09-16 13:08:08.352,415.78231352917055,995
2024-09-16 13:08:08.370,415.8617015531045,98
2024-09-16 13:08:08.456,415.7962275544776,14
2024-09-16 13:08:08.459,415.817680222707,996
2024-09-16 13:08:08.460,415.8020467518709,1002
2024-09-16 13:08:08.479,,998
2024-09-16 13:08:08.520,415.8270980737032,8
2024-09-16 13:08:08.550,415.85127397612297,96
2024-09-16 13:08:08.579,415.7990632567301,102
2024-09-16 13:08:08.700,415.8053494156503,8
2024-09-16 13:08:08.729,415.8534959662396,996
2024-09-16 13:08:08.729,415.8221870653681,1000
2024-09-16 13:08:08.761,415.7955734706396,15
2024-09-16 13:08:08.818,415.8005382627717,1002
2024-09-16 13:08:08.849,415.7829019444322,13
2024-09-16 13:08:08.999,415.7823899607001,98
2024-09-16 13:08:09.002,415.8026542798869,1004
2024-09-16 13:08:09.137,415.8270335419922,15
2024-09-16 13:08:09.221,415.7996059887736,6
2024-09-16 13:08:09.304,415.8119812213838,1005
2024-09-16 13:08:09.345,415.8172930307365,99
2024-09-16 13:08:09.471,415.8126753954336,1000
2024-09-16 13:08:09.531,415.7985050867016,997
2024-09-16 13:08:09.562,415.8082430029527,95
2024-09-16 13:08:09.583,415.8351816838604,10
2024-09-16 13:08:09.839,415.825006570696,100
2024-09-16 13:08:09.976,415.82777473333016,103
2024-09-16 13:08:10.024,415.7427250013843,100
2024-09-16 13:08:10.053,415.7980125399296,1001
2024-09-16 13:08:10.128,415.8114246549485,1000
2024-09-16 13:08:10.136,415.74395337079534,9
2024-09-16 13:08:10.185,415.80596562212736,7
2024-09-16 13:08:10.275,415.72361350982766,998
2024-09-16 13:08:10.301,415.7866717590944,101
2024-09-16 13:08:10.305,415.7494142405315,997
2024-09-16 13:08:10.323,415.750481421785,105
2024-09-16 13:08:10.337,415.7581393747092,97
2024-09-16 13:08:10.409,415.7461293449931,995
2024-09-16 13:08:10.419,415.7962664580699,10
2024-09-16 13:08:10.495,415.7576904873347,98
2024-09-16 13:08:10.502,415.75617757795743,1001
2024-09-16 13:08:10.568,415.78549579655385,95
2024-09-16 13:08:10.590,415.77543087619847,98
2024-09-16 13:08:10.687,415.7417927679084,998
2024-09-16 13:08:10.707,415.7761165073237,95
2024-09-16 13:08:10.716,415.73031448923575,8
2024-09-16 13:08:10.831,415.7340588224551,5
2024-09-16 13:08:10.832,,14
2024-09-16 13:08:10.836,415.7267349668053,105
2024-09-16 13:08:10.891,415.7487074286512,1003
2024-09-16 13:08:10.926,415.742462326944,1001
2024-09-16 13:08:11.012,415.7147158045474,95
2024-09-16 13:08:11.029,415.7247497256605,999
2024-09-16 13:08:11.039,415.7118699567768,5
2024-09-16 13:08:11.107,415.7042549488932,5
2024-09-16 13:08:11.199,415.7404283852096,12
2024-09-16 13:08:11.212,415.72983888345226,102
2024-09-16 13:08:11.301,415.70454083590806,11
2024-09-16 13:08:11.368,415.7142200340684,996
2024-09-16 13:08:11.397,415.6992903745967,8
2024-09-16 13:08:11.471,415.69208683003296,97
2024-09-16 13:08:11.484,415.7230360616953,14
2024-09-16 13:08:11.528,415.69070952392144,104
2024-09-16 13:08:11.531,415.72763549412485,9
2024-09-16 13:08:11.555,415.7135957783755,102
2024-09-16 13:08:11.570,415.71306160171207,1000
2024-09-16 13:08:11.571,415.715020579881,102
2024-09-16 13:08:11.777,415.70913351955454,5
2024-09-16 13:08:11.814,415.72182006705657,105
2024-09-16 13:08:11.836,415.7214316915103,99
2024-09-16 13:08:11.864,415.70420303465096,1005
2024-09-16 13:08:11.904,415.71112330033856,1001
2024-09-16 13:08:11.918,415.7198632673275,13
2024-09-16 13:08:11.919,415.7159202679355,99
2024-09-16 13:08:11.932,415.708677948183,997
2024-09-16 13:08:11.958,415.7363405633775,999
2024-09-16 13:08:11.964,415.71941370265966,100
2024-09-16 13:08:12.144,415.7098708673308,102
2024-09-16 13:08:12.148,415.72435446928864,103
2024-09-16 13:08:12.186,415.6616395879417,15
2024-09-16 13:08:12.355,415.6642632510244,999
2024-09-16 13:08:12.566,415.7376411593513,98
2024-09-16 13:08:12.703,415.704967535205,1002
2024-09-16 13:08:12.887,415.6602064073591,1000
2024-09-16 13:08:13.149,415.645081319051,9
2024-09-16 13:08:13.613,415.6503749554755,7
2024-09-16 13:08:13.733,415.6594325121742,996
2024-09-16 13:08:13.938,41.56624038450597,1005
2024-09-16 13:08:13.979,415.6380822474471,6
2024-09-16 13:08:14.208,415.6826176130661,96
2024-09-16 13:08:14.307,415.7117244271487,9
2024-09-16 13:08:14.331,415.6639461170943,1002
2024-09-16 13:08:14.337,415.6999633224111,1005
2024-09-16 13:08:14.375,415.6912322447312,9
2024-09-16 13:08:14.389,415.6384357172615,15
2024-09-16 13:08:14.429,415.6949081707627,104
2024-09-16 13:08:14.454,415.6647734555461,11
2024-09-16 13:08:14.499,415.6461189123209,1001
2024-09-16 13:08:14.549,-415.64614588955055,15
2024-09-16 13:08:14.553,415.6496364891461,1002
2024-09-16 13:08:14.570,415.6802686514616,15
2024-09-16 13:08:14.598,,9
2024-09-16 13:08:14.728,415.6920684772616,101
2024-09-16 13:08:14.793,415.6728123809696,1005
2024-09-16 13:08:14.879,415.67799256938,103
2024-09-16 13:08:14.891,415.6953948582327,104
2024-09-16 13:08:14.915,415.704028818797,1004
2024-09-16 13:08:14.948,415.7056977702032,98
2024-09-16 13:08:14.967,415.6996312893821,1005
2024-09-16 13:08:14.970,415.6412141305032,14
2024-09-16 13:08:14.998,415.6997209137529,999
2024-09-16 13:08:15.479,415.7049586497028,1000
2024-09-16 13:08:16.000,415.7380604566281,5
2024-09-16 13:08:16.014,415.7577126445646,95
2024-09-16 13:08:16.029,415.7482968043667,105
2024-09-16 13:08:16.035,415.7881173478052,11
2024-09-16 13:08:16.041,415.7721464066929,995
2024-09-16 13:08:16.070,415.7675328898381,6
2024-09-16 13:08:16.079,415.7432910816727,996
2024-09-16 13:08:16.140,415.7147057347423,12
2024-09-16 13:08:16.214,415.7743908263276,99
2024-09-16 13:08:16.262,415.7697756835723,13
2024-09-16 13:08:16.374,415.7815491834778,6
2024-09-16 13:08:16.386,,997
2024-09-16 13:08:16.396,415.76239653952285,7
2024-09-16 13:08:16.490,-415.7425251127673,98
2024-09-16 13:08:16.571,415.7172335960375,105
2024-09-16 13:08:16.574,415.7648840393044,5
2024-09-16 13:08:16.637,415.7922318705743,996
2024-09-16 13:08:16.642,415.738474298548,99
2024-09-16 13:08:16.649,415.8092727795518,96
2024-09-16 13:08:16.673,415.72921203098815,15
2024-09-16 13:08:16.678,415.80235157491023,105
2024-09-16 13:08:16.700,415.7691140940285,12
2024-09-16 13:08:16.741,41.57840793295454,995
2024-09-16 13:08:16.794,415.7241874012723,97
2024-09-16 13:08:16.797,415.7457397330322,5
2024-09-16 13:08:16.885,415.77825696559256,103
2024-09-16 13:08:16.911,415.79812699195287,95
2024-09-16 13:08:16.933,415.8016657823956,95
2024-09-16 13:08:16.944,415.7682825156695,105
2024-09-16 13:08:17.129,415.7113964800516,11
2024-09-16 13:08:17.232,415.7762450771092,997
2024-09-16 13:08:17.275,415.71661721084286,8
2024-09-16 13:08:17.561,415.7097267391852,998
2024-09-16 13:08:17.585,415.7162772666816,8
2024-09-16 13:08:17.732,415.74745373357246,102
2024-09-16 13:08:17.768,415.7433605229409,101
2024-09-16 13:08:17.997,415.7515001130826,11
2024-09-16 13:08:18.035,415.6594941310484,99
2024-09-16 13:08:18.086,415.6582195761711,7
2024-09-16 13:08:18.088,415.63662803335086,996
2024-09-16 13:08:18.136,415.6538324644949,102
2024-09-16 13:08:18.138,415.64310327448817,6
2024-09-16 13:08:18.208,415.6596215234193,101
2024-09-16 13:08:18.286,415.7072119006646,10
2024-09-16 13:08:18.365,415.63001374227264,103
2024-09-16 13:08:18.373,415.6644703963158,1004
2024-09-16 13:08:18.382,415.6956376485886,100
2024-09-16 13:08:18.419,415.66139440834905,99
2024-09-16 13:08:18.454,415.6797552043235,101
2024-09-16 13:08:18.473,415.7009392934249,95
2024-09-16 13:08:18.489,415.69226508973696,13
2024-09-16 13:08:18.501,415.6482167914375,101
2024-09-16 13:08:18.528,415.6375363259552,1000
2024-09-16 13:08:18.528,415.6682795834021,5
2024-09-16 13:08:18.556,415.7064660406923,97
2024-09-16 13:08:18.674,415.7075773113489,14
2024-09-16 13:08:18.730,415.7000976455205,101
2024-09-16 13:08:18.797,41.56527295848804,98
2024-09-16 13:08:18.856,415.644641398218,7
2024-09-16 13:08:18.890,415.6400315528288,997
2024-09-16 13:08:18.902,415.6777012999357,14
2024-09-16 13:08:18.919,415.6341320356779,8
2024-09-16 13:08:18.955,415.6432424284561,999
2024-09-16 13:08:18.961,415.6634490532491,15
2024-09-16 13:08:19.081,415.6957042562192,97
2024-09-16 13:08:19.121,415.68932179695344,1002
2024-09-16 13:08:19.136,415.660959017216,104
2024-09-16 13:08:19.185,415.6886692035433,95
2024-09-16 13:08:19.194,415.63250220538873,1004
2024-09-16 13:08:19.226,415.6368121200112,997
2024-09-16 13:08:19.337,415.6748024048679,97
2024-09-16 13:08:19.348,415.7195666992435,96
2024-09-16 13:08:19.371,415.6587253581913,9
2024-09-16 13:08:19.384,415.6373940785669,12
2024-09-16 13:08:19.392,415.66281172734136,998
2024-09-16 13:08:19.399,415.6337283398799,100
2024-09-16 13:08:19.434,415.68818168712266,13
2024-09-16 13:08:19.520,415.7425941543712,6
2024-09-16 13:08:19.583,415.6677466512369,1004
2024-09-16 13:08:19.599,415.68974356126535,9
2024-09-16 13:08:19.623,415.7198803362048,10
2024-09-16 13:08:19.627,415.64929678263655,96
2024-09-16 13:08:19.651,415.65152465138345,5
2024-09-16 13:08:19.663,415.7043336596664,1004
2024-09-16 13:08:19.753,415.6873648803538,6
2024-09-16 13:08:19.771,415.7173325266643,11
2024-09-16 13:08:19.791,415.68987635885605,995
2024-09-16 13:08:19.847,415.7366557320908,104
2024-09-16 13:08:19.856,415.701664352776,96
2024-09-16 13:08:19.863,415.7013091787309,15
2024-09-16 13:08:19.987,415.6386452688584,995
2024-09-16 13:08:20.010,415.7392195644924,1000
2024-09-16 13:08:20.187,415.7359090281016,14
2024-09-16 13:08:20.229,415.7686604866223,6
2024-09-16 13:08:20.324,415.7668088924731,1002
2024-09-16 13:08:20.343,415.75227471949694,97
2024-09-16 13:08:20.360,415.7590594701826,102
2024-09-16 13:08:20.425,415.7353226210236,101
2024-09-16 13:08:20.453,415.7477937905829,105
2024-09-16 13:08:20.497,415.7563273739198,105
2024-09-16 13:08:20.631,415.7590249711076,99
2024-09-16 13:08:20.720,415.7594767921632,11
2024-09-16 13:08:20.802,415.73099019894056,8
2024-09-16 13:08:20.820,41.577131806242434,13
2024-09-16 13:08:20.907,415.7677548470924,95
2024-09-16 13:08:20.909,415.73507122777,102
2024-09-16 13:08:20.981,415.7743359627636,96
2024-09-16 13:08:22.033,415.61271965074457,101
2024-09-16 13:08:22.120,415.6267889403588,14
2024-09-16 13:08:22.128,415.6279264432766,14
2024-09-16 13:08:22.220,415.6676571278505,95
2024-09-16 13:08:22.258,415.7272864660513,104
2024-09-16 13:08:22.323,415.6113609654106,998
2024-09-16 13:08:22.429,415.73756536010114,97
2024-09-16 13:08:22.537,415.626680370587,95
2024-09-16 13:08:22.613,415.6296502129373,15
2024-09-16 13:08:22.701,415.7229724887037,12
2024-09-16 13:08:22.741,415.6989132640328,13
2024-09-16 13:08:22.868,415.7116566895512,10
2024-09-16 13:08:22.874,415.6579813626484,998
2024-09-16 13:08:22.924,415.6456246772111,103
2024-09-16 13:08:22.927,415.61864268696553,96
2024-09-16 13:08:22.938,415.7123774965171,11
2024-09-16 13:08:22.992,415.7338351934413,99
2024-09-16 13:08:23.022,415.5952805274443,100
2024-09-16 13:08:23.040,415.62550369459353,97
2024-09-16 13:08:23.056,415.644971722904,103
2024-09-16 13:08:23.130,415.5870596005309,102
2024-09-16 13:08:23.146,415.67481659010656,100
2024-09-16 13:08:23.162,415.6695761918279,1001
2024-09-16 13:08:23.199,415.6227048980351,100
2024-09-16 13:08:23.230,415.5891200011115,995
2024-09-16 13:08:23.299,415.6481173431973,997
2024-09-16 13:08:23.299,415.6817227961002,102
2024-09-16 13:08:23.317,415.6892074314175,14
2024-09-16 13:08:23.321,415.62953488622975,999
2024-09-16 13:08:23.329,415.6363717926712,12
2024-09-16 13:08:23.524,415.6242179276277,104
2024-09-16 13:08:23.549,415.5941493495524,996
2024-09-16 13:08:23.555,-415.5744711207228,96
2024-09-16 13:08:23.630,415.6543848837522,13
2024-09-16 13:08:23.657,415.5833449420698,1002
2024-09-16 13:08:23.662,415.65614871513856,1004
2024-09-16 13:08:23.684,-415.64901267472703,1002
2024-09-16 13:08:23.714,415.63513126813103,101
2024-09-16 13:08:23.829,415.6781606916941,1003
2024-09-16 13:08:23.965,415.64256052582704,7
2024-09-16 13:08:23.972,415.6335782836383,6
2024-09-16 13:08:23.986,415.5967313740046,996
2024-09-16 13:08:23.992,415.63967846542215,7
2024-09-16 13:08:23.996,415.6277972810991,997
2024-09-16 13:08:24.004,415.5985422209834,104
2024-09-16 13:08:24.042,415.5490323074309,6
2024-09-16 13:08:24.283,415.5757324565532,10
2024-09-16 13:08:24.312,415.5719074640186,99
2024-09-16 13:08:24.743,415.564768492636,105
2024-09-16 13:08:25.119,415.5850863714709,99
2024-09-16 13:08:25.246,415.5866502488013,995
2024-09-16 13:08:25.604,415.58310945596185,95
2024-09-16 13:08:25.872,415.5843153524639,13
2024-09-16 13:08:26.070,415.6898290245881,1003
2024-09-16 13:08:26.109,415.60656751588624,98
2024-09-16 13:08:26.111,415.6391253859879,1002
2024-09-16 13:08:26.113,415.622907832953,95
2024-09-16 13:08:26.149,415.6400289187122,10
2024-09-16 13:08:26.246,415.6184665913759,1000
2024-09-16 13:08:26.295,415.6253090663429,997
2024-09-16 13:08:26.309,415.59828932774855,8
2024-09-16 13:08:26.320,415.5851117924627,1001
2024-09-16 13:08:26.337,415.62206635482806,97
2024-09-16 13:08:26.419,415.6320520893228,997
2024-09-16 13:08:26.484,415.6708983754143,104
2024-09-16 13:08:26.501,415.631305795158,9
2024-09-16 13:08:26.560,415.6221150532505,105
2024-09-16 13:08:26.610,415.5868771927267,10
2024-09-16 13:08:26.641,415.6001891897626,102
2024-09-16 13:08:26.679,415.6179451741096,97
2024-09-16 13:08:26.751,415.5719067869067,101
2024-09-16 13:08:26.756,415.59793113086135,99
2024-09-16 13:08:26.756,415.6374725745268,10
2024-09-16 13:08:26.766,415.5941278157716,999
2024-09-16 13:08:26.799,415.6334592877572,14
2024-09-16 13:08:26.833,415.58589560911935,1005
2024-09-16 13:08:26.837,415.5730749548731,1001
2024-09-16 13:08:26.845,415.63035983479926,1002
2024-09-16 13:08:26.856,415.6054646677989,104
2024-09-16 13:08:26.906,415.6176965563757,100
2024-09-16 13:08:26.908,-415.6077743052983,1005
2024-09-16 13:08:26.908,415.5705498847629,100
2024-09-16 13:08:26.974,415.56734822573935,15
2024-09-16 13:08:27.143,415.6893124220283,1005
2024-09-16 13:08:28.224,415.6958398508026,11
2024-09-16 13:08:28.352,415.67351524678406,13
2024-09-16 13:08:28.356,415.6895517533108,104
2024-09-16 13:08:28.395,415.6449329396453,997
2024-09-16 13:08:28.717,415.6929215312937,11
2024-09-16 13:08:28.729,415.6547052795485,1002
2024-09-16 13:08:28.864,415.6724710516741,97
2024-09-16 13:08:28.955,415.64736081892215,8
2024-09-16 13:08:29.016,415.6401948596469,1000
2024-09-16 13:08:29.037,415.6485717127763,103
2024-09-16 13:08:29.048,415.64832219505314,101
2024-09-16 13:08:29.154,415.7066846550014,1005
2024-09-16 13:08:29.181,415.70427674652535,95
2024-09-16 13:08:29.212,415.71592498390186,96
2024-09-16 13:08:29.244,415.7109336572326,9
2024-09-16 13:08:29.270,415.7259985597176,101
2024-09-16 13:08:29.292,415.6372301112472,99
2024-09-16 13:08:29.354,415.6736217039425,999
2024-09-16 13:08:29.411,415.6751869656562,11
2024-09-16 13:08:29.414,415.65941668028,6
2024-09-16 13:08:29.429,415.6873354020824,997
2024-09-16 13:08:29.438,415.6447128511328,5
2024-09-16 13:08:29.491,415.7053855836526,1003
2024-09-16 13:08:29.513,415.6902559063728,8
2024-09-16 13:08:29.539,415.6647886387471,15
2024-09-16 13:08:29.541,415.6845616448922,11
2024-09-16 13:08:29.587,415.63526585917,97
2024-09-16 13:08:29.647,415.6782139319218,102
2024-09-16 13:08:29.655,415.6914630371738,103
2024-09-16 13:08:29.689,415.6998554086081,15
2024-09-16 13:08:29.699,415.63707943808345,1005
2024-09-16 13:08:29.727,415.71001425068766,14
2024-09-16 13:08:29.735,415.6870520889379,1001
2024-09-16 13:08:29.783,415.7079238938463,1005
2024-09-16 13:08:29.786,415.6734300267055,5
2024-09-16 13:08:29.862,415.694623765577,1001
2024-09-16 13:08:29.966,415.69621316542026,96
2024-09-16 13:08:30.002,415.7264707133908,103
2024-09-16 13:08:30.026,415.7636144532145,997
2024-09-16 13:08:30.067,415.7417386400589,6
2024-09-16 13:08:30.100,415.7529229021038,6
2024-09-16 13:08:30.126,415.7752367698469,998
2024-09-16 13:08:30.167,415.7642056102655,11
2024-09-16 13:08:30.175,415.7469516067904,996
2024-09-16 13:08:30.199,415.7409836887858,998
2024-09-16 13:08:30.242,415.7164714001202,1004
2024-09-16 13:08:30.272,415.7427851184632,1003
2024-09-16 13:08:30.316,415.7199388510306,98
2024-09-16 13:08:30.352,415.7491073427616,997
2024-09-16 13:08:30.353,415.73957445250863,100
2024-09-16 13:08:30.371,415.7557011426303,104
2024-09-16 13:08:30.411,415.752153197778,997
2024-09-16 13:08:30.456,,95
2024-09-16 13:08:30.494,415.7481445989716,14
2024-09-16 13:08:30.528,415.7388210643519,5
2024-09-16 13:08:30.604,415.7547163331177,9
2024-09-16 13:08:30.607,415.7405193759769,98
2024-09-16 13:08:30.664,415.7027313416611,98
2024-09-16 13:08:30.719,415.7388836167687,102
2024-09-16 13:08:30.809,415.7690955551117,14
2024-09-16 13:08:30.843,415.77134183852127,1001
2024-09-16 13:08:30.978,415.74533085050376,99
2024-09-16 13:08:30.983,415.735130947063,105
2024-09-16 13:08:30.996,415.773996600088,1001
2024-09-16 13:08:30.998,415.740926355778,1000
2024-09-16 13:08:31.089,415.7522157774773,7
2024-09-16 13:08:31.127,415.74834305718514,998
2024-09-16 13:08:31.132,415.7793424249888,1005
2024-09-16 13:08:31.181,415.77858499686175,998
2024-09-16 13:08:31.196,415.7371675253336,999
2024-09-16 13:08:31.200,415.74485755087386,97
2024-09-16 13:08:31.212,415.7404462667775,11
2024-09-16 13:08:31.261,415.76433194288353,103
2024-09-16 13:08:31.309,415.7322694735405,15
2024-09-16 13:08:31.318,-415.7461843475402,99
2024-09-16 13:08:31.339,415.750599454811,100
2024-09-16 13:08:31.345,415.7382266687677,12
2024-09-16 13:08:31.352,415.7576685370237,103
2024-09-16 13:08:31.429,415.7758750913303,10
2024-09-16 13:08:31.453,415.7631501768367,1003
2024-09-16 13:08:31.479,415.7444189771271,99
2024-09-16 13:08:31.508,415.7349333544614,1000
2024-09-16 13:08:31.522,415.7501348716864,997
2024-09-16 13:08:31.530,415.7614604835464,11
2024-09-16 13:08:31.612,415.7524919322063,1002
2024-09-16 13:08:31.642,415.7727921983902,9
2024-09-16 13:08:31.643,415.7568209339395,96
2024-09-16 13:08:31.797,415.7620062205272,102
2024-09-16 13:08:31.807,415.75341651307264,997
2024-09-16 13:08:31.871,415.74493957160905,998
2024-09-16 13:08:32.066,415.772801551055,996
2024-09-16 13:08:32.072,415.75253409442735,5
2024-09-16 13:08:32.147,415.7696941951777,15
2024-09-16 13:08:32.207,415.7614466222338,1001
2024-09-16 13:08:32.208,415.7835918267547,100
2024-09-16 13:08:32.211,415.761860146018,11
2024-09-16 13:08:32.360,415.7659708997352,1001
2024-09-16 13:08:32.524,415.7812433549547,5
2024-09-16 13:08:32.628,415.7497645324895,103
2024-09-16 13:08:32.675,415.7654079704615,10
2024-09-16 13:08:32.812,415.76086363547495,1005
2024-09-16 13:08:32.969,415.76678514818445,10
2024-09-16 13:08:32.985,415.7726762641792,102
2024-09-16 13:08:33.554,415.7823807586548,96
2024-09-16 13:08:33.735,415.79756899258194,12
2024-09-16 13:08:33.944,415.77684478821305,1000
2024-09-16 13:08:34.215,415.8040216502591,999
2024-09-16 13:08:34.356,415.8022338112318,15
2024-09-16 13:08:34.500,415.80585430428926,105
2024-09-16 13:08:35.190,415.90216950581,105
2024-09-16 13:08:35.294,415.8980574461032,995
2024-09-16 13:08:35.414,415.7902813138821,14
2024-09-16 13:08:35.433,415.8918002406066,1004
2024-09-16 13:08:35.536,415.90095583884187,10
2024-09-16 13:08:35.555,415.7969427514515,99
2024-09-16 13:08:35.604,415.8156432004736,13
2024-09-16 13:08:35.656,415.8504666314923,1000
2024-09-16 13:08:35.672,415.8902092572964,8
2024-09-16 13:08:35.679,415.82691207997385,999
2024-09-16 13:08:35.700,415.8757375087236,1000
2024-09-16 13:08:35.726,415.9084377886381,7
2024-09-16 13:08:35.728,415.9034469922992,105
2024-09-16 13:08:35.808,415.8581475076576,99
2024-09-16 13:08:35.820,415.86800221595104,101
2024-09-16 13:08:35.839,415.8969132745976,1001
2024-09-16 13:08:35.880,415.89466134312994,104
2024-09-16 13:08:35.919,415.8866330067552,996
2024-09-16 13:08:35.938,415.8648333767663,10
2024-09-16 13:08:35.941,415.890353889911,10
2024-09-16 13:08:36.030,415.88283452093225,1001
2024-09-16 13:08:36.051,415.8557139100578,995
2024-09-16 13:08:36.053,415.8713158557758,14
2024-09-16 13:08:36.146,415.8595386261698,1002
2024-09-16 13:08:36.310,415.8774239041785,995
2024-09-16 13:08:36.453,415.9002209386204,6
2024-09-16 13:08:36.534,415.90215049490587,11
2024-09-16 13:08:36.553,415.8825560221412,998
2024-09-16 13:08:36.735,415.9078292095867,102
2024-09-16 13:08:36.786,415.8898581832409,1002
2024-09-16 13:08:36.789,415.8881494423932,1001
2024-09-16 13:08:36.863,415.93175799804027,13
2024-09-16 13:08:36.893,41.58904065339039,100
2024-09-16 13:08:36.933,415.9079994497631,105
2024-09-16 13:08:37.044,415.9388438542002,102
2024-09-16 13:08:37.080,415.9136162166332,6
2024-09-16 13:08:37.191,415.93672769864594,995
2024-09-16 13:08:37.379,415.9361671978288,104
2024-09-16 13:08:37.499,415.91108630526656,15
2024-09-16 13:08:37.717,415.9249499451648,103
2024-09-16 13:08:37.773,415.9182655510687,13
2024-09-16 13:08:38.013,415.92208923741634,7
2024-09-16 13:08:38.115,415.96008492816185,5
2024-09-16 13:08:38.203,415.9471374152706,1005
2024-09-16 13:08:38.204,415.9402631608005,102
2024-09-16 13:08:38.229,415.9296830888882,103
2024-09-16 13:08:38.251,,1000
2024-09-16 13:08:38.323,415.9217079240713,9
2024-09-16 13:08:38.327,415.9327360888947,97
2024-09-16 13:08:38.349,415.9321964592289,103
2024-09-16 13:08:38.391,415.9292238893577,97
2024-09-16 13:08:38.400,415.8808937462481,11
2024-09-16 13:08:38.405,415.937401501122,96
2024-09-16 13:08:38.465,415.9376923181304,5
2024-09-16 13:08:38.477,415.9000338010203,1002
2024-09-16 13:08:38.543,415.9526149663402,6
2024-09-16 13:08:38.600,415.8989267900437,1004
2024-09-16 13:08:38.652,415.962515744957,1003
2024-09-16 13:08:38.705,415.9550320110133,9
2024-09-16 13:08:38.778,415.92987212514345,96
2024-09-16 13:08:38.799,415.8928360097163,1002
2024-09-16 13:08:38.832,415.9478224316086,1003
2024-09-16 13:08:38.866,415.93939911459165,95
2024-09-16 13:08:38.901,415.9530230717575,97
2024-09-16 13:08:38.917,415.9119721711429,996
2024-09-16 13:08:38.930,415.9100322249824,7
2024-09-16 13:08:39.011,415.9283435170101,7
2024-09-16 13:08:39.862,415.94130737841374,101
2024-09-16 13:08:39.964,415.90151859937606,12
2024-09-16 13:08:40.140,415.8328000054403,100
2024-09-16 13:08:40.162,415.8084999178926,15
2024-09-16 13:08:40.189,415.8182276775668,997
2024-09-16 13:08:40.210,415.86692490429874,995
2024-09-16 13:08:40.211,415.7983745238018,1004
2024-09-16 13:08:40.265,415.81909572763095,101
2024-09-16 13:08:40.327,415.8846772630904,995
2024-09-16 13:08:40.328,415.8028096565183,995
2024-09-16 13:08:40.337,415.8225165192267,96
2024-09-16 13:08:40.446,415.8794489245509,95
2024-09-16 13:08:40.482,415.7967013010827,12
2024-09-16 13:08:40.621,415.8550485169678,5
2024-09-16 13:08:40.674,415.8392372360768,1003
2024-09-16 13:08:40.848,415.8624319876524,14
2024-09-16 13:08:40.866,415.827804385851,14
2024-09-16 13:08:41.001,415.79180915219854,103
2024-09-16 13:08:41.091,415.8207610858569,1001
2024-09-16 13:08:41.096,415.776630278484,99
2024-09-16 13:08:41.113,415.7684991297134,12
2024-09-16 13:08:41.150,415.7872430014624,1002
2024-09-16 13:08:41.180,415.7945872708186,997
2024-09-16 13:08:41.270,415.79653295796766,98
2024-09-16 13:08:41.283,415.8239502115151,999
2024-09-16 13:08:41.392,-415.7996276638888,14
2024-09-16 13:08:41.486,415.7782483591094,95
2024-09-16 13:08:41.513,415.8006191902838,1002
2024-09-16 13:08:41.549,415.82557223792537,1003
2024-09-16 13:08:41.567,415.7704542558199,98
2024-09-16 13:08:41.656,415.76692991393617,104
2024-09-16 13:08:41.673,415.7807230892004,95
2024-09-16 13:08:41.687,415.7900028562168,1000
2024-09-16 13:08:41.721,415.82222830623954,96
2024-09-16 13:08:41.814,415.7868703259798,995
2024-09-16 13:08:41.816,415.7734441342797,96
2024-09-16 13:08:41.939,415.7826623382338,12
2024-09-16 13:08:42.035,415.8122143966704,101
2024-09-16 13:08:42.060,415.7256267466088,1003
2024-09-16 13:08:42.070,415.7810888878193,96
2024-09-16 13:08:42.118,415.7732884104,14
2024-09-16 13:08:42.132,415.8097502337535,998
2024-09-16 13:08:42.134,415.7999322010524,997
2024-09-16 13:08:42.201,415.7718243671801,10
2024-09-16 13:08:42.230,415.7264739326648,8
2024-09-16 13:08:42.233,415.80433015452,96
2024-09-16 13:08:42.279,415.7569593258928,5
2024-09-16 13:08:42.311,415.79391666495934,1003
2024-09-16 13:08:42.333,415.7608273491614,1005
2024-09-16 13:08:42.397,415.7939136600907,15
2024-09-16 13:08:42.458,415.7524813354003,13
2024-09-16 13:08:42.474,415.7661541040434,11
2024-09-16 13:08:42.515,415.7460783185081,10
2024-09-16 13:08:42.576,415.7364301280569,7
2024-09-16 13:08:42.589,415.81410035807,102
2024-09-16 13:08:42.631,415.77064932736977,998
2024-09-16 13:08:42.694,415.8037075978151,5
2024-09-16 13:08:42.698,415.7118780145842,998
2024-09-16 13:08:42.700,415.72484859536047,13
2024-09-16 13:08:42.742,415.8202684074031,105
2024-09-16 13:08:42.760,415.7825298246786,102
2024-09-16 13:08:42.897,415.7402656983996,997
2024-09-16 13:08:42.902,415.7343791908666,103
2024-09-16 13:08:42.978,415.7389620423676,13
2024-09-16 13:08:43.578,415.78379553274186,99
2024-09-16 13:08:43.602,-415.7815980193161,15
2024-09-16 13:08:43.739,415.7776339974976,8
2024-09-16 13:08:44.009,415.8373022637077,98
2024-09-16 13:08:44.079,415.8633813319824,8
2024-09-16 13:08:44.126,415.9489131352475,996
2024-09-16 13:08:44.129,415.88234248891183,1001
2024-09-16 13:08:44.200,415.90089304872606,1005
2024-09-16 13:08:44.222,415.939315480976,1004
2024-09-16 13:08:44.233,415.8558908252271,998
2024-09-16 13:08:44.256,415.9316059037253,1003
2024-09-16 13:08:44.281,415.9456147714974,1000
2024-09-16 13:08:44.283,415.9331608296388,103
2024-09-16 13:08:44.333,415.9621362373718,10
2024-09-16 13:08:44.370,415.770953923522,8
2024-09-16 13:08:44.409,415.90653825473385,13
2024-09-16 13:08:44.435,415.8711839478435,98
2024-09-16 13:08:44.443,415.9413858077504,5
2024-09-16 13:08:44.483,415.9241927027769,8
2024-09-16 13:08:44.497,415.8086750862826,1002
2024-09-16 13:08:44.515,415.95626608332736,8
2024-09-16 13:08:44.523,415.93567320972784,96
2024-09-16 13:08:44.570,415.8531028426036,1004
2024-09-16 13:08:44.573,415.9585658391889,997
2024-09-16 13:08:44.675,415.7852876306122,96
2024-09-16 13:08:44.727,415.781126304888,99
2024-09-16 13:08:44.757,415.96782993393145,103
2024-09-16 13:08:44.806,415.927265508755,104
2024-09-16 13:08:44.890,415.7839292403267,12
2024-09-16 13:08:44.938,415.92804703192905,15
2024-09-16 13:08:44.942,415.7942137203272,5
2024-09-16 13:08:45.125,415.92494999902925,15
2024-09-16 13:08:45.174,415.90211954596833,103
2024-09-16 13:08:45.263,415.90264235070094,5
2024-09-16 13:08:45.291,415.913301493225,103
2024-09-16 13:08:45.356,415.913471111101,99
2024-09-16 13:08:45.357,415.9131942193147,6
2024-09-16 13:08:45.414,415.945069888568,1000
2024-09-16 13:08:45.441,415.8923406353965,996
2024-09-16 13:08:45.564,415.9476177655692,997
2024-09-16 13:08:45.588,415.91211484289744,5
2024-09-16 13:08:45.842,415.89197746377306,998
2024-09-16 13:08:45.860,415.8528173109227,998
2024-09-16 13:08:45.870,415.91137372147466,999
2024-09-16 13:08:46.049,415.8828311844225,15
2024-09-16 13:08:46.061,415.86460042745097,95
2024-09-16 13:08:46.065,415.8519105174626,1000
2024-09-16 13:08:46.165,415.89304165179095,998
2024-09-16 13:08:46.175,415.86748971931337,996
2024-09-16 13:08:46.230,415.8784567939256,104
2024-09-16 13:08:46.234,415.872489999262,101
2024-09-16 13:08:46.240,415.8710561417348,11
2024-09-16 13:08:46.267,415.8879897312496,99
2024-09-16 13:08:46.310,415.87429017500034,8
2024-09-16 13:08:46.354,415.86582389219615,7
2024-09-16 13:08:46.380,415.83866866249,11
2024-09-16 13:08:46.577,415.8804733682595,99
2024-09-16 13:08:46.594,415.881015637299,9
2024-09-16 13:08:46.642,415.8877446281928,997
2024-09-16 13:08:46.713,415.86917594343936,10
2024-09-16 13:08:46.796,415.8599157750844,98
2024-09-16 13:08:46.838,415.8502187144121,101
2024-09-16 13:08:46.887,415.87726385188944,101
2024-09-16 13:08:46.903,415.8515523557007,95
2024-09-16 13:08:46.972,415.8753996876149,9
2024-09-16 13:08:47.401,415.8693093660315,104
2024-09-16 13:08:47.402,415.8515118267149,5
2024-09-16 13:08:47.415,415.88662379231937,11
2024-09-16 13:08:47.426,415.87285110511806,7
2024-09-16 13:08:47.438,415.8830518308214,1003
2024-09-16 13:08:47.461,415.8909965991032,996
2024-09-16 13:08:47.471,-415.8655531676658,101
2024-09-16 13:08:47.491,415.8678867412041,1002
2024-09-16 13:08:47.546,415.8514645357672,97
2024-09-16 13:08:47.763,415.8872444411355,14
2024-09-16 13:08:47.843,415.8791386965409,9
2024-09-16 13:08:48.203,415.9358395307409,1005
2024-09-16 13:08:48.228,415.92502458786703,1004
2024-09-16 13:08:48.324,415.8969351722762,105
2024-09-16 13:08:48.346,415.8897838725414,1002
2024-09-16 13:08:48.353,415.9073480667359,103
2024-09-16 13:08:48.360,415.8438134162332,11
2024-09-16 13:08:48.400,415.83784616743714,1004
2024-09-16 13:08:48.423,415.846125542914,11
2024-09-16 13:08:48.507,415.8658346674551,7
2024-09-16 13:08:48.573,415.9034833855839,100
2024-09-16 13:08:48.611,415.9420561836735,995
2024-09-16 13:08:48.619,415.9428933305715,1004
2024-09-16 13:08:48.623,415.9360601768448,98
2024-09-16 13:08:48.787,415.8421127663735,8
2024-09-16 13:08:48.976,415.9314074571016,13
2024-09-16 13:08:49.025,415.91796398176535,996
2024-09-16 13:08:49.052,415.914712446211,11
2024-09-16 13:08:49.211,415.8810012528036,104
2024-09-16 13:08:49.302,415.9401334224529,1004
2024-09-16 13:08:49.326,415.9216945424499,14
2024-09-16 13:08:49.349,415.9123244752116,99
2024-09-16 13:08:49.438,415.9239363680945,1000
2024-09-16 13:08:49.527,415.89744014220975,8
2024-09-16 13:08:49.555,415.9118435741579,1004
2024-09-16 13:08:49.610,415.9475523978016,997
2024-09-16 13:08:49.614,415.9252256327123,997
2024-09-16 13:08:49.638,415.94876752818254,104
2024-09-16 13:08:49.712,415.91428187429625,1000
2024-09-16 13:08:49.760,415.9401780103904,1005
2024-09-16 13:08:49.768,415.9066816685179,101
2024-09-16 13:08:49.784,415.8955737367021,103
2024-09-16 13:08:49.816,415.9046446765847,95
2024-09-16 13:08:49.899,415.9375955395021,6
2024-09-16 13:08:50.152,415.91956524475216,12
2024-09-16 13:08:50.170,415.9254836453456,98
2024-09-16 13:08:50.245,415.9219512424057,1003
2024-09-16 13:08:50.443,415.9195808533015,97
2024-09-16 13:08:50.515,415.91499047235874,96
2024-09-16 13:08:50.955,415.9319876002199,104
2024-09-16 13:08:50.963,415.9252485407072,995
2024-09-16 13:08:51.112,415.92620971947736,999
2024-09-16 13:08:51.126,415.9272138561157,995
2024-09-16 13:08:51.282,415.92596602780526,11
2024-09-16 13:08:51.344,415.9241615394707,1005
2024-09-16 13:08:51.792,415.9169287546156,996
2024-09-16 13:08:52.232,415.93576963308215,101
2024-09-16 13:08:52.345,415.9294294711719,103
2024-09-16 13:08:52.527,415.9202622830656,11
2024-09-16 13:08:52.637,415.9468716569757,9
2024-09-16 13:08:52.698,415.9375075475161,1001
2024-09-16 13:08:52.852,415.93830732618295,1004
2024-09-16 13:08:52.914,415.9216438416918,104
2024-09-16 13:08:53.030,415.9260868683077,995
2024-09-16 13:08:53.075,415.9162592924976,997
2024-09-16 13:08:53.441,415.92694707597104,7
2024-09-16 13:08:53.814,415.913938872489,1004
2024-09-16 13:08:54.053,416.0764525506914,11
2024-09-16 13:08:54.063,415.9454063940489,95
2024-09-16 13:08:54.075,416.0384985959418,998
2024-09-16 13:08:54.123,415.9650974733667,99
2024-09-16 13:08:54.244,415.9832080729757,105
2024-09-16 13:08:54.303,416.0836918543617,998
2024-09-16 13:08:54.311,416.0123662685127,1000
2024-09-16 13:08:54.317,415.9495471873349,15
2024-09-16 13:08:54.345,416.054692004801,6
2024-09-16 13:08:54.382,416.07346567052673,1000
2024-09-16 13:08:54.405,416.02959530397607,14
2024-09-16 13:08:54.440,416.0073289480193,101
2024-09-16 13:08:54.449,415.9570162363484,999
2024-09-16 13:08:54.476,415.973584458987,5
2024-09-16 13:08:54.478,415.9657252508863,1002
2024-09-16 13:08:54.484,416.0100213932668,105
2024-09-16 13:08:54.534,416.07582351480687,12
2024-09-16 13:08:54.536,416.04104624781536,1004
2024-09-16 13:08:54.541,416.0551495244188,1001
2024-09-16 13:08:54.721,415.98785207808805,95
2024-09-16 13:08:54.741,415.9909703191655,105
2024-09-16 13:08:54.754,416.0172093832814,100
2024-09-16 13:08:54.787,416.0063436647316,95
2024-09-16 13:08:54.790,416.0435313476961,105
2024-09-16 13:08:54.810,416.0663138749703,9
2024-09-16 13:08:54.828,416.0409226068152,999
2024-09-16 13:08:54.836,415.9777736727402,97
2024-09-16 13:08:54.916,415.9386693499889,9
2024-09-16 13:08:55.022,416.09597351818144,12
2024-09-16 13:08:55.058,416.0900847543956,96
2024-09-16 13:08:55.097,416.113519463572,100
2024-09-16 13:08:55.133,416.0612528636103,1003
2024-09-16 13:08:55.154,416.0347483934473,6
2024-09-16 13:08:55.219,416.1075825819033,103
2024-09-16 13:08:55.222,416.0941961656897,101
2024-09-16 13:08:55.229,416.0963013829127,998
2024-09-16 13:08:55.292,416.08179588207736,997
2024-09-16 13:08:55.309,416.0303393963361,997
2024-09-16 13:08:55.322,416.11635100249725,105
2024-09-16 13:08:55.325,416.0852807896741,6
2024-09-16 13:08:55.385,416.1056810214588,1001
2024-09-16 13:08:55.419,416.1107168191192,7
2024-09-16 13:08:55.428,-416.1047499516493,1000
2024-09-16 13:08:55.530,416.09227104587626,96
2024-09-16 13:08:55.546,416.104184833802,1005
2024-09-16 13:08:55.566,416.0694027639548,8
2024-09-16 13:08:55.658,416.0930683775135,9
2024-09-16 13:08:55.683,416.0940401917688,5
2024-09-16 13:08:55.697,416.0996689144998,1003
2024-09-16 13:08:55.754,416.1089569809793,105
2024-09-16 13:08:55.757,416.1110368929333,105
2024-09-16 13:08:55.816,416.07629753466097,999
2024-09-16 13:08:55.818,416.1234854610071,999
2024-09-16 13:08:55.823,416.04251791574666,1004
2024-09-16 13:08:55.833,416.04140595541634,999
2024-09-16 13:08:55.878,416.1060988260232,7
2024-09-16 13:08:55.953,416.0678965810007,11
2024-09-16 13:08:55.997,416.0993425123371,998
2024-09-16 13:08:56.041,416.0702568452781,5
2024-09-16 13:08:56.108,416.06122000148383,104
2024-09-16 13:08:56.251,416.0954811075318,103
2024-09-16 13:08:56.278,416.0613894613493,997
2024-09-16 13:08:56.296,416.08514436290847,100
2024-09-16 13:08:56.444,416.1007661438502,5
2024-09-16 13:08:56.460,416.060079578252,96
2024-09-16 13:08:56.538,416.0891817959093,12
2024-09-16 13:08:56.594,416.0762363826022,105
2024-09-16 13:08:56.700,416.068897480627,996
2024-09-16 13:08:56.737,416.05024809534456,102
2024-09-16 13:08:56.766,416.0713782028134,996
2024-09-16 13:08:56.789,416.0568973210308,100
2024-09-16 13:08:56.795,416.0682883693709,7
2024-09-16 13:08:56.908,416.07695915343777,995
2024-09-16 13:08:56.948,416.0588852745624,1000
2024-09-16 13:08:56.962,416.0781270504498,1004
2024-09-16 13:08:57.296,416.0412746065975,95
2024-09-16 13:08:57.375,416.0232303526885,100
2024-09-16 13:08:57.560,416.0263467989524,95
2024-09-16 13:08:57.587,416.099231541006,997
2024-09-16 13:08:57.788,416.05344761077663,5
2024-09-16 13:08:57.810,416.082344895471,100
2024-09-16 13:08:57.823,416.0469612264968,997
2024-09-16 13:08:57.841,416.0978080083021,99
2024-09-16 13:08:57.844,416.0420885582306,14
2024-09-16 13:08:58.289,416.0839567155624,14
2024-09-16 13:08:58.325,416.0721372200563,8
2024-09-16 13:08:58.464,416.0606000963425,101
2024-09-16 13:08:58.786,416.0618049907442,9
2024-09-16 13:08:58.833,416.0751566232194,996
2024-09-16 13:08:58.876,416.0492786280649,5
2024-09-16 13:08:58.999,416.0658414175342,96
2024-09-16 13:08:59.125,416.09000244300194,103
2024-09-16 13:08:59.321,416.07265253295225,14
2024-09-16 13:08:59.343,416.06900253382,996
2024-09-16 13:08:59.382,416.0965040721502,13
2024-09-16 13:08:59.788,416.0861791232229,1001
2024-09-16 13:08:59.854,416.0986935434124,995
