Timestamp,Price,Size
2024-09-16 10:43:00.012,417.0248004963812,104
2024-09-16 10:43:00.023,417.0456084768238,1004
2024-09-16 10:43:00.078,416.96044723205847,97
2024-09-16 10:43:00.147,417.0309413098884,1005
2024-09-16 10:43:00.201,416.9602079781984,1002
2024-09-16 10:43:00.208,417.0584291867775,1002
2024-09-16 10:43:00.269,416.9656269386109,5
2024-09-16 10:43:00.286,417.0430176873385,996
2024-09-16 10:43:00.338,416.95739124311353,13
2024-09-16 10:43:00.348,417.0322190719593,5
2024-09-16 10:43:00.415,41.69942541370165,97
2024-09-16 10:43:00.425,417.03914337114594,999
2024-09-16 10:43:00.446,416.9864249166498,100
2024-09-16 10:43:00.468,417.0540893760743,996
2024-09-16 10:43:00.561,417.0391696509639,1001
2024-09-16 10:43:00.584,417.05459134774935,96
2024-09-16 10:43:00.645,416.9806412804799,1000
2024-09-16 10:43:00.682,417.00147876564574,14
2024-09-16 10:43:00.685,417.04434430824017,105
2024-09-16 10:43:00.730,417.0659614550262,1003
2024-09-16 10:43:00.776,416.9824165455533,1001
2024-09-16 10:43:00.813,416.9659122885952,95
2024-09-16 10:43:00.909,417.0375315329164,97
2024-09-16 10:43:00.932,417.0290225100159,1003
2024-09-16 10:43:00.980,417.01621132076326,996
2024-09-16 10:43:00.992,417.0183220797886,105
2024-09-16 10:43:00.998,417.0408192599645,99
2024-09-16 10:43:00.999,417.0545101058247,997
2024-09-16 10:43:01.004,416.8911382354608,999
2024-09-16 10:43:01.010,416.8742823295456,12
2024-09-16 10:43:01.026,416.8886882687003,9
2024-09-16 10:43:01.108,416.9126139563839,98
2024-09-16 10:43:01.247,416.8677078862905,999
2024-09-16 10:43:01.322,416.9501884804626,996
2024-09-16 10:43:01.338,416.91172386847273,95
2024-09-16 10:43:01.355,416.9157146692491,14
2024-09-16 10:43:01.357,416.91047265375136,1004
2024-09-16 10:43:01.415,416.9251193160624,998
2024-09-16 10:43:01.449,416.9315495380016,11
2024-09-16 10:43:01.512,416.906011380922,12
2024-09-16 10:43:01.543,416.91222470350544,999
2024-09-16 10:43:01.590,-416.8857740067925,100
2024-09-16 10:43:01.627,416.9220852443637,998
2024-09-16 10:43:01.655,416.9273402960739,1002
2024-09-16 10:43:01.806,416.877358342386,13
2024-09-16 10:43:01.836,416.8809666422303,5
2024-09-16 10:43:01.888,416.9227396156687,6
2024-09-16 10:43:01.909,416.88645323895184,103
2024-09-16 10:43:01.942,416.9027266863927,998
2024-09-16 10:43:02.020,416.928957003856,99
2024-09-16 10:43:02.041,416.9180401430688,997
2024-09-16 10:43:02.176,416.9123774858509,6
2024-09-16 10:43:02.262,416.908407520472,11
2024-09-16 10:43:02.612,416.87902775367394,104
2024-09-16 10:43:02.641,416.8948752582516,103
2024-09-16 10:43:02.662,416.9181225230876,103
2024-09-16 10:43:03.112,416.9238288820982,1005
2024-09-16 10:43:03.162,416.8818686514438,1005
2024-09-16 10:43:03.195,416.9249855153389,995
2024-09-16 10:43:03.284,416.8948861668887,6
2024-09-16 10:43:03.352,416.87902780867074,1002
2024-09-16 10:43:03.411,416.9021129990999,1001
2024-09-16 10:43:03.430,416.88324934914095,12
2024-09-16 10:43:03.508,416.91143350149184,100
2024-09-16 10:43:03.548,416.8801421376731,5
2024-09-16 10:43:03.569,416.92356173524576,10
2024-09-16 10:43:03.585,416.9139725405497,1002
2024-09-16 10:43:03.624,416.9056215133016,998
2024-09-16 10:43:03.640,416.9168793729921,96
2024-09-16 10:43:03.645,416.8966436568923,105
2024-09-16 10:43:03.657,416.86707252952897,104
2024-09-16 10:43:03.802,416.8988574546431,998
2024-09-16 10:43:03.818,416.8909682468596,98
2024-09-16 10:43:03.843,416.9190936073762,1001
2024-09-16 10:43:03.886,416.9020609637283,105
2024-09-16 10:43:03.982,416.90518753056654,95
2024-09-16 10:43:04.043,416.9474675244854,11
2024-09-16 10:43:04.047,416.9383349664576,1003
2024-09-16 10:43:04.211,416.93650421722174,995
2024-09-16 10:43:04.226,416.97388037255945,11
2024-09-16 10:43:04.232,416.96565452119546,99
2024-09-16 10:43:04.249,416.9674505789801,995
2024-09-16 10:43:04.310,416.9336824682375,1005
2024-09-16 10:43:04.464,416.9635561824104,1004
2024-09-16 10:43:04.500,416.9575072093128,8
2024-09-16 10:43:04.536,416.9019922226818,1004
2024-09-16 10:43:04.583,416.9626058255574,1002
2024-09-16 10:43:04.805,416.9322545214084,13
2024-09-16 10:43:04.826,416.94353742180886,997
2024-09-16 10:43:04.892,416.9310981999687,98
2024-09-16 10:43:04.918,416.9186150127264,10
2024-09-16 10:43:04.924,416.9445774813194,998
2024-09-16 10:43:04.949,416.9607316935349,97
2024-09-16 10:43:04.966,416.9200395819,5
2024-09-16 10:43:05.137,416.94683798119365,1002
2024-09-16 10:43:05.842,416.9531267106428,15
2024-09-16 10:43:05.888,416.9481210150565,100
2024-09-16 10:43:05.974,416.94675810031634,102
2024-09-16 10:43:06.023,416.9612070203416,9
2024-09-16 10:43:06.072,416.96636360091,99
2024-09-16 10:43:06.075,416.9744392709241,100
2024-09-16 10:43:06.108,416.9722105475007,999
2024-09-16 10:43:06.124,416.968536134534,10
2024-09-16 10:43:06.137,416.9684885225657,999
2024-09-16 10:43:06.195,416.93552698439015,1002
2024-09-16 10:43:06.241,416.97797032675066,102
2024-09-16 10:43:06.325,416.961374772475,996
2024-09-16 10:43:06.332,416.9519637236739,97
2024-09-16 10:43:06.580,416.9598919733549,102
2024-09-16 10:43:06.593,416.942638360175,9
2024-09-16 10:43:06.698,416.9757008878904,15
2024-09-16 10:43:06.747,416.9699625036828,995
2024-09-16 10:43:06.785,416.9627915341617,105
2024-09-16 10:43:06.847,416.9553632966201,12
2024-09-16 10:43:06.914,416.9799677393332,95
2024-09-16 10:43:06.927,,1003
2024-09-16 10:43:06.986,416.9679746262172,12
2024-09-16 10:43:07.001,416.9910696896793,95
2024-09-16 10:43:07.010,416.9320254120116,103
2024-09-16 10:43:07.029,416.9434756901645,996
2024-09-16 10:43:07.088,416.89553054317736,999
2024-09-16 10:43:07.148,416.9709248708121,1003
2024-09-16 10:43:07.208,416.970916094644,99
2024-09-16 10:43:07.242,416.9532858457769,100
2024-09-16 10:43:07.253,416.9578144606236,101
2024-09-16 10:43:07.310,416.9408452806695,99
2024-09-16 10:43:07.312,416.9831316533698,10
2024-09-16 10:43:07.418,416.9219997121784,6
2024-09-16 10:43:07.468,416.98048751431287,1001
2024-09-16 10:43:07.536,416.9213070775307,995
2024-09-16 10:43:07.566,417.0126589982016,997
2024-09-16 10:43:07.635,416.9855851036939,96
2024-09-16 10:43:07.645,416.9953520661817,104
2024-09-16 10:43:07.773,417.0022600760513,1005
2024-09-16 10:43:07.786,416.96418776354335,10
2024-09-16 10:43:07.816,417.0007006897792,1005
2024-09-16 10:43:07.881,416.93473531619264,95
2024-09-16 10:43:07.882,416.8965874160696,10
2024-09-16 10:43:07.933,416.9650452886781,95
2024-09-16 10:43:07.951,416.9840025045544,97
2024-09-16 10:43:07.968,416.9008666654242,103
2024-09-16 10:43:08.085,416.9219785129745,14
2024-09-16 10:43:08.126,416.9278448808852,104
2024-09-16 10:43:08.137,416.9395018592417,98
2024-09-16 10:43:08.143,416.9546762180089,99
2024-09-16 10:43:08.202,416.948265975885,14
2024-09-16 10:43:08.272,416.9680180648441,102
2024-09-16 10:43:08.279,416.94308378200304,102
2024-09-16 10:43:08.440,416.9703787771896,103
2024-09-16 10:43:08.449,416.93678815431065,997
2024-09-16 10:43:08.480,416.9537694619104,8
2024-09-16 10:43:08.613,416.9334441557472,10
2024-09-16 10:43:08.636,416.9539318911365,1003
2024-09-16 10:43:08.647,416.8880234305041,1003
2024-09-16 10:43:08.660,416.9368075895164,101
2024-09-16 10:43:08.685,416.954713308265,103
2024-09-16 10:43:08.712,416.963796668713,995
2024-09-16 10:43:08.714,416.9442215493352,13
2024-09-16 10:43:08.718,416.9568848097679,995
2024-09-16 10:43:08.777,416.9629044118354,1002
2024-09-16 10:43:08.784,416.9696070014795,97
2024-09-16 10:43:08.858,416.96552679243496,9
2024-09-16 10:43:08.869,416.91314849863545,1003
2024-09-16 10:43:08.876,416.8799750253618,1000
2024-09-16 10:43:08.931,416.9432071582399,1000
2024-09-16 10:43:08.961,416.9686904272092,996
2024-09-16 10:43:08.970,416.93658331394255,12
2024-09-16 10:43:08.985,416.911982114168,15
2024-09-16 10:43:09.027,416.81255448696334,11
2024-09-16 10:43:09.129,416.85500300322354,996
2024-09-16 10:43:09.145,416.9081167381219,1001
2024-09-16 10:43:09.228,416.8794006601222,1001
2024-09-16 10:43:09.239,416.85785357888005,105
2024-09-16 10:43:09.301,416.8833998198617,1002
2024-09-16 10:43:09.347,416.8314597733007,9
2024-09-16 10:43:09.358,416.8464919895309,1001
2024-09-16 10:43:09.362,416.848801464111,101
2024-09-16 10:43:09.508,416.7896409082672,1003
2024-09-16 10:43:09.538,416.8446085470047,13
2024-09-16 10:43:09.557,416.8588879300544,995
2024-09-16 10:43:09.632,416.8337767014578,999
2024-09-16 10:43:09.756,416.82205470234817,1004
2024-09-16 10:43:09.799,416.9247827540077,996
2024-09-16 10:43:09.881,416.8481842445953,10
2024-09-16 10:43:09.903,416.8502438675388,8
2024-09-16 10:43:10.048,416.7683719638199,12
2024-09-16 10:43:10.508,416.76121494625926,11
2024-09-16 10:43:10.567,416.7804693231927,1002
2024-09-16 10:43:11.003,416.7713081530702,1005
2024-09-16 10:43:11.031,416.6840088147647,13
2024-09-16 10:43:11.088,416.7709993433966,96
2024-09-16 10:43:11.090,416.7394231691233,1005
2024-09-16 10:43:11.106,416.7393722450022,103
2024-09-16 10:43:11.279,416.7561829605184,99
2024-09-16 10:43:11.305,416.7725173100272,998
2024-09-16 10:43:11.349,416.7385763285996,99
2024-09-16 10:43:11.371,416.6702062551816,997
2024-09-16 10:43:11.377,416.75760206627297,8
2024-09-16 10:43:11.545,416.7737322032565,105
2024-09-16 10:43:11.565,416.6637459102072,1001
2024-09-16 10:43:11.666,416.7607203758801,997
2024-09-16 10:43:11.691,416.78789556877854,997
2024-09-16 10:43:11.758,416.77128225328806,1005
2024-09-16 10:43:11.779,416.75535485042445,98
2024-09-16 10:43:11.784,416.7061432870989,7
2024-09-16 10:43:11.824,416.7870127024235,105
2024-09-16 10:43:11.836,416.7499158993992,11
2024-09-16 10:43:11.922,416.7665424681692,5
2024-09-16 10:43:11.931,416.7629865337698,7
2024-09-16 10:43:11.948,416.7244262775317,5
2024-09-16 10:43:12.054,416.6546759026199,102
2024-09-16 10:43:12.315,416.66345467999065,104
2024-09-16 10:43:12.363,416.6583069229469,999
2024-09-16 10:43:12.954,416.6427925215029,1000
2024-09-16 10:43:12.957,416.6472616749988,997
2024-09-16 10:43:12.971,416.6576754775826,10
2024-09-16 10:43:13.046,416.6802424045538,8
2024-09-16 10:43:13.067,416.635296945364,998
2024-09-16 10:43:13.084,416.63871689901225,105
2024-09-16 10:43:13.090,416.63618755531263,12
2024-09-16 10:43:13.155,416.65674218496935,8
2024-09-16 10:43:13.265,416.6548213130245,14
2024-09-16 10:43:13.337,416.6522554613927,997
2024-09-16 10:43:13.364,416.6654698474129,1001
2024-09-16 10:43:13.364,416.6688509633656,6
2024-09-16 10:43:13.379,416.64362695963047,98
2024-09-16 10:43:13.415,416.6481029831515,102
2024-09-16 10:43:13.527,416.6438653771042,102
2024-09-16 10:43:13.591,416.6703127750329,14
2024-09-16 10:43:13.634,416.6507732213938,104
2024-09-16 10:43:13.655,416.6595656493605,104
2024-09-16 10:43:13.692,416.6475379632441,995
2024-09-16 10:43:13.694,416.6401123527288,999
2024-09-16 10:43:13.700,416.6448965451072,103
2024-09-16 10:43:13.707,416.6437890165173,998
2024-09-16 10:43:13.738,416.6655415647694,8
2024-09-16 10:43:13.761,416.6598380886173,102
2024-09-16 10:43:13.790,416.67669419223125,10
2024-09-16 10:43:13.826,416.64105915648776,95
2024-09-16 10:43:13.857,416.6439785014497,1001
2024-09-16 10:43:13.901,416.6270183949855,15
2024-09-16 10:43:14.018,416.6818842205183,995
2024-09-16 10:43:14.036,416.6961429281716,997
2024-09-16 10:43:14.056,416.67379031717616,101
2024-09-16 10:43:14.085,416.68060936715096,9
2024-09-16 10:43:14.086,416.67192853118,97
2024-09-16 10:43:14.096,416.6371074929141,998
2024-09-16 10:43:14.118,416.68165927966254,9
2024-09-16 10:43:14.136,416.6498885145307,999
2024-09-16 10:43:14.163,416.6650121097016,12
2024-09-16 10:43:14.180,416.6257346065691,1001
2024-09-16 10:43:14.184,416.69440156745554,104
2024-09-16 10:43:14.239,416.63759275569487,11
2024-09-16 10:43:14.276,416.698909228916,96
2024-09-16 10:43:14.346,416.6685782956719,100
2024-09-16 10:43:14.433,416.6214697345648,104
2024-09-16 10:43:14.485,416.64039945945393,1004
2024-09-16 10:43:14.559,416.67547108463134,96
2024-09-16 10:43:14.606,416.6590321694775,6
2024-09-16 10:43:14.645,416.6853756461058,1001
2024-09-16 10:43:14.738,416.67225828221353,105
2024-09-16 10:43:14.768,416.6598600943731,998
2024-09-16 10:43:14.788,416.6709130018479,1005
2024-09-16 10:43:14.802,416.6273092451818,7
2024-09-16 10:43:14.806,416.697699206893,101
2024-09-16 10:43:14.826,416.6632678321324,105
2024-09-16 10:43:14.908,416.6780804091863,101
2024-09-16 10:43:14.980,416.6841422365932,1003
2024-09-16 10:43:15.093,416.6851643829668,104
2024-09-16 10:43:15.194,416.6725150985368,6
2024-09-16 10:43:15.339,416.6552471421131,11
2024-09-16 10:43:16.083,416.6252877218624,999
2024-09-16 10:43:16.177,416.639833483183,99
2024-09-16 10:43:16.248,416.6616724299056,105
2024-09-16 10:43:16.277,416.63962974509707,1002
2024-09-16 10:43:16.347,416.64543184148806,15
2024-09-16 10:43:16.374,416.64452246560177,6
2024-09-16 10:43:16.374,416.65158166591993,15
2024-09-16 10:43:16.398,416.6775959085799,15
2024-09-16 10:43:16.404,416.6507760415767,998
2024-09-16 10:43:16.430,416.6182380050637,995
2024-09-16 10:43:16.506,416.6473715599018,1004
2024-09-16 10:43:16.552,416.60676353579896,97
2024-09-16 10:43:16.590,416.6367181009876,96
2024-09-16 10:43:16.602,416.6324927336792,97
2024-09-16 10:43:16.617,416.6313504358834,998
2024-09-16 10:43:16.626,416.6579102932623,95
2024-09-16 10:43:16.708,416.6171710944145,11
2024-09-16 10:43:16.761,416.6482671077405,999
2024-09-16 10:43:16.846,416.5994084073417,95
2024-09-16 10:43:16.917,416.6563015007656,6
2024-09-16 10:43:16.944,416.6600364728478,1002
2024-09-16 10:43:17.087,416.5823078042855,97
2024-09-16 10:43:17.146,416.6246900989242,9
2024-09-16 10:43:17.232,416.5919661010551,104
2024-09-16 10:43:17.378,416.590546668638,11
2024-09-16 10:43:17.460,41.66020466364965,1004
2024-09-16 10:43:17.602,416.6151776417365,13
2024-09-16 10:43:17.649,416.5846348319514,8
2024-09-16 10:43:17.717,416.59785320080016,15
2024-09-16 10:43:17.757,416.61043027192176,1001
2024-09-16 10:43:17.957,416.6304603111778,996
2024-09-16 10:43:17.969,416.5947530746793,1004
2024-09-16 10:43:18.027,416.5439837872155,1003
2024-09-16 10:43:18.320,416.5810896082374,995
2024-09-16 10:43:18.407,416.5152267238822,7
2024-09-16 10:43:18.437,416.555319915141,97
2024-09-16 10:43:18.474,416.5392600349786,10
2024-09-16 10:43:18.480,416.522319268538,996
2024-09-16 10:43:18.554,416.60188081134186,105
2024-09-16 10:43:18.555,416.5557305027467,99
2024-09-16 10:43:18.618,416.5553715655621,7
2024-09-16 10:43:18.647,416.5660722784589,6
2024-09-16 10:43:18.794,416.57004198375984,14
2024-09-16 10:43:18.848,416.54644829543696,7
2024-09-16 10:43:19.192,416.5061402718145,1000
2024-09-16 10:43:19.363,416.5124446053609,99
2024-09-16 10:43:20.001,416.5704735479002,1005
2024-09-16 10:43:20.003,416.5601739984201,14
2024-09-16 10:43:20.124,416.5549550487863,105
2024-09-16 10:43:20.145,416.5591327823295,11
2024-09-16 10:43:20.166,416.5298667702578,8
2024-09-16 10:43:20.188,416.5596247220108,1004
2024-09-16 10:43:20.228,416.5880479616108,8
2024-09-16 10:43:20.263,416.5234166485996,97
2024-09-16 10:43:20.265,416.5361030985064,6
2024-09-16 10:43:20.319,416.5478718811677,102
2024-09-16 10:43:20.363,416.57429302416006,999
2024-09-16 10:43:20.377,416.56566662705313,1004
2024-09-16 10:43:20.423,416.5722441938166,96
2024-09-16 10:43:20.460,416.5138274891538,97
2024-09-16 10:43:20.462,416.5544953038252,96
2024-09-16 10:43:20.492,416.53013212327687,103
2024-09-16 10:43:20.601,416.52383995288267,999
2024-09-16 10:43:20.639,416.5439476082471,101
2024-09-16 10:43:20.718,416.5160536855618,12
2024-09-16 10:43:20.809,416.5686503722071,1003
2024-09-16 10:43:20.878,416.5529320245034,5
2024-09-16 10:43:21.009,416.5893703964303,96
2024-09-16 10:43:21.114,416.6004510019858,98
2024-09-16 10:43:21.204,416.55831798001697,102
2024-09-16 10:43:21.375,416.57525900713983,103
2024-09-16 10:43:21.417,416.5813975266733,7
2024-09-16 10:43:21.428,416.6088215158644,1002
2024-09-16 10:43:21.497,416.6018233269669,995
2024-09-16 10:43:21.599,416.6076850921221,1000
2024-09-16 10:43:21.606,416.59298990543687,14
2024-09-16 10:43:21.666,416.6035750496489,98
2024-09-16 10:43:21.730,416.59064951561726,11
2024-09-16 10:43:22.210,416.55313425358514,99
2024-09-16 10:43:23.003,416.5607785175031,6
2024-09-16 10:43:23.021,,100
2024-09-16 10:43:23.028,416.5508727356577,96
2024-09-16 10:43:23.030,416.55228362686086,14
2024-09-16 10:43:23.066,416.56203703379686,6
2024-09-16 10:43:23.103,416.5215619460015,1002
2024-09-16 10:43:23.136,416.5464659340044,11
2024-09-16 10:43:23.171,416.52873441281264,1000
2024-09-16 10:43:23.368,416.5050839605808,99
2024-09-16 10:43:23.372,416.5544663922877,7
2024-09-16 10:43:23.395,416.5296033630984,996
2024-09-16 10:43:23.443,416.5428153156294,998
2024-09-16 10:43:23.449,416.5287303938136,104
2024-09-16 10:43:23.514,416.5238936166441,96
2024-09-16 10:43:23.533,416.5178777772387,12
2024-09-16 10:43:23.635,416.52303619643214,12
2024-09-16 10:43:23.668,416.5501751288711,996
2024-09-16 10:43:23.701,416.5440344005798,5
2024-09-16 10:43:23.782,416.5055722483494,1002
2024-09-16 10:43:23.804,416.5236981555452,1003
2024-09-16 10:43:23.849,416.5429750576724,99
2024-09-16 10:43:23.875,416.53547859113087,98
2024-09-16 10:43:23.930,416.52189645399307,99
2024-09-16 10:43:24.504,416.5092058070483,101
2024-09-16 10:43:25.159,416.5273968979576,995
2024-09-16 10:43:25.159,416.5171130876475,101
2024-09-16 10:43:25.162,416.5391632984519,98
2024-09-16 10:43:25.175,416.55066823062106,100
2024-09-16 10:43:25.191,416.5288690655327,5
2024-09-16 10:43:25.216,416.5064582128247,102
2024-09-16 10:43:25.354,416.5450017398808,102
2024-09-16 10:43:25.360,416.5206512174455,997
2024-09-16 10:43:25.360,416.507724195379,1003
2024-09-16 10:43:25.437,416.5331376182476,996
2024-09-16 10:43:25.520,416.5241857753752,5
2024-09-16 10:43:25.605,416.5350850235628,103
2024-09-16 10:43:25.639,416.5133881310122,1000
2024-09-16 10:43:25.680,416.5339250199341,6
2024-09-16 10:43:25.713,416.5370867314292,96
2024-09-16 10:43:25.744,416.5168743943922,1003
2024-09-16 10:43:25.747,416.5346075597473,997
2024-09-16 10:43:25.764,416.5085735489794,996
2024-09-16 10:43:25.820,416.5387490974569,15
2024-09-16 10:43:25.825,,999
2024-09-16 10:43:25.834,416.5048793377992,1004
2024-09-16 10:43:25.857,416.50078989652303,996
2024-09-16 10:43:25.950,416.537862089102,8
2024-09-16 10:43:25.954,416.5291115639202,12
2024-09-16 10:43:25.959,416.5484165593094,98
2024-09-16 10:43:26.080,416.59307358592525,99
2024-09-16 10:43:26.128,416.52817977535847,999
2024-09-16 10:43:26.221,416.5251571511601,99
2024-09-16 10:43:26.247,,13
2024-09-16 10:43:26.270,416.5832625298276,12
2024-09-16 10:43:26.304,416.5746102579153,7
2024-09-16 10:43:26.323,416.5840312213877,995
2024-09-16 10:43:26.332,416.6287433595549,1002
2024-09-16 10:43:26.352,416.57577986876703,1003
2024-09-16 10:43:26.363,416.62391364783,5
2024-09-16 10:43:26.377,,1002
2024-09-16 10:43:26.420,416.6139393668124,996
2024-09-16 10:43:26.422,416.5836800528304,97
2024-09-16 10:43:26.429,416.5879145986383,12
2024-09-16 10:43:26.452,416.53740286672775,1005
2024-09-16 10:43:26.520,416.5622727226769,999
2024-09-16 10:43:26.599,416.5914903176305,103
2024-09-16 10:43:26.658,416.6049553323666,999
2024-09-16 10:43:26.723,416.5809875429138,1001
2024-09-16 10:43:26.787,416.5699658555627,105
2024-09-16 10:43:26.972,416.6116595868387,996
2024-09-16 10:43:26.988,416.6029233527239,96
2024-09-16 10:43:27.053,416.588388244071,995
2024-09-16 10:43:27.231,416.6031661003995,6
2024-09-16 10:43:27.455,416.6087942200506,8
2024-09-16 10:43:27.512,416.59926798804514,105
2024-09-16 10:43:27.637,416.5881829653245,999
2024-09-16 10:43:27.660,416.5971335353061,996
2024-09-16 10:43:27.905,416.6141655604312,7
2024-09-16 10:43:27.944,416.61611800419365,1004
2024-09-16 10:43:29.013,416.613657038823,1001
2024-09-16 10:43:29.031,416.6095902009666,1003
2024-09-16 10:43:29.154,416.5928414205161,7
2024-09-16 10:43:29.283,416.61147412294673,98
2024-09-16 10:43:29.423,416.58582347606847,997
2024-09-16 10:43:29.819,416.5796159610769,998
2024-09-16 10:43:29.983,416.63254689079287,1003
2024-09-16 10:43:30.087,416.5207729512939,7
2024-09-16 10:43:30.106,416.51825162383807,101
2024-09-16 10:43:30.128,416.5097123574436,97
2024-09-16 10:43:30.131,416.5126650436082,1002
2024-09-16 10:43:30.157,416.5129981221856,15
2024-09-16 10:43:30.158,416.47079783159,1003
2024-09-16 10:43:30.233,416.5143437839308,102
2024-09-16 10:43:30.270,416.57033802070976,101
2024-09-16 10:43:30.379,416.5878044129252,997
2024-09-16 10:43:30.445,416.5254989674456,100
2024-09-16 10:43:30.464,416.51523902375993,95
2024-09-16 10:43:30.472,416.55133568488674,999
2024-09-16 10:43:30.538,416.4871472367574,103
2024-09-16 10:43:30.562,416.48430579944966,13
2024-09-16 10:43:30.625,416.5191880213733,13
2024-09-16 10:43:30.700,416.5530623867954,1000
2024-09-16 10:43:30.702,416.51629048942607,105
2024-09-16 10:43:30.756,416.5598516903124,12
2024-09-16 10:43:30.765,416.500053611747,12
2024-09-16 10:43:30.934,416.49759015557214,7
2024-09-16 10:43:30.937,416.5091497509729,1000
2024-09-16 10:43:30.979,416.5027224231025,10
2024-09-16 10:43:31.358,416.5105923084458,100
2024-09-16 10:43:31.390,-416.5052298094086,99
2024-09-16 10:43:31.693,416.50329113170926,5
2024-09-16 10:43:31.762,416.4986302672152,11
2024-09-16 10:43:31.992,416.5049612282076,103
2024-09-16 10:43:32.065,416.5232365969943,98
2024-09-16 10:43:32.105,416.5214983237903,15
2024-09-16 10:43:32.314,416.50803401966505,104
2024-09-16 10:43:32.455,416.5299012858024,12
2024-09-16 10:43:32.963,416.5196285470693,97
2024-09-16 10:43:33.080,416.5308278756576,1001
2024-09-16 10:43:33.161,416.5416382853368,104
2024-09-16 10:43:33.167,416.5233130375056,96
2024-09-16 10:43:33.185,416.5546212116652,104
2024-09-16 10:43:33.197,416.49762343580295,95
2024-09-16 10:43:33.255,416.52965031607886,1002
2024-09-16 10:43:33.261,416.5042019778378,104
2024-09-16 10:43:33.361,41.65338464014904,1002
2024-09-16 10:43:33.372,416.51475625682536,103
2024-09-16 10:43:33.412,416.5469417240608,99
2024-09-16 10:43:33.436,416.53964614190176,99
2024-09-16 10:43:33.467,416.5072363948923,104
2024-09-16 10:43:33.570,416.5372405201123,1001
2024-09-16 10:43:33.595,416.5618647505803,9
2024-09-16 10:43:33.668,416.5433375645364,102
2024-09-16 10:43:33.816,416.51338014049634,6
2024-09-16 10:43:33.837,416.5410096064404,1000
2024-09-16 10:43:33.893,416.5236215484583,5
2024-09-16 10:43:33.895,416.5240763003685,98
2024-09-16 10:43:33.986,416.5041935389415,999
2024-09-16 10:43:33.997,416.5640437609284,95
2024-09-16 10:43:34.021,416.4567685492621,6
2024-09-16 10:43:34.069,416.4697143443877,1003
2024-09-16 10:43:34.101,416.5074736455137,14
2024-09-16 10:43:34.261,416.4206691980736,997
2024-09-16 10:43:34.287,416.4331720161925,1000
2024-09-16 10:43:34.297,416.4420888014029,105
2024-09-16 10:43:34.346,416.4054344279002,10
2024-09-16 10:43:34.384,416.4147256653006,995
2024-09-16 10:43:34.394,416.4061680613856,1002
2024-09-16 10:43:34.455,416.4324592352247,1005
2024-09-16 10:43:34.477,416.43512356234254,999
2024-09-16 10:43:34.518,416.51164032371474,100
2024-09-16 10:43:34.543,416.442403228161,99
2024-09-16 10:43:34.595,416.4414102839037,100
2024-09-16 10:43:34.619,416.4288264767905,98
2024-09-16 10:43:34.645,-416.4224636848008,99
2024-09-16 10:43:34.668,416.4143614715286,96
2024-09-16 10:43:34.720,416.44566760793225,996
2024-09-16 10:43:34.751,416.4485316940599,10
2024-09-16 10:43:34.865,416.4607230977738,14
2024-09-16 10:43:34.877,416.5197261688834,1001
2024-09-16 10:43:34.896,416.4558613653472,15
2024-09-16 10:43:34.928,416.4138742874262,101
2024-09-16 10:43:34.931,416.4760918972791,104
2024-09-16 10:43:35.059,416.3845284213788,7
2024-09-16 10:43:35.114,416.4033015985855,999
2024-09-16 10:43:35.130,416.3926180278197,995
2024-09-16 10:43:35.164,416.3923488654585,1005
2024-09-16 10:43:35.169,416.37918024877627,1001
2024-09-16 10:43:35.332,416.4236551004184,96
2024-09-16 10:43:35.348,416.3879876136956,100
2024-09-16 10:43:35.424,416.3668191636838,99
2024-09-16 10:43:35.599,416.39564796014014,1001
2024-09-16 10:43:35.607,416.3921599265468,14
2024-09-16 10:43:35.615,416.3785806496402,8
2024-09-16 10:43:35.676,416.4138131746165,9
2024-09-16 10:43:35.745,416.40759261692256,97
2024-09-16 10:43:35.857,416.3690176916542,11
2024-09-16 10:43:35.873,416.3946025175314,100
2024-09-16 10:43:35.921,416.3794213691227,1000
2024-09-16 10:43:35.967,416.4092968756195,14
2024-09-16 10:43:36.012,416.3908017878068,8
2024-09-16 10:43:36.138,416.3810720136574,96
2024-09-16 10:43:36.196,416.37129122504194,995
2024-09-16 10:43:36.212,416.35327828206863,99
2024-09-16 10:43:36.225,416.3698813713943,997
2024-09-16 10:43:36.268,416.371590870809,101
2024-09-16 10:43:36.312,416.3780995820581,15
2024-09-16 10:43:36.448,416.3783805230216,1002
2024-09-16 10:43:36.577,416.3718997547178,99
2024-09-16 10:43:36.630,416.3765832820928,1002
2024-09-16 10:43:36.784,416.3660470217847,14
2024-09-16 10:43:36.799,416.38815935714086,996
2024-09-16 10:43:36.837,416.3387000327922,6
2024-09-16 10:43:36.861,416.3478711263552,101
2024-09-16 10:43:36.916,416.3642629526914,15
2024-09-16 10:43:36.949,416.3402816107949,996
2024-09-16 10:43:37.075,416.3665601240727,999
2024-09-16 10:43:37.098,416.35120342884767,100
2024-09-16 10:43:37.197,416.3514639619867,1005
2024-09-16 10:43:37.250,416.34240481487393,1005
2024-09-16 10:43:37.257,416.339620620683,11
2024-09-16 10:43:37.264,41.63795961191448,95
2024-09-16 10:43:37.266,416.3576520914602,1002
2024-09-16 10:43:37.311,416.3644363427763,1005
2024-09-16 10:43:37.311,416.3557526761199,101
2024-09-16 10:43:37.364,416.3667867750663,996
2024-09-16 10:43:37.366,416.38205318029486,13
2024-09-16 10:43:37.398,416.3771270948011,996
2024-09-16 10:43:37.398,-416.377902371836,104
2024-09-16 10:43:37.442,416.3512323866402,1005
2024-09-16 10:43:37.462,416.35637174382697,1002
2024-09-16 10:43:37.500,416.3631295627726,100
2024-09-16 10:43:37.523,416.3491407769684,996
2024-09-16 10:43:37.577,416.3398556419389,98
2024-09-16 10:43:37.582,416.3570801842751,6
2024-09-16 10:43:37.582,416.3453134481179,999
2024-09-16 10:43:37.599,416.3598206191788,995
2024-09-16 10:43:37.690,416.3505270692679,1000
2024-09-16 10:43:37.762,416.356483078094,5
2024-09-16 10:43:37.788,-416.34559463022606,997
2024-09-16 10:43:37.838,416.3613304811975,7
2024-09-16 10:43:37.884,416.3460291077126,1004
2024-09-16 10:43:37.904,416.3349063876139,99
2024-09-16 10:43:37.991,416.325436793788,96
2024-09-16 10:43:38.161,416.3548499997394,1001
2024-09-16 10:43:38.386,416.3599283226896,995
2024-09-16 10:43:38.394,416.3545721257028,999
2024-09-16 10:43:38.476,416.3530409329103,98
2024-09-16 10:43:38.646,416.3573856481688,1005
2024-09-16 10:43:38.658,416.34802174586986,998
2024-09-16 10:43:38.758,,105
2024-09-16 10:43:38.830,416.3514910989021,1003
2024-09-16 10:43:38.852,416.3541253599254,8
2024-09-16 10:43:38.874,416.3490880287829,102
2024-09-16 10:43:38.990,416.36352287295153,96
2024-09-16 10:43:39.252,416.3514354017926,1003
2024-09-16 10:43:39.426,416.3396255033625,97
2024-09-16 10:43:39.450,416.3482496808171,1001
2024-09-16 10:43:39.614,416.3587881320091,105
2024-09-16 10:43:39.695,416.3554687505358,7
2024-09-16 10:43:40.027,416.3629742736021,1005
2024-09-16 10:43:40.041,416.40120055958,997
2024-09-16 10:43:40.056,416.384587113086,9
2024-09-16 10:43:40.115,416.34969879270295,10
2024-09-16 10:43:40.144,416.41355903878974,996
2024-09-16 10:43:40.144,416.4060515165814,1002
2024-09-16 10:43:40.160,416.3487593970619,1003
2024-09-16 10:43:40.226,416.403872879647,995
2024-09-16 10:43:40.228,416.4032958519246,10
2024-09-16 10:43:40.290,416.4007242499558,7
2024-09-16 10:43:40.353,416.4084246740148,5
2024-09-16 10:43:40.431,416.398168177477,996
2024-09-16 10:43:40.439,416.324498251515,14
2024-09-16 10:43:40.511,416.3697750722079,105
2024-09-16 10:43:40.575,416.40756905019714,1003
2024-09-16 10:43:40.614,416.3664906068421,13
2024-09-16 10:43:40.699,416.34124843441685,101
2024-09-16 10:43:40.699,416.3897902123977,11
2024-09-16 10:43:40.735,416.35022069969,13
2024-09-16 10:43:40.752,416.4060190820872,102
2024-09-16 10:43:40.771,416.40362214006063,5
2024-09-16 10:43:40.812,416.3288996197975,1001
2024-09-16 10:43:40.819,416.3899909865313,14
2024-09-16 10:43:40.895,416.3377857048992,14
2024-09-16 10:43:40.921,416.3911732676419,15
2024-09-16 10:43:41.017,416.4044456005366,10
2024-09-16 10:43:41.064,416.4508864167788,104
2024-09-16 10:43:41.079,416.42671964137526,1005
2024-09-16 10:43:41.127,416.44287816585336,13
2024-09-16 10:43:41.183,416.3991486656586,10
2024-09-16 10:43:41.193,416.4268822048236,1000
2024-09-16 10:43:41.199,416.4115900918093,8
2024-09-16 10:43:41.231,416.4423993232834,97
2024-09-16 10:43:41.241,416.4356417400456,8
2024-09-16 10:43:41.243,416.424947939708,12
2024-09-16 10:43:41.318,416.4084460634537,996
2024-09-16 10:43:41.405,41.64366366793442,97
2024-09-16 10:43:41.424,416.4476845986504,7
2024-09-16 10:43:41.563,416.4467446826288,102
2024-09-16 10:43:41.597,416.4204556966674,15
2024-09-16 10:43:41.711,416.4129919508968,8
2024-09-16 10:43:41.768,416.411112750623,7
2024-09-16 10:43:41.794,416.4081577109918,10
2024-09-16 10:43:41.882,416.4342770445899,5
2024-09-16 10:43:41.883,416.4237826682697,10
2024-09-16 10:43:41.889,416.4089764674147,6
2024-09-16 10:43:41.902,416.4297344370116,1001
2024-09-16 10:43:41.911,416.4198861702409,14
2024-09-16 10:43:41.921,416.4263050400788,6
2024-09-16 10:43:41.953,416.4265171196125,6
2024-09-16 10:43:41.968,416.4245327236594,10
2024-09-16 10:43:42.223,416.4023324781178,104
2024-09-16 10:43:42.429,416.42416998937887,105
2024-09-16 10:43:42.538,416.436926423816,100
2024-09-16 10:43:42.683,416.4335158112434,10
2024-09-16 10:43:42.853,416.4231053570998,96
2024-09-16 10:43:42.869,416.4413954264107,7
2024-09-16 10:43:42.928,416.4262436315087,103
2024-09-16 10:43:43.005,416.4566233389364,10
2024-09-16 10:43:43.032,416.44010892809183,99
2024-09-16 10:43:43.059,416.4160719021213,1000
2024-09-16 10:43:43.082,416.412654942896,1005
2024-09-16 10:43:43.092,416.417300632515,998
2024-09-16 10:43:43.124,416.4353806988556,102
2024-09-16 10:43:43.152,416.4723045768977,1004
2024-09-16 10:43:43.251,-416.4181822025564,9
2024-09-16 10:43:43.293,416.4022877215209,99
2024-09-16 10:43:43.398,416.4237207446672,96
2024-09-16 10:43:43.431,416.4580877904484,9
2024-09-16 10:43:43.445,416.4123948328232,1005
2024-09-16 10:43:43.459,416.4119585045176,100
2024-09-16 10:43:43.526,416.4134534989727,101
2024-09-16 10:43:43.693,416.45960864622094,105
2024-09-16 10:43:43.766,416.4316617096802,8
2024-09-16 10:43:43.954,416.4123963199244,7
2024-09-16 10:43:43.989,416.4206166564813,7
2024-09-16 10:43:44.086,416.4105361158431,102
2024-09-16 10:43:44.113,416.4089755129553,1002
2024-09-16 10:43:44.140,416.4264570376676,96
2024-09-16 10:43:44.151,416.3825268166975,13
2024-09-16 10:43:44.158,416.4180529308233,103
2024-09-16 10:43:44.274,416.4034536390286,97
2024-09-16 10:43:44.368,416.4022113200189,996
2024-09-16 10:43:44.403,416.4121610056199,8
2024-09-16 10:43:44.412,-416.41199543297904,101
2024-09-16 10:43:44.456,416.4089313514799,999
2024-09-16 10:43:44.463,416.4045744789293,11
2024-09-16 10:43:44.507,416.4184716300597,103
2024-09-16 10:43:44.545,416.3908199678487,998
2024-09-16 10:43:44.561,416.4006378490346,1004
2024-09-16 10:43:44.614,416.3975755369461,15
2024-09-16 10:43:44.632,416.4191236132663,5
2024-09-16 10:43:44.655,416.4018336435837,104
2024-09-16 10:43:44.694,416.40292339618105,102
2024-09-16 10:43:44.703,416.38695538986326,1005
2024-09-16 10:43:44.704,416.4274637714281,97
2024-09-16 10:43:44.799,416.4028144928805,1000
2024-09-16 10:43:44.842,416.4094812163814,104
2024-09-16 10:43:44.856,416.4150764109279,999
2024-09-16 10:43:44.898,416.4168143275276,1001
2024-09-16 10:43:44.928,416.3963814364179,95
2024-09-16 10:43:44.989,416.4094575296339,102
2024-09-16 10:43:44.998,416.42840497562185,5
2024-09-16 10:43:45.208,416.3755059031838,11
2024-09-16 10:43:45.267,416.4129194800802,98
2024-09-16 10:43:45.279,416.3622315643027,95
2024-09-16 10:43:45.535,416.3946763036155,98
2024-09-16 10:43:45.573,416.3945586327888,5
2024-09-16 10:43:45.733,416.3707544772614,1002
2024-09-16 10:43:45.940,416.4021546255686,98
2024-09-16 10:43:45.989,416.41801737480216,995
2024-09-16 10:43:45.997,416.3958296337477,100
2024-09-16 10:43:47.019,416.3862556442421,98
2024-09-16 10:43:47.099,416.3552487173588,1005
2024-09-16 10:43:47.177,416.3636691063237,13
2024-09-16 10:43:47.194,416.40313186266087,1000
2024-09-16 10:43:47.257,416.34901038382026,10
2024-09-16 10:43:47.276,416.3678576621097,1001
2024-09-16 10:43:47.351,416.37640045925696,1004
2024-09-16 10:43:47.356,416.3261088394293,10
2024-09-16 10:43:47.363,416.35916465413226,13
2024-09-16 10:43:47.371,416.4006445299276,96
2024-09-16 10:43:47.395,416.3657322801791,95
2024-09-16 10:43:47.402,416.344107693492,13
2024-09-16 10:43:47.420,416.34560392898345,13
2024-09-16 10:43:47.508,416.41788530208095,998
2024-09-16 10:43:47.526,416.3813404013201,15
2024-09-16 10:43:47.594,416.3587595794231,15
2024-09-16 10:43:47.596,416.3519947524146,12
2024-09-16 10:43:47.599,416.3618010254615,1004
2024-09-16 10:43:47.684,416.37800570568254,1003
2024-09-16 10:43:47.759,416.35445011032215,98
2024-09-16 10:43:47.800,416.3560651950229,104
2024-09-16 10:43:47.960,416.36919976564064,9
2024-09-16 10:43:47.983,416.3775118083316,10
2024-09-16 10:43:47.995,416.3548607886093,105
2024-09-16 10:43:48.002,416.3095471896573,101
2024-09-16 10:43:48.004,416.2974004234453,1002
2024-09-16 10:43:48.102,416.3666096858708,14
2024-09-16 10:43:48.108,416.3240173310245,6
2024-09-16 10:43:48.126,416.3264958909097,999
2024-09-16 10:43:48.175,416.3209587381865,104
2024-09-16 10:43:48.255,416.3259900165836,10
2024-09-16 10:43:48.265,,104
2024-09-16 10:43:48.269,416.3090341057072,11
2024-09-16 10:43:48.287,416.3290713875396,102
2024-09-16 10:43:48.313,416.3088062853938,996
2024-09-16 10:43:48.332,416.3068416641356,101
2024-09-16 10:43:48.348,416.32403776029525,104
2024-09-16 10:43:48.413,416.328866917817,10
2024-09-16 10:43:48.452,416.35139096683474,12
2024-09-16 10:43:48.463,416.30704472538326,1003
2024-09-16 10:43:48.464,416.3023936944644,5
2024-09-16 10:43:48.506,416.3314836552842,15
2024-09-16 10:43:48.581,416.3181753141499,97
2024-09-16 10:43:48.589,416.3114910286108,105
2024-09-16 10:43:48.652,416.3049963464504,7
2024-09-16 10:43:48.657,416.3620871981997,12
2024-09-16 10:43:48.784,416.3364149004757,999
2024-09-16 10:43:48.803,416.2924253241976,97
2024-09-16 10:43:48.855,416.3451954842398,5
2024-09-16 10:43:48.861,416.3329063154368,1003
2024-09-16 10:43:48.892,416.3294310626792,1004
2024-09-16 10:43:48.903,416.3563517426642,99
2024-09-16 10:43:49.028,41.63611502546064,15
2024-09-16 10:43:49.041,416.3456466066752,8
2024-09-16 10:43:49.050,416.3441457445285,996
2024-09-16 10:43:49.085,416.3612241799229,104
2024-09-16 10:43:49.197,416.3932061702884,14
2024-09-16 10:43:49.225,416.3808386399565,8
2024-09-16 10:43:49.360,416.3525278746777,996
2024-09-16 10:43:49.500,416.36439189729646,104
2024-09-16 10:43:49.554,416.3294501561098,101
2024-09-16 10:43:49.568,416.3352767077592,6
2024-09-16 10:43:49.682,416.3982437702725,12
2024-09-16 10:43:49.694,416.3817504025909,102
2024-09-16 10:43:50.080,416.3349880005301,100
2024-09-16 10:43:50.083,416.3515161195248,8
2024-09-16 10:43:50.154,416.33441024294734,98
2024-09-16 10:43:50.181,416.3061201333595,10
2024-09-16 10:43:50.195,416.3302593552705,13
2024-09-16 10:43:50.232,416.338759829108,998
2024-09-16 10:43:50.333,416.3702799657206,98
2024-09-16 10:43:50.386,416.3383282309109,6
2024-09-16 10:43:50.432,416.3835846596455,101
2024-09-16 10:43:50.460,416.3149820304256,1005
2024-09-16 10:43:50.639,416.3404573021059,10
2024-09-16 10:43:50.680,416.3829609199479,7
2024-09-16 10:43:50.730,416.3990778004518,14
2024-09-16 10:43:50.809,416.3262969766102,13
2024-09-16 10:43:50.827,416.39424595297646,1002
2024-09-16 10:43:50.896,416.3163516685778,12
2024-09-16 10:43:51.066,416.3675592825599,1001
2024-09-16 10:43:51.916,416.3548840398224,96
2024-09-16 10:43:52.058,416.3474353128652,102
2024-09-16 10:43:52.269,416.3428287985025,102
2024-09-16 10:43:52.344,416.3461751517179,9
2024-09-16 10:43:52.361,416.36288168221336,104
2024-09-16 10:43:52.384,416.34544481691313,102
2024-09-16 10:43:52.619,416.35290120141553,15
2024-09-16 10:43:52.814,416.3497232738629,1003
2024-09-16 10:43:53.225,416.3565080555208,103
2024-09-16 10:43:53.260,416.30422099239297,12
2024-09-16 10:43:53.315,416.3166374573682,103
2024-09-16 10:43:53.381,416.3642869034679,97
2024-09-16 10:43:53.408,416.34322619814617,11
2024-09-16 10:43:53.450,416.3385822397908,15
2024-09-16 10:43:53.544,416.3208411408471,14
2024-09-16 10:43:53.551,416.3495091018428,995
2024-09-16 10:43:53.703,416.3215187453272,995
2024-09-16 10:43:53.715,416.3109896712564,105
2024-09-16 10:43:53.776,416.3485823593096,1004
2024-09-16 10:43:53.819,416.3076116262697,1005
2024-09-16 10:43:53.836,416.3467024508303,97
2024-09-16 10:43:54.102,416.30042312301,14
2024-09-16 10:43:54.842,416.3346727458982,1003
2024-09-16 10:43:55.017,416.27265176019495,5
2024-09-16 10:43:55.119,416.2944045114199,1004
2024-09-16 10:43:55.231,416.306700351925,100
2024-09-16 10:43:55.271,416.3435672031648,10
2024-09-16 10:43:55.394,416.2719275259525,6
2024-09-16 10:43:55.456,416.2896114370849,101
2024-09-16 10:43:55.468,416.287826373645,9
2024-09-16 10:43:55.530,416.2970796987783,7
2024-09-16 10:43:55.618,416.2895676940124,6
2024-09-16 10:43:55.672,416.3198787969896,11
2024-09-16 10:43:55.770,416.3295760179039,100
2024-09-16 10:43:55.772,416.3222466291675,5
2024-09-16 10:43:55.879,416.2890452244071,1003
2024-09-16 10:43:55.891,416.3049943425622,15
2024-09-16 10:43:55.957,416.2892916235529,101
2024-09-16 10:43:56.027,416.2629491523693,997
2024-09-16 10:43:56.086,416.28687074143687,13
2024-09-16 10:43:56.167,416.2562293809184,1005
2024-09-16 10:43:56.418,416.2873782299901,1000
2024-09-16 10:43:56.440,,14
2024-09-16 10:43:56.460,416.2735460698494,996
2024-09-16 10:43:56.485,416.2660448833301,7
2024-09-16 10:43:56.554,416.26735969966336,10
2024-09-16 10:43:56.651,416.28344243552897,6
2024-09-16 10:43:56.695,416.29078473436266,1003
2024-09-16 10:43:56.742,416.2812789966752,1000
2024-09-16 10:43:56.817,416.27234156371526,1005
2024-09-16 10:43:57.014,416.2750211245405,8
2024-09-16 10:43:57.057,416.2603056298993,1003
2024-09-16 10:43:57.062,416.28127906108455,101
2024-09-16 10:43:57.086,416.2610536219377,105
2024-09-16 10:43:57.098,416.25785632299016,6
2024-09-16 10:43:57.135,416.2545554716311,101
2024-09-16 10:43:57.170,416.2926406142561,998
2024-09-16 10:43:57.192,416.2719281610188,9
2024-09-16 10:43:57.290,416.2598326341539,101
2024-09-16 10:43:57.350,416.2809976781724,997
2024-09-16 10:43:57.352,416.2528862868721,996
2024-09-16 10:43:57.422,416.2484716685136,8
2024-09-16 10:43:57.445,416.2582014717666,1001
2024-09-16 10:43:57.477,416.291737534242,99
2024-09-16 10:43:57.526,416.2485188299479,7
2024-09-16 10:43:57.587,416.2473787804904,11
2024-09-16 10:43:57.788,416.252713495816,95
2024-09-16 10:43:57.904,416.26157583193793,102
2024-09-16 10:43:57.955,416.2827306386161,97
2024-09-16 10:43:58.161,416.2893506011721,1000
2024-09-16 10:43:58.185,416.2628809993764,10
2024-09-16 10:43:58.210,416.280636881883,1005
2024-09-16 10:43:58.275,416.25429325412887,7
2024-09-16 10:43:58.320,416.2817265216765,101
2024-09-16 10:43:58.346,416.2057438461179,99
2024-09-16 10:43:58.381,416.2913255999665,5
2024-09-16 10:43:58.394,416.2238555587713,100
2024-09-16 10:43:58.481,416.2937643274152,98
2024-09-16 10:43:58.517,416.23475476215583,8
2024-09-16 10:43:58.656,416.2882779690205,1005
2024-09-16 10:43:58.681,416.28200879738057,997
2024-09-16 10:43:58.736,416.2459372839982,10
2024-09-16 10:43:58.757,416.229182080913,999
2024-09-16 10:43:58.817,-416.2503883477245,5
2024-09-16 10:43:58.866,416.2601721064863,999
2024-09-16 10:43:58.885,416.2771611641716,101
2024-09-16 10:43:58.892,416.2466314108115,97
2024-09-16 10:43:58.905,416.24946513908014,14
2024-09-16 10:43:58.920,416.26474236927896,14
2024-09-16 10:43:58.941,416.2252724342537,100
2024-09-16 10:43:58.971,416.2107910299826,7
2024-09-16 10:43:58.973,416.2321061723841,104
2024-09-16 10:43:59.001,416.1691547125255,96
2024-09-16 10:43:59.077,,99
2024-09-16 10:43:59.101,416.1983121125634,97
2024-09-16 10:43:59.141,416.14921956476377,95
2024-09-16 10:43:59.201,416.1002843946038,104
2024-09-16 10:43:59.225,416.0760103250734,1003
2024-09-16 10:43:59.245,416.16810545327655,6
2024-09-16 10:43:59.580,416.1598081578684,100
2024-09-16 10:43:59.628,416.2120246340038,12
2024-09-16 10:43:59.750,416.13604231494287,998
2024-09-16 10:43:59.758,416.0814486440355,14
2024-09-16 10:43:59.846,416.2249069155541,997
2024-09-16 10:43:59.849,416.0814307838888,102
2024-09-16 10:43:59.868,416.1035018705132,5
2024-09-16 10:43:59.923,416.2068028540576,96
2024-09-16 10:43:59.959,416.1510136115194,99
