Timestamp,Price,Size
2024-09-20 11:03:00.001,425.77752610654113,13
2024-09-20 11:03:00.014,425.8470068852898,8
2024-09-20 11:03:00.095,425.7965565091511,1002
2024-09-20 11:03:00.131,425.7728844092149,1000
2024-09-20 11:03:00.215,425.78176699891776,995
2024-09-20 11:03:00.239,425.8362682414053,103
2024-09-20 11:03:00.268,425.8456345965208,13
2024-09-20 11:03:00.368,425.7976430299102,105
2024-09-20 11:03:00.380,425.8417251072123,11
2024-09-20 11:03:00.494,425.8262171998968,998
2024-09-20 11:03:00.630,425.8353055404751,6
2024-09-20 11:03:00.657,425.80449808396463,15
2024-09-20 11:03:00.678,425.8041135010961,995
2024-09-20 11:03:00.696,425.8254395992661,100
2024-09-20 11:03:00.740,425.8435207536031,995
2024-09-20 11:03:00.797,425.8210485720412,6
2024-09-20 11:03:00.810,425.7927836310987,7
2024-09-20 11:03:00.834,425.8695866731808,9
2024-09-20 11:03:00.873,425.7997008866873,998
2024-09-20 11:03:00.873,425.844607279222,1000
2024-09-20 11:03:00.985,425.8085806511849,15
2024-09-20 11:03:00.986,425.8247681348837,13
2024-09-20 11:03:00.991,425.8706779389821,98
2024-09-20 11:03:00.993,425.8529754610741,95
2024-09-20 11:03:01.341,425.7981404745543,1004
2024-09-20 11:03:01.388,425.832130474682,103
2024-09-20 11:03:01.618,425.8179800511856,13
2024-09-20 11:03:01.668,425.8452262122249,6
2024-09-20 11:03:01.752,425.8276463013648,6
2024-09-20 11:03:01.762,425.8204582139762,1005
2024-09-20 11:03:01.819,425.8297994093486,14
2024-09-20 11:03:02.188,425.7988654861854,995
2024-09-20 11:03:02.193,425.8105559430754,100
2024-09-20 11:03:02.194,425.8427321758852,98
2024-09-20 11:03:02.637,425.834884546109,13
2024-09-20 11:03:02.773,425.8348536487544,100
2024-09-20 11:03:03.097,425.84005550842,5
2024-09-20 11:03:03.728,425.8306299449303,15
2024-09-20 11:03:04.103,425.81948988963205,14
2024-09-20 11:03:04.103,425.8238822542512,1002
2024-09-20 11:03:04.136,425.8888641363125,97
2024-09-20 11:03:04.160,425.9724825932478,998
2024-09-20 11:03:04.162,425.8818759383853,996
2024-09-20 11:03:04.165,425.86131108023136,102
2024-09-20 11:03:04.230,425.898910658806,10
2024-09-20 11:03:04.253,425.9467008786214,1000
2024-09-20 11:03:04.271,425.8698035802953,1001
2024-09-20 11:03:04.282,425.8789980046676,1000
2024-09-20 11:03:04.318,425.9305269232804,1001
2024-09-20 11:03:04.343,425.9087602977405,100
2024-09-20 11:03:04.362,425.885177523488,101
2024-09-20 11:03:04.401,425.8938907304283,103
2024-09-20 11:03:04.438,425.9869735462982,97
2024-09-20 11:03:04.499,425.899620571556,14
2024-09-20 11:03:04.505,,105
2024-09-20 11:03:04.574,425.98721693551647,1005
2024-09-20 11:03:04.623,425.9148713486908,101
2024-09-20 11:03:04.731,425.9627160588291,14
2024-09-20 11:03:04.732,425.90155528244674,13
2024-09-20 11:03:04.744,425.8748178229641,9
2024-09-20 11:03:04.766,425.87992876214463,996
2024-09-20 11:03:04.833,425.9813432610721,11
2024-09-20 11:03:04.911,425.9765628290632,100
2024-09-20 11:03:04.939,425.912651197576,99
2024-09-20 11:03:05.094,426.00697801017947,1005
2024-09-20 11:03:05.236,426.0442719484129,9
2024-09-20 11:03:05.242,426.0450657590175,996
2024-09-20 11:03:05.291,426.0138550158162,1005
2024-09-20 11:03:05.338,426.0143274867373,996
2024-09-20 11:03:05.338,425.9816934542986,102
2024-09-20 11:03:05.354,426.011701242249,1000
2024-09-20 11:03:05.498,426.0300570977891,13
2024-09-20 11:03:05.554,426.04322911823385,96
2024-09-20 11:03:05.679,426.04764035208734,1000
2024-09-20 11:03:05.681,426.0312421659255,1004
2024-09-20 11:03:05.709,426.0232231836341,999
2024-09-20 11:03:05.775,426.0251328177717,95
2024-09-20 11:03:05.833,426.040106895279,14
2024-09-20 11:03:05.842,426.0264346398757,105
2024-09-20 11:03:05.848,426.0467525780758,100
2024-09-20 11:03:05.887,426.0076416532776,11
2024-09-20 11:03:05.919,425.9901216497657,99
2024-09-20 11:03:05.967,426.0308987582204,5
2024-09-20 11:03:05.967,426.025424871154,998
2024-09-20 11:03:06.071,425.9910154095497,1002
2024-09-20 11:03:06.121,425.9724207396073,6
2024-09-20 11:03:06.135,425.94158679992,1000
2024-09-20 11:03:06.141,426.008472865416,995
2024-09-20 11:03:06.329,425.9414637641477,14
2024-09-20 11:03:06.443,426.0033058935147,98
2024-09-20 11:03:06.550,425.9611834815749,99
2024-09-20 11:03:06.586,425.95433624846936,98
2024-09-20 11:03:06.629,425.9399026763072,1002
2024-09-20 11:03:06.666,425.9126789256191,8
2024-09-20 11:03:06.800,425.9116313320852,11
2024-09-20 11:03:06.959,425.93517873823146,7
2024-09-20 11:03:06.963,425.96577508673096,100
2024-09-20 11:03:07.049,425.9480422126984,1004
2024-09-20 11:03:07.077,425.86192887704806,101
2024-09-20 11:03:07.078,425.9451615981525,98
2024-09-20 11:03:07.193,425.90830635015305,1005
2024-09-20 11:03:07.208,425.925072554914,103
2024-09-20 11:03:07.237,425.89943205892325,97
2024-09-20 11:03:07.244,425.92764047410265,95
2024-09-20 11:03:07.260,425.9101556989742,103
2024-09-20 11:03:07.264,425.8795299202733,996
2024-09-20 11:03:07.316,425.9093739365677,102
2024-09-20 11:03:07.343,425.9248825531778,98
2024-09-20 11:03:07.359,425.93755440814186,97
2024-09-20 11:03:07.404,425.8687995390486,999
2024-09-20 11:03:07.412,425.9055128131684,8
2024-09-20 11:03:07.433,425.91527942059145,102
2024-09-20 11:03:07.567,425.9304610478988,105
2024-09-20 11:03:07.579,425.9007600053917,1000
2024-09-20 11:03:07.586,425.8980211960917,996
2024-09-20 11:03:07.707,425.88906516100553,1000
2024-09-20 11:03:07.736,425.9105641671086,11
2024-09-20 11:03:07.771,425.8728300123886,10
2024-09-20 11:03:07.784,425.9073003143982,995
2024-09-20 11:03:07.789,425.9064824809449,97
2024-09-20 11:03:07.821,425.9339883713669,996
2024-09-20 11:03:07.854,425.9545355857444,105
2024-09-20 11:03:07.876,425.95101517694377,998
2024-09-20 11:03:07.876,425.9501017665869,1001
2024-09-20 11:03:07.895,425.9050697271024,99
2024-09-20 11:03:07.906,425.9351948458097,103
2024-09-20 11:03:08.065,425.97370471423847,8
2024-09-20 11:03:08.072,425.87113472201736,100
2024-09-20 11:03:08.200,425.9524017262874,7
2024-09-20 11:03:08.228,425.95002987630056,9
2024-09-20 11:03:08.238,425.9798175930364,8
2024-09-20 11:03:08.287,425.9872417828347,995
2024-09-20 11:03:08.320,425.9012260993436,98
2024-09-20 11:03:08.405,425.86470063193343,99
2024-09-20 11:03:08.492,425.8801481842676,1005
2024-09-20 11:03:08.568,-425.9536739747928,1000
2024-09-20 11:03:08.575,425.8880589406935,105
2024-09-20 11:03:08.583,425.8777513703431,1001
2024-09-20 11:03:08.586,425.9532396992974,14
2024-09-20 11:03:08.650,425.8725621806174,1002
2024-09-20 11:03:08.670,425.9433363107077,11
2024-09-20 11:03:08.733,425.8833748847248,15
2024-09-20 11:03:08.749,425.8743829385037,1003
2024-09-20 11:03:08.767,425.8736075379,99
2024-09-20 11:03:08.778,425.9131643755477,97
2024-09-20 11:03:08.780,425.8946313606206,1000
2024-09-20 11:03:08.789,425.8770980928623,1000
2024-09-20 11:03:08.815,425.86781684378553,100
2024-09-20 11:03:09.038,426.0294001862632,1001
2024-09-20 11:03:09.112,426.0318106138023,11
2024-09-20 11:03:09.247,426.0241998874209,14
2024-09-20 11:03:09.253,426.0363890007291,999
2024-09-20 11:03:09.295,425.9827137464386,102
2024-09-20 11:03:09.342,426.0396552437248,97
2024-09-20 11:03:09.371,426.0149913401039,999
2024-09-20 11:03:09.421,426.04594110852537,12
2024-09-20 11:03:09.461,426.0134065780301,996
2024-09-20 11:03:09.487,426.008527440115,999
2024-09-20 11:03:09.487,426.0235819789123,995
2024-09-20 11:03:09.608,425.9864854918709,95
2024-09-20 11:03:09.708,425.9609919891114,100
2024-09-20 11:03:09.748,425.97188290519887,6
2024-09-20 11:03:09.815,425.96963815434594,1005
2024-09-20 11:03:09.826,426.02951715312594,15
2024-09-20 11:03:09.842,425.9810518620071,97
2024-09-20 11:03:09.877,425.9722897521584,12
2024-09-20 11:03:09.964,,1002
2024-09-20 11:03:09.966,425.9976337499528,7
2024-09-20 11:03:09.978,425.9695048695615,8
2024-09-20 11:03:09.987,425.980605018373,999
2024-09-20 11:03:10.953,425.97805671714826,98
2024-09-20 11:03:11.006,425.9980098635683,996
2024-09-20 11:03:11.127,426.01665375055103,14
2024-09-20 11:03:11.285,426.06171788515616,996
2024-09-20 11:03:11.413,425.9991949505885,1002
2024-09-20 11:03:11.440,426.0339493222961,99
2024-09-20 11:03:11.440,425.9727480775159,1005
2024-09-20 11:03:11.486,425.9947878410703,998
2024-09-20 11:03:11.538,426.0403747634198,15
2024-09-20 11:03:11.545,425.98453807877286,1000
2024-09-20 11:03:11.607,426.0476249642997,103
2024-09-20 11:03:11.611,425.981133258976,1005
2024-09-20 11:03:11.776,425.9826665022972,1004
2024-09-20 11:03:11.843,425.99568020536736,97
2024-09-20 11:03:11.895,426.0747906339013,15
2024-09-20 11:03:11.911,425.99016647956506,95
2024-09-20 11:03:12.085,426.04431044481714,103
2024-09-20 11:03:12.088,425.983048675188,101
2024-09-20 11:03:12.124,426.04483365311296,98
2024-09-20 11:03:12.201,426.0172828267562,97
2024-09-20 11:03:12.238,426.05820814068096,5
2024-09-20 11:03:12.246,426.0196405844037,100
2024-09-20 11:03:12.260,426.0163117491902,5
2024-09-20 11:03:12.264,-426.0552148344829,1001
2024-09-20 11:03:12.381,426.0391907246442,100
2024-09-20 11:03:12.427,426.0105322284247,8
2024-09-20 11:03:12.436,425.9957724251476,101
2024-09-20 11:03:12.514,426.0494813383828,997
2024-09-20 11:03:12.568,426.029756381653,100
2024-09-20 11:03:12.586,425.9979503536466,998
2024-09-20 11:03:12.775,426.0035481247445,97
2024-09-20 11:03:12.785,426.0443820220256,1000
2024-09-20 11:03:12.816,426.0614975567342,5
2024-09-20 11:03:12.836,426.0362458885997,102
2024-09-20 11:03:12.841,426.04649648957707,7
2024-09-20 11:03:12.966,425.9929858742974,13
2024-09-20 11:03:12.983,426.010515887688,1003
2024-09-20 11:03:13.006,426.00711723587466,101
2024-09-20 11:03:13.017,425.9913163881587,6
2024-09-20 11:03:13.038,426.012499331781,8
2024-09-20 11:03:13.285,425.9852456122232,100
2024-09-20 11:03:13.331,426.01172675553033,13
2024-09-20 11:03:13.361,426.0089949312691,99
2024-09-20 11:03:13.425,426.017329141788,14
2024-09-20 11:03:13.439,426.0113976830461,101
2024-09-20 11:03:13.501,425.99555985818,1000
2024-09-20 11:03:13.525,425.9900407301979,99
2024-09-20 11:03:13.781,425.9972942204463,998
2024-09-20 11:03:13.837,425.986851454804,1003
2024-09-20 11:03:14.015,425.96467364147065,8
2024-09-20 11:03:14.031,425.9442252731495,100
2024-09-20 11:03:14.079,425.964257695986,995
2024-09-20 11:03:14.213,425.9788975262424,103
2024-09-20 11:03:14.272,425.99103840788985,101
2024-09-20 11:03:14.275,425.9413959230383,999
2024-09-20 11:03:14.291,425.9443979036876,1003
2024-09-20 11:03:14.330,425.9423432520281,103
2024-09-20 11:03:14.337,425.9862157470117,997
2024-09-20 11:03:14.396,425.9408961989776,100
2024-09-20 11:03:14.448,425.94488230518687,1000
2024-09-20 11:03:14.512,425.9405218740508,10
2024-09-20 11:03:14.588,425.9363417439087,1003
2024-09-20 11:03:14.645,425.9408883395615,996
2024-09-20 11:03:14.678,425.9468730293961,14
2024-09-20 11:03:14.722,426.0043328243282,14
2024-09-20 11:03:14.760,425.9928468151861,7
2024-09-20 11:03:14.788,425.97892678214686,102
2024-09-20 11:03:14.835,425.9362187764617,7
2024-09-20 11:03:14.839,425.9590758918603,1004
2024-09-20 11:03:14.861,425.9432544225128,95
2024-09-20 11:03:14.870,425.932596080416,5
2024-09-20 11:03:14.913,425.9909231022879,10
2024-09-20 11:03:14.968,425.948465067008,995
2024-09-20 11:03:15.108,425.89464114138383,10
2024-09-20 11:03:15.315,425.8840776136101,995
2024-09-20 11:03:15.343,425.9394834078104,105
2024-09-20 11:03:15.375,425.8969306200975,1001
2024-09-20 11:03:15.389,425.888298103603,1001
2024-09-20 11:03:15.426,425.8653461003954,995
2024-09-20 11:03:15.437,425.8763916282867,13
2024-09-20 11:03:15.492,425.8998023312418,9
2024-09-20 11:03:15.568,425.8422691409921,12
2024-09-20 11:03:15.593,425.8713843027184,104
2024-09-20 11:03:15.611,425.9492290995673,1002
2024-09-20 11:03:15.679,425.879103645592,98
2024-09-20 11:03:15.685,425.9159280351288,6
2024-09-20 11:03:15.981,425.8839859873896,15
2024-09-20 11:03:15.989,425.8653703879031,10
2024-09-20 11:03:16.000,425.8359139622509,15
2024-09-20 11:03:16.085,425.824502923721,1000
2024-09-20 11:03:16.102,425.837859123418,95
2024-09-20 11:03:16.121,425.8318744804697,10
2024-09-20 11:03:16.278,425.8372127357077,100
2024-09-20 11:03:16.453,425.8374114110187,95
2024-09-20 11:03:16.605,425.8422508619707,9
2024-09-20 11:03:16.695,425.83479109531294,99
2024-09-20 11:03:16.811,425.8295289160554,10
2024-09-20 11:03:16.997,425.8530482029298,10
2024-09-20 11:03:17.011,425.8235042916622,101
2024-09-20 11:03:17.037,425.80674785493153,12
2024-09-20 11:03:17.043,425.7989934154154,1005
2024-09-20 11:03:17.130,425.8217122435637,999
2024-09-20 11:03:17.136,425.81824064462063,12
2024-09-20 11:03:17.296,42.58156955589664,95
2024-09-20 11:03:17.550,425.8263499339408,1004
2024-09-20 11:03:17.757,425.83531967221296,1005
2024-09-20 11:03:17.958,425.8132937124069,98
2024-09-20 11:03:17.993,425.8310987042939,1002
2024-09-20 11:03:18.005,425.8164753038073,997
2024-09-20 11:03:18.097,425.8233222398024,1001
2024-09-20 11:03:18.166,425.84469188328336,6
2024-09-20 11:03:18.220,425.8013969791055,6
2024-09-20 11:03:18.222,425.8045355092591,102
2024-09-20 11:03:18.337,425.8147870714533,997
2024-09-20 11:03:18.364,425.8390876646235,9
2024-09-20 11:03:18.458,425.8301305477442,1000
2024-09-20 11:03:18.500,425.8309194109576,1002
2024-09-20 11:03:18.527,425.8248766141928,1004
2024-09-20 11:03:18.530,425.8419734313415,11
2024-09-20 11:03:18.534,425.8370047419054,7
2024-09-20 11:03:18.559,425.8282161552714,96
2024-09-20 11:03:18.661,425.8140862042565,99
2024-09-20 11:03:18.974,425.8114405578675,99
2024-09-20 11:03:19.116,425.7967129646585,1002
2024-09-20 11:03:19.119,425.7733736199404,6
2024-09-20 11:03:19.358,425.7785453086549,102
2024-09-20 11:03:19.574,425.7861668838863,12
2024-09-20 11:03:19.649,425.7943815839624,101
2024-09-20 11:03:19.650,425.8093048885888,12
2024-09-20 11:03:19.652,425.7907712580609,996
2024-09-20 11:03:19.910,425.7843870583088,1000
2024-09-20 11:03:19.923,425.7932227134672,997
2024-09-20 11:03:20.041,425.7711556114227,997
2024-09-20 11:03:20.102,425.8213035969442,101
2024-09-20 11:03:20.172,425.7536688178315,105
2024-09-20 11:03:20.229,425.7981196061604,9
2024-09-20 11:03:20.243,425.74992514333735,1001
2024-09-20 11:03:20.253,425.7516357259733,101
2024-09-20 11:03:20.373,425.7789244571168,9
2024-09-20 11:03:20.381,425.7736572360921,1004
2024-09-20 11:03:20.435,425.758674785819,98
2024-09-20 11:03:20.515,425.780814454584,104
2024-09-20 11:03:20.769,425.8277995758712,996
2024-09-20 11:03:20.785,425.807828188471,1005
2024-09-20 11:03:20.836,425.7698271541052,99
2024-09-20 11:03:20.851,425.8177227302333,1000
2024-09-20 11:03:20.970,425.75334741183406,1004
2024-09-20 11:03:20.994,425.8155029586457,5
2024-09-20 11:03:21.049,425.8262484539935,100
2024-09-20 11:03:21.189,425.8408534373231,995
2024-09-20 11:03:21.317,425.8347993430359,95
2024-09-20 11:03:21.363,425.8160976372748,999
2024-09-20 11:03:21.393,425.8210867946114,1004
2024-09-20 11:03:21.574,425.824807322325,7
2024-09-20 11:03:21.619,425.83661277238537,997
2024-09-20 11:03:21.838,425.8176986782367,104
2024-09-20 11:03:21.861,425.84344514628185,10
2024-09-20 11:03:21.866,425.8562737253561,100
2024-09-20 11:03:21.981,425.8230286600455,995
2024-09-20 11:03:22.112,425.8086194548477,15
2024-09-20 11:03:22.437,425.8327862920565,1000
2024-09-20 11:03:22.650,425.81313876456,995
2024-09-20 11:03:22.899,425.853665771364,999
2024-09-20 11:03:23.016,425.7995669663925,998
2024-09-20 11:03:23.037,425.7391047984579,11
2024-09-20 11:03:23.135,425.7824691070225,97
2024-09-20 11:03:23.175,,1004
2024-09-20 11:03:23.222,425.8019311802299,102
2024-09-20 11:03:23.239,425.7787126695081,96
2024-09-20 11:03:23.310,425.7578070800301,997
2024-09-20 11:03:23.383,425.7952135149764,14
2024-09-20 11:03:23.392,425.7735910494025,10
2024-09-20 11:03:23.400,425.7740701378384,99
2024-09-20 11:03:23.412,425.7679395846275,15
2024-09-20 11:03:23.432,425.7549901621777,1003
2024-09-20 11:03:23.453,425.7658833920494,1003
2024-09-20 11:03:23.526,425.7800689723363,95
2024-09-20 11:03:23.564,425.7723636501868,97
2024-09-20 11:03:23.661,425.7602480854332,1001
2024-09-20 11:03:23.730,425.7570461126056,97
2024-09-20 11:03:23.827,425.762695393346,103
2024-09-20 11:03:23.855,425.8002968276463,13
2024-09-20 11:03:23.865,425.78703142494896,102
2024-09-20 11:03:23.868,425.76893773539,105
2024-09-20 11:03:23.914,425.7701716798961,103
2024-09-20 11:03:23.943,425.7634867876709,97
2024-09-20 11:03:23.952,425.76023354616257,997
2024-09-20 11:03:24.054,425.7674401391954,7
2024-09-20 11:03:24.110,425.7881627062814,999
2024-09-20 11:03:24.198,425.7780075622939,101
2024-09-20 11:03:24.388,425.77584831464645,1005
2024-09-20 11:03:24.485,42.576955929588216,100
2024-09-20 11:03:24.513,425.80122724109975,1005
2024-09-20 11:03:24.670,425.7546483938318,997
2024-09-20 11:03:24.742,425.77389428345407,13
2024-09-20 11:03:24.845,425.7797684961356,13
2024-09-20 11:03:24.876,425.7879430718506,14
2024-09-20 11:03:24.994,425.77342430171217,1002
2024-09-20 11:03:25.121,425.767434991675,1005
2024-09-20 11:03:25.518,425.77076017553486,99
2024-09-20 11:03:26.061,425.7710243300731,96
2024-09-20 11:03:26.089,425.76524138434337,99
2024-09-20 11:03:26.090,425.7866347177588,102
2024-09-20 11:03:26.109,425.7920249766236,103
2024-09-20 11:03:26.314,425.7613110547501,9
2024-09-20 11:03:26.325,425.7425054675397,11
2024-09-20 11:03:26.601,425.7983769421129,1002
2024-09-20 11:03:26.649,-425.7390891377904,9
2024-09-20 11:03:26.664,425.7971155860135,1005
2024-09-20 11:03:26.683,425.7688114028687,103
2024-09-20 11:03:26.697,425.7259777451444,998
2024-09-20 11:03:26.717,425.7539978390565,95
2024-09-20 11:03:26.748,425.7411293584838,998
2024-09-20 11:03:26.861,425.7761968825992,6
2024-09-20 11:03:26.903,425.75113791419255,1001
2024-09-20 11:03:26.906,425.7339930400898,5
2024-09-20 11:03:26.927,425.770729004059,102
2024-09-20 11:03:26.973,425.7576520912697,101
2024-09-20 11:03:27.020,425.734197912562,999
2024-09-20 11:03:27.081,425.7127737275676,104
2024-09-20 11:03:27.151,425.6973734831219,5
2024-09-20 11:03:27.208,425.6750946428306,997
2024-09-20 11:03:27.221,425.7224902226212,1000
2024-09-20 11:03:27.247,425.6790046247502,8
2024-09-20 11:03:27.300,425.75876162991614,7
2024-09-20 11:03:27.331,-425.7139491172685,15
2024-09-20 11:03:27.502,425.7329910275821,14
2024-09-20 11:03:27.530,425.6783717926547,95
2024-09-20 11:03:27.558,425.7089933171145,12
2024-09-20 11:03:27.568,425.73985742975566,102
2024-09-20 11:03:27.586,425.71105833247367,1004
2024-09-20 11:03:27.592,425.687924108632,10
2024-09-20 11:03:27.703,425.7081634495036,8
2024-09-20 11:03:27.730,425.72075569136666,996
2024-09-20 11:03:27.741,425.7073399358434,11
2024-09-20 11:03:27.776,425.6895841286884,11
2024-09-20 11:03:27.791,425.6918701100704,1004
2024-09-20 11:03:27.808,425.73140724307854,7
2024-09-20 11:03:27.848,425.7094864000488,996
2024-09-20 11:03:27.923,425.7190754044051,10
2024-09-20 11:03:27.923,425.7626982799355,1001
2024-09-20 11:03:27.931,425.705848195776,98
2024-09-20 11:03:27.945,425.7005277187135,8
2024-09-20 11:03:27.960,425.6990696414081,8
2024-09-20 11:03:27.996,425.7071635471372,105
2024-09-20 11:03:28.006,425.7157793271597,97
2024-09-20 11:03:28.009,42.5722017473649,10
2024-09-20 11:03:28.053,425.6575447566386,10
2024-09-20 11:03:28.055,425.6729610691987,97
2024-09-20 11:03:28.109,425.6945245698912,1005
2024-09-20 11:03:28.169,425.68543788889065,5
2024-09-20 11:03:28.249,425.7229856591392,8
2024-09-20 11:03:28.283,425.7035171539889,995
2024-09-20 11:03:28.287,425.6974033631048,103
2024-09-20 11:03:28.294,425.7024086402737,15
2024-09-20 11:03:28.368,425.6959955482696,14
2024-09-20 11:03:28.474,425.7040312371535,999
2024-09-20 11:03:28.489,425.6991227460149,1003
2024-09-20 11:03:28.554,425.68775419588144,1004
2024-09-20 11:03:28.561,425.7217508436175,998
2024-09-20 11:03:28.592,425.6859985958008,998
2024-09-20 11:03:28.594,425.7115981290156,103
2024-09-20 11:03:28.595,425.661352987841,104
2024-09-20 11:03:28.598,425.733499836412,104
2024-09-20 11:03:28.616,425.7228930896976,12
2024-09-20 11:03:28.626,425.6866698350971,1002
2024-09-20 11:03:28.670,425.6886915662441,1001
2024-09-20 11:03:28.713,425.7143090118974,102
2024-09-20 11:03:28.765,425.66408678843663,996
2024-09-20 11:03:28.884,425.6957838599416,15
2024-09-20 11:03:28.921,425.72952258303536,9
2024-09-20 11:03:28.934,425.721601827853,1003
2024-09-20 11:03:29.042,425.6406107939784,997
2024-09-20 11:03:29.117,425.63548486895536,5
2024-09-20 11:03:29.158,425.650301495463,998
2024-09-20 11:03:29.508,425.65608290075227,7
2024-09-20 11:03:29.691,425.62401107871136,998
2024-09-20 11:03:29.720,425.6281631806505,15
2024-09-20 11:03:29.744,425.6670028521197,11
2024-09-20 11:03:29.787,425.635495419095,103
2024-09-20 11:03:29.920,425.66013797064846,1001
2024-09-20 11:03:30.157,425.6144251646955,1001
2024-09-20 11:03:30.196,425.5526698196249,1003
2024-09-20 11:03:30.252,425.6160435138997,1001
2024-09-20 11:03:30.385,-425.5665042135727,97
2024-09-20 11:03:30.540,425.5588990248029,96
2024-09-20 11:03:30.548,425.57314101884737,998
2024-09-20 11:03:30.587,425.580519639747,100
2024-09-20 11:03:30.607,425.6026928813253,12
2024-09-20 11:03:30.612,425.5631474466812,14
2024-09-20 11:03:30.650,425.618526375515,997
2024-09-20 11:03:30.875,-425.5966222891599,96
2024-09-20 11:03:30.893,425.58378102444215,96
2024-09-20 11:03:30.932,425.6266192647664,995
2024-09-20 11:03:30.936,425.5811240537408,1002
2024-09-20 11:03:30.949,425.5919931531544,105
2024-09-20 11:03:31.000,425.5996771169714,1005
2024-09-20 11:03:31.038,425.66758484837226,96
2024-09-20 11:03:31.091,425.63474431410384,1005
2024-09-20 11:03:31.123,425.6180749865754,8
2024-09-20 11:03:31.184,425.57502588294113,105
2024-09-20 11:03:31.186,425.59016041969016,96
2024-09-20 11:03:31.218,425.63766877939815,1001
2024-09-20 11:03:31.292,425.5829954494676,13
2024-09-20 11:03:31.308,425.5744993382186,103
2024-09-20 11:03:31.336,425.6568399845997,11
2024-09-20 11:03:31.350,425.6330924061912,996
2024-09-20 11:03:31.354,425.5858693464694,100
2024-09-20 11:03:31.374,425.59374668917104,8
2024-09-20 11:03:31.442,425.6296610362165,98
2024-09-20 11:03:31.501,425.59480395193873,998
2024-09-20 11:03:31.514,425.5681184838946,96
2024-09-20 11:03:31.523,425.6407833809109,104
2024-09-20 11:03:31.526,425.5892142348768,6
2024-09-20 11:03:31.577,425.6047326362079,99
2024-09-20 11:03:31.591,425.6091855853618,105
2024-09-20 11:03:31.610,425.6470687248623,98
2024-09-20 11:03:31.745,425.5877551363495,999
2024-09-20 11:03:31.762,425.60187797980296,98
2024-09-20 11:03:31.814,425.6680926586252,1004
2024-09-20 11:03:32.123,425.7188581952121,15
2024-09-20 11:03:32.179,425.711874773286,1003
2024-09-20 11:03:32.186,425.6434844117526,1003
2024-09-20 11:03:32.213,425.6444598955376,99
2024-09-20 11:03:32.219,425.6836177940399,96
2024-09-20 11:03:32.276,425.6369478916188,1004
2024-09-20 11:03:32.291,425.6685688390147,11
2024-09-20 11:03:32.445,425.6242478224751,999
2024-09-20 11:03:32.520,425.61625182041007,98
2024-09-20 11:03:32.612,425.7043201495486,12
2024-09-20 11:03:32.698,425.7180502301816,11
2024-09-20 11:03:32.735,425.7011448282257,1004
2024-09-20 11:03:32.740,425.6484465036629,999
2024-09-20 11:03:32.742,425.6924417411933,1001
2024-09-20 11:03:32.745,425.62842703555975,995
2024-09-20 11:03:32.857,425.6891387239518,100
2024-09-20 11:03:32.876,425.6915887232782,999
2024-09-20 11:03:32.936,425.618741334404,10
2024-09-20 11:03:33.083,425.63305133857847,998
2024-09-20 11:03:33.117,425.6067535216315,97
2024-09-20 11:03:33.153,425.6842492602755,1004
2024-09-20 11:03:33.249,425.6436950729309,101
2024-09-20 11:03:33.332,425.6258762893664,98
2024-09-20 11:03:33.335,425.6533443018702,100
2024-09-20 11:03:33.372,425.67766721995247,101
2024-09-20 11:03:33.393,425.6870570839009,95
2024-09-20 11:03:33.472,425.6391374766209,105
2024-09-20 11:03:33.501,425.61996267477593,8
2024-09-20 11:03:33.513,425.58260920243663,1002
2024-09-20 11:03:33.553,425.6547687402913,7
2024-09-20 11:03:33.565,425.6529441888424,8
2024-09-20 11:03:33.596,425.60846930395047,1001
2024-09-20 11:03:33.597,425.6074648672077,1000
2024-09-20 11:03:33.635,425.6330151164073,103
2024-09-20 11:03:33.639,425.65139576288215,97
2024-09-20 11:03:33.675,425.616064246603,995
2024-09-20 11:03:33.680,425.6373342673403,12
2024-09-20 11:03:33.762,425.6040033550995,96
2024-09-20 11:03:33.784,425.67537813920194,9
2024-09-20 11:03:33.819,425.5852896786615,997
2024-09-20 11:03:33.848,425.6011869818119,8
2024-09-20 11:03:33.854,425.6714782362743,98
2024-09-20 11:03:33.871,425.6380611823301,104
2024-09-20 11:03:33.911,425.6381618235471,1001
2024-09-20 11:03:33.920,425.6343577066738,5
2024-09-20 11:03:33.969,425.6245401054765,97
2024-09-20 11:03:34.030,425.6131556192528,1003
2024-09-20 11:03:34.056,425.6239426236984,998
2024-09-20 11:03:34.134,425.6310723999056,995
2024-09-20 11:03:34.273,425.615305479219,95
2024-09-20 11:03:34.277,425.6119804532818,102
2024-09-20 11:03:34.339,425.6504136232906,997
2024-09-20 11:03:34.517,425.61438986854375,7
2024-09-20 11:03:34.689,425.6238815616259,104
2024-09-20 11:03:34.948,425.6519856479224,6
2024-09-20 11:03:34.996,425.6703234191325,1002
2024-09-20 11:03:35.047,425.57456642761474,5
2024-09-20 11:03:35.093,425.5889688778937,1001
2024-09-20 11:03:35.195,425.5894494115752,997
2024-09-20 11:03:35.243,425.62562009662224,102
2024-09-20 11:03:35.248,425.5655937042969,1004
2024-09-20 11:03:35.295,425.62430685624673,1000
2024-09-20 11:03:35.303,425.6163634914354,1005
2024-09-20 11:03:35.310,425.6289045114132,95
2024-09-20 11:03:35.316,,999
2024-09-20 11:03:35.318,425.61133217574815,100
2024-09-20 11:03:35.372,425.6175718252282,10
2024-09-20 11:03:35.375,425.6293804458124,98
2024-09-20 11:03:35.390,425.6107969476501,105
2024-09-20 11:03:35.400,425.58534498178295,98
2024-09-20 11:03:35.464,425.60684566650775,996
2024-09-20 11:03:35.604,425.5752740422752,998
2024-09-20 11:03:35.618,425.5979689651855,5
2024-09-20 11:03:35.640,425.6250760108623,10
2024-09-20 11:03:35.652,425.6052025471567,10
2024-09-20 11:03:35.654,425.5700272557879,99
2024-09-20 11:03:35.748,425.6194918828911,1005
2024-09-20 11:03:35.759,425.5952650230448,104
2024-09-20 11:03:35.799,425.6069491785767,996
2024-09-20 11:03:35.833,425.564864324982,996
2024-09-20 11:03:36.001,425.59023272281297,100
2024-09-20 11:03:36.010,425.5847179275243,101
2024-09-20 11:03:36.140,425.5912525394997,15
2024-09-20 11:03:36.161,425.6345252970614,101
2024-09-20 11:03:36.178,425.6256351331714,100
2024-09-20 11:03:36.389,425.6076514582991,998
2024-09-20 11:03:36.427,425.605263142363,1003
2024-09-20 11:03:36.449,425.6454400894818,996
2024-09-20 11:03:36.481,425.5902743202058,1004
2024-09-20 11:03:36.484,425.5765135808653,996
2024-09-20 11:03:36.526,425.5860206826132,995
2024-09-20 11:03:36.566,425.57913711660086,9
2024-09-20 11:03:36.762,425.6348234626181,103
2024-09-20 11:03:36.780,,1001
2024-09-20 11:03:36.969,425.6007518878267,13
2024-09-20 11:03:37.081,425.5644505316586,98
2024-09-20 11:03:37.133,425.60083358597,1005
2024-09-20 11:03:37.151,425.6006623095576,95
2024-09-20 11:03:37.244,425.5833238474881,96
2024-09-20 11:03:37.280,42.55726493625286,14
2024-09-20 11:03:37.296,425.59518802641344,995
2024-09-20 11:03:37.301,425.6003067744314,8
2024-09-20 11:03:37.332,425.5680225388937,5
2024-09-20 11:03:37.453,425.5700881832968,6
2024-09-20 11:03:37.522,425.6048527794085,105
2024-09-20 11:03:37.539,425.61347283005625,1003
2024-09-20 11:03:37.555,425.5883429474613,1004
2024-09-20 11:03:37.568,425.6194505379766,100
2024-09-20 11:03:37.579,425.6004685802064,105
2024-09-20 11:03:37.588,425.60978771489846,999
2024-09-20 11:03:37.614,425.5798302057577,997
2024-09-20 11:03:37.642,425.5797141630789,5
2024-09-20 11:03:37.653,425.5946889514733,103
2024-09-20 11:03:37.770,425.6281782110182,13
2024-09-20 11:03:37.833,425.6018893170552,9
2024-09-20 11:03:37.861,425.5827724018753,11
2024-09-20 11:03:37.882,425.5989183768742,12
2024-09-20 11:03:37.888,425.60133392875775,95
2024-09-20 11:03:37.922,425.5681674838434,15
2024-09-20 11:03:37.951,425.5792680617313,1004
2024-09-20 11:03:37.966,425.594252772313,97
2024-09-20 11:03:38.231,425.6565549855296,15
2024-09-20 11:03:38.379,425.6803549795409,13
2024-09-20 11:03:38.583,425.6577503969595,98
2024-09-20 11:03:38.623,425.6505503346922,95
2024-09-20 11:03:38.635,425.6304277377921,102
2024-09-20 11:03:38.756,425.6506357028434,96
2024-09-20 11:03:38.816,425.6499426464091,104
2024-09-20 11:03:38.885,425.63317975180826,102
2024-09-20 11:03:38.975,425.66578012134335,95
2024-09-20 11:03:39.074,425.6336753453656,1000
2024-09-20 11:03:39.246,425.6112518838013,105
2024-09-20 11:03:39.327,425.62744009996266,997
2024-09-20 11:03:39.331,425.6245126500227,997
2024-09-20 11:03:39.339,425.6214160451397,1005
2024-09-20 11:03:39.473,425.6345799048532,997
2024-09-20 11:03:39.487,425.6484099574825,1005
2024-09-20 11:03:39.638,425.6137569048524,15
2024-09-20 11:03:39.651,425.6394708408503,10
2024-09-20 11:03:39.726,425.62249748685247,8
2024-09-20 11:03:39.743,425.6291490026082,13
2024-09-20 11:03:39.753,425.64769778784057,999
2024-09-20 11:03:39.804,425.6457701301361,101
2024-09-20 11:03:39.838,425.61489987482486,14
2024-09-20 11:03:40.189,425.64224866672646,14
2024-09-20 11:03:40.398,425.6421772496671,996
2024-09-20 11:03:41.067,425.6566076511622,998
2024-09-20 11:03:41.159,425.6467735605449,997
2024-09-20 11:03:41.214,425.6832349425312,1004
2024-09-20 11:03:41.269,425.6613155883345,99
2024-09-20 11:03:41.271,425.6277251935413,95
2024-09-20 11:03:41.404,425.6544740631789,1001
2024-09-20 11:03:41.439,425.6441076808762,1001
2024-09-20 11:03:41.444,425.6489432064351,13
2024-09-20 11:03:41.478,425.6459983887689,105
2024-09-20 11:03:41.489,425.6824107928228,100
2024-09-20 11:03:41.490,425.6566975869501,1003
2024-09-20 11:03:41.492,425.6385757768472,1000
2024-09-20 11:03:41.531,425.627811580108,97
2024-09-20 11:03:41.573,425.6555524881947,8
2024-09-20 11:03:41.632,425.6268922792144,96
2024-09-20 11:03:41.638,425.6906201395043,9
2024-09-20 11:03:41.682,42.56819436937787,1005
2024-09-20 11:03:41.687,425.6443706868363,99
2024-09-20 11:03:41.716,425.6610815850236,9
2024-09-20 11:03:41.767,425.6757735391021,995
2024-09-20 11:03:41.784,425.65832127114976,1004
2024-09-20 11:03:41.985,425.6868806220635,998
2024-09-20 11:03:42.396,425.6251875843732,1001
2024-09-20 11:03:42.502,425.62314018550313,6
2024-09-20 11:03:42.511,425.62372044298814,13
2024-09-20 11:03:42.548,425.6355777318578,96
2024-09-20 11:03:42.558,425.6513820787664,995
2024-09-20 11:03:42.558,425.637561448256,100
2024-09-20 11:03:42.559,425.6537228808238,101
2024-09-20 11:03:42.673,425.6398176438473,95
2024-09-20 11:03:42.778,425.62481160070735,13
2024-09-20 11:03:43.063,425.69445908226106,7
2024-09-20 11:03:43.187,425.6787874063008,105
2024-09-20 11:03:43.306,425.6846438287001,9
2024-09-20 11:03:43.311,425.6821547723397,995
2024-09-20 11:03:43.370,425.6862383258464,13
2024-09-20 11:03:43.440,425.66192889671726,101
2024-09-20 11:03:43.451,425.7094836067132,999
2024-09-20 11:03:43.459,425.63349428463033,101
2024-09-20 11:03:43.738,425.6424656482983,99
2024-09-20 11:03:43.804,425.6829873282353,7
2024-09-20 11:03:43.812,425.6367891913354,998
2024-09-20 11:03:44.027,425.6716412843018,105
2024-09-20 11:03:44.034,425.6932014624284,1002
2024-09-20 11:03:44.149,425.6667085903181,995
2024-09-20 11:03:44.169,425.7174083442732,98
2024-09-20 11:03:44.203,425.6849749367439,102
2024-09-20 11:03:44.228,425.79198653395525,102
2024-09-20 11:03:44.299,425.7906712542448,101
2024-09-20 11:03:44.320,425.6939737898056,98
2024-09-20 11:03:44.404,425.67449476290415,15
2024-09-20 11:03:44.428,42.56675951652449,7
2024-09-20 11:03:44.442,425.6923619025031,100
2024-09-20 11:03:44.451,425.6896457570679,996
2024-09-20 11:03:44.481,425.6613183890983,7
2024-09-20 11:03:44.504,425.67584492500185,104
2024-09-20 11:03:44.514,425.6668785911566,100
2024-09-20 11:03:44.536,425.6958492666777,10
2024-09-20 11:03:44.605,425.68179594434463,7
2024-09-20 11:03:44.690,425.717946905076,997
2024-09-20 11:03:44.713,425.687155386346,1003
2024-09-20 11:03:44.713,425.6796913032591,1005
2024-09-20 11:03:44.764,425.7724275569804,13
2024-09-20 11:03:44.839,425.68087174567626,101
2024-09-20 11:03:44.889,42.567212820354165,1001
2024-09-20 11:03:44.889,425.8067131855032,103
2024-09-20 11:03:44.928,425.7824767871703,10
2024-09-20 11:03:44.931,425.73674441800193,12
2024-09-20 11:03:44.967,425.6756428938127,6
2024-09-20 11:03:44.985,425.6661602595083,97
2024-09-20 11:03:45.090,425.7941668933471,8
2024-09-20 11:03:45.198,-425.78180745923447,998
2024-09-20 11:03:45.302,425.7865402240055,15
2024-09-20 11:03:45.335,425.7795877291003,97
2024-09-20 11:03:45.563,425.7832427841772,97
2024-09-20 11:03:45.928,425.7860051676913,1004
2024-09-20 11:03:45.954,425.79922851594296,1002
2024-09-20 11:03:46.024,425.8254829851975,100
2024-09-20 11:03:46.026,425.808325284056,12
2024-09-20 11:03:46.127,425.7707938272528,998
2024-09-20 11:03:46.181,425.79475411003705,103
2024-09-20 11:03:46.225,425.78370981769393,9
2024-09-20 11:03:46.246,,96
2024-09-20 11:03:46.256,425.77581866199176,1004
2024-09-20 11:03:46.315,425.7897465902397,8
2024-09-20 11:03:46.329,425.792898240442,1003
2024-09-20 11:03:46.369,425.7823357457979,102
2024-09-20 11:03:46.390,425.793209366026,103
2024-09-20 11:03:46.498,425.78636015800834,103
2024-09-20 11:03:46.846,425.769409271063,995
2024-09-20 11:03:46.883,425.789631280759,999
2024-09-20 11:03:46.888,425.7640777343351,13
2024-09-20 11:03:46.897,425.7885408882835,14
2024-09-20 11:03:46.920,425.7579460305166,96
2024-09-20 11:03:46.932,425.79443032807455,6
2024-09-20 11:03:48.056,425.8583243690291,104
2024-09-20 11:03:48.087,425.8606847522166,101
2024-09-20 11:03:48.160,425.87869946340686,999
2024-09-20 11:03:48.353,425.8634867768491,103
2024-09-20 11:03:48.392,425.8523687516778,14
2024-09-20 11:03:48.540,425.8541227053162,98
2024-09-20 11:03:48.599,425.8593455744262,1000
2024-09-20 11:03:48.669,425.8601395629731,8
2024-09-20 11:03:48.696,425.87265173723466,7
2024-09-20 11:03:48.757,425.8276137521919,997
2024-09-20 11:03:48.822,425.8312610337673,100
2024-09-20 11:03:48.855,425.8489582044564,6
2024-09-20 11:03:49.042,425.9148758897278,98
2024-09-20 11:03:49.069,425.8785268206635,101
2024-09-20 11:03:49.073,425.8887341199016,13
2024-09-20 11:03:49.135,425.8916556087543,7
2024-09-20 11:03:49.148,425.8917632834911,1004
2024-09-20 11:03:49.164,425.90682249619954,6
2024-09-20 11:03:49.174,425.8645405806082,99
2024-09-20 11:03:49.276,425.8615358021347,97
2024-09-20 11:03:49.325,425.86433188811264,99
2024-09-20 11:03:49.325,425.9125479479383,14
2024-09-20 11:03:49.351,425.8772193469864,101
2024-09-20 11:03:49.401,425.8854840217392,97
2024-09-20 11:03:49.517,425.88431088284256,15
2024-09-20 11:03:49.583,425.8621336205728,99
2024-09-20 11:03:49.587,425.8673905732162,104
2024-09-20 11:03:49.601,425.92032696439287,5
2024-09-20 11:03:49.616,425.8967819633529,1003
2024-09-20 11:03:49.642,425.8761909712024,12
2024-09-20 11:03:49.718,425.9136543603077,102
2024-09-20 11:03:49.816,425.9030828522816,1004
2024-09-20 11:03:49.885,425.92324155276526,999
2024-09-20 11:03:49.899,425.8890447085871,14
2024-09-20 11:03:49.929,425.8859791880736,998
2024-09-20 11:03:49.931,425.85331526329975,100
2024-09-20 11:03:50.017,425.9129573287629,7
2024-09-20 11:03:50.079,425.9521786463043,999
2024-09-20 11:03:50.213,425.9304680846007,98
2024-09-20 11:03:50.571,425.9501409251338,999
2024-09-20 11:03:50.618,425.9158605906688,997
2024-09-20 11:03:50.853,425.9687828753928,98
2024-09-20 11:03:51.101,425.9684284054629,995
2024-09-20 11:03:51.105,425.9843759252751,97
2024-09-20 11:03:51.117,425.92282379560186,99
2024-09-20 11:03:51.179,425.98096423356674,998
2024-09-20 11:03:51.191,425.9773829954991,1004
2024-09-20 11:03:51.198,425.941805382999,1004
2024-09-20 11:03:51.225,425.9179691127805,103
2024-09-20 11:03:51.273,425.9549728715554,997
2024-09-20 11:03:51.280,425.9178544466164,101
2024-09-20 11:03:51.404,425.9724054542544,104
2024-09-20 11:03:51.425,425.9679558892301,11
2024-09-20 11:03:51.500,425.9839647315141,13
2024-09-20 11:03:51.550,425.9605220040328,101
2024-09-20 11:03:51.654,425.9106428865007,996
2024-09-20 11:03:51.718,425.9720957395687,14
2024-09-20 11:03:51.739,42.59623457906201,998
2024-09-20 11:03:51.782,425.9433697658647,997
2024-09-20 11:03:51.817,425.9249171013495,10
2024-09-20 11:03:51.877,425.9545660520756,98
2024-09-20 11:03:51.877,425.9490209146272,1000
2024-09-20 11:03:51.950,425.9623522881785,6
2024-09-20 11:03:52.069,425.9992029914308,1002
2024-09-20 11:03:52.093,426.0232451812377,9
2024-09-20 11:03:52.100,425.9341832012374,7
2024-09-20 11:03:52.131,425.9295324101765,10
2024-09-20 11:03:52.136,425.9902723646392,14
2024-09-20 11:03:52.136,425.9342061179208,12
2024-09-20 11:03:52.177,425.9274561329644,97
2024-09-20 11:03:52.196,425.91200183919375,95
2024-09-20 11:03:52.290,425.9530986975896,1004
2024-09-20 11:03:52.293,425.885526051513,1004
2024-09-20 11:03:52.346,425.8917493723253,14
2024-09-20 11:03:52.405,425.8747971324323,103
2024-09-20 11:03:52.407,425.9289479265187,102
2024-09-20 11:03:52.485,425.99907531026287,98
2024-09-20 11:03:52.487,425.91976248747295,95
2024-09-20 11:03:52.508,425.9123819372489,14
2024-09-20 11:03:52.545,425.8990176507151,15
2024-09-20 11:03:52.551,426.0062823444971,996
2024-09-20 11:03:52.586,426.0019979142849,105
2024-09-20 11:03:52.649,425.9431022610052,103
2024-09-20 11:03:52.667,425.9221319525948,1003
2024-09-20 11:03:52.717,425.9001134015521,95
2024-09-20 11:03:52.723,425.9144840171913,15
2024-09-20 11:03:52.741,425.9267742229701,999
2024-09-20 11:03:52.762,425.9382766727553,98
2024-09-20 11:03:52.769,425.9587437452515,102
2024-09-20 11:03:52.995,425.91756392492624,99
2024-09-20 11:03:53.091,425.9899882946894,999
2024-09-20 11:03:53.279,425.948635965413,105
2024-09-20 11:03:53.280,425.9742703007988,1003
2024-09-20 11:03:53.320,425.9671215045372,6
2024-09-20 11:03:53.372,425.9595514474045,8
2024-09-20 11:03:53.476,425.99349077192113,101
2024-09-20 11:03:53.507,425.9370901723039,999
2024-09-20 11:03:53.546,425.969191304685,8
2024-09-20 11:03:53.608,426.0052981405015,5
2024-09-20 11:03:53.620,425.97745049233765,1005
2024-09-20 11:03:53.634,425.95351036071264,97
2024-09-20 11:03:53.773,425.9796612610654,100
2024-09-20 11:03:53.800,425.9804592799263,1005
2024-09-20 11:03:53.813,425.997040990235,999
2024-09-20 11:03:53.863,425.9940044317961,999
2024-09-20 11:03:53.972,425.9530958952664,1000
2024-09-20 11:03:53.981,425.9331559762741,1004
2024-09-20 11:03:53.984,425.94440465306,997
2024-09-20 11:03:54.007,425.96498813416713,9
2024-09-20 11:03:54.015,425.9603340755376,6
2024-09-20 11:03:54.067,425.9566338416474,102
2024-09-20 11:03:54.107,425.9761876124296,98
2024-09-20 11:03:54.108,425.9817694749679,999
2024-09-20 11:03:54.110,425.9683049728145,7
2024-09-20 11:03:54.126,425.9286048853602,1001
2024-09-20 11:03:54.184,425.96588375807625,96
2024-09-20 11:03:54.260,426.0099781234642,100
2024-09-20 11:03:54.269,425.9390935123017,1004
2024-09-20 11:03:54.348,425.9593016644163,11
2024-09-20 11:03:54.444,425.98643113033,6
2024-09-20 11:03:54.580,425.95675508492633,7
2024-09-20 11:03:54.630,425.9348366444912,1000
2024-09-20 11:03:54.691,425.9858286494924,99
2024-09-20 11:03:54.713,425.9588173208149,98
2024-09-20 11:03:54.726,426.0032381965824,10
2024-09-20 11:03:54.736,425.9680601475255,1003
2024-09-20 11:03:54.759,425.96054724881054,997
2024-09-20 11:03:54.989,425.9530118654884,1005
2024-09-20 11:03:55.038,425.91646533031104,104
2024-09-20 11:03:55.388,425.9374550485499,8
2024-09-20 11:03:55.455,425.9344825563832,98
2024-09-20 11:03:55.501,,1003
2024-09-20 11:03:55.659,425.9341823113056,999
2024-09-20 11:03:55.890,425.91734218897176,13
2024-09-20 11:03:56.014,426.0405884185367,11
2024-09-20 11:03:56.044,426.0861207208178,8
2024-09-20 11:03:56.125,425.9928410792391,9
2024-09-20 11:03:56.190,425.9932290943755,998
2024-09-20 11:03:56.287,426.0099899137359,10
2024-09-20 11:03:56.357,426.007433228273,1000
2024-09-20 11:03:56.381,425.9921752526263,1004
2024-09-20 11:03:56.395,426.0168029940433,102
2024-09-20 11:03:56.401,426.0652631785061,1004
2024-09-20 11:03:56.413,426.0077964548435,98
2024-09-20 11:03:56.488,426.0781429939044,98
2024-09-20 11:03:56.618,426.0735635372564,1000
2024-09-20 11:03:56.630,425.9973453192951,11
2024-09-20 11:03:56.652,426.0097142653634,5
2024-09-20 11:03:56.662,426.0074135950237,1004
2024-09-20 11:03:56.745,425.9970356203036,97
2024-09-20 11:03:56.776,425.9881496758176,996
2024-09-20 11:03:56.795,426.049285900524,6
2024-09-20 11:03:56.810,425.9775252911944,100
2024-09-20 11:03:56.814,425.9638612774252,99
2024-09-20 11:03:56.833,426.0431259468074,6
2024-09-20 11:03:56.909,426.0039136446673,97
2024-09-20 11:03:56.986,426.00659149711737,101
2024-09-20 11:03:56.995,425.9667147628784,1002
2024-09-20 11:03:57.262,426.0874360037649,997
2024-09-20 11:03:57.797,426.1200874977948,14
2024-09-20 11:03:57.835,426.09430093244725,98
2024-09-20 11:03:57.935,426.0915450316159,98
2024-09-20 11:03:57.993,426.10377295240505,6
2024-09-20 11:03:58.031,426.0757896901844,95
2024-09-20 11:03:58.117,426.0836834605702,95
2024-09-20 11:03:58.201,426.0981826932056,1000
2024-09-20 11:03:58.212,426.0993048474371,1003
2024-09-20 11:03:58.226,426.0767201540552,995
2024-09-20 11:03:58.258,426.0864661859389,10
2024-09-20 11:03:58.367,426.08394200860494,999
2024-09-20 11:03:58.427,426.09304051881736,1004
2024-09-20 11:03:58.629,426.0698353496552,101
2024-09-20 11:03:58.771,426.08905692965976,997
2024-09-20 11:03:58.841,426.0878883564405,104
2024-09-20 11:03:59.147,426.10490590099977,13
2024-09-20 11:03:59.418,426.0955755229561,103
2024-09-20 11:03:59.609,426.1223949731232,9
