Timestamp,Price,Size
2024-09-20 09:41:00.019,423.11985401617983,103
2024-09-20 09:41:00.062,423.1018130437569,101
2024-09-20 09:41:00.064,423.088100848737,10
2024-09-20 09:41:00.147,42.31106598219356,5
2024-09-20 09:41:00.199,423.12149462189967,103
2024-09-20 09:41:00.240,423.1351985267393,6
2024-09-20 09:41:00.315,423.1210902572835,97
2024-09-20 09:41:00.325,423.1026583349203,5
2024-09-20 09:41:00.336,423.1155968844504,6
2024-09-20 09:41:00.383,423.0917608536632,12
2024-09-20 09:41:00.399,423.05957324118526,101
2024-09-20 09:41:00.524,423.0760388915292,995
2024-09-20 09:41:00.527,423.1321004217816,103
2024-09-20 09:41:00.530,423.0984803921709,10
2024-09-20 09:41:00.555,423.1172635892566,100
2024-09-20 09:41:00.592,423.1083825425927,14
2024-09-20 09:41:00.667,423.0737046740648,98
2024-09-20 09:41:00.693,423.1188890962093,95
2024-09-20 09:41:00.736,423.1089577528623,6
2024-09-20 09:41:00.774,423.0969383391552,1002
2024-09-20 09:41:00.844,423.108260715241,1001
2024-09-20 09:41:00.853,423.1118077126969,5
2024-09-20 09:41:00.909,423.1222711752225,1004
2024-09-20 09:41:00.946,423.1174557631098,9
2024-09-20 09:41:01.091,423.0716946649112,1001
2024-09-20 09:41:01.152,423.1137136430736,10
2024-09-20 09:41:01.199,423.0195031589496,1003
2024-09-20 09:41:01.253,423.0263774712467,996
2024-09-20 09:41:01.270,423.1031755710096,12
2024-09-20 09:41:01.309,423.0914137823675,6
2024-09-20 09:41:01.362,423.00776087889966,996
2024-09-20 09:41:01.364,423.0974429275389,100
2024-09-20 09:41:01.374,423.0675900377939,101
2024-09-20 09:41:01.380,423.0649572530325,1004
2024-09-20 09:41:01.386,423.0537217765197,1002
2024-09-20 09:41:01.480,42.3119579427351,105
2024-09-20 09:41:01.480,423.0913554054833,5
2024-09-20 09:41:01.538,423.1333330042131,995
2024-09-20 09:41:01.564,423.0127885706218,1005
2024-09-20 09:41:01.716,423.1323737476909,10
2024-09-20 09:41:01.753,423.00323039012414,10
2024-09-20 09:41:01.814,423.00360378944697,15
2024-09-20 09:41:01.831,423.1337667163282,999
2024-09-20 09:41:01.839,423.0338228211754,7
2024-09-20 09:41:01.903,423.0261553851376,15
2024-09-20 09:41:01.936,423.0242093813219,7
2024-09-20 09:41:01.944,423.0348400624536,15
2024-09-20 09:41:02.025,422.9853038841631,104
2024-09-20 09:41:02.046,422.9810218009695,12
2024-09-20 09:41:02.368,422.97551307044665,103
2024-09-20 09:41:02.442,422.9725510373789,6
2024-09-20 09:41:02.867,422.9783292899823,1005
2024-09-20 09:41:03.058,422.9624981725043,9
2024-09-20 09:41:03.279,422.9559587176259,14
2024-09-20 09:41:03.374,422.9580090020802,995
2024-09-20 09:41:03.388,422.9511533089994,13
2024-09-20 09:41:03.430,422.950627940687,96
2024-09-20 09:41:03.457,422.9508074039674,105
2024-09-20 09:41:03.507,,7
2024-09-20 09:41:03.537,422.9600477099538,99
2024-09-20 09:41:03.544,422.9592314179844,11
2024-09-20 09:41:03.757,422.9480497609858,8
2024-09-20 09:41:03.770,422.9489708636568,11
2024-09-20 09:41:04.000,422.9554215443543,102
2024-09-20 09:41:04.004,422.942468927849,15
2024-09-20 09:41:04.100,422.9367063522274,1001
2024-09-20 09:41:04.117,422.95839365993993,100
2024-09-20 09:41:04.125,422.9413605568676,998
2024-09-20 09:41:04.212,422.91890908363774,997
2024-09-20 09:41:04.217,422.93602722589145,105
2024-09-20 09:41:04.418,422.9221787986647,99
2024-09-20 09:41:04.468,422.9810245024372,104
2024-09-20 09:41:04.517,422.9586020361383,1005
2024-09-20 09:41:04.545,422.9751985582535,97
2024-09-20 09:41:04.591,422.96917947011457,103
2024-09-20 09:41:04.670,422.9430786694083,96
2024-09-20 09:41:04.732,422.96314313092,101
2024-09-20 09:41:04.768,422.9886321502877,998
2024-09-20 09:41:04.813,422.9623796804327,5
2024-09-20 09:41:04.817,422.92884046077296,1002
2024-09-20 09:41:04.829,422.95517826508814,10
2024-09-20 09:41:04.908,422.9249429048003,100
2024-09-20 09:41:04.998,422.9707115472687,11
2024-09-20 09:41:05.002,42.29647271125954,999
2024-09-20 09:41:05.048,422.9682211628079,995
2024-09-20 09:41:05.052,422.9636562187629,15
2024-09-20 09:41:05.089,422.9592627770515,14
2024-09-20 09:41:05.400,422.972547209837,995
2024-09-20 09:41:05.439,422.9642514062139,98
2024-09-20 09:41:05.496,422.9475727390793,1000
2024-09-20 09:41:05.547,422.92218132736167,13
2024-09-20 09:41:05.552,422.98214105196496,996
2024-09-20 09:41:05.644,422.9441422937789,12
2024-09-20 09:41:05.661,422.9635133881492,10
2024-09-20 09:41:05.735,422.9631876022829,12
2024-09-20 09:41:05.836,422.9503034582685,103
2024-09-20 09:41:05.886,422.9717335664072,996
2024-09-20 09:41:05.891,422.9401387765036,6
2024-09-20 09:41:06.032,422.9690489882402,104
2024-09-20 09:41:06.311,422.9681179182863,105
2024-09-20 09:41:06.521,422.9778571608485,998
2024-09-20 09:41:06.574,422.96442751269376,8
2024-09-20 09:41:06.968,422.97926757049896,1000
2024-09-20 09:41:07.028,422.9598752204381,105
2024-09-20 09:41:08.007,422.8692776174004,99
2024-09-20 09:41:08.073,422.8665418271063,11
2024-09-20 09:41:08.103,422.93807532585424,15
2024-09-20 09:41:08.116,422.9482896285152,1001
2024-09-20 09:41:08.168,422.9304946013537,996
2024-09-20 09:41:08.211,422.945963225952,998
2024-09-20 09:41:08.230,422.8759448384536,1005
2024-09-20 09:41:08.236,422.8774089295442,998
2024-09-20 09:41:08.236,422.872913671334,104
2024-09-20 09:41:08.241,422.9447574376114,1000
2024-09-20 09:41:08.349,422.94569022298776,102
2024-09-20 09:41:08.384,422.864383540507,1005
2024-09-20 09:41:08.422,422.9569614407157,98
2024-09-20 09:41:08.424,422.8770148392335,1001
2024-09-20 09:41:08.443,422.8776985470079,1000
2024-09-20 09:41:08.494,422.8975116102121,10
2024-09-20 09:41:08.542,422.8795897637168,996
2024-09-20 09:41:08.567,422.90162522629566,101
2024-09-20 09:41:08.610,422.9103595181927,12
2024-09-20 09:41:08.618,422.86338212445565,104
2024-09-20 09:41:08.652,422.8745555097957,1000
2024-09-20 09:41:08.811,422.9120215116398,1000
2024-09-20 09:41:08.823,422.8687169700109,95
2024-09-20 09:41:08.887,422.878867917164,101
2024-09-20 09:41:08.904,422.876233831332,105
2024-09-20 09:41:08.920,422.8654935183176,1004
2024-09-20 09:41:09.503,422.8737805594115,1005
2024-09-20 09:41:09.906,422.85977521553616,1000
2024-09-20 09:41:10.031,422.8420022859156,11
2024-09-20 09:41:10.036,422.8776562647674,12
2024-09-20 09:41:10.073,422.83574365615607,98
2024-09-20 09:41:10.145,422.878160542464,12
2024-09-20 09:41:10.205,422.8681452274648,1005
2024-09-20 09:41:10.209,-422.8586930147978,98
2024-09-20 09:41:10.233,422.8670117214911,8
2024-09-20 09:41:10.264,422.8533082405585,998
2024-09-20 09:41:10.328,422.8868166740443,96
2024-09-20 09:41:10.340,422.8515893254607,95
2024-09-20 09:41:10.354,422.9206539769124,15
2024-09-20 09:41:10.398,422.90320094601486,103
2024-09-20 09:41:10.421,422.9086254799048,101
2024-09-20 09:41:10.434,422.8847237579884,13
2024-09-20 09:41:10.441,422.9012915913353,98
2024-09-20 09:41:10.446,422.866205522599,12
2024-09-20 09:41:10.456,422.8536378692036,1002
2024-09-20 09:41:10.509,422.9118041624904,998
2024-09-20 09:41:10.605,422.8632131107333,14
2024-09-20 09:41:10.611,422.8862789068865,12
2024-09-20 09:41:10.713,422.88228992546885,101
2024-09-20 09:41:10.746,422.9239176266896,13
2024-09-20 09:41:10.757,422.85053472581774,1003
2024-09-20 09:41:10.758,422.85114911101647,15
2024-09-20 09:41:10.777,422.8949082170406,995
2024-09-20 09:41:10.786,422.86887106883466,105
2024-09-20 09:41:10.824,422.9004326664616,104
2024-09-20 09:41:10.833,422.9018101589242,1000
2024-09-20 09:41:10.924,422.8618554042715,996
2024-09-20 09:41:10.927,42.28887834132109,100
2024-09-20 09:41:11.043,422.89432869805626,995
2024-09-20 09:41:11.072,422.8753527820895,999
2024-09-20 09:41:11.096,422.9060878302297,1003
2024-09-20 09:41:11.259,422.8660524279574,6
2024-09-20 09:41:11.488,422.9102776405071,1005
2024-09-20 09:41:11.547,422.90839266410535,97
2024-09-20 09:41:11.747,422.9058754221101,995
2024-09-20 09:41:11.883,422.9047572528938,6
2024-09-20 09:41:12.134,422.8472978316888,995
2024-09-20 09:41:12.294,422.82104240275777,6
2024-09-20 09:41:12.317,422.8229342160435,99
2024-09-20 09:41:12.401,-422.7428241961685,1002
2024-09-20 09:41:12.402,422.850443198256,14
2024-09-20 09:41:12.427,422.8326370148958,997
2024-09-20 09:41:12.474,422.8365902816981,13
2024-09-20 09:41:12.490,422.8284705448787,11
2024-09-20 09:41:12.583,422.8474652765635,100
2024-09-20 09:41:12.607,422.7770636023351,5
2024-09-20 09:41:12.722,422.7186193639289,105
2024-09-20 09:41:12.744,42.27175927677678,1001
2024-09-20 09:41:12.783,422.84495544574736,5
2024-09-20 09:41:12.807,422.8455943530867,1002
2024-09-20 09:41:12.877,422.83181603447264,1003
2024-09-20 09:41:12.884,422.7278648102172,12
2024-09-20 09:41:12.925,422.82263733770793,1004
2024-09-20 09:41:12.984,422.8323520748915,10
2024-09-20 09:41:13.054,422.7693163363153,95
2024-09-20 09:41:13.070,422.7847052311225,99
2024-09-20 09:41:13.083,422.7426165288956,6
2024-09-20 09:41:13.087,-422.77984748809007,1004
2024-09-20 09:41:13.097,422.7552237865149,100
2024-09-20 09:41:13.129,422.7625573143807,1004
2024-09-20 09:41:13.154,422.7631833755478,1003
2024-09-20 09:41:13.188,422.7784507763281,100
2024-09-20 09:41:13.262,422.7785717066709,1000
2024-09-20 09:41:13.265,422.7862540332986,101
2024-09-20 09:41:13.304,422.7676959179568,9
2024-09-20 09:41:13.308,422.7598914550245,99
2024-09-20 09:41:13.423,422.7688400588579,104
2024-09-20 09:41:13.435,422.7263220995254,15
2024-09-20 09:41:13.450,422.7622092750796,1000
2024-09-20 09:41:13.464,422.759576616588,12
2024-09-20 09:41:13.470,422.70968698559005,9
2024-09-20 09:41:13.487,422.781243864917,100
2024-09-20 09:41:13.526,422.7816784556435,105
2024-09-20 09:41:13.586,422.7144117617841,5
2024-09-20 09:41:13.678,422.7792352575963,100
2024-09-20 09:41:13.721,422.7797791625832,999
2024-09-20 09:41:13.759,422.768438057045,99
2024-09-20 09:41:13.778,422.75942184704274,10
2024-09-20 09:41:13.863,422.7655015718644,99
2024-09-20 09:41:13.987,422.784288203655,998
2024-09-20 09:41:13.995,422.7862720783973,1004
2024-09-20 09:41:14.172,422.7481219406848,99
2024-09-20 09:41:14.366,422.7530681145355,1000
2024-09-20 09:41:14.404,422.7381935039727,8
2024-09-20 09:41:14.444,422.74643528561694,9
2024-09-20 09:41:14.487,422.7416835240649,1004
2024-09-20 09:41:14.517,422.7291639301624,9
2024-09-20 09:41:14.576,422.73204004428095,12
2024-09-20 09:41:14.635,422.7371329198722,10
2024-09-20 09:41:14.972,422.749135545158,1000
2024-09-20 09:41:15.131,422.67265798185,998
2024-09-20 09:41:15.154,422.75632130121306,15
2024-09-20 09:41:15.220,422.74281672238624,1003
2024-09-20 09:41:15.254,,996
2024-09-20 09:41:15.350,422.6549935350748,1000
2024-09-20 09:41:15.353,422.60208953029854,999
2024-09-20 09:41:15.394,422.64468534302034,13
2024-09-20 09:41:15.411,422.6953579960389,5
2024-09-20 09:41:15.499,422.7413821328484,96
2024-09-20 09:41:15.509,422.68515205809786,98
2024-09-20 09:41:15.546,422.70679627542233,999
2024-09-20 09:41:15.571,422.68941670538766,7
2024-09-20 09:41:15.585,422.599113197316,996
2024-09-20 09:41:15.628,422.7566665057498,999
2024-09-20 09:41:15.674,422.7394618337129,11
2024-09-20 09:41:15.765,422.7473576970481,9
2024-09-20 09:41:15.775,422.7560070435424,99
2024-09-20 09:41:15.798,422.6054559605764,102
2024-09-20 09:41:15.843,422.7250067753494,995
2024-09-20 09:41:15.854,422.628199314942,995
2024-09-20 09:41:15.958,422.7525602796268,10
2024-09-20 09:41:16.011,422.6167312020162,103
2024-09-20 09:41:16.074,422.6236731711192,999
2024-09-20 09:41:16.129,422.5881234300829,7
2024-09-20 09:41:16.134,422.6580670158399,996
2024-09-20 09:41:16.271,422.61176749023673,12
2024-09-20 09:41:16.333,422.6196198710013,99
2024-09-20 09:41:16.340,422.6196179534289,102
2024-09-20 09:41:16.366,422.6042250513236,100
2024-09-20 09:41:16.400,422.618705003705,6
2024-09-20 09:41:16.404,422.60858173791206,96
2024-09-20 09:41:16.406,422.6184760952668,998
2024-09-20 09:41:16.505,422.6116059156834,9
2024-09-20 09:41:16.528,,105
2024-09-20 09:41:16.541,422.6539007804702,100
2024-09-20 09:41:16.554,422.6221960437507,11
2024-09-20 09:41:16.619,422.6034568328251,105
2024-09-20 09:41:16.636,422.6204920223254,9
2024-09-20 09:41:16.659,422.5988869144887,105
2024-09-20 09:41:16.748,422.62599233583023,99
2024-09-20 09:41:16.758,422.6409772466752,11
2024-09-20 09:41:16.760,422.6289737359023,7
2024-09-20 09:41:16.789,422.5973255855891,11
2024-09-20 09:41:16.868,422.6369234440609,96
2024-09-20 09:41:16.895,422.6354661244764,14
2024-09-20 09:41:16.911,422.6102443159595,98
2024-09-20 09:41:16.932,422.6430426619594,1001
2024-09-20 09:41:17.010,422.61132160550414,97
2024-09-20 09:41:17.011,422.5414405887914,1003
2024-09-20 09:41:17.021,422.6273934828329,996
2024-09-20 09:41:17.048,422.61878702895297,5
2024-09-20 09:41:17.090,422.6128853456179,8
2024-09-20 09:41:17.092,422.6013639894929,99
2024-09-20 09:41:17.135,422.5474389637162,96
2024-09-20 09:41:17.214,422.5727719846339,15
2024-09-20 09:41:17.228,422.5642259602676,102
2024-09-20 09:41:17.250,422.5529836060821,97
2024-09-20 09:41:17.264,422.6313764801923,996
2024-09-20 09:41:17.301,422.6265761889588,100
2024-09-20 09:41:17.401,422.5961167505226,6
2024-09-20 09:41:17.442,422.6137667525309,101
2024-09-20 09:41:17.506,422.5916652244866,1002
2024-09-20 09:41:17.529,422.5879281829675,1000
2024-09-20 09:41:17.540,422.61196216424446,9
2024-09-20 09:41:17.589,422.6039670176329,5
2024-09-20 09:41:17.592,422.6277475463132,998
2024-09-20 09:41:17.625,422.5653036318558,1005
2024-09-20 09:41:17.666,422.553593725797,104
2024-09-20 09:41:17.670,422.6237698863324,7
2024-09-20 09:41:17.685,422.58638969692686,102
2024-09-20 09:41:17.746,422.612174880171,100
2024-09-20 09:41:17.773,422.5882488048137,96
2024-09-20 09:41:17.887,422.6162324283156,99
2024-09-20 09:41:17.925,422.54974382041496,13
2024-09-20 09:41:17.965,422.61241920237137,104
2024-09-20 09:41:18.017,422.5622590664469,15
2024-09-20 09:41:18.312,422.5605724418348,98
2024-09-20 09:41:18.425,422.5681007989141,15
2024-09-20 09:41:18.427,422.5613926272958,7
2024-09-20 09:41:18.478,422.5605674801774,1001
2024-09-20 09:41:18.489,422.5431587395796,11
2024-09-20 09:41:18.496,422.5630014167938,103
2024-09-20 09:41:18.737,422.5634851369251,995
2024-09-20 09:41:18.746,422.56391673858553,1000
2024-09-20 09:41:18.871,422.5519114429578,12
2024-09-20 09:41:18.895,422.5645812487007,97
2024-09-20 09:41:18.901,422.5717968118582,101
2024-09-20 09:41:19.012,422.5405712159143,9
2024-09-20 09:41:19.018,422.5513709102329,101
2024-09-20 09:41:19.018,422.55125328893166,105
2024-09-20 09:41:19.049,422.5434045894151,1002
2024-09-20 09:41:19.091,422.53728007506265,12
2024-09-20 09:41:19.129,422.5103732066593,95
2024-09-20 09:41:19.158,422.5466522178564,11
2024-09-20 09:41:19.179,422.52811026348405,99
2024-09-20 09:41:19.203,,14
2024-09-20 09:41:19.205,422.54166872906177,95
2024-09-20 09:41:19.225,422.5238951348893,1004
2024-09-20 09:41:19.396,422.5420425813616,1000
2024-09-20 09:41:19.403,422.53073328159,7
2024-09-20 09:41:19.475,422.5282512130681,996
2024-09-20 09:41:19.753,422.5363433256159,102
2024-09-20 09:41:19.827,422.53755841463845,998
2024-09-20 09:41:19.832,422.55873520221655,11
2024-09-20 09:41:19.919,422.5527154962589,105
2024-09-20 09:41:19.933,422.5575819054235,1001
2024-09-20 09:41:20.035,422.5300640865981,1002
2024-09-20 09:41:20.043,422.5213176785013,12
2024-09-20 09:41:20.197,422.552655426693,996
2024-09-20 09:41:20.243,422.5488091197941,1003
2024-09-20 09:41:20.259,422.5275664197786,9
2024-09-20 09:41:20.346,422.53690305212064,8
2024-09-20 09:41:20.395,422.5604668459024,97
2024-09-20 09:41:20.405,422.5477226850364,1004
2024-09-20 09:41:20.463,422.5614840121367,102
2024-09-20 09:41:20.469,422.5352688294914,105
2024-09-20 09:41:20.505,422.523744608572,15
2024-09-20 09:41:20.537,422.56996041396445,12
2024-09-20 09:41:20.540,422.51688661358753,995
2024-09-20 09:41:20.553,422.5185821193991,1001
2024-09-20 09:41:20.557,422.5421891453682,998
2024-09-20 09:41:20.586,422.5232069849847,9
2024-09-20 09:41:20.596,422.5370555179774,12
2024-09-20 09:41:20.634,422.52516856840185,1005
2024-09-20 09:41:20.708,422.5377463916388,1003
2024-09-20 09:41:20.715,422.5155650095172,96
2024-09-20 09:41:20.812,422.54571089863344,104
2024-09-20 09:41:20.873,422.54082290098734,95
2024-09-20 09:41:20.949,422.5658044798372,996
2024-09-20 09:41:20.976,422.5564116509734,1002
2024-09-20 09:41:20.976,422.5345433724127,995
2024-09-20 09:41:20.981,422.5525868450183,95
2024-09-20 09:41:20.989,422.5333704189909,102
2024-09-20 09:41:21.050,422.5209363341706,995
2024-09-20 09:41:21.065,422.4636847109445,7
2024-09-20 09:41:21.137,422.5110382193199,1004
2024-09-20 09:41:21.162,422.5108152835445,5
2024-09-20 09:41:21.173,422.4951708926116,1001
2024-09-20 09:41:21.184,422.5343146118309,1003
2024-09-20 09:41:21.330,422.49441557369306,1000
2024-09-20 09:41:21.345,422.53502233800543,101
2024-09-20 09:41:21.379,422.52927070852553,7
2024-09-20 09:41:21.413,422.4980048227144,95
2024-09-20 09:41:21.421,422.489175991481,105
2024-09-20 09:41:21.470,422.5119754662899,105
2024-09-20 09:41:21.484,422.47184829696863,5
2024-09-20 09:41:21.520,422.4972285133928,96
2024-09-20 09:41:21.529,422.4994555443376,996
2024-09-20 09:41:21.590,422.49679607987673,1000
2024-09-20 09:41:21.681,422.4852150632701,1002
2024-09-20 09:41:21.701,422.4856672392676,103
2024-09-20 09:41:21.756,422.4951661194758,996
2024-09-20 09:41:21.758,422.5208594288594,100
2024-09-20 09:41:21.817,-422.4837031632074,1002
2024-09-20 09:41:21.823,422.5016960965926,1003
2024-09-20 09:41:21.851,422.48727151594494,995
2024-09-20 09:41:21.894,422.5010780238517,99
2024-09-20 09:41:21.896,422.5004204839924,1000
2024-09-20 09:41:21.974,422.5038036886166,101
2024-09-20 09:41:22.020,422.5021014185396,1001
2024-09-20 09:41:22.176,422.4713697435991,102
2024-09-20 09:41:22.298,422.5220170125576,104
2024-09-20 09:41:22.453,422.47635364382506,11
2024-09-20 09:41:22.464,422.4986629261999,7
2024-09-20 09:41:22.470,422.5159656792836,15
2024-09-20 09:41:22.760,422.5195697861032,98
2024-09-20 09:41:22.791,422.5063872792232,998
2024-09-20 09:41:22.865,422.5078589876989,5
2024-09-20 09:41:22.895,422.495952759973,996
2024-09-20 09:41:22.955,422.5218099110691,6
2024-09-20 09:41:22.965,422.5290920711738,1001
2024-09-20 09:41:23.019,422.5026688154032,97
2024-09-20 09:41:23.082,422.50352521011257,8
2024-09-20 09:41:23.131,422.483980882376,1005
2024-09-20 09:41:23.149,422.5090360054579,9
2024-09-20 09:41:23.256,422.4707927424264,12
2024-09-20 09:41:23.258,422.4653504548512,11
2024-09-20 09:41:23.258,422.4941821958581,13
2024-09-20 09:41:23.261,422.5081191062372,14
2024-09-20 09:41:23.407,42.24791723750088,15
2024-09-20 09:41:23.430,422.4816077443622,14
2024-09-20 09:41:23.473,422.4991491531401,5
2024-09-20 09:41:23.500,422.4894815611525,6
2024-09-20 09:41:23.542,422.4805502099357,1001
2024-09-20 09:41:23.602,422.46293397561385,103
2024-09-20 09:41:23.610,422.5111735924034,104
2024-09-20 09:41:23.630,422.4752724878446,997
2024-09-20 09:41:23.632,422.5003480264965,1004
2024-09-20 09:41:23.698,422.4872026023615,8
2024-09-20 09:41:23.722,422.4927512892238,5
2024-09-20 09:41:23.777,422.47738708526873,97
2024-09-20 09:41:23.839,422.4924492010259,998
2024-09-20 09:41:23.850,422.4821788004975,5
2024-09-20 09:41:24.080,422.56293831965104,14
2024-09-20 09:41:24.177,422.50889822144296,6
2024-09-20 09:41:24.184,422.5578411446008,14
2024-09-20 09:41:24.211,422.5565074646143,101
2024-09-20 09:41:24.252,422.5874835026841,995
2024-09-20 09:41:24.286,422.5541801280337,96
2024-09-20 09:41:24.343,422.5698314904052,13
2024-09-20 09:41:24.373,422.550463275429,10
2024-09-20 09:41:24.495,422.5189619100288,995
2024-09-20 09:41:24.567,422.5707866585038,103
2024-09-20 09:41:24.579,422.59440400983794,5
2024-09-20 09:41:24.584,422.6075086992305,1001
2024-09-20 09:41:24.601,422.5223294553842,995
2024-09-20 09:41:24.630,422.5940269471473,13
2024-09-20 09:41:24.637,422.5622647943586,105
2024-09-20 09:41:24.707,422.5899353545054,104
2024-09-20 09:41:24.738,422.5837826351202,13
2024-09-20 09:41:24.777,422.5567604399764,997
2024-09-20 09:41:24.808,422.5974142169375,13
2024-09-20 09:41:24.811,422.53668027371856,100
2024-09-20 09:41:24.844,422.5875034366718,1002
2024-09-20 09:41:24.896,422.5941557732253,6
2024-09-20 09:41:24.909,422.5510559216449,102
2024-09-20 09:41:24.919,422.6036964341038,103
2024-09-20 09:41:24.957,422.5699262192738,6
2024-09-20 09:41:24.968,422.5887700474023,1001
2024-09-20 09:41:24.999,422.5709572023096,1004
2024-09-20 09:41:25.001,422.5166357941634,105
2024-09-20 09:41:25.017,422.53996211981865,12
2024-09-20 09:41:25.064,422.56225253172914,1005
2024-09-20 09:41:25.067,422.5506432725839,11
2024-09-20 09:41:25.180,422.5627233450742,12
2024-09-20 09:41:25.219,422.5609816699665,8
2024-09-20 09:41:25.230,422.5468886794434,96
2024-09-20 09:41:25.235,422.5811375096928,1004
2024-09-20 09:41:25.285,422.5211561097529,101
2024-09-20 09:41:25.334,422.5242864470962,14
2024-09-20 09:41:25.340,422.5219013288241,98
2024-09-20 09:41:25.373,422.5361777166449,99
2024-09-20 09:41:25.482,422.57729791941455,1001
2024-09-20 09:41:25.513,,7
2024-09-20 09:41:25.591,422.5742533636808,1001
2024-09-20 09:41:25.608,422.5403484059135,999
2024-09-20 09:41:25.657,422.5522052797898,13
2024-09-20 09:41:25.658,422.5586782998754,1004
2024-09-20 09:41:25.692,422.5701218366301,7
2024-09-20 09:41:25.826,422.51418771806254,996
2024-09-20 09:41:25.830,422.5437731935133,97
2024-09-20 09:41:25.886,422.5630514430594,96
2024-09-20 09:41:25.929,422.5261946778542,6
2024-09-20 09:41:25.939,422.58696508652014,6
2024-09-20 09:41:25.947,422.5708274338027,995
2024-09-20 09:41:25.960,422.5632188844879,100
2024-09-20 09:41:25.997,422.5642200073153,1004
2024-09-20 09:41:26.016,422.51639476715,1002
2024-09-20 09:41:26.023,422.5721486152285,103
2024-09-20 09:41:26.072,422.5876608888248,15
2024-09-20 09:41:26.090,422.57201677603314,105
2024-09-20 09:41:26.136,422.5800504400928,104
2024-09-20 09:41:26.150,422.5783340799199,102
2024-09-20 09:41:26.175,422.534359209194,1003
2024-09-20 09:41:26.222,422.5605094219613,102
2024-09-20 09:41:26.223,422.5262127343096,96
2024-09-20 09:41:26.392,422.5683149667954,103
2024-09-20 09:41:26.434,422.5527135248713,100
2024-09-20 09:41:26.434,422.5756480522989,97
2024-09-20 09:41:26.459,422.5183509369814,1004
2024-09-20 09:41:26.471,422.5916373716033,100
2024-09-20 09:41:26.484,422.5665954279233,998
2024-09-20 09:41:26.486,422.5799344750371,96
2024-09-20 09:41:26.652,422.5263900303791,14
2024-09-20 09:41:26.687,422.5383133335214,1000
2024-09-20 09:41:26.805,422.5810953423466,1004
2024-09-20 09:41:27.047,422.6331270093985,101
2024-09-20 09:41:27.066,422.6624097212443,5
2024-09-20 09:41:27.125,422.5906106884189,96
2024-09-20 09:41:27.256,422.6592817185641,10
2024-09-20 09:41:27.312,422.6402587146635,10
2024-09-20 09:41:27.326,422.6487785487296,96
2024-09-20 09:41:27.355,422.6375070863965,1000
2024-09-20 09:41:27.389,422.6345704085007,996
2024-09-20 09:41:27.431,422.6587513278983,995
2024-09-20 09:41:27.436,422.56626195971023,1004
2024-09-20 09:41:27.439,422.6177258115693,9
2024-09-20 09:41:27.460,422.5820929832895,13
2024-09-20 09:41:27.495,422.61756724048536,95
2024-09-20 09:41:27.502,422.53494888271086,997
2024-09-20 09:41:27.535,422.6343119655714,1004
2024-09-20 09:41:27.696,422.6336422384685,999
2024-09-20 09:41:27.746,422.62222111423046,96
2024-09-20 09:41:27.780,422.6047294260441,996
2024-09-20 09:41:27.798,422.6617468793305,998
2024-09-20 09:41:27.818,422.6267109749946,996
2024-09-20 09:41:27.869,422.6474505021663,5
2024-09-20 09:41:27.914,422.53533409598367,1001
2024-09-20 09:41:27.980,422.61152409448505,15
2024-09-20 09:41:27.982,422.5919900376718,1001
2024-09-20 09:41:28.016,422.7035254395101,998
2024-09-20 09:41:28.220,422.70944027435263,15
2024-09-20 09:41:28.279,422.6637526583679,8
2024-09-20 09:41:28.335,422.6480930797924,7
2024-09-20 09:41:28.416,422.7216408196935,5
2024-09-20 09:41:28.455,422.6864020589069,7
2024-09-20 09:41:28.578,422.6344659459463,1000
2024-09-20 09:41:28.751,422.7068954623901,999
2024-09-20 09:41:28.761,422.7217683566534,1000
2024-09-20 09:41:28.820,422.6499460682088,997
2024-09-20 09:41:28.840,422.6253395727878,1005
2024-09-20 09:41:28.895,422.6530815097087,999
2024-09-20 09:41:28.899,422.6449224872674,1003
2024-09-20 09:41:28.910,422.6557893369896,7
2024-09-20 09:41:29.049,422.7403679122394,11
2024-09-20 09:41:29.093,422.6781051225209,8
2024-09-20 09:41:29.108,422.69965414655474,8
2024-09-20 09:41:29.153,422.7142586318259,11
2024-09-20 09:41:29.210,422.7440808821676,1003
2024-09-20 09:41:29.368,422.7157857003784,8
2024-09-20 09:41:29.385,422.6807759836655,1001
2024-09-20 09:41:29.394,422.7097878706748,1000
2024-09-20 09:41:29.519,422.69126890636494,1004
2024-09-20 09:41:29.578,422.71603698802375,8
2024-09-20 09:41:29.853,422.7002313414234,100
2024-09-20 09:41:29.884,,999
2024-09-20 09:41:30.069,422.7219164835316,100
2024-09-20 09:41:30.218,422.7029126902607,96
2024-09-20 09:41:30.230,422.70571309584034,97
2024-09-20 09:41:30.366,422.7114620277436,95
2024-09-20 09:41:30.511,422.71215064176914,8
2024-09-20 09:41:30.546,422.7157821943596,95
2024-09-20 09:41:30.692,,98
2024-09-20 09:41:30.718,422.7224616296088,10
2024-09-20 09:41:30.733,422.7232675155496,10
2024-09-20 09:41:30.787,422.6980520443543,1000
2024-09-20 09:41:30.798,422.7127375089458,998
2024-09-20 09:41:30.932,422.72045251008313,999
2024-09-20 09:41:31.039,422.70176639695393,5
2024-09-20 09:41:31.079,422.7004406501272,5
2024-09-20 09:41:31.094,422.70858842815454,10
2024-09-20 09:41:31.124,422.74585949473226,12
2024-09-20 09:41:31.167,422.7418795488078,996
2024-09-20 09:41:31.189,422.7757799709175,100
2024-09-20 09:41:31.234,422.7179493502687,104
2024-09-20 09:41:31.299,422.7483852673965,6
2024-09-20 09:41:31.328,422.7337784253224,104
2024-09-20 09:41:31.367,422.7919647637123,1002
2024-09-20 09:41:31.378,422.6976020532752,103
2024-09-20 09:41:31.426,422.75616438242827,998
2024-09-20 09:41:31.458,-422.7922244609947,96
2024-09-20 09:41:31.459,422.7481108829278,95
2024-09-20 09:41:31.464,422.7438857944019,5
2024-09-20 09:41:31.508,422.73224010566327,1005
2024-09-20 09:41:31.553,422.7834622209955,5
2024-09-20 09:41:31.621,422.7084028167931,7
2024-09-20 09:41:31.657,422.7076301202872,1003
2024-09-20 09:41:31.667,422.757189691105,7
2024-09-20 09:41:31.691,422.7406021659057,102
2024-09-20 09:41:31.692,422.77552007792144,12
2024-09-20 09:41:31.727,422.77332502927607,1000
2024-09-20 09:41:31.731,422.7279523428344,1004
2024-09-20 09:41:31.801,422.73382477746514,102
2024-09-20 09:41:31.805,422.7422056462559,11
2024-09-20 09:41:31.871,422.7619440506418,998
2024-09-20 09:41:31.874,-422.795531594027,9
2024-09-20 09:41:31.908,422.7442748286566,105
2024-09-20 09:41:32.030,422.7229409883562,100
2024-09-20 09:41:32.030,422.6397878914645,103
2024-09-20 09:41:32.051,422.6741637892178,100
2024-09-20 09:41:32.066,422.6652656567663,13
2024-09-20 09:41:32.087,422.7186694498546,102
2024-09-20 09:41:32.274,422.6746821548264,95
2024-09-20 09:41:32.345,422.7069858474716,1004
2024-09-20 09:41:32.362,422.7124867390263,12
2024-09-20 09:41:32.426,422.681775254169,1003
2024-09-20 09:41:32.481,422.68083590718726,95
2024-09-20 09:41:32.503,422.6902931583583,15
2024-09-20 09:41:32.504,422.737615218192,9
2024-09-20 09:41:32.530,422.6987832293442,102
2024-09-20 09:41:32.540,422.7161552269579,12
2024-09-20 09:41:32.561,422.643892998381,5
2024-09-20 09:41:32.581,422.6848067440538,1005
2024-09-20 09:41:32.610,422.6514319674278,104
2024-09-20 09:41:32.679,422.7238138295751,1002
2024-09-20 09:41:32.704,422.660833543597,996
2024-09-20 09:41:32.858,422.67938981761824,1000
2024-09-20 09:41:32.900,422.66977012042753,6
2024-09-20 09:41:32.934,422.6862026727089,100
2024-09-20 09:41:32.935,422.6846024866724,99
2024-09-20 09:41:32.938,422.6844543355015,1005
2024-09-20 09:41:32.974,422.6645107149473,998
2024-09-20 09:41:33.120,,1004
2024-09-20 09:41:33.371,422.69570951138746,5
2024-09-20 09:41:33.388,422.6812576403711,1004
2024-09-20 09:41:33.452,422.6941778898407,96
2024-09-20 09:41:33.487,422.72951395992624,95
2024-09-20 09:41:34.021,422.78037004529807,104
2024-09-20 09:41:34.076,422.7621200725928,1002
2024-09-20 09:41:34.089,422.7448925537368,104
2024-09-20 09:41:34.130,422.7674876283185,11
2024-09-20 09:41:34.248,422.7470811078342,98
2024-09-20 09:41:34.250,422.7536667460452,995
2024-09-20 09:41:34.253,422.8100702927228,103
2024-09-20 09:41:34.261,422.8017135264364,1002
2024-09-20 09:41:34.349,422.7197121941642,98
2024-09-20 09:41:34.350,422.7553798973212,1003
2024-09-20 09:41:34.384,422.7949234255797,14
2024-09-20 09:41:34.449,422.7900829536275,10
2024-09-20 09:41:34.544,422.7861961436065,103
2024-09-20 09:41:34.579,422.7449474456135,998
2024-09-20 09:41:34.718,422.7426289412628,9
2024-09-20 09:41:34.739,422.76592515024976,1004
2024-09-20 09:41:34.746,422.7394312153914,97
2024-09-20 09:41:34.763,422.7548612794444,1002
2024-09-20 09:41:34.777,422.8189087463131,1005
2024-09-20 09:41:34.827,422.7697641819461,15
2024-09-20 09:41:34.836,422.7659773158077,1000
2024-09-20 09:41:34.868,422.75860302886406,96
2024-09-20 09:41:34.889,422.71397701095566,1002
2024-09-20 09:41:34.905,422.7624293293607,996
2024-09-20 09:41:34.937,422.7496311690133,1000
2024-09-20 09:41:34.970,422.7523166321381,100
2024-09-20 09:41:34.984,422.7594634378713,1005
2024-09-20 09:41:35.024,422.832747134056,103
2024-09-20 09:41:35.028,422.8215539520022,12
2024-09-20 09:41:35.245,422.8502263654717,9
2024-09-20 09:41:35.290,422.8470589413489,14
2024-09-20 09:41:35.354,422.8156836947044,11
2024-09-20 09:41:35.484,422.84346293140254,96
2024-09-20 09:41:35.493,422.81680079066257,1000
2024-09-20 09:41:35.516,422.8226304997363,102
2024-09-20 09:41:35.567,422.8143153495309,995
2024-09-20 09:41:35.592,422.8270769219227,1000
2024-09-20 09:41:35.682,422.86242241147175,5
2024-09-20 09:41:35.761,422.8037895187828,101
2024-09-20 09:41:35.849,422.8424957192098,13
2024-09-20 09:41:35.869,422.8234448154983,102
2024-09-20 09:41:35.919,422.8517811361216,100
2024-09-20 09:41:35.977,422.8149840181201,99
2024-09-20 09:41:35.980,422.8025134913172,995
2024-09-20 09:41:36.066,422.8057769486609,7
2024-09-20 09:41:36.235,422.76597759845015,995
2024-09-20 09:41:36.534,422.8134355492573,100
2024-09-20 09:41:36.929,422.7921850358774,102
2024-09-20 09:41:36.929,422.8212155897708,5
2024-09-20 09:41:36.958,422.7902437419025,1001
2024-09-20 09:41:37.790,422.7465230366786,8
2024-09-20 09:41:37.997,422.7783150961427,5
2024-09-20 09:41:39.008,422.7795383689463,999
2024-09-20 09:41:39.038,422.7612787167175,98
2024-09-20 09:41:39.060,422.7883044271799,12
2024-09-20 09:41:39.143,422.7738145035565,105
2024-09-20 09:41:39.239,422.7404706599036,7
2024-09-20 09:41:39.360,422.7572662126523,998
2024-09-20 09:41:39.418,422.7817561502472,1003
2024-09-20 09:41:39.673,-422.7711468617084,1002
2024-09-20 09:41:39.746,422.7646899655728,95
2024-09-20 09:41:39.803,422.744200372712,5
2024-09-20 09:41:39.825,422.7716432757675,997
2024-09-20 09:41:40.104,-422.7895962337794,997
2024-09-20 09:41:40.107,422.7958211680203,1002
2024-09-20 09:41:40.124,422.78399546831537,101
2024-09-20 09:41:40.143,422.7768475350389,1005
2024-09-20 09:41:40.149,422.7646964256695,95
2024-09-20 09:41:40.158,422.79742604059135,1003
2024-09-20 09:41:40.185,422.7779782471388,1003
2024-09-20 09:41:40.202,422.7724392134198,104
2024-09-20 09:41:40.207,422.7793543879408,1005
2024-09-20 09:41:40.224,422.79400219979976,95
2024-09-20 09:41:40.274,422.7932359712586,997
2024-09-20 09:41:40.325,422.77575652184345,997
2024-09-20 09:41:40.552,422.80946499653845,14
2024-09-20 09:41:40.604,422.7991133085205,999
2024-09-20 09:41:40.637,422.77957452235415,1002
2024-09-20 09:41:40.716,422.8028724359316,100
2024-09-20 09:41:40.804,422.7887451744255,101
2024-09-20 09:41:40.845,422.7910961728056,13
2024-09-20 09:41:40.862,422.7849560989392,995
2024-09-20 09:41:40.872,422.78038887161074,11
2024-09-20 09:41:40.886,422.7808806975792,7
2024-09-20 09:41:40.887,422.791596235578,996
2024-09-20 09:41:41.083,422.796816082628,10
2024-09-20 09:41:41.350,422.78938295780745,102
2024-09-20 09:41:41.419,422.8001065245313,6
2024-09-20 09:41:41.534,422.80108584604943,8
2024-09-20 09:41:42.010,422.7476248083154,11
2024-09-20 09:41:42.016,422.7911461170461,104
2024-09-20 09:41:42.098,422.7778734654908,1004
2024-09-20 09:41:42.134,422.7889620110928,9
2024-09-20 09:41:42.269,422.7815437056301,97
2024-09-20 09:41:42.319,422.7907129448374,995
2024-09-20 09:41:42.429,422.79554282684416,105
2024-09-20 09:41:42.470,422.7451621917553,999
2024-09-20 09:41:42.500,422.7785993755128,100
2024-09-20 09:41:42.729,422.8043549662543,100
2024-09-20 09:41:43.145,422.7425798355824,95
2024-09-20 09:41:43.215,422.7384466043896,12
2024-09-20 09:41:43.264,422.7309927539197,1003
2024-09-20 09:41:43.311,422.7073626350652,1001
2024-09-20 09:41:43.351,422.7026780379958,14
2024-09-20 09:41:43.572,422.7402990131378,1004
2024-09-20 09:41:43.624,422.7011742908136,96
2024-09-20 09:41:43.900,422.7181248784945,6
2024-09-20 09:41:43.924,422.7125785512375,100
2024-09-20 09:41:43.944,422.7433661780376,105
2024-09-20 09:41:43.996,422.7341182917986,999
2024-09-20 09:41:44.107,422.71997387087936,12
2024-09-20 09:41:44.126,422.7575271876941,997
2024-09-20 09:41:44.180,422.7180123255241,7
2024-09-20 09:41:44.188,422.7399668265698,104
2024-09-20 09:41:44.214,422.7454398972831,998
2024-09-20 09:41:44.239,422.7463698350668,101
2024-09-20 09:41:44.261,422.7194460808199,96
2024-09-20 09:41:44.328,422.7057938915351,1003
2024-09-20 09:41:44.340,422.71560011223664,10
2024-09-20 09:41:44.367,422.7450738931578,105
2024-09-20 09:41:44.381,422.7139043201664,10
2024-09-20 09:41:44.442,422.7179322899996,102
2024-09-20 09:41:44.607,422.73404678097256,100
2024-09-20 09:41:44.612,422.737685863756,10
2024-09-20 09:41:44.623,422.6991578920418,11
2024-09-20 09:41:44.654,422.7158365718519,99
2024-09-20 09:41:44.655,422.7077384639028,10
2024-09-20 09:41:44.683,42.2759083234896,96
2024-09-20 09:41:44.794,422.7457393989792,104
2024-09-20 09:41:44.805,422.7603512258164,100
2024-09-20 09:41:44.974,422.744484115256,12
2024-09-20 09:41:44.975,422.7305042690409,1001
2024-09-20 09:41:45.054,422.753194145043,14
2024-09-20 09:41:45.068,422.71682933242073,14
2024-09-20 09:41:45.100,422.7430764405266,1000
2024-09-20 09:41:45.105,422.6853511877529,11
2024-09-20 09:41:45.208,422.73686865906143,104
2024-09-20 09:41:45.242,-422.7350828639754,98
2024-09-20 09:41:45.352,422.7170802418921,101
2024-09-20 09:41:45.357,422.7113745769044,997
2024-09-20 09:41:45.371,422.6750823808536,1001
2024-09-20 09:41:45.385,422.74490271540304,97
2024-09-20 09:41:45.391,422.6764712102207,995
2024-09-20 09:41:45.439,422.74641982546353,7
2024-09-20 09:41:45.486,422.7581738885906,8
2024-09-20 09:41:45.536,422.7233550464564,998
2024-09-20 09:41:45.569,422.7650868171506,96
2024-09-20 09:41:45.574,422.75133146537127,15
2024-09-20 09:41:45.575,422.6982431738152,7
2024-09-20 09:41:45.582,422.73320332297385,97
2024-09-20 09:41:45.591,422.7246118100596,5
2024-09-20 09:41:45.600,422.7338261383515,10
2024-09-20 09:41:45.642,422.73705958256346,95
2024-09-20 09:41:45.666,422.74900801595976,999
2024-09-20 09:41:45.680,422.7479773742024,101
2024-09-20 09:41:45.703,422.6958489237603,1004
2024-09-20 09:41:45.744,422.7215123939951,105
2024-09-20 09:41:45.888,422.6808425145224,5
2024-09-20 09:41:45.891,422.7264404489191,1004
2024-09-20 09:41:45.956,422.7287879572049,12
2024-09-20 09:41:45.967,422.7635076135354,98
2024-09-20 09:41:45.987,422.73846662346114,102
2024-09-20 09:41:46.049,422.7239772221835,14
2024-09-20 09:41:46.109,422.7125568776066,998
2024-09-20 09:41:46.152,422.6976505950189,103
2024-09-20 09:41:46.171,422.7040899956961,1000
2024-09-20 09:41:46.241,422.68995882882496,999
2024-09-20 09:41:46.424,422.7031406732274,1000
2024-09-20 09:41:46.442,422.6923322512268,997
2024-09-20 09:41:46.467,422.7021724670242,97
2024-09-20 09:41:46.509,422.7071232446237,104
2024-09-20 09:41:46.601,422.70514506132326,96
2024-09-20 09:41:46.763,422.7156216753629,12
2024-09-20 09:41:46.782,422.71491091911815,96
2024-09-20 09:41:46.787,422.7236008338783,15
2024-09-20 09:41:46.789,422.7111392691424,1004
2024-09-20 09:41:46.793,422.7051011956839,102
2024-09-20 09:41:48.008,422.7280885002417,103
2024-09-20 09:41:48.135,422.7256666895416,1003
2024-09-20 09:41:48.163,422.7521224186443,95
2024-09-20 09:41:48.165,422.7348070485786,9
2024-09-20 09:41:48.241,422.7447468983522,96
2024-09-20 09:41:48.258,422.7487595225186,13
2024-09-20 09:41:48.276,422.7611528558296,12
2024-09-20 09:41:48.319,422.74259865982856,96
2024-09-20 09:41:48.340,422.7580322399044,996
2024-09-20 09:41:48.372,422.7791607214478,999
2024-09-20 09:41:48.523,422.7642051201675,95
2024-09-20 09:41:48.604,422.7522809579973,98
2024-09-20 09:41:48.657,422.738049120869,998
2024-09-20 09:41:48.667,422.75607133278265,12
2024-09-20 09:41:48.724,422.7436160221365,12
2024-09-20 09:41:48.741,422.7596171805948,15
2024-09-20 09:41:48.755,422.7417272973512,101
2024-09-20 09:41:48.882,422.734656270523,10
2024-09-20 09:41:48.941,422.7592294668948,98
2024-09-20 09:41:48.970,422.7767661910713,7
2024-09-20 09:41:49.101,422.75577817191794,104
2024-09-20 09:41:49.128,422.78157874067495,102
2024-09-20 09:41:49.163,422.7723315003373,1003
2024-09-20 09:41:49.245,422.7808377623987,10
2024-09-20 09:41:49.317,422.78738789207006,15
2024-09-20 09:41:49.342,422.7915212441514,6
2024-09-20 09:41:49.413,422.7629496172383,15
2024-09-20 09:41:49.522,422.79427691239925,13
2024-09-20 09:41:49.584,422.7795120606864,1000
2024-09-20 09:41:49.641,422.7296706462688,7
2024-09-20 09:41:49.662,422.7680476711141,12
2024-09-20 09:41:49.709,422.7638910922647,11
2024-09-20 09:41:49.863,422.7791970363985,11
2024-09-20 09:41:49.893,-422.7505128901671,996
2024-09-20 09:41:49.944,422.7625936087045,95
2024-09-20 09:41:49.984,422.7772325637425,1002
2024-09-20 09:41:49.987,422.76098762289314,995
2024-09-20 09:41:51.074,422.7605975209748,7
2024-09-20 09:41:51.116,422.7480395758129,14
2024-09-20 09:41:51.171,422.7527185211708,999
2024-09-20 09:41:51.211,422.8004461765958,995
2024-09-20 09:41:51.304,422.76291194168886,997
2024-09-20 09:41:51.378,422.7560165987279,7
2024-09-20 09:41:51.450,422.7653243319936,102
2024-09-20 09:41:51.585,422.78551528015566,1002
2024-09-20 09:41:51.607,422.7776357233825,102
2024-09-20 09:41:51.646,422.7622296560579,1000
2024-09-20 09:41:51.694,422.7697994176046,15
2024-09-20 09:41:51.700,422.7605794272156,98
2024-09-20 09:41:51.702,422.7636715539624,12
2024-09-20 09:41:51.744,422.7761813060324,1003
2024-09-20 09:41:51.745,422.7755612634098,104
2024-09-20 09:41:51.748,422.7649273167079,105
2024-09-20 09:41:51.789,422.8060277944147,15
2024-09-20 09:41:51.803,422.74937324989054,998
2024-09-20 09:41:51.896,422.7765166715821,103
2024-09-20 09:41:51.908,422.7902541632603,1004
2024-09-20 09:41:52.034,422.80791274090734,1000
2024-09-20 09:41:52.058,422.852606157325,5
2024-09-20 09:41:52.118,422.8043294030314,9
2024-09-20 09:41:52.140,422.79139518193386,996
2024-09-20 09:41:52.177,422.8375292920856,100
2024-09-20 09:41:52.224,422.7801888049992,13
2024-09-20 09:41:52.320,422.8022169022694,13
2024-09-20 09:41:52.334,422.8754397469043,1004
2024-09-20 09:41:52.405,422.8188128081129,98
2024-09-20 09:41:52.464,422.75152205265806,11
2024-09-20 09:41:52.542,422.8458993581179,5
2024-09-20 09:41:52.578,422.7511632052239,996
2024-09-20 09:41:52.586,422.8003231522527,999
2024-09-20 09:41:52.594,422.7826763454905,995
2024-09-20 09:41:52.607,422.840719428541,11
2024-09-20 09:41:52.610,422.7665603421799,1002
2024-09-20 09:41:52.615,422.7555286092274,9
2024-09-20 09:41:52.638,422.81816605424376,1000
2024-09-20 09:41:52.641,422.7934924803005,98
2024-09-20 09:41:52.650,422.8077699695596,1003
2024-09-20 09:41:52.689,422.8646720115191,7
2024-09-20 09:41:52.778,422.7554830186682,105
2024-09-20 09:41:52.793,422.79414432881913,97
2024-09-20 09:41:52.810,422.8266177036559,1000
2024-09-20 09:41:52.852,422.8053798932849,9
2024-09-20 09:41:52.910,422.8579530533967,97
2024-09-20 09:41:52.921,422.78526955835,1000
2024-09-20 09:41:53.289,422.83240869891074,1002
2024-09-20 09:41:53.582,422.8244037769789,101
2024-09-20 09:41:53.615,422.8221071900563,996
2024-09-20 09:41:53.649,422.8417508989507,8
2024-09-20 09:41:54.671,422.7764004916462,98
2024-09-20 09:41:54.762,422.8004749140139,15
2024-09-20 09:41:54.853,422.7821769909483,997
2024-09-20 09:41:56.027,422.7764149075801,6
2024-09-20 09:41:56.076,422.79469162821766,995
2024-09-20 09:41:56.104,422.8142479755461,102
2024-09-20 09:41:56.128,422.8007217858904,8
2024-09-20 09:41:56.129,422.7871800811967,98
2024-09-20 09:41:56.279,422.8041258080788,14
2024-09-20 09:41:56.808,422.7905090846566,8
2024-09-20 09:41:56.831,422.7658304311484,98
2024-09-20 09:41:56.837,422.7928437438801,6
2024-09-20 09:41:56.849,422.81327601299375,12
2024-09-20 09:41:56.856,422.79393818995857,13
2024-09-20 09:41:56.903,422.80722162088097,11
2024-09-20 09:41:56.960,422.78423177906143,14
2024-09-20 09:41:56.961,,12
2024-09-20 09:41:57.229,422.7916528664823,6
2024-09-20 09:41:57.484,422.79051875433566,996
2024-09-20 09:41:57.653,422.77307663382777,95
2024-09-20 09:41:57.926,422.80001506579305,105
2024-09-20 09:41:58.034,422.7917082019202,1000
2024-09-20 09:41:58.313,422.7816077580891,96
2024-09-20 09:41:58.435,422.8358591177064,11
2024-09-20 09:41:58.718,422.8040646030267,12
2024-09-20 09:41:58.753,422.812559046412,7
2024-09-20 09:41:58.904,422.8147830557372,1004
2024-09-20 09:41:59.026,422.8061585198853,15
2024-09-20 09:41:59.029,422.8326092028549,14
2024-09-20 09:41:59.084,422.8125325755402,96
2024-09-20 09:41:59.148,422.81055067941713,95
2024-09-20 09:41:59.167,422.8370867705028,13
2024-09-20 09:41:59.206,422.7697406782351,103
2024-09-20 09:41:59.208,422.8360139323676,7
2024-09-20 09:41:59.284,422.8032339777012,14
2024-09-20 09:41:59.370,422.8406406052256,105
2024-09-20 09:41:59.445,422.802638233585,5
2024-09-20 09:41:59.575,422.8224825430717,105
2024-09-20 09:41:59.632,422.7895223985631,1002
2024-09-20 09:41:59.688,422.8047965169287,998
2024-09-20 09:41:59.745,422.7976681776314,998
2024-09-20 09:41:59.788,422.8386393630805,95
2024-09-20 09:41:59.989,422.8385131757048,101
