Timestamp,Price,Size
2024-09-16 12:20:00.004,416.5468000569253,15
2024-09-16 12:20:00.046,416.5375551215558,12
2024-09-16 12:20:00.155,416.5396094281282,13
2024-09-16 12:20:00.203,416.52541501955454,101
2024-09-16 12:20:00.258,416.5303670098438,7
2024-09-16 12:20:00.620,416.51562871230885,100
2024-09-16 12:20:00.654,416.5231649204339,7
2024-09-16 12:20:00.661,41.655161570591154,1001
2024-09-16 12:20:00.741,416.5332240437487,96
2024-09-16 12:20:00.792,416.5315557153287,1005
2024-09-16 12:20:00.824,416.5251585367455,105
2024-09-16 12:20:00.929,416.544001013206,97
2024-09-16 12:20:01.001,416.5320318211996,96
2024-09-16 12:20:01.040,416.515749778716,995
2024-09-16 12:20:01.180,416.5101500438481,9
2024-09-16 12:20:01.216,416.5427979340007,7
2024-09-16 12:20:01.262,416.5138092779737,15
2024-09-16 12:20:01.311,416.54818393246666,96
2024-09-16 12:20:01.362,416.54299513616974,7
2024-09-16 12:20:01.370,416.5089284104826,103
2024-09-16 12:20:01.442,416.5724976173002,10
2024-09-16 12:20:01.467,416.5422092488176,996
2024-09-16 12:20:01.501,416.5657836679069,104
2024-09-16 12:20:01.505,416.5251676958436,101
2024-09-16 12:20:01.569,416.50569161986607,998
2024-09-16 12:20:01.571,416.5438638773462,99
2024-09-16 12:20:01.699,416.4836856261059,997
2024-09-16 12:20:01.874,416.5396108910388,7
2024-09-16 12:20:01.923,416.5440024019298,1000
2024-09-16 12:20:01.967,416.4946753696463,6
2024-09-16 12:20:02.077,416.58003079916045,1005
2024-09-16 12:20:02.116,416.59868864939176,104
2024-09-16 12:20:02.127,416.55131271789344,1000
2024-09-16 12:20:02.176,416.5362797901694,8
2024-09-16 12:20:02.212,416.57142353013353,6
2024-09-16 12:20:02.258,416.5974320596136,6
2024-09-16 12:20:02.284,416.552335464289,1002
2024-09-16 12:20:02.341,416.53606513256807,999
2024-09-16 12:20:02.344,416.604369993736,6
2024-09-16 12:20:02.389,416.5762453621164,1000
2024-09-16 12:20:02.400,416.5402127211868,100
2024-09-16 12:20:02.415,416.5926644847028,96
2024-09-16 12:20:02.415,416.5443214806557,1002
2024-09-16 12:20:02.430,416.5290509352424,13
2024-09-16 12:20:02.433,416.5730802337261,12
2024-09-16 12:20:02.542,,10
2024-09-16 12:20:02.627,416.5545033127699,1002
2024-09-16 12:20:02.665,,98
2024-09-16 12:20:02.731,416.5135728417822,11
2024-09-16 12:20:02.737,416.5387993981976,1004
2024-09-16 12:20:02.749,416.605810036195,999
2024-09-16 12:20:02.769,416.5837040248043,103
2024-09-16 12:20:02.782,416.5629162919491,13
2024-09-16 12:20:02.783,416.5551947609353,11
2024-09-16 12:20:02.847,41.66024338359847,96
2024-09-16 12:20:02.874,416.5544626835317,97
2024-09-16 12:20:02.904,416.54588495568726,98
2024-09-16 12:20:02.949,416.543061347722,8
2024-09-16 12:20:02.969,416.6017801847068,9
2024-09-16 12:20:03.039,416.54394933702594,100
2024-09-16 12:20:03.175,416.5892837698984,1001
2024-09-16 12:20:03.214,416.5202602799903,12
2024-09-16 12:20:03.299,416.5815037096248,1001
2024-09-16 12:20:03.306,416.51345041188654,104
2024-09-16 12:20:03.311,416.4942174172038,13
2024-09-16 12:20:03.323,416.5606446965574,104
2024-09-16 12:20:03.338,416.5354382674743,105
2024-09-16 12:20:03.403,416.58182556952335,5
2024-09-16 12:20:03.582,416.50844198998885,1002
2024-09-16 12:20:03.682,416.5745682181704,99
2024-09-16 12:20:03.886,416.5938903971096,9
2024-09-16 12:20:04.004,416.5221334351858,15
2024-09-16 12:20:04.040,416.51271907738834,13
2024-09-16 12:20:04.198,416.5314393178742,995
2024-09-16 12:20:04.199,416.5276170303929,995
2024-09-16 12:20:04.230,416.524834975938,995
2024-09-16 12:20:04.343,416.5421149226797,105
2024-09-16 12:20:04.489,416.5236845758511,12
2024-09-16 12:20:04.534,416.5261224379858,995
2024-09-16 12:20:04.557,416.50961391609326,95
2024-09-16 12:20:04.568,416.5131506196639,15
2024-09-16 12:20:04.617,416.5453575247898,104
2024-09-16 12:20:04.682,416.5079296967265,101
2024-09-16 12:20:04.769,416.4917295659244,7
2024-09-16 12:20:04.813,416.5304863056189,999
2024-09-16 12:20:04.857,416.4991370883741,998
2024-09-16 12:20:04.872,416.5151698797731,997
2024-09-16 12:20:05.006,416.5312390865594,14
2024-09-16 12:20:05.088,416.5454731845598,102
2024-09-16 12:20:05.159,416.55486552086313,9
2024-09-16 12:20:05.341,416.5612891274393,96
2024-09-16 12:20:05.352,416.5232414312223,997
2024-09-16 12:20:05.476,416.5612873914275,96
2024-09-16 12:20:05.613,416.55151377535066,995
2024-09-16 12:20:05.684,416.5246779647941,1005
2024-09-16 12:20:05.704,416.5391805712451,1003
2024-09-16 12:20:05.718,416.5503363626341,11
2024-09-16 12:20:05.773,416.544818311088,1004
2024-09-16 12:20:05.788,416.53931058192194,15
2024-09-16 12:20:05.960,416.5323189434949,997
2024-09-16 12:20:06.081,416.550201191952,8
2024-09-16 12:20:06.108,416.5515090482143,1002
2024-09-16 12:20:06.109,416.5826409355048,105
2024-09-16 12:20:06.137,416.6037423515089,1002
2024-09-16 12:20:06.141,416.5998317993901,102
2024-09-16 12:20:06.208,416.5595486715448,102
2024-09-16 12:20:06.212,416.58470826496415,103
2024-09-16 12:20:06.214,416.59405201405934,1003
2024-09-16 12:20:06.227,416.5546841224387,105
2024-09-16 12:20:06.268,416.5555306679207,996
2024-09-16 12:20:06.293,416.5723711076854,103
2024-09-16 12:20:06.299,416.57644785955966,98
2024-09-16 12:20:06.336,416.54576168901633,995
2024-09-16 12:20:06.402,416.5629669613111,99
2024-09-16 12:20:06.421,416.5561473357665,1000
2024-09-16 12:20:06.443,416.59536276140943,101
2024-09-16 12:20:06.452,416.5673487906412,998
2024-09-16 12:20:06.456,416.582477544467,100
2024-09-16 12:20:06.497,416.5779921903884,11
2024-09-16 12:20:06.565,416.5887322769208,7
2024-09-16 12:20:06.602,41.65785270294981,1003
2024-09-16 12:20:06.631,416.5782259681184,99
2024-09-16 12:20:06.658,416.60012911974326,102
2024-09-16 12:20:06.708,-416.6087380004829,7
2024-09-16 12:20:06.766,416.5904126284066,1001
2024-09-16 12:20:06.793,416.5593164442139,8
2024-09-16 12:20:06.826,416.59855038456624,998
2024-09-16 12:20:06.856,416.5933219446078,15
2024-09-16 12:20:06.857,416.59164414165406,1005
2024-09-16 12:20:07.144,416.5960963478192,5
2024-09-16 12:20:07.266,416.5808310538936,97
2024-09-16 12:20:07.901,416.5896313180432,96
2024-09-16 12:20:08.301,416.60630385600354,1000
2024-09-16 12:20:08.438,416.6152269291328,6
2024-09-16 12:20:08.988,416.5950106553381,12
2024-09-16 12:20:09.111,416.5856412551096,103
2024-09-16 12:20:09.114,416.5966703367432,995
2024-09-16 12:20:09.118,416.5938392869124,7
2024-09-16 12:20:09.202,416.5985250462367,15
2024-09-16 12:20:09.213,416.5991084853917,1003
2024-09-16 12:20:09.234,416.5807730634148,10
2024-09-16 12:20:09.322,416.5115615640859,1001
2024-09-16 12:20:09.336,416.5614435873652,6
2024-09-16 12:20:09.462,416.5945902719869,104
2024-09-16 12:20:09.465,416.5781878223348,995
2024-09-16 12:20:09.467,416.6123243910245,1002
2024-09-16 12:20:09.512,416.5894643079128,995
2024-09-16 12:20:09.529,416.5132397635295,101
2024-09-16 12:20:09.543,416.6015811649122,1004
2024-09-16 12:20:09.573,416.6008696797446,998
2024-09-16 12:20:09.717,416.5487739980699,98
2024-09-16 12:20:09.801,416.5967027700936,8
2024-09-16 12:20:09.855,416.521908158056,11
2024-09-16 12:20:09.918,416.5580731710225,100
2024-09-16 12:20:10.017,416.50972760796,13
2024-09-16 12:20:10.048,416.4742717037915,96
2024-09-16 12:20:10.183,416.5049276020545,11
2024-09-16 12:20:10.217,416.52539242376855,96
2024-09-16 12:20:10.243,416.5179358432969,105
2024-09-16 12:20:10.273,416.5138647197787,101
2024-09-16 12:20:10.298,416.4998027033421,1000
2024-09-16 12:20:10.326,416.50961232753366,7
2024-09-16 12:20:10.367,416.4791782376618,995
2024-09-16 12:20:10.372,416.5134751215244,1000
2024-09-16 12:20:10.403,416.5075907509132,11
2024-09-16 12:20:10.471,416.5059850852892,1002
2024-09-16 12:20:10.569,416.5099131938437,14
2024-09-16 12:20:10.587,416.5359678516243,96
2024-09-16 12:20:10.775,416.504084427757,105
2024-09-16 12:20:10.828,416.5109316100292,95
2024-09-16 12:20:10.830,416.49907002773216,995
2024-09-16 12:20:10.897,416.48490477467845,9
2024-09-16 12:20:10.952,416.5274014146266,1000
2024-09-16 12:20:11.006,416.510881450778,1003
2024-09-16 12:20:11.104,416.51608272166334,1002
2024-09-16 12:20:11.115,416.4904406879687,995
2024-09-16 12:20:11.142,-416.4913122803781,999
2024-09-16 12:20:11.313,416.4784713164501,14
2024-09-16 12:20:11.361,416.53105317736384,104
2024-09-16 12:20:11.401,416.4887730610675,103
2024-09-16 12:20:11.513,416.5069181746362,105
2024-09-16 12:20:11.578,416.486294382231,11
2024-09-16 12:20:11.675,416.50564827136674,96
2024-09-16 12:20:11.757,416.4901034408824,997
2024-09-16 12:20:11.806,416.5013228376806,995
2024-09-16 12:20:11.856,,1002
2024-09-16 12:20:11.915,416.5158746136403,102
2024-09-16 12:20:11.950,416.5043851106678,98
2024-09-16 12:20:11.984,416.4805359592918,1001
2024-09-16 12:20:11.997,416.5131855172728,95
2024-09-16 12:20:12.107,416.4983480975619,5
2024-09-16 12:20:12.187,416.5009914411407,96
2024-09-16 12:20:12.219,416.4802381264424,996
2024-09-16 12:20:12.417,416.4673838971548,1001
2024-09-16 12:20:12.597,416.51802043411874,95
2024-09-16 12:20:12.641,416.5328200669549,998
2024-09-16 12:20:12.642,416.4622027050848,1003
2024-09-16 12:20:12.648,416.48226987619256,1001
2024-09-16 12:20:12.706,416.5255408542777,100
2024-09-16 12:20:12.763,416.524643684758,1000
2024-09-16 12:20:12.798,416.51162855163096,105
2024-09-16 12:20:12.856,416.47811711479466,14
2024-09-16 12:20:13.100,416.4692443395315,95
2024-09-16 12:20:13.221,416.4738360393768,104
2024-09-16 12:20:13.232,416.4609273281872,96
2024-09-16 12:20:13.292,416.4511621850926,100
2024-09-16 12:20:13.458,416.4735046265671,8
2024-09-16 12:20:13.530,416.4545307051801,101
2024-09-16 12:20:13.538,416.4512137316381,1005
2024-09-16 12:20:13.564,416.4535922342264,99
2024-09-16 12:20:13.677,416.4571305102378,998
2024-09-16 12:20:13.776,416.4729401081237,98
2024-09-16 12:20:13.868,41.64807105699451,1002
2024-09-16 12:20:14.025,416.478632073877,97
2024-09-16 12:20:14.168,416.4924435125496,99
2024-09-16 12:20:14.215,416.4560884283483,14
2024-09-16 12:20:14.240,416.4960555178174,100
2024-09-16 12:20:14.338,416.50644426201774,100
2024-09-16 12:20:14.908,416.4770670605403,1000
2024-09-16 12:20:15.053,416.43044815227785,6
2024-09-16 12:20:15.069,416.4735149120205,997
2024-09-16 12:20:15.085,416.3862095998589,997
2024-09-16 12:20:15.093,416.41905351350033,97
2024-09-16 12:20:15.102,416.4091673821136,1004
2024-09-16 12:20:15.111,416.4704860414368,1000
2024-09-16 12:20:15.214,416.4144711603548,997
2024-09-16 12:20:15.230,416.4136399353443,98
2024-09-16 12:20:15.275,416.48771555291336,995
2024-09-16 12:20:15.301,416.4616371533952,1001
2024-09-16 12:20:15.340,416.3985684979149,11
2024-09-16 12:20:15.403,416.4358705799597,100
2024-09-16 12:20:15.412,416.4172526882518,95
2024-09-16 12:20:15.480,416.4837925714783,99
2024-09-16 12:20:15.496,416.4556919471936,100
2024-09-16 12:20:15.504,416.4397949580496,6
2024-09-16 12:20:15.562,416.4164113637859,1001
2024-09-16 12:20:15.567,416.4458947189156,7
2024-09-16 12:20:15.601,416.4286162712492,998
2024-09-16 12:20:15.655,416.4188098810159,1000
2024-09-16 12:20:15.761,416.4388383883068,1001
2024-09-16 12:20:15.761,416.41715197094686,101
2024-09-16 12:20:15.862,416.422503680874,8
2024-09-16 12:20:16.209,416.2989125410928,97
2024-09-16 12:20:16.390,416.3480107391859,8
2024-09-16 12:20:16.497,416.3762870726276,1003
2024-09-16 12:20:16.519,416.2906937562894,101
2024-09-16 12:20:16.525,416.3529470287128,1001
2024-09-16 12:20:16.628,416.3503950323383,97
2024-09-16 12:20:16.690,416.286720884418,1001
2024-09-16 12:20:16.703,416.35435114683406,9
2024-09-16 12:20:16.831,416.3579533808961,10
2024-09-16 12:20:16.896,416.3373292508101,996
2024-09-16 12:20:16.936,416.36801038535714,8
2024-09-16 12:20:17.065,416.3209903378908,13
2024-09-16 12:20:17.068,416.2924512518729,103
2024-09-16 12:20:17.079,416.3033714020707,1005
2024-09-16 12:20:17.133,416.2957589549235,101
2024-09-16 12:20:17.169,416.3216809665362,1003
2024-09-16 12:20:17.232,416.3026396767653,6
2024-09-16 12:20:17.273,416.3062753251105,11
2024-09-16 12:20:17.352,416.3425705764403,1004
2024-09-16 12:20:17.360,416.33195076752594,103
2024-09-16 12:20:17.379,416.3081029117171,11
2024-09-16 12:20:17.388,416.29042134393615,1003
2024-09-16 12:20:17.468,416.3107362417121,105
2024-09-16 12:20:17.514,416.31366580168856,100
2024-09-16 12:20:17.610,416.3146678196856,15
2024-09-16 12:20:17.715,416.29475671823735,104
2024-09-16 12:20:17.785,416.2944524805929,999
2024-09-16 12:20:17.804,416.3117360466256,99
2024-09-16 12:20:17.808,416.3017281086336,1002
2024-09-16 12:20:17.882,416.2904260073086,6
2024-09-16 12:20:17.889,416.3539444462908,103
2024-09-16 12:20:18.043,41.63172647148827,1004
2024-09-16 12:20:18.100,416.3132227133423,1001
2024-09-16 12:20:18.283,416.3129534733484,99
2024-09-16 12:20:19.014,416.3047576149136,105
2024-09-16 12:20:19.086,416.2986068858621,997
2024-09-16 12:20:19.118,416.2974370937597,14
2024-09-16 12:20:19.142,416.3105857216207,100
2024-09-16 12:20:19.178,416.3236213611283,8
2024-09-16 12:20:19.288,416.31770299590914,995
2024-09-16 12:20:19.301,416.34423310313184,100
2024-09-16 12:20:19.307,416.3279424262832,7
2024-09-16 12:20:19.352,416.33800959843376,102
2024-09-16 12:20:19.405,416.3259115877695,1002
2024-09-16 12:20:19.433,416.32279396342994,995
2024-09-16 12:20:19.443,416.31350083112665,105
2024-09-16 12:20:19.454,416.320921431025,96
2024-09-16 12:20:19.455,416.3241371533561,101
2024-09-16 12:20:19.488,416.32473526944455,104
2024-09-16 12:20:19.540,416.28564690757776,6
2024-09-16 12:20:19.562,416.3202148581592,1004
2024-09-16 12:20:19.571,416.32265498696137,8
2024-09-16 12:20:19.673,416.3083504805887,97
2024-09-16 12:20:19.744,416.3149199758517,96
2024-09-16 12:20:19.764,416.3341040296951,999
2024-09-16 12:20:19.820,416.2757532670262,996
2024-09-16 12:20:19.896,416.2678939359404,11
2024-09-16 12:20:19.929,416.29560829204274,5
2024-09-16 12:20:19.975,416.3075220126987,101
2024-09-16 12:20:20.770,416.2713824404723,101
2024-09-16 12:20:21.815,416.2821160355508,96
2024-09-16 12:20:22.064,416.3053597879264,1000
2024-09-16 12:20:22.403,416.2707032421794,999
2024-09-16 12:20:22.760,416.283930413208,999
2024-09-16 12:20:22.986,416.277306906928,8
2024-09-16 12:20:23.042,416.31692986104906,95
2024-09-16 12:20:23.044,416.3193889788821,95
2024-09-16 12:20:23.252,416.29857351534855,104
2024-09-16 12:20:23.275,416.3019614049253,15
2024-09-16 12:20:23.315,416.33016625515125,95
2024-09-16 12:20:23.338,416.3293660666715,6
2024-09-16 12:20:23.364,416.30950026641074,6
2024-09-16 12:20:23.375,416.3312989591869,100
2024-09-16 12:20:23.390,416.2791324366764,13
2024-09-16 12:20:23.390,416.29343403511854,11
2024-09-16 12:20:23.440,416.32222641810125,1001
2024-09-16 12:20:23.459,416.2918781768594,1005
2024-09-16 12:20:23.465,416.3327544673763,13
2024-09-16 12:20:23.481,416.289647383714,1003
2024-09-16 12:20:23.512,416.3150141267168,101
2024-09-16 12:20:23.583,41.629268837236,104
2024-09-16 12:20:23.632,416.3218105400691,101
2024-09-16 12:20:23.712,416.32246180421913,9
2024-09-16 12:20:23.739,416.3213543601114,998
2024-09-16 12:20:23.841,416.32927947369024,999
2024-09-16 12:20:23.856,416.3061954421183,15
2024-09-16 12:20:23.942,416.29089957548285,95
2024-09-16 12:20:24.182,416.32925173032334,8
2024-09-16 12:20:24.258,-416.3589295292905,1005
2024-09-16 12:20:24.263,416.3628827118268,999
2024-09-16 12:20:24.298,416.342392427062,104
2024-09-16 12:20:24.300,416.3486289153864,6
2024-09-16 12:20:24.355,416.34230484523454,8
2024-09-16 12:20:24.764,416.3271433783386,7
2024-09-16 12:20:24.778,416.33441231312224,102
2024-09-16 12:20:24.935,416.3702472012205,1004
2024-09-16 12:20:25.160,416.3089040206879,96
2024-09-16 12:20:25.219,416.3505878473924,1002
2024-09-16 12:20:25.237,416.329434575932,6
2024-09-16 12:20:25.358,416.3092332337174,98
2024-09-16 12:20:25.371,416.32487123074327,14
2024-09-16 12:20:25.509,416.2970662164393,103
2024-09-16 12:20:25.678,416.3276945190943,12
2024-09-16 12:20:25.796,416.3151959400803,95
2024-09-16 12:20:25.938,416.292341981462,9
2024-09-16 12:20:26.007,416.3336891409948,96
2024-09-16 12:20:26.197,416.3097927799252,999
2024-09-16 12:20:26.429,416.31833575651495,13
2024-09-16 12:20:26.620,416.31712893889096,998
2024-09-16 12:20:26.657,416.325989241617,105
2024-09-16 12:20:26.744,416.341793435384,101
2024-09-16 12:20:26.888,416.3343116309013,8
2024-09-16 12:20:26.899,416.3318340123212,13
2024-09-16 12:20:27.063,416.2870402661948,1003
2024-09-16 12:20:27.149,416.2807898947648,105
2024-09-16 12:20:27.172,416.3141547436237,998
2024-09-16 12:20:27.188,416.30890220548537,997
2024-09-16 12:20:27.246,416.3020805498789,104
2024-09-16 12:20:27.270,416.3297669968884,1003
2024-09-16 12:20:27.311,416.29040547431,98
2024-09-16 12:20:27.734,416.3116652575324,15
2024-09-16 12:20:27.753,416.3096628041992,10
2024-09-16 12:20:27.820,416.3399422943099,12
2024-09-16 12:20:27.845,416.3099559340373,98
2024-09-16 12:20:27.962,416.325273339815,1003
2024-09-16 12:20:28.125,416.279543950212,1001
2024-09-16 12:20:28.171,416.3086919418241,998
2024-09-16 12:20:28.237,416.28482331829406,98
2024-09-16 12:20:28.310,416.2746672311241,996
2024-09-16 12:20:28.712,416.2979247358393,102
2024-09-16 12:20:28.789,416.3030576048601,11
2024-09-16 12:20:29.020,416.2861005352482,11
2024-09-16 12:20:29.659,416.2950004679661,101
2024-09-16 12:20:29.938,416.28429358262974,6
2024-09-16 12:20:29.980,416.2799914437829,7
2024-09-16 12:20:30.008,416.27319646901225,8
2024-09-16 12:20:30.021,416.3172384761577,998
2024-09-16 12:20:30.078,416.311548507466,7
2024-09-16 12:20:30.121,416.324702711276,95
2024-09-16 12:20:30.171,416.3137614036492,105
2024-09-16 12:20:30.177,416.3206915350858,996
2024-09-16 12:20:30.182,416.311485142166,103
2024-09-16 12:20:30.207,416.28680034439225,7
2024-09-16 12:20:30.218,416.315785622665,999
2024-09-16 12:20:30.224,416.3258254536675,10
2024-09-16 12:20:30.243,416.3204580361637,997
2024-09-16 12:20:30.290,416.2917714994671,101
2024-09-16 12:20:30.462,416.3071687617632,12
2024-09-16 12:20:30.520,416.3046494332479,7
2024-09-16 12:20:30.666,416.2867816355276,5
2024-09-16 12:20:30.669,416.3139491107833,997
2024-09-16 12:20:30.674,416.3266615732962,998
2024-09-16 12:20:30.700,416.3072315541613,103
2024-09-16 12:20:30.737,416.3085546883309,999
2024-09-16 12:20:30.754,416.2762682252734,996
2024-09-16 12:20:30.772,416.32389486949904,103
2024-09-16 12:20:30.779,416.3240975601256,104
2024-09-16 12:20:30.839,416.31975623473727,98
2024-09-16 12:20:30.846,416.3083145659259,97
2024-09-16 12:20:31.030,416.3017164174765,997
2024-09-16 12:20:31.130,416.3328623777443,12
2024-09-16 12:20:31.154,416.31108006848814,8
2024-09-16 12:20:31.390,416.3041306933655,104
2024-09-16 12:20:31.456,416.3191883574817,95
2024-09-16 12:20:31.493,,105
2024-09-16 12:20:31.539,416.3188115299296,5
2024-09-16 12:20:31.753,416.30727792692704,104
2024-09-16 12:20:31.789,416.31018415315407,15
2024-09-16 12:20:32.270,416.2767772949679,995
2024-09-16 12:20:32.271,416.29212747215325,7
2024-09-16 12:20:32.424,416.26646332417664,11
2024-09-16 12:20:32.459,416.25332928841607,9
2024-09-16 12:20:32.824,416.2773779654684,14
2024-09-16 12:20:32.844,,6
2024-09-16 12:20:32.916,416.2711783650855,11
2024-09-16 12:20:32.931,416.2767468689467,105
2024-09-16 12:20:32.993,416.2819348476048,1000
2024-09-16 12:20:33.172,416.26071584129807,96
2024-09-16 12:20:33.415,416.24053719121207,97
2024-09-16 12:20:33.658,416.2635707249498,99
2024-09-16 12:20:33.739,416.2642319729567,104
2024-09-16 12:20:33.946,416.2576785715679,11
2024-09-16 12:20:34.059,416.2924039243741,997
2024-09-16 12:20:34.131,416.3025286603947,98
2024-09-16 12:20:34.236,416.20948402809495,9
2024-09-16 12:20:34.238,416.2307823806269,99
2024-09-16 12:20:34.251,416.213966746918,995
2024-09-16 12:20:34.254,416.2218998098995,998
2024-09-16 12:20:34.326,416.271254217524,997
2024-09-16 12:20:34.327,416.1831660339433,15
2024-09-16 12:20:34.330,416.2163332193528,98
2024-09-16 12:20:34.343,416.2450694307699,99
2024-09-16 12:20:34.352,416.2186272423481,995
2024-09-16 12:20:34.407,416.23904316688777,95
2024-09-16 12:20:34.414,416.2942039371213,104
2024-09-16 12:20:34.422,416.2319688870005,996
2024-09-16 12:20:34.431,416.25660476831166,99
2024-09-16 12:20:34.442,416.2222182750434,9
2024-09-16 12:20:34.445,416.217852941666,995
2024-09-16 12:20:34.478,416.2884099741915,14
2024-09-16 12:20:34.512,41.62370222545195,9
2024-09-16 12:20:34.524,-416.3070041810721,1003
2024-09-16 12:20:34.590,416.27519668956654,12
2024-09-16 12:20:34.725,416.2264580319492,10
2024-09-16 12:20:34.784,416.2237325500821,103
2024-09-16 12:20:34.843,416.283008958745,11
2024-09-16 12:20:34.961,416.2367147098604,1002
2024-09-16 12:20:34.971,416.2721710024907,95
2024-09-16 12:20:35.001,416.2268389251571,8
2024-09-16 12:20:35.166,416.2428072898458,1000
2024-09-16 12:20:35.190,41.62307443309117,1000
2024-09-16 12:20:35.221,416.2718015943239,100
2024-09-16 12:20:35.256,416.1857958144657,1001
2024-09-16 12:20:35.331,416.26812268482337,1002
2024-09-16 12:20:35.341,416.2297217032062,96
2024-09-16 12:20:35.366,416.2236892368188,10
2024-09-16 12:20:35.428,416.2351150416597,7
2024-09-16 12:20:35.434,416.22358174456576,998
2024-09-16 12:20:35.447,416.23220881576606,104
2024-09-16 12:20:35.506,416.2159033190269,95
2024-09-16 12:20:35.509,416.2767077482526,95
2024-09-16 12:20:35.522,416.2170749547355,96
2024-09-16 12:20:35.630,416.2368111985749,13
2024-09-16 12:20:35.698,416.1996844979445,13
2024-09-16 12:20:35.707,416.2352985666524,100
2024-09-16 12:20:35.738,416.2659248981775,1001
2024-09-16 12:20:35.748,416.2380349589824,1004
2024-09-16 12:20:35.768,416.2464098557772,98
2024-09-16 12:20:35.780,416.2684557707418,14
2024-09-16 12:20:35.783,416.23352408695695,98
2024-09-16 12:20:35.820,416.2100819866597,102
2024-09-16 12:20:35.831,416.1944761604807,101
2024-09-16 12:20:35.847,416.2587465630582,9
2024-09-16 12:20:35.869,416.2009852046205,995
2024-09-16 12:20:35.979,416.2117619349427,997
2024-09-16 12:20:36.010,416.1766034800409,999
2024-09-16 12:20:36.048,416.0957995461207,104
2024-09-16 12:20:36.104,416.1858526111996,11
2024-09-16 12:20:36.105,416.1721968260053,15
2024-09-16 12:20:36.127,416.1288855142375,1002
2024-09-16 12:20:36.474,416.1292240370203,999
2024-09-16 12:20:36.539,416.1164121567597,15
2024-09-16 12:20:36.556,416.18997708495823,15
2024-09-16 12:20:36.562,416.1952249552746,1003
2024-09-16 12:20:36.770,416.1790727453737,100
2024-09-16 12:20:36.796,416.1718168271836,997
2024-09-16 12:20:36.819,416.1922156701476,11
2024-09-16 12:20:36.874,-416.1164357947035,105
2024-09-16 12:20:36.904,416.16198896001424,1003
2024-09-16 12:20:36.917,416.1345184590041,99
2024-09-16 12:20:36.921,416.1770554311258,13
2024-09-16 12:20:36.935,416.12110559398064,12
2024-09-16 12:20:36.956,416.0923066877936,10
2024-09-16 12:20:37.095,416.0989231477244,12
2024-09-16 12:20:37.147,416.1012902679215,99
2024-09-16 12:20:37.166,416.0711022390808,105
2024-09-16 12:20:37.343,416.0935160956312,103
2024-09-16 12:20:37.372,416.0813191211401,103
2024-09-16 12:20:37.451,416.08240419778406,14
2024-09-16 12:20:37.501,416.115655819873,998
2024-09-16 12:20:37.558,416.062590498726,5
2024-09-16 12:20:37.560,416.0950966988758,1000
2024-09-16 12:20:37.605,416.0887997269367,7
2024-09-16 12:20:37.615,416.0840289445561,97
2024-09-16 12:20:37.617,416.0840801578108,996
2024-09-16 12:20:37.635,416.0958040791166,101
2024-09-16 12:20:37.654,416.1324645828386,7
2024-09-16 12:20:37.700,416.1007774620682,100
2024-09-16 12:20:37.762,416.10420711388673,1003
2024-09-16 12:20:37.834,416.1316689724876,103
2024-09-16 12:20:37.852,416.115878075745,99
2024-09-16 12:20:37.958,416.0953382283282,5
2024-09-16 12:20:37.966,416.1016538045514,7
2024-09-16 12:20:38.009,416.1159554858496,95
2024-09-16 12:20:38.424,416.09535055527147,997
2024-09-16 12:20:38.439,416.1280141360208,1000
2024-09-16 12:20:38.616,416.1029489674359,95
2024-09-16 12:20:38.732,416.1371755885537,996
2024-09-16 12:20:38.887,-416.1397985128133,9
2024-09-16 12:20:38.923,416.12603144165365,105
2024-09-16 12:20:40.007,416.0779109307881,12
2024-09-16 12:20:40.064,416.1202747229404,1000
2024-09-16 12:20:40.147,416.1161727651289,999
2024-09-16 12:20:40.149,416.0634631256603,9
2024-09-16 12:20:40.155,416.11901995302776,1005
2024-09-16 12:20:40.188,416.0635073573104,996
2024-09-16 12:20:40.218,416.0810060297582,102
2024-09-16 12:20:40.238,416.09592450435576,1001
2024-09-16 12:20:40.245,416.0865190404488,15
2024-09-16 12:20:40.246,416.0943839952293,15
2024-09-16 12:20:40.328,416.1032790798615,1003
2024-09-16 12:20:40.336,416.09091312849256,95
2024-09-16 12:20:40.390,416.1063947982775,103
2024-09-16 12:20:40.459,416.12098377713073,1002
2024-09-16 12:20:40.490,416.0930539407862,14
2024-09-16 12:20:40.507,416.0838583571396,999
2024-09-16 12:20:40.540,416.0549704014192,105
2024-09-16 12:20:40.654,416.09522182846,995
2024-09-16 12:20:40.770,416.1125789349068,14
2024-09-16 12:20:40.803,416.0893809405746,1001
2024-09-16 12:20:40.826,416.0968876276296,996
2024-09-16 12:20:40.855,416.09051166333205,1004
2024-09-16 12:20:40.873,416.1004817933317,1002
2024-09-16 12:20:40.879,416.0719288243429,12
2024-09-16 12:20:40.930,416.079028465381,97
2024-09-16 12:20:40.956,416.0978369438852,102
2024-09-16 12:20:40.964,416.1043528941051,101
2024-09-16 12:20:41.023,416.1030241383068,10
2024-09-16 12:20:41.024,416.11377314959054,95
2024-09-16 12:20:41.029,416.1258370049241,10
2024-09-16 12:20:41.061,416.1089575671119,8
2024-09-16 12:20:41.116,416.0959080793708,8
2024-09-16 12:20:41.201,416.0916485686512,12
2024-09-16 12:20:41.291,416.0835071325721,96
2024-09-16 12:20:41.294,416.0930725057821,96
2024-09-16 12:20:41.322,416.112538805744,996
2024-09-16 12:20:41.493,416.1132672504045,6
2024-09-16 12:20:41.684,416.109255820134,97
2024-09-16 12:20:41.709,416.1119404524805,996
2024-09-16 12:20:41.724,416.11239396938697,101
2024-09-16 12:20:41.761,416.06555476497823,10
2024-09-16 12:20:41.811,416.11372642039095,11
2024-09-16 12:20:41.838,416.09042066258047,13
2024-09-16 12:20:42.345,416.1171855410289,105
2024-09-16 12:20:42.600,416.1185974583333,1002
2024-09-16 12:20:42.620,416.12444896389,13
2024-09-16 12:20:42.847,416.140422561118,102
2024-09-16 12:20:42.954,416.1261919432424,101
2024-09-16 12:20:42.975,416.1127843447454,995
2024-09-16 12:20:43.116,416.1091889536674,105
2024-09-16 12:20:43.175,416.1486742434505,10
2024-09-16 12:20:43.209,416.115251413469,1002
2024-09-16 12:20:43.357,416.1479035756201,997
2024-09-16 12:20:43.405,416.1316999185916,998
2024-09-16 12:20:43.458,416.16023534389535,10
2024-09-16 12:20:43.586,416.1420223537099,103
2024-09-16 12:20:43.596,416.1355126944152,12
2024-09-16 12:20:43.609,416.1076025396984,105
2024-09-16 12:20:43.686,416.1412973804153,1000
2024-09-16 12:20:43.792,416.1250549447124,1003
2024-09-16 12:20:43.858,41.61625146797964,95
2024-09-16 12:20:43.956,,97
2024-09-16 12:20:44.028,416.1878532656276,1005
2024-09-16 12:20:44.052,416.1580489087684,100
2024-09-16 12:20:44.270,416.14959770161806,1001
2024-09-16 12:20:44.457,416.16035483354807,1002
2024-09-16 12:20:44.504,416.1782188293191,999
2024-09-16 12:20:44.525,416.1490015646348,1005
2024-09-16 12:20:44.564,416.1336224980117,104
2024-09-16 12:20:44.571,416.1854989731041,13
2024-09-16 12:20:44.615,416.1731687000788,8
2024-09-16 12:20:44.643,416.1910767236509,100
2024-09-16 12:20:44.654,416.1699280614698,1001
2024-09-16 12:20:44.662,416.1841074339776,5
2024-09-16 12:20:44.683,416.159367062988,9
2024-09-16 12:20:44.702,416.1689347517273,100
2024-09-16 12:20:44.743,416.1602313901918,1002
2024-09-16 12:20:44.782,416.1396730223217,1000
2024-09-16 12:20:44.816,416.1587886646006,7
2024-09-16 12:20:44.864,416.1744532153524,97
2024-09-16 12:20:44.915,416.1234340910796,101
2024-09-16 12:20:45.085,416.1236678328962,1001
2024-09-16 12:20:45.135,416.0735714952452,9
2024-09-16 12:20:45.150,416.1107512346216,105
2024-09-16 12:20:45.186,416.12046570739074,98
2024-09-16 12:20:45.195,416.0659833569489,1001
2024-09-16 12:20:45.197,416.0280188221533,96
2024-09-16 12:20:45.242,416.0682632393596,8
2024-09-16 12:20:45.295,416.0639910961657,97
2024-09-16 12:20:45.390,416.1605081041027,96
2024-09-16 12:20:45.395,416.1112678208087,11
2024-09-16 12:20:45.462,416.02009156661074,101
2024-09-16 12:20:45.503,416.1255625062474,1002
2024-09-16 12:20:45.569,416.1297633538345,999
2024-09-16 12:20:45.620,416.1101093340753,10
2024-09-16 12:20:45.631,416.0533603896632,7
2024-09-16 12:20:45.675,416.0649296348338,9
2024-09-16 12:20:45.697,416.0899176773248,99
2024-09-16 12:20:45.721,416.1422786598955,104
2024-09-16 12:20:45.728,416.1242410371852,1001
2024-09-16 12:20:45.755,416.1615745567896,96
2024-09-16 12:20:45.760,416.0454024590019,996
2024-09-16 12:20:45.771,41.6112231046664,9
2024-09-16 12:20:45.789,416.1265301371665,1001
2024-09-16 12:20:45.808,416.1456029280965,96
2024-09-16 12:20:45.833,416.0561475457756,1000
2024-09-16 12:20:45.836,416.1013267264648,6
2024-09-16 12:20:45.914,416.06604483391874,5
2024-09-16 12:20:45.921,416.0820826211739,1001
2024-09-16 12:20:45.922,416.0684767954332,97
2024-09-16 12:20:46.109,416.0972847833124,105
2024-09-16 12:20:46.113,416.0827493248016,10
2024-09-16 12:20:46.229,416.08070484997535,13
2024-09-16 12:20:46.247,416.0866120061948,1000
2024-09-16 12:20:46.271,416.022324624586,101
2024-09-16 12:20:46.279,416.0952175106805,103
2024-09-16 12:20:46.427,416.0524968177397,5
2024-09-16 12:20:46.517,,98
2024-09-16 12:20:46.590,416.1138873035301,105
2024-09-16 12:20:46.601,416.0885880129369,99
2024-09-16 12:20:46.686,416.04749771416135,14
2024-09-16 12:20:46.700,416.06900470500034,999
2024-09-16 12:20:46.747,416.0981946838124,97
2024-09-16 12:20:46.750,416.07635879592107,13
2024-09-16 12:20:46.774,416.08922394642366,96
2024-09-16 12:20:46.829,416.1023456945464,97
2024-09-16 12:20:46.834,416.1156593005286,1001
2024-09-16 12:20:46.835,416.093290566777,5
2024-09-16 12:20:46.868,416.0734232628268,11
2024-09-16 12:20:46.922,416.0877270780103,12
2024-09-16 12:20:47.041,416.08020776585647,1003
2024-09-16 12:20:47.055,416.0713539898026,103
2024-09-16 12:20:47.172,416.0455112405567,8
2024-09-16 12:20:47.181,416.1102520003008,96
2024-09-16 12:20:47.220,416.0921057686169,13
2024-09-16 12:20:47.274,416.0333443812533,998
2024-09-16 12:20:47.426,416.08066689562514,95
2024-09-16 12:20:47.518,416.0691065365442,5
2024-09-16 12:20:47.577,416.0740934772808,999
2024-09-16 12:20:47.623,416.0436622518482,102
2024-09-16 12:20:47.628,416.0807625353685,1001
2024-09-16 12:20:47.687,416.09647018,10
2024-09-16 12:20:47.859,416.06232841265023,105
2024-09-16 12:20:47.871,416.0945056189423,104
2024-09-16 12:20:47.960,416.0845271067248,99
2024-09-16 12:20:48.093,41.60258392371085,6
2024-09-16 12:20:48.413,416.0248604882993,14
2024-09-16 12:20:48.482,416.0484096189521,15
2024-09-16 12:20:48.518,416.0321541608138,996
2024-09-16 12:20:48.526,416.0382741979325,101
2024-09-16 12:20:48.790,416.0662496261461,9
2024-09-16 12:20:48.981,416.0322481898606,1005
2024-09-16 12:20:49.121,416.0544688922158,103
2024-09-16 12:20:49.155,416.0419556535465,1003
2024-09-16 12:20:49.201,416.0448261608003,15
2024-09-16 12:20:49.217,416.0379962937839,97
2024-09-16 12:20:49.255,416.05861268837424,995
2024-09-16 12:20:49.279,416.01658632925904,6
2024-09-16 12:20:49.450,416.0647654901295,6
2024-09-16 12:20:49.455,416.0353689065295,998
2024-09-16 12:20:49.527,416.0332851536635,104
2024-09-16 12:20:49.693,416.02006101918846,103
2024-09-16 12:20:49.812,416.0676991480386,1002
2024-09-16 12:20:49.816,416.0569757927397,13
2024-09-16 12:20:49.821,416.05208011486974,998
2024-09-16 12:20:49.930,416.0411996864159,997
2024-09-16 12:20:49.993,416.0370620787117,1001
2024-09-16 12:20:49.997,416.04240727237686,13
2024-09-16 12:20:50.184,416.0586181968285,104
2024-09-16 12:20:50.345,416.0606496635693,6
2024-09-16 12:20:50.675,416.0525640013231,100
2024-09-16 12:20:50.966,416.0372448112912,1005
2024-09-16 12:20:51.020,416.0533213753727,105
2024-09-16 12:20:51.030,416.0534749505208,15
2024-09-16 12:20:51.072,416.107411507486,996
2024-09-16 12:20:51.143,416.0717918357028,96
2024-09-16 12:20:51.187,416.11405606380106,102
2024-09-16 12:20:51.268,416.0721941624129,999
2024-09-16 12:20:51.325,416.11535424042046,105
2024-09-16 12:20:51.345,416.08979845342304,12
2024-09-16 12:20:51.378,416.0665092114921,102
2024-09-16 12:20:51.435,416.0667267054792,1004
2024-09-16 12:20:51.471,416.0843291156931,101
2024-09-16 12:20:51.492,416.0642956571499,997
2024-09-16 12:20:51.531,416.09106257858974,998
2024-09-16 12:20:51.533,416.0995257937458,1002
2024-09-16 12:20:51.534,416.0625238506302,103
2024-09-16 12:20:51.639,416.0465820735311,1002
2024-09-16 12:20:51.678,416.0484652272503,1004
2024-09-16 12:20:51.729,416.0453874333392,999
2024-09-16 12:20:51.797,416.060962071257,14
2024-09-16 12:20:51.809,416.080355486619,1003
2024-09-16 12:20:51.819,416.0667596329917,6
2024-09-16 12:20:51.827,416.0977046592828,995
2024-09-16 12:20:51.856,416.0811634810317,97
2024-09-16 12:20:51.864,416.0796006143059,6
2024-09-16 12:20:51.894,416.0720244493797,1001
2024-09-16 12:20:52.011,416.1032194886378,11
2024-09-16 12:20:52.184,416.163355133458,1001
2024-09-16 12:20:52.188,416.2084076280069,1002
2024-09-16 12:20:52.210,416.1019860767437,95
2024-09-16 12:20:52.228,416.1701033237039,997
2024-09-16 12:20:52.247,416.1906696838151,1002
2024-09-16 12:20:52.283,416.0864067699194,13
2024-09-16 12:20:52.311,416.1803500452718,98
2024-09-16 12:20:52.399,416.136408904369,96
2024-09-16 12:20:52.478,416.1089455416112,8
2024-09-16 12:20:52.581,416.1484076646794,5
2024-09-16 12:20:52.678,416.1129787353221,102
2024-09-16 12:20:52.686,416.114494042766,101
2024-09-16 12:20:52.700,416.0760316869314,97
2024-09-16 12:20:52.762,416.1230508714333,998
2024-09-16 12:20:52.775,416.1076477538761,8
2024-09-16 12:20:52.797,416.2245567033802,14
2024-09-16 12:20:52.797,416.1392454274098,99
2024-09-16 12:20:52.812,416.1566574273752,996
2024-09-16 12:20:52.821,,996
2024-09-16 12:20:52.850,416.1944356330661,98
2024-09-16 12:20:52.938,416.1192506719597,999
2024-09-16 12:20:53.025,416.2337469215584,99
2024-09-16 12:20:53.030,416.261146942144,98
2024-09-16 12:20:53.041,416.21891223860257,97
2024-09-16 12:20:53.067,416.2684602624968,1005
2024-09-16 12:20:53.080,416.2551151780444,5
2024-09-16 12:20:53.105,416.2508300700345,999
2024-09-16 12:20:53.144,416.2692857621429,996
2024-09-16 12:20:53.164,416.2089807545832,102
2024-09-16 12:20:53.230,416.25040134397074,14
2024-09-16 12:20:53.231,416.2588234268864,105
2024-09-16 12:20:53.257,416.2506257514183,102
2024-09-16 12:20:53.279,416.2366883967536,998
2024-09-16 12:20:53.295,416.2503224334425,95
2024-09-16 12:20:53.419,416.2377556574073,1004
2024-09-16 12:20:53.422,416.25811099912136,6
2024-09-16 12:20:53.467,416.245966452355,1002
2024-09-16 12:20:53.469,416.2243426853968,998
2024-09-16 12:20:53.511,416.2619251850376,95
2024-09-16 12:20:53.628,416.2547754926345,996
2024-09-16 12:20:53.662,416.22513914165154,104
2024-09-16 12:20:53.675,,999
2024-09-16 12:20:53.772,416.25498901381536,1000
2024-09-16 12:20:53.838,416.23666752673387,96
2024-09-16 12:20:53.852,416.2361230197448,13
2024-09-16 12:20:53.856,416.2670573657133,998
2024-09-16 12:20:53.859,416.2340479103197,7
2024-09-16 12:20:53.917,416.2255022289631,995
2024-09-16 12:20:53.937,416.2511493446426,5
2024-09-16 12:20:53.979,416.2790659688789,15
2024-09-16 12:20:54.108,416.1489540680582,103
2024-09-16 12:20:54.122,416.1563372312722,97
2024-09-16 12:20:54.161,416.2202253769842,96
2024-09-16 12:20:54.196,416.2291930673674,996
2024-09-16 12:20:54.269,416.1572953350827,10
2024-09-16 12:20:54.279,416.1907188878396,95
2024-09-16 12:20:54.302,416.1235826944775,7
2024-09-16 12:20:54.315,416.095621525999,104
2024-09-16 12:20:54.367,416.2292997408421,12
2024-09-16 12:20:54.375,416.15438602904607,996
2024-09-16 12:20:54.480,416.1579640719576,8
2024-09-16 12:20:54.548,416.20787082747154,15
2024-09-16 12:20:54.608,,105
2024-09-16 12:20:54.664,416.22629830197,9
2024-09-16 12:20:54.694,416.16425939423146,101
2024-09-16 12:20:54.699,416.1938847080866,103
2024-09-16 12:20:54.749,416.2234966804884,97
2024-09-16 12:20:54.763,416.1344281960104,100
2024-09-16 12:20:54.775,416.2049631481374,1000
2024-09-16 12:20:54.795,416.2217280645174,103
2024-09-16 12:20:54.798,416.22209472845503,8
2024-09-16 12:20:54.814,416.1646961357198,12
2024-09-16 12:20:54.830,416.2379544067208,1001
2024-09-16 12:20:54.837,416.1768071753854,102
2024-09-16 12:20:54.849,416.1296475260673,1005
2024-09-16 12:20:54.890,416.1996399763696,104
2024-09-16 12:20:54.901,416.1412721310157,14
2024-09-16 12:20:54.909,416.1263241903587,1001
2024-09-16 12:20:54.913,416.1092495494152,103
2024-09-16 12:20:54.926,416.107341779168,103
2024-09-16 12:20:55.087,416.1146761523544,98
2024-09-16 12:20:55.159,416.1354183394601,11
2024-09-16 12:20:55.244,416.1469614203005,95
2024-09-16 12:20:55.466,416.1218892997329,12
2024-09-16 12:20:55.488,416.1224491107074,95
2024-09-16 12:20:55.494,416.0904558857359,10
2024-09-16 12:20:55.531,416.1175213261463,104
2024-09-16 12:20:55.626,416.09537867610135,8
2024-09-16 12:20:55.637,416.1135851483713,98
2024-09-16 12:20:55.751,416.12470521731575,13
2024-09-16 12:20:55.791,416.093077924648,997
2024-09-16 12:20:55.854,416.1103785946313,1005
2024-09-16 12:20:55.879,416.1364744898881,1002
2024-09-16 12:20:55.928,416.0809286915224,1004
2024-09-16 12:20:55.932,416.1208271606327,13
2024-09-16 12:20:55.935,416.07763631231575,100
2024-09-16 12:20:55.994,416.12605612405554,1002
2024-09-16 12:20:56.035,416.1896050234341,1002
2024-09-16 12:20:56.064,416.2331501736689,97
2024-09-16 12:20:56.088,416.17714544046,96
2024-09-16 12:20:56.091,416.168341405518,14
2024-09-16 12:20:56.144,416.1375729828494,12
2024-09-16 12:20:56.206,416.1921415357056,1005
2024-09-16 12:20:56.217,416.1909482293416,104
2024-09-16 12:20:56.244,416.1741244149624,11
2024-09-16 12:20:56.246,416.2055039983292,5
2024-09-16 12:20:56.351,416.139610431676,13
2024-09-16 12:20:56.352,416.1787004980478,1003
2024-09-16 12:20:56.395,416.23772402528334,98
2024-09-16 12:20:56.420,416.1960026220602,1003
2024-09-16 12:20:56.422,416.1879974617465,5
2024-09-16 12:20:56.465,416.1886285163505,999
2024-09-16 12:20:56.498,416.1801361447557,15
2024-09-16 12:20:56.531,416.2042245908023,95
2024-09-16 12:20:56.545,416.2018007577407,995
2024-09-16 12:20:56.612,416.1929356238286,999
2024-09-16 12:20:56.615,416.2002242454568,995
2024-09-16 12:20:56.627,416.2379277544819,11
2024-09-16 12:20:56.732,,105
2024-09-16 12:20:56.863,416.1667163185062,105
2024-09-16 12:20:56.875,416.2140716962929,997
2024-09-16 12:20:56.903,416.1806106148202,99
2024-09-16 12:20:56.907,416.2117506292684,104
2024-09-16 12:20:56.914,416.2044694715176,95
2024-09-16 12:20:56.954,416.2069596750877,102
2024-09-16 12:20:57.090,416.1803051712887,998
2024-09-16 12:20:57.155,416.169628740991,14
2024-09-16 12:20:57.164,416.1742335163231,11
2024-09-16 12:20:57.347,416.1949381322238,15
2024-09-16 12:20:57.427,416.2061844069269,1004
2024-09-16 12:20:57.544,416.16511254966434,101
2024-09-16 12:20:57.628,416.20480053188345,100
2024-09-16 12:20:58.022,416.20240471093,11
2024-09-16 12:20:58.381,416.18640248611416,105
2024-09-16 12:20:58.435,416.21107885723006,102
2024-09-16 12:20:58.692,416.1960942203358,999
2024-09-16 12:20:58.875,416.2112737904263,999
2024-09-16 12:20:59.090,416.2267623816782,95
2024-09-16 12:20:59.151,416.2221508863885,1001
2024-09-16 12:20:59.367,416.2307334641872,9
2024-09-16 12:20:59.480,416.2000765557335,1002
2024-09-16 12:20:59.753,416.2314702832236,6
2024-09-16 12:20:59.793,416.2273135503792,15
2024-09-16 12:20:59.807,416.2277434971778,8
2024-09-16 12:20:59.822,416.22170788691176,995
2024-09-16 12:20:59.832,416.218265371557,97
2024-09-16 12:20:59.840,416.2152925813549,13
