Timestamp,Price,Size
2024-09-16 10:33:00.006,417.3420381733455,1001
2024-09-16 10:33:00.022,417.3810716824163,15
2024-09-16 10:33:00.071,417.3662687233547,1003
2024-09-16 10:33:00.183,417.3637099348239,15
2024-09-16 10:33:00.264,,96
2024-09-16 10:33:00.322,417.3958460772805,12
2024-09-16 10:33:00.369,417.35008053549865,14
2024-09-16 10:33:00.394,417.3631087552473,996
2024-09-16 10:33:00.456,417.39987104776566,997
2024-09-16 10:33:00.473,417.3486412059205,996
2024-09-16 10:33:00.475,417.36335898032655,1000
2024-09-16 10:33:00.483,417.39702610109634,102
2024-09-16 10:33:00.642,417.3621591400325,100
2024-09-16 10:33:00.670,417.3609905976771,14
2024-09-16 10:33:00.694,417.3674450855357,105
2024-09-16 10:33:00.716,417.3614394214152,8
2024-09-16 10:33:00.720,417.4001314297774,1005
2024-09-16 10:33:00.788,417.35246689436593,13
2024-09-16 10:33:00.805,417.3418206999101,9
2024-09-16 10:33:00.835,417.3445925106796,100
2024-09-16 10:33:00.929,417.3687365280956,97
2024-09-16 10:33:00.944,417.3743645009802,9
2024-09-16 10:33:00.948,417.3766210053149,12
2024-09-16 10:33:00.988,417.3991414531706,996
2024-09-16 10:33:01.017,417.3790152707484,5
2024-09-16 10:33:01.022,417.3939899440671,5
2024-09-16 10:33:01.079,417.35468163474087,10
2024-09-16 10:33:01.132,417.3812322128542,95
2024-09-16 10:33:01.207,417.3691752582071,998
2024-09-16 10:33:01.239,417.39126381413575,996
2024-09-16 10:33:01.284,417.36764955790005,97
2024-09-16 10:33:01.308,417.3754256774301,103
2024-09-16 10:33:01.345,417.3757475351708,6
2024-09-16 10:33:01.491,417.3894943115636,1001
2024-09-16 10:33:01.492,417.3809502932687,103
2024-09-16 10:33:01.496,417.4025453152265,996
2024-09-16 10:33:01.521,417.39957726843136,15
2024-09-16 10:33:01.534,41.73651836132029,102
2024-09-16 10:33:01.547,417.3618869922647,1003
2024-09-16 10:33:01.594,417.3787105974991,995
2024-09-16 10:33:01.664,417.3750988263622,1001
2024-09-16 10:33:01.703,417.3980192756274,99
2024-09-16 10:33:01.707,417.38443900912455,1002
2024-09-16 10:33:01.720,417.3634453563349,1002
2024-09-16 10:33:01.812,417.3954755536539,1005
2024-09-16 10:33:01.849,417.3761508100134,99
2024-09-16 10:33:01.951,417.3927094761264,1000
2024-09-16 10:33:01.957,417.38842443130096,1002
2024-09-16 10:33:01.980,417.3583406848654,95
2024-09-16 10:33:02.038,417.449868238412,998
2024-09-16 10:33:02.074,417.4262453697106,8
2024-09-16 10:33:02.077,417.4052064304012,1005
2024-09-16 10:33:02.080,417.4245584129564,13
2024-09-16 10:33:02.148,417.4296711881627,103
2024-09-16 10:33:02.211,417.4488452383455,6
2024-09-16 10:33:02.353,417.4196965382205,11
2024-09-16 10:33:02.391,417.4398366004496,8
2024-09-16 10:33:02.412,417.42997332746825,96
2024-09-16 10:33:02.422,417.4085124277165,995
2024-09-16 10:33:02.500,417.4443126665101,15
2024-09-16 10:33:02.524,417.4201669906569,102
2024-09-16 10:33:02.609,417.4317801315617,5
2024-09-16 10:33:02.643,417.4341848449848,95
2024-09-16 10:33:02.647,,95
2024-09-16 10:33:02.837,417.3986869344697,8
2024-09-16 10:33:02.841,417.4371358874453,8
2024-09-16 10:33:02.948,417.398748599038,104
2024-09-16 10:33:02.971,,7
2024-09-16 10:33:02.987,417.4097480645656,8
2024-09-16 10:33:02.988,417.4473421973365,104
2024-09-16 10:33:03.118,417.3732321338292,99
2024-09-16 10:33:03.198,417.3950708312895,997
2024-09-16 10:33:03.292,417.3940487681429,996
2024-09-16 10:33:03.309,417.3822938598416,9
2024-09-16 10:33:03.384,417.3862909196756,96
2024-09-16 10:33:03.414,417.3828796513985,1000
2024-09-16 10:33:03.428,417.3688297287805,103
2024-09-16 10:33:03.862,417.3864821007398,97
2024-09-16 10:33:03.897,417.3938345468069,11
2024-09-16 10:33:03.909,417.3674210409496,996
2024-09-16 10:33:03.926,417.3847368697117,7
2024-09-16 10:33:03.927,417.3853042074956,105
2024-09-16 10:33:05.009,417.4044351066449,15
2024-09-16 10:33:05.010,417.3836512073751,8
2024-09-16 10:33:05.325,417.38755297783416,5
2024-09-16 10:33:05.407,417.362223476572,996
2024-09-16 10:33:05.509,417.4119820134719,997
2024-09-16 10:33:05.514,417.3814137015044,14
2024-09-16 10:33:05.545,417.4107898593573,99
2024-09-16 10:33:05.584,417.3933013919783,6
2024-09-16 10:33:05.624,417.3973577652427,96
2024-09-16 10:33:05.714,417.3671800169446,95
2024-09-16 10:33:05.780,417.363297593784,1002
2024-09-16 10:33:05.846,417.4075743362001,95
2024-09-16 10:33:05.851,417.3670439366046,11
2024-09-16 10:33:05.892,417.3645751439984,98
2024-09-16 10:33:05.994,417.3864485531871,102
2024-09-16 10:33:05.998,417.3687886162225,97
2024-09-16 10:33:06.157,417.3599591129247,98
2024-09-16 10:33:06.359,417.3703133766946,104
2024-09-16 10:33:06.540,417.3407656211939,99
2024-09-16 10:33:06.875,417.35152165783126,99
2024-09-16 10:33:06.878,417.35783254462746,996
2024-09-16 10:33:07.257,417.3627787579493,10
2024-09-16 10:33:07.590,417.3765093568891,1003
2024-09-16 10:33:07.726,417.34994514282994,9
2024-09-16 10:33:08.070,417.36743756703294,12
2024-09-16 10:33:08.122,417.3652831699153,100
2024-09-16 10:33:08.140,417.35284001188086,101
2024-09-16 10:33:08.148,417.397652603767,1003
2024-09-16 10:33:08.164,417.391754569969,8
2024-09-16 10:33:08.235,417.386613893604,8
2024-09-16 10:33:08.344,417.401135194244,9
2024-09-16 10:33:08.345,417.361472032289,100
2024-09-16 10:33:08.445,417.3684073815237,996
2024-09-16 10:33:08.452,417.3728833540165,13
2024-09-16 10:33:08.534,417.3604598933364,997
2024-09-16 10:33:08.579,417.3738698052163,101
2024-09-16 10:33:08.599,417.3723803810274,101
2024-09-16 10:33:08.687,417.3970547222637,99
2024-09-16 10:33:08.788,417.3900005183484,996
2024-09-16 10:33:08.809,417.3692475639474,105
2024-09-16 10:33:08.846,417.3509992611312,6
2024-09-16 10:33:08.884,417.3747727861592,99
2024-09-16 10:33:08.954,417.36509932329824,1003
2024-09-16 10:33:09.101,417.4060449343339,1001
2024-09-16 10:33:09.277,417.41782190113264,103
2024-09-16 10:33:09.300,417.40293091100256,1002
2024-09-16 10:33:09.367,417.4149020731662,1003
2024-09-16 10:33:09.396,417.4175674147842,103
2024-09-16 10:33:09.420,417.3909262899289,6
2024-09-16 10:33:09.440,417.4059865848701,6
2024-09-16 10:33:09.466,417.4152907233881,14
2024-09-16 10:33:09.526,417.4029810332228,1002
2024-09-16 10:33:09.528,417.4073734956192,99
2024-09-16 10:33:09.652,417.3851229600386,13
2024-09-16 10:33:09.662,417.39104528616,8
2024-09-16 10:33:09.769,417.4171810027309,12
2024-09-16 10:33:09.776,417.40305313028136,96
2024-09-16 10:33:09.836,417.4235591403134,99
2024-09-16 10:33:10.032,417.40587647032174,15
2024-09-16 10:33:10.034,417.3937388132528,12
2024-09-16 10:33:10.100,417.39145808219735,998
2024-09-16 10:33:10.208,417.4040797252947,997
2024-09-16 10:33:10.369,417.4194394580256,100
2024-09-16 10:33:10.374,417.3944895212762,15
2024-09-16 10:33:10.398,417.3962880366868,7
2024-09-16 10:33:10.533,417.4129069144511,95
2024-09-16 10:33:10.639,41.7417924374558,997
2024-09-16 10:33:10.671,417.4181205081528,1001
2024-09-16 10:33:10.698,417.4177461894115,15
2024-09-16 10:33:10.783,417.4033127501082,15
2024-09-16 10:33:10.893,417.38458982576367,13
2024-09-16 10:33:10.924,417.4112095388,8
2024-09-16 10:33:11.086,417.43040871728,998
2024-09-16 10:33:11.091,417.4410942537295,998
2024-09-16 10:33:11.180,417.4298615831907,1004
2024-09-16 10:33:11.214,417.39740178114425,105
2024-09-16 10:33:11.260,417.4316697695082,6
2024-09-16 10:33:11.263,417.44398538540753,12
2024-09-16 10:33:11.290,417.4464960400292,1001
2024-09-16 10:33:11.292,417.4166704112011,9
2024-09-16 10:33:11.316,,102
2024-09-16 10:33:11.322,417.4261657150515,1001
2024-09-16 10:33:11.358,,7
2024-09-16 10:33:11.397,417.4368475233584,1005
2024-09-16 10:33:11.399,417.41004189898337,5
2024-09-16 10:33:11.475,417.4135861653594,15
2024-09-16 10:33:11.533,417.4137383942288,1005
2024-09-16 10:33:11.586,417.4280809270866,13
2024-09-16 10:33:11.594,417.4283327765701,7
2024-09-16 10:33:11.628,417.4351971514039,12
2024-09-16 10:33:11.641,417.4176408497624,997
2024-09-16 10:33:11.701,417.4413358571546,8
2024-09-16 10:33:11.721,417.4536337159085,98
2024-09-16 10:33:11.743,417.4100633519801,97
2024-09-16 10:33:11.792,417.4265925105884,9
2024-09-16 10:33:11.837,417.42314803783273,10
2024-09-16 10:33:11.848,417.4152558110493,15
2024-09-16 10:33:11.914,417.3908637498187,98
2024-09-16 10:33:12.110,417.4234510911106,1005
2024-09-16 10:33:12.115,417.44265209797743,101
2024-09-16 10:33:12.131,-417.4488374639438,995
2024-09-16 10:33:12.139,,1005
2024-09-16 10:33:12.149,417.43450552986144,1003
2024-09-16 10:33:12.501,417.414344145102,1002
2024-09-16 10:33:12.576,417.4283328083464,97
2024-09-16 10:33:12.670,417.4371593468568,1004
2024-09-16 10:33:12.736,417.4592769009946,7
2024-09-16 10:33:12.830,417.4404218704872,104
2024-09-16 10:33:12.856,417.4069003861122,8
2024-09-16 10:33:12.860,417.4468643783872,1002
2024-09-16 10:33:12.950,417.4239227235196,7
2024-09-16 10:33:12.956,417.4131702676973,95
2024-09-16 10:33:13.106,417.465583516883,98
2024-09-16 10:33:13.249,417.4633918203875,1000
2024-09-16 10:33:13.507,417.4651958381753,998
2024-09-16 10:33:13.607,417.4516830861927,8
2024-09-16 10:33:14.034,417.5122280775354,1000
2024-09-16 10:33:14.137,417.5166517567813,98
2024-09-16 10:33:14.138,417.4826955812512,97
2024-09-16 10:33:14.246,417.49721403563393,1004
2024-09-16 10:33:14.300,417.48547070515735,15
2024-09-16 10:33:14.314,417.5116127919546,11
2024-09-16 10:33:14.354,417.49941577844027,6
2024-09-16 10:33:14.434,417.5032788512535,995
2024-09-16 10:33:14.463,417.5089875738016,1004
2024-09-16 10:33:14.491,417.49942974172495,995
2024-09-16 10:33:14.617,417.4887385357357,102
2024-09-16 10:33:14.711,417.5106164028453,7
2024-09-16 10:33:14.826,417.5074532344654,96
2024-09-16 10:33:14.915,417.49831888181313,5
2024-09-16 10:33:15.189,417.36686974508655,997
2024-09-16 10:33:15.228,417.37036940270207,98
2024-09-16 10:33:15.333,417.3986334032398,1002
2024-09-16 10:33:15.457,417.4370863153994,996
2024-09-16 10:33:15.469,417.46328992329416,10
2024-09-16 10:33:15.562,417.3728215104286,15
2024-09-16 10:33:15.592,417.3487880890908,14
2024-09-16 10:33:15.691,417.36709854356354,13
2024-09-16 10:33:15.695,417.3482416749055,7
2024-09-16 10:33:15.784,417.3989295898096,100
2024-09-16 10:33:15.842,417.4501689296118,5
2024-09-16 10:33:15.951,417.4215513317917,103
2024-09-16 10:33:15.956,417.36265681924937,8
2024-09-16 10:33:16.004,417.3614867010824,9
2024-09-16 10:33:16.017,417.3899322427528,1005
2024-09-16 10:33:16.026,417.3401824442578,12
2024-09-16 10:33:16.171,417.3573780715952,96
2024-09-16 10:33:16.255,417.3675744563348,14
2024-09-16 10:33:16.262,417.3660941907992,6
2024-09-16 10:33:16.262,417.3916223509899,7
2024-09-16 10:33:16.271,417.3551426459563,12
2024-09-16 10:33:16.284,417.3388965644172,998
2024-09-16 10:33:16.456,417.3689447833249,995
2024-09-16 10:33:16.469,417.34718188654233,1005
2024-09-16 10:33:16.692,417.34323323195065,1002
2024-09-16 10:33:16.698,417.33122017845335,6
2024-09-16 10:33:16.756,417.3603345321116,95
2024-09-16 10:33:16.765,417.3611440643283,15
2024-09-16 10:33:16.780,417.3504574491902,7
2024-09-16 10:33:16.807,417.3597516312201,105
2024-09-16 10:33:16.811,417.3614726257623,13
2024-09-16 10:33:16.845,417.3621032126972,996
2024-09-16 10:33:16.890,417.3518523236074,95
2024-09-16 10:33:16.943,417.3481443152775,9
2024-09-16 10:33:16.944,417.3497676176671,1000
2024-09-16 10:33:16.949,417.35775540099297,1002
2024-09-16 10:33:16.955,417.367397948901,103
2024-09-16 10:33:16.963,417.36398612527273,97
2024-09-16 10:33:16.969,417.40133331373744,105
2024-09-16 10:33:16.987,417.3530481463079,1000
2024-09-16 10:33:17.176,417.36742944685886,105
2024-09-16 10:33:17.271,417.38358659326354,998
2024-09-16 10:33:17.279,417.4020002769897,1003
2024-09-16 10:33:17.308,417.398616864864,995
2024-09-16 10:33:17.332,417.37885799830576,1000
2024-09-16 10:33:17.338,417.4138532114589,8
2024-09-16 10:33:17.396,417.3620119162022,103
2024-09-16 10:33:17.667,417.3706328185368,7
2024-09-16 10:33:17.680,417.3915451389507,8
2024-09-16 10:33:17.706,417.35802774463446,100
2024-09-16 10:33:18.474,417.39776443550926,12
2024-09-16 10:33:18.519,417.4395916328107,999
2024-09-16 10:33:18.628,417.39690327318783,15
2024-09-16 10:33:18.698,417.3887041620377,1000
2024-09-16 10:33:18.784,417.39737416265615,15
2024-09-16 10:33:18.913,417.4070937052862,95
2024-09-16 10:33:19.033,417.4297858112979,104
2024-09-16 10:33:19.175,417.4340263681258,97
2024-09-16 10:33:19.345,417.4638353684653,7
2024-09-16 10:33:19.424,417.4339308422701,101
2024-09-16 10:33:19.447,417.42873088836143,999
2024-09-16 10:33:19.506,,95
2024-09-16 10:33:19.709,417.4564374372168,97
2024-09-16 10:33:19.856,417.418397644816,1004
2024-09-16 10:33:20.026,417.442928074217,5
2024-09-16 10:33:20.028,417.4285432327652,97
2024-09-16 10:33:20.103,41.744979841577454,995
2024-09-16 10:33:20.110,417.4431464341337,98
2024-09-16 10:33:20.153,417.4530165309424,103
2024-09-16 10:33:20.177,417.4736206940061,10
2024-09-16 10:33:20.243,417.4151603402469,998
2024-09-16 10:33:20.244,417.4267615676032,14
2024-09-16 10:33:20.255,417.4174580983253,999
2024-09-16 10:33:20.262,417.46927693868304,103
2024-09-16 10:33:20.263,417.4380515492748,1001
2024-09-16 10:33:20.291,417.4317242126301,101
2024-09-16 10:33:20.412,417.4723502903393,1003
2024-09-16 10:33:20.420,417.43111453979753,996
2024-09-16 10:33:20.501,417.4683719083239,8
2024-09-16 10:33:20.529,417.42442617988536,9
2024-09-16 10:33:20.575,417.4560188988041,98
2024-09-16 10:33:20.610,417.43400867121767,15
2024-09-16 10:33:20.622,417.4491681439259,12
2024-09-16 10:33:20.626,417.4536432873003,97
2024-09-16 10:33:20.657,417.4494529852975,1004
2024-09-16 10:33:20.754,-417.4411956322199,998
2024-09-16 10:33:20.757,417.4508573795848,1003
2024-09-16 10:33:20.939,417.46012154544457,12
2024-09-16 10:33:20.968,417.4329971848031,12
2024-09-16 10:33:21.015,417.4803169119064,1003
2024-09-16 10:33:21.028,417.477988215309,101
2024-09-16 10:33:21.032,417.5115089185173,997
2024-09-16 10:33:21.180,417.4660192056842,1000
2024-09-16 10:33:21.267,417.5146586096635,15
2024-09-16 10:33:21.278,417.4850293015135,100
2024-09-16 10:33:21.292,417.4846786734722,10
2024-09-16 10:33:21.376,417.47063481048775,10
2024-09-16 10:33:21.484,417.4682739244568,99
2024-09-16 10:33:21.514,417.48454619573647,7
2024-09-16 10:33:21.755,417.48262368313226,103
2024-09-16 10:33:21.823,417.4963510902009,103
2024-09-16 10:33:21.930,417.5179452310816,7
2024-09-16 10:33:21.981,417.4786625395282,1002
2024-09-16 10:33:21.985,417.4755213038528,102
2024-09-16 10:33:22.397,417.517515679294,105
2024-09-16 10:33:22.552,417.5172551806603,97
2024-09-16 10:33:22.560,417.5225184461543,14
2024-09-16 10:33:22.623,417.5237924426911,97
2024-09-16 10:33:23.089,417.5236937300893,5
2024-09-16 10:33:23.112,417.5298604610099,1001
2024-09-16 10:33:23.133,417.5333523280722,999
2024-09-16 10:33:23.140,417.5232386163103,13
2024-09-16 10:33:23.150,417.5046002124266,97
2024-09-16 10:33:23.172,417.53255905032165,1004
2024-09-16 10:33:23.201,417.541137053088,103
2024-09-16 10:33:23.224,417.5206287631508,997
2024-09-16 10:33:23.299,417.5244145765804,1000
2024-09-16 10:33:23.327,417.5084810949835,11
2024-09-16 10:33:23.471,417.53962424742656,999
2024-09-16 10:33:23.574,417.5344016407005,7
2024-09-16 10:33:23.626,417.5037946407297,95
2024-09-16 10:33:23.650,417.51024643135867,97
2024-09-16 10:33:23.708,417.5114385105404,102
2024-09-16 10:33:23.714,417.5240638783095,999
2024-09-16 10:33:23.782,417.5440404776683,104
2024-09-16 10:33:23.784,417.52677850567824,100
2024-09-16 10:33:23.793,417.5379587098534,100
2024-09-16 10:33:23.817,417.539612523815,105
2024-09-16 10:33:23.834,417.518751041886,9
2024-09-16 10:33:23.890,417.52033858644654,105
2024-09-16 10:33:23.891,417.5409885434277,1001
2024-09-16 10:33:23.913,417.5093534393048,1000
2024-09-16 10:33:24.018,417.4939634665346,14
2024-09-16 10:33:24.069,417.5199697994164,999
2024-09-16 10:33:24.098,417.5188100066976,95
2024-09-16 10:33:24.286,417.5214629710548,12
2024-09-16 10:33:24.358,417.5111843106461,8
2024-09-16 10:33:24.418,417.5223349381693,100
2024-09-16 10:33:24.504,417.4823687374955,99
2024-09-16 10:33:24.508,417.4800682437484,996
2024-09-16 10:33:24.515,417.48138782159856,101
2024-09-16 10:33:24.517,417.47794548323526,98
2024-09-16 10:33:24.691,417.5264349641415,8
2024-09-16 10:33:24.713,417.4735763010472,103
2024-09-16 10:33:24.762,417.4671061743001,100
2024-09-16 10:33:24.780,417.4913171354604,1003
2024-09-16 10:33:24.859,417.51201503980656,100
2024-09-16 10:33:24.874,417.4800707094173,100
2024-09-16 10:33:24.875,417.5282686427635,996
2024-09-16 10:33:24.915,417.5145225208396,5
2024-09-16 10:33:24.939,417.4787355202607,100
2024-09-16 10:33:25.068,417.5266080342216,105
2024-09-16 10:33:25.105,417.47746370415047,104
2024-09-16 10:33:25.120,417.49203919905113,10
2024-09-16 10:33:25.147,417.4661340717034,11
2024-09-16 10:33:25.171,417.5192562673235,5
2024-09-16 10:33:25.182,417.522096583131,103
2024-09-16 10:33:25.183,417.4705203762104,7
2024-09-16 10:33:25.236,417.4632353478737,1005
2024-09-16 10:33:25.267,417.47811973462177,13
2024-09-16 10:33:25.272,417.454721195894,101
2024-09-16 10:33:25.293,417.4706394191282,98
2024-09-16 10:33:25.350,417.5081387035922,105
2024-09-16 10:33:25.350,417.5004412916348,13
2024-09-16 10:33:25.361,417.4679942355639,9
2024-09-16 10:33:25.390,417.4615406183903,999
2024-09-16 10:33:25.502,417.50100754728015,104
2024-09-16 10:33:25.509,417.4509477138076,996
2024-09-16 10:33:25.541,417.459043638041,95
2024-09-16 10:33:25.572,417.5134452689903,6
2024-09-16 10:33:25.639,417.49586190591344,6
2024-09-16 10:33:25.694,417.5220980335211,97
2024-09-16 10:33:25.695,417.5047944549424,6
2024-09-16 10:33:25.738,417.5160244090597,7
2024-09-16 10:33:25.758,417.4957687186159,1005
2024-09-16 10:33:25.937,417.4943178908639,12
2024-09-16 10:33:25.974,417.4590509241563,8
2024-09-16 10:33:25.997,417.4920604691708,14
2024-09-16 10:33:25.998,417.47388040417087,105
2024-09-16 10:33:26.031,417.4653110807022,999
2024-09-16 10:33:26.204,417.47572375217527,15
2024-09-16 10:33:26.231,417.48700316362414,1004
2024-09-16 10:33:26.412,417.4417909286625,101
2024-09-16 10:33:26.519,417.4558689392365,98
2024-09-16 10:33:26.555,417.4838117940667,7
2024-09-16 10:33:26.585,417.4728927472062,6
2024-09-16 10:33:26.638,417.4619528979677,1004
2024-09-16 10:33:26.659,417.4778930154412,14
2024-09-16 10:33:27.072,417.4780443124076,995
2024-09-16 10:33:27.101,417.4917073404093,97
2024-09-16 10:33:27.119,417.4731461491701,14
2024-09-16 10:33:27.126,417.4885406753667,1001
2024-09-16 10:33:27.139,417.4605871254009,7
2024-09-16 10:33:27.229,417.4910752739782,999
2024-09-16 10:33:27.234,417.4752898621788,5
2024-09-16 10:33:27.322,417.4897664989926,103
2024-09-16 10:33:27.439,417.4773914654665,95
2024-09-16 10:33:27.444,417.4649858379745,1000
2024-09-16 10:33:27.493,,96
2024-09-16 10:33:27.697,417.46246092335326,12
2024-09-16 10:33:27.806,417.47464573596807,98
2024-09-16 10:33:27.913,417.4991830410127,7
2024-09-16 10:33:27.914,417.4917743929743,14
2024-09-16 10:33:27.921,417.4947798289954,8
2024-09-16 10:33:27.931,417.4649184053524,996
2024-09-16 10:33:28.215,417.48715082660505,998
2024-09-16 10:33:28.441,417.4842774218545,6
2024-09-16 10:33:29.050,417.5316415269555,10
2024-09-16 10:33:29.137,417.5058301357507,995
2024-09-16 10:33:29.363,417.4924242000699,100
2024-09-16 10:33:29.369,417.5053299567664,12
2024-09-16 10:33:29.380,417.49951266505735,1005
2024-09-16 10:33:29.459,41.75044892268421,998
2024-09-16 10:33:29.602,417.4852260600013,96
2024-09-16 10:33:29.657,417.4941669438424,997
2024-09-16 10:33:29.686,417.5145419995823,103
2024-09-16 10:33:29.868,417.492398774446,15
2024-09-16 10:33:29.873,417.5074665880225,15
2024-09-16 10:33:29.874,417.48446491769965,95
2024-09-16 10:33:30.035,417.5081133176876,11
2024-09-16 10:33:30.132,417.5249039772052,15
2024-09-16 10:33:30.203,417.4942064112389,999
2024-09-16 10:33:30.207,417.5147121419021,9
2024-09-16 10:33:30.207,417.5443694705932,101
2024-09-16 10:33:30.509,417.5063273086736,6
2024-09-16 10:33:30.708,417.5160286337334,14
2024-09-16 10:33:30.806,417.52189367033634,9
2024-09-16 10:33:30.832,417.5079533062105,97
2024-09-16 10:33:30.982,417.51980027799135,998
2024-09-16 10:33:31.026,417.5431978859099,103
2024-09-16 10:33:31.045,417.558182094082,101
2024-09-16 10:33:31.130,417.5463495114861,104
2024-09-16 10:33:31.266,417.5636249193311,10
2024-09-16 10:33:31.374,417.54418258434765,1005
2024-09-16 10:33:31.423,417.5374926873976,1003
2024-09-16 10:33:31.496,417.5647261823978,97
2024-09-16 10:33:31.562,417.5315512365738,13
2024-09-16 10:33:31.574,417.56460966541965,999
2024-09-16 10:33:31.641,417.5471645169605,99
2024-09-16 10:33:31.715,417.5582373372398,995
2024-09-16 10:33:31.784,417.5498404724214,13
2024-09-16 10:33:31.808,417.5478032409633,95
2024-09-16 10:33:31.914,417.5567037367168,103
2024-09-16 10:33:31.931,417.5527279906854,98
2024-09-16 10:33:31.994,417.55107992595975,1001
2024-09-16 10:33:32.034,417.5006206093449,14
2024-09-16 10:33:32.060,417.5549307213147,1003
2024-09-16 10:33:32.104,417.535238456866,95
2024-09-16 10:33:32.167,417.4869546016063,1001
2024-09-16 10:33:32.209,417.47539964032376,102
2024-09-16 10:33:32.274,417.4812508393565,997
2024-09-16 10:33:32.283,417.5548409586992,14
2024-09-16 10:33:32.290,417.5532362585263,10
2024-09-16 10:33:32.297,417.515096159296,10
2024-09-16 10:33:32.308,417.4831788189082,101
2024-09-16 10:33:32.420,417.5205337032351,105
2024-09-16 10:33:32.469,417.5214505824538,105
2024-09-16 10:33:32.484,417.4633276907172,996
2024-09-16 10:33:32.568,417.5170356519408,1003
2024-09-16 10:33:32.578,417.4572329077246,13
2024-09-16 10:33:32.596,417.4738596582328,11
2024-09-16 10:33:32.637,417.5259428652459,104
2024-09-16 10:33:32.657,417.4607959203061,1003
2024-09-16 10:33:32.689,,14
2024-09-16 10:33:32.712,417.544112976069,10
2024-09-16 10:33:32.713,417.51018096420046,1000
2024-09-16 10:33:32.802,417.4806775673851,13
2024-09-16 10:33:32.826,417.486974081422,97
2024-09-16 10:33:32.861,417.5519280860812,1000
2024-09-16 10:33:32.870,417.4960977989908,97
2024-09-16 10:33:32.871,417.4903257223933,97
2024-09-16 10:33:32.881,417.5028162300092,96
2024-09-16 10:33:32.886,417.4951942974354,103
2024-09-16 10:33:32.973,417.4896427859772,1001
2024-09-16 10:33:33.054,417.4768993847716,1001
2024-09-16 10:33:33.093,417.5366288498723,1002
2024-09-16 10:33:33.103,417.50193153572735,103
2024-09-16 10:33:33.149,417.5062394516716,101
2024-09-16 10:33:33.177,417.5312122854172,103
2024-09-16 10:33:33.183,417.4787488667545,96
2024-09-16 10:33:33.208,417.5326467251333,5
2024-09-16 10:33:33.277,417.5111445957869,97
2024-09-16 10:33:33.342,417.4949677003931,12
2024-09-16 10:33:33.362,417.5464768015451,5
2024-09-16 10:33:33.373,417.5132675432833,102
2024-09-16 10:33:33.443,417.52728324064975,998
2024-09-16 10:33:33.448,417.52362294579535,1004
2024-09-16 10:33:33.452,417.56322249185126,10
2024-09-16 10:33:33.481,417.4881776253303,5
2024-09-16 10:33:33.487,417.4814197980048,100
2024-09-16 10:33:33.578,417.5441738360905,98
2024-09-16 10:33:33.585,417.5209652537088,995
2024-09-16 10:33:33.594,417.541837514559,995
2024-09-16 10:33:33.637,417.4891802435072,9
2024-09-16 10:33:33.639,-417.5080734460113,1004
2024-09-16 10:33:33.663,417.5136327359936,13
2024-09-16 10:33:33.768,417.51142623972345,99
2024-09-16 10:33:33.793,417.56796548923097,1003
2024-09-16 10:33:33.847,417.5510287648318,14
2024-09-16 10:33:33.862,417.50356466772126,12
2024-09-16 10:33:33.879,417.5003527666523,1002
2024-09-16 10:33:33.948,417.5025635327349,103
2024-09-16 10:33:33.956,417.5654724847892,11
2024-09-16 10:33:34.082,417.4689087168484,1002
2024-09-16 10:33:34.133,417.4929402062095,1005
2024-09-16 10:33:34.236,417.4976987805584,1001
2024-09-16 10:33:34.324,417.481238212184,104
2024-09-16 10:33:34.334,417.48622693422186,101
2024-09-16 10:33:34.347,417.4668873361631,102
2024-09-16 10:33:34.417,417.4800097754899,6
2024-09-16 10:33:34.429,417.4687052505167,12
2024-09-16 10:33:34.478,417.5004896273993,101
2024-09-16 10:33:34.521,417.5043608488159,13
2024-09-16 10:33:34.589,417.4748572192864,1001
2024-09-16 10:33:34.639,417.49291632542565,10
2024-09-16 10:33:34.641,417.5039037079473,1000
2024-09-16 10:33:34.729,-417.508700058658,99
2024-09-16 10:33:34.739,417.4740947289238,98
2024-09-16 10:33:34.770,417.478889702092,103
2024-09-16 10:33:34.791,417.46976639585387,5
2024-09-16 10:33:34.836,417.4953631179055,999
2024-09-16 10:33:34.837,417.4987736878636,12
2024-09-16 10:33:34.840,417.484416195519,12
2024-09-16 10:33:34.907,417.4764192283371,10
2024-09-16 10:33:35.115,417.5184929245144,1002
2024-09-16 10:33:35.164,417.4951694742391,102
2024-09-16 10:33:35.206,417.4867225238439,105
2024-09-16 10:33:35.284,417.5086515680056,95
2024-09-16 10:33:35.365,417.5141822986354,1003
2024-09-16 10:33:35.491,417.52862315648673,95
2024-09-16 10:33:35.606,417.5065439932004,101
2024-09-16 10:33:35.655,417.4936660005184,100
2024-09-16 10:33:35.729,417.5009630475424,997
2024-09-16 10:33:35.754,417.50505557767775,998
2024-09-16 10:33:35.945,417.5095220581471,997
2024-09-16 10:33:35.947,417.5090171009858,1000
2024-09-16 10:33:36.054,417.4997583681504,98
2024-09-16 10:33:36.310,417.50234555406246,12
2024-09-16 10:33:36.422,417.50798569258507,8
2024-09-16 10:33:36.469,417.5024151724312,12
2024-09-16 10:33:36.696,417.475812539334,999
2024-09-16 10:33:37.018,417.4791319625329,11
2024-09-16 10:33:37.055,417.43288815996095,104
2024-09-16 10:33:37.181,417.4339585510458,96
2024-09-16 10:33:37.240,417.4343292022028,13
2024-09-16 10:33:37.291,417.4467624415376,98
2024-09-16 10:33:37.511,417.43816777499205,9
2024-09-16 10:33:37.526,417.4433883896891,97
2024-09-16 10:33:37.546,417.4518408064926,996
2024-09-16 10:33:37.618,417.4227122097264,8
2024-09-16 10:33:37.645,417.4602364786946,100
2024-09-16 10:33:37.689,417.4539596453493,13
2024-09-16 10:33:37.720,417.4096138552031,997
2024-09-16 10:33:37.766,417.43726028065936,12
2024-09-16 10:33:37.804,417.45323110857856,104
2024-09-16 10:33:37.938,417.4419492747132,99
2024-09-16 10:33:38.007,417.412154428427,997
2024-09-16 10:33:38.010,417.3276304171631,995
2024-09-16 10:33:38.025,41.73756436716275,100
2024-09-16 10:33:38.044,417.3481137688643,996
2024-09-16 10:33:38.066,417.4071827596542,97
2024-09-16 10:33:38.082,417.3442120527836,1002
2024-09-16 10:33:38.147,417.3437238866069,998
2024-09-16 10:33:38.174,417.3402619921533,1000
2024-09-16 10:33:38.324,417.38575067942406,15
2024-09-16 10:33:38.350,417.3558089446523,99
2024-09-16 10:33:38.412,417.3422512896312,13
2024-09-16 10:33:38.473,417.403781320264,101
2024-09-16 10:33:38.487,417.3606036568574,95
2024-09-16 10:33:38.519,417.38093332464905,14
2024-09-16 10:33:38.524,417.4152028295204,998
2024-09-16 10:33:38.557,417.3665628204171,1004
2024-09-16 10:33:38.594,417.4081904736228,1002
2024-09-16 10:33:38.636,417.4077286873769,1001
2024-09-16 10:33:38.663,417.4057117309013,7
2024-09-16 10:33:38.684,417.3158287998814,7
2024-09-16 10:33:38.690,417.388825717457,10
2024-09-16 10:33:38.732,417.3560095705638,11
2024-09-16 10:33:38.734,417.3400792058414,997
2024-09-16 10:33:38.959,417.3903167674175,100
2024-09-16 10:33:38.975,417.4010007524237,98
2024-09-16 10:33:38.981,417.3437137987928,101
2024-09-16 10:33:39.054,417.2951898235494,99
2024-09-16 10:33:39.119,417.2542101391748,1002
2024-09-16 10:33:39.228,417.2700724235236,6
2024-09-16 10:33:39.256,417.2974275371546,1005
2024-09-16 10:33:39.452,417.2974765470824,101
2024-09-16 10:33:39.494,417.28551432664415,6
2024-09-16 10:33:39.512,417.3137720158057,999
2024-09-16 10:33:39.535,417.2692864966276,1004
2024-09-16 10:33:39.648,417.3023039153515,101
2024-09-16 10:33:39.721,417.3054370154576,13
2024-09-16 10:33:39.971,417.2626645507898,1005
2024-09-16 10:33:39.987,417.274384424334,96
2024-09-16 10:33:40.039,417.29452630098814,11
2024-09-16 10:33:40.084,417.29316037641786,997
2024-09-16 10:33:40.141,417.2857905625572,96
2024-09-16 10:33:40.166,417.275798996665,99
2024-09-16 10:33:40.200,417.2866994969997,105
2024-09-16 10:33:40.210,417.2665581451062,995
2024-09-16 10:33:40.239,417.2842913112433,7
2024-09-16 10:33:40.278,417.30814043563726,102
2024-09-16 10:33:40.285,417.25322905183225,95
2024-09-16 10:33:40.308,417.2799249493482,95
2024-09-16 10:33:40.314,417.2973451294772,8
2024-09-16 10:33:40.458,417.2776240600711,995
2024-09-16 10:33:40.517,417.2864764595663,99
2024-09-16 10:33:40.542,417.2851809469047,995
2024-09-16 10:33:40.753,417.29473248515865,6
2024-09-16 10:33:40.758,417.3059896797869,6
2024-09-16 10:33:40.770,417.298419373783,11
2024-09-16 10:33:40.896,417.2793140253861,97
2024-09-16 10:33:41.121,417.3107765475568,7
2024-09-16 10:33:41.199,417.2923278341622,6
2024-09-16 10:33:41.235,417.29752811289353,104
2024-09-16 10:33:41.257,417.2698859620782,8
2024-09-16 10:33:41.273,417.2922912634364,100
2024-09-16 10:33:41.286,417.3057539333467,14
2024-09-16 10:33:41.325,417.3121852079647,101
2024-09-16 10:33:41.343,417.2970098637678,105
2024-09-16 10:33:41.379,417.28308829616174,5
2024-09-16 10:33:41.468,417.3030818280018,103
2024-09-16 10:33:41.545,417.3003834620756,998
2024-09-16 10:33:41.605,417.29237862329967,997
2024-09-16 10:33:41.629,417.3059390509114,10
2024-09-16 10:33:41.655,417.2938540238552,98
2024-09-16 10:33:41.656,417.30292754686496,103
2024-09-16 10:33:41.668,417.2891839143064,12
2024-09-16 10:33:41.694,417.2926096779021,95
2024-09-16 10:33:41.733,417.2887285075308,12
2024-09-16 10:33:41.750,417.31232854516514,1005
2024-09-16 10:33:41.836,417.29748100301873,5
2024-09-16 10:33:42.024,417.2905163717128,998
2024-09-16 10:33:42.076,417.3125485816876,103
2024-09-16 10:33:42.081,417.30626111341246,1003
2024-09-16 10:33:42.134,417.306740741195,8
2024-09-16 10:33:42.197,417.3161540114716,104
2024-09-16 10:33:42.263,417.30831228250855,14
2024-09-16 10:33:42.288,417.2826797701888,103
2024-09-16 10:33:42.315,417.2906272293649,100
2024-09-16 10:33:42.330,417.291493376849,14
2024-09-16 10:33:42.402,417.2901377401982,997
2024-09-16 10:33:42.419,417.2904367873467,6
2024-09-16 10:33:42.437,417.29806273203207,1002
2024-09-16 10:33:42.441,417.3020542665074,10
2024-09-16 10:33:42.706,417.2951179605636,97
2024-09-16 10:33:42.873,417.2899651222874,7
2024-09-16 10:33:42.899,417.3098634508069,1004
2024-09-16 10:33:42.930,417.3119782865365,97
2024-09-16 10:33:42.953,417.2874319959711,1001
2024-09-16 10:33:43.091,417.2385037620391,999
2024-09-16 10:33:43.102,417.2679259898243,997
2024-09-16 10:33:43.192,417.2863869710079,95
2024-09-16 10:33:43.301,417.25072374139,5
2024-09-16 10:33:43.482,417.2612674473171,8
2024-09-16 10:33:43.489,417.2689168402436,12
2024-09-16 10:33:43.522,417.2536312012576,7
2024-09-16 10:33:43.570,417.2850046280499,99
2024-09-16 10:33:43.756,417.2484480993952,95
2024-09-16 10:33:44.070,417.24419547748136,12
2024-09-16 10:33:44.077,417.2529178384686,10
2024-09-16 10:33:45.022,417.22450665908,14
2024-09-16 10:33:45.113,417.2302904498616,995
2024-09-16 10:33:45.158,417.23909592579,5
2024-09-16 10:33:45.218,417.2508301363069,95
2024-09-16 10:33:45.261,417.273235231556,8
2024-09-16 10:33:45.340,417.2699216634292,1000
2024-09-16 10:33:45.483,41.72769551698099,7
2024-09-16 10:33:45.646,417.2857419468366,101
2024-09-16 10:33:45.680,417.2250593229682,5
2024-09-16 10:33:45.827,417.2558835021405,995
2024-09-16 10:33:45.896,417.2353670940229,1005
2024-09-16 10:33:45.956,417.2637371735003,98
2024-09-16 10:33:45.992,417.2874039609614,101
2024-09-16 10:33:46.025,417.2359804532225,98
2024-09-16 10:33:46.035,417.1975687459178,1005
2024-09-16 10:33:46.037,417.2612085142727,15
2024-09-16 10:33:46.041,417.2388207613601,101
2024-09-16 10:33:46.049,417.2180342691078,998
2024-09-16 10:33:46.148,417.2053021999735,1003
2024-09-16 10:33:46.157,417.204740283944,99
2024-09-16 10:33:46.169,417.2303249061481,995
2024-09-16 10:33:46.184,417.2008630391128,100
2024-09-16 10:33:46.245,417.2117045556127,97
2024-09-16 10:33:46.345,417.2081826689721,13
2024-09-16 10:33:46.450,417.2058400869767,1005
2024-09-16 10:33:46.470,417.2553150431433,7
2024-09-16 10:33:46.546,417.1998559889696,12
2024-09-16 10:33:46.574,417.2600645611782,14
2024-09-16 10:33:46.605,417.2333565239091,1003
2024-09-16 10:33:46.723,417.206774193557,13
2024-09-16 10:33:46.764,417.2271065131866,98
2024-09-16 10:33:46.773,417.2543241012358,103
2024-09-16 10:33:46.820,417.212361523744,9
2024-09-16 10:33:46.878,417.2149234787489,12
2024-09-16 10:33:46.889,417.2312320915018,12
2024-09-16 10:33:46.894,417.281515168568,1004
2024-09-16 10:33:46.902,,99
2024-09-16 10:33:46.947,417.2366877948244,102
2024-09-16 10:33:47.079,417.2964860955802,12
2024-09-16 10:33:47.092,417.2715445851759,103
2024-09-16 10:33:47.103,417.31379924216486,103
2024-09-16 10:33:47.133,417.3022702253461,1001
2024-09-16 10:33:47.206,417.32218305715367,5
2024-09-16 10:33:47.221,417.29121262667314,11
2024-09-16 10:33:47.340,417.3103624648709,1002
2024-09-16 10:33:47.403,417.2938385224568,12
2024-09-16 10:33:47.416,417.3027217390479,8
2024-09-16 10:33:47.458,417.3022793347018,98
2024-09-16 10:33:47.479,417.3066188391139,102
2024-09-16 10:33:47.491,417.2751693007572,1000
2024-09-16 10:33:47.538,417.29846468879015,996
2024-09-16 10:33:47.689,417.2991298987331,1000
2024-09-16 10:33:47.723,417.2976956526989,103
2024-09-16 10:33:47.943,417.3038681480245,7
2024-09-16 10:33:47.949,417.3049303862436,9
2024-09-16 10:33:47.994,417.2924427392146,100
2024-09-16 10:33:48.115,417.2869521405517,1005
2024-09-16 10:33:48.153,417.3028571419623,995
2024-09-16 10:33:48.640,417.2963666483554,997
2024-09-16 10:33:48.739,417.3035048577392,101
2024-09-16 10:33:49.010,417.4154677018188,105
2024-09-16 10:33:49.032,417.3934028361146,101
2024-09-16 10:33:49.046,417.4504056034692,999
2024-09-16 10:33:49.169,417.4087593528111,14
2024-09-16 10:33:49.264,417.44901638216567,1002
2024-09-16 10:33:49.315,417.3490000286322,12
2024-09-16 10:33:49.387,417.4404878851877,999
2024-09-16 10:33:49.447,417.3246928228817,998
2024-09-16 10:33:49.474,417.3115299013494,105
2024-09-16 10:33:49.507,417.407254107826,5
2024-09-16 10:33:49.522,417.4221748638356,995
2024-09-16 10:33:49.571,417.4132697233615,995
2024-09-16 10:33:49.592,417.3316741525822,999
2024-09-16 10:33:49.629,417.322998787408,5
2024-09-16 10:33:49.648,417.3655791847019,1004
2024-09-16 10:33:49.660,417.4017146775664,1003
2024-09-16 10:33:49.661,417.3608417880492,999
2024-09-16 10:33:49.690,417.422306461538,100
2024-09-16 10:33:49.698,417.4158149736455,101
2024-09-16 10:33:49.702,417.41530438380215,998
2024-09-16 10:33:49.743,417.442956222946,7
2024-09-16 10:33:49.750,417.3514261292551,98
2024-09-16 10:33:49.753,417.4022642354012,7
2024-09-16 10:33:49.769,417.4084024914427,995
2024-09-16 10:33:49.782,417.3513598361405,104
2024-09-16 10:33:49.793,417.3619728767164,1002
2024-09-16 10:33:49.903,417.4520832830048,996
2024-09-16 10:33:49.914,417.42673128169776,1005
2024-09-16 10:33:50.169,417.4474378412162,5
2024-09-16 10:33:50.169,417.4485338006792,1002
2024-09-16 10:33:50.984,417.4606173767528,99
2024-09-16 10:33:51.016,417.5086094149243,103
2024-09-16 10:33:51.097,417.46162628478345,999
2024-09-16 10:33:51.101,417.5012253506147,95
2024-09-16 10:33:51.110,417.5213730367547,5
2024-09-16 10:33:51.111,417.45523493028793,13
2024-09-16 10:33:51.111,417.4878410342464,104
2024-09-16 10:33:51.132,417.4668870842452,997
2024-09-16 10:33:51.162,417.4939436912988,10
2024-09-16 10:33:51.357,417.4822056732175,13
2024-09-16 10:33:51.417,417.486102377502,95
2024-09-16 10:33:51.481,,14
2024-09-16 10:33:51.584,417.467403390032,14
2024-09-16 10:33:51.610,417.5134102501672,8
2024-09-16 10:33:51.625,417.5262510703113,95
2024-09-16 10:33:51.703,417.5154169097845,105
2024-09-16 10:33:51.717,417.4556615653587,998
2024-09-16 10:33:51.829,417.46181879111697,105
2024-09-16 10:33:51.882,417.50512745758056,7
2024-09-16 10:33:51.985,417.5364740963517,997
2024-09-16 10:33:52.011,417.44710924233743,1005
2024-09-16 10:33:52.196,417.44715482026135,995
2024-09-16 10:33:52.242,417.4694517145386,12
2024-09-16 10:33:52.265,417.4156161464834,14
2024-09-16 10:33:52.331,417.4097749245042,995
2024-09-16 10:33:52.357,417.4455971247496,1005
2024-09-16 10:33:52.371,417.4613406999239,105
2024-09-16 10:33:52.375,417.47113579637255,102
2024-09-16 10:33:52.381,417.48199463512657,99
2024-09-16 10:33:52.410,417.43360456682433,1000
2024-09-16 10:33:52.413,417.404199493245,99
2024-09-16 10:33:52.458,417.4078486597664,100
2024-09-16 10:33:52.688,417.46197366950304,995
2024-09-16 10:33:52.781,417.4292662628154,9
2024-09-16 10:33:52.935,417.4145358611414,995
2024-09-16 10:33:52.965,417.4527742949344,96
2024-09-16 10:33:53.015,417.5284468034319,96
2024-09-16 10:33:53.026,417.5026025216835,101
2024-09-16 10:33:53.075,417.5006342843774,12
2024-09-16 10:33:53.147,417.4719757285199,1005
2024-09-16 10:33:53.177,417.5013338217743,996
2024-09-16 10:33:53.201,417.47981809660376,98
2024-09-16 10:33:53.218,417.5035252054264,6
2024-09-16 10:33:53.319,417.5028453266624,5
2024-09-16 10:33:53.346,417.4946051223864,999
2024-09-16 10:33:53.361,417.5285721015413,1004
2024-09-16 10:33:53.406,417.5335347700718,14
2024-09-16 10:33:53.417,417.520740991703,95
2024-09-16 10:33:53.535,417.513101246917,103
2024-09-16 10:33:53.603,417.4568198184909,14
2024-09-16 10:33:53.663,417.48550947871615,100
2024-09-16 10:33:53.698,417.5024007199549,12
2024-09-16 10:33:53.700,417.4544169180924,14
2024-09-16 10:33:53.948,417.4740786106906,7
2024-09-16 10:33:53.960,417.4375417437747,5
2024-09-16 10:33:54.224,417.504851119275,102
2024-09-16 10:33:54.235,417.4913562209317,998
2024-09-16 10:33:54.353,417.5014650010857,998
2024-09-16 10:33:54.480,417.4876060327249,7
2024-09-16 10:33:54.539,417.5085239588705,95
2024-09-16 10:33:54.609,417.4880353316686,6
2024-09-16 10:33:54.636,417.4840465321756,12
2024-09-16 10:33:54.696,417.48865458361297,101
2024-09-16 10:33:54.778,417.47953588877886,6
2024-09-16 10:33:55.094,417.5039722244068,1001
2024-09-16 10:33:55.221,417.51064208219583,999
2024-09-16 10:33:55.742,417.50402370589126,6
2024-09-16 10:33:55.970,417.52859565653057,11
2024-09-16 10:33:56.135,417.5315870154604,97
2024-09-16 10:33:56.494,417.5450406178917,105
2024-09-16 10:33:56.917,417.52407990500143,1004
2024-09-16 10:33:57.146,417.4869816479744,997
2024-09-16 10:33:57.185,417.51764258081056,100
2024-09-16 10:33:57.258,417.5027392410671,10
2024-09-16 10:33:57.741,417.5091867208129,14
2024-09-16 10:33:57.853,417.504425455844,10
2024-09-16 10:33:58.031,417.5677057190821,8
2024-09-16 10:33:58.052,417.53381420193887,996
2024-09-16 10:33:58.093,417.5262103558709,995
2024-09-16 10:33:58.117,417.5517730299128,104
2024-09-16 10:33:58.169,417.54250040057696,1002
2024-09-16 10:33:58.188,417.5354676898534,98
2024-09-16 10:33:58.196,417.5363246829482,8
2024-09-16 10:33:58.266,417.535028199464,1004
2024-09-16 10:33:58.268,417.5330482840543,104
2024-09-16 10:33:58.303,417.530042719448,104
2024-09-16 10:33:58.349,417.5276680137567,102
2024-09-16 10:33:58.506,417.5109424644887,996
2024-09-16 10:33:58.578,417.5473648615488,103
2024-09-16 10:33:58.624,417.52620619003767,1000
2024-09-16 10:33:58.627,417.5302265501126,13
2024-09-16 10:33:58.654,417.5517776855835,97
2024-09-16 10:33:58.672,417.539914026545,8
2024-09-16 10:33:58.706,417.54481668350047,11
2024-09-16 10:33:58.768,417.5138181450688,6
2024-09-16 10:33:58.789,417.541845509652,95
2024-09-16 10:33:58.801,417.5098810941802,98
2024-09-16 10:33:58.860,417.52072638592847,103
2024-09-16 10:33:58.889,417.518015621475,1002
2024-09-16 10:33:58.917,417.53071681260815,15
2024-09-16 10:33:58.997,417.5455597621673,13
2024-09-16 10:33:59.237,417.56754592744,13
2024-09-16 10:33:59.906,417.55490728271735,102
2024-09-16 10:33:59.929,417.5647848414299,1001
