Timestamp,Price,Size
2024-09-16 10:07:00.000,419.0338842654251,1001
2024-09-16 10:07:00.027,419.0523114356882,12
2024-09-16 10:07:00.066,419.0453691717513,1004
2024-09-16 10:07:00.146,419.10156630056815,14
2024-09-16 10:07:00.215,419.0422669434255,11
2024-09-16 10:07:00.325,-419.0116752933462,7
2024-09-16 10:07:00.434,419.00177702438816,96
2024-09-16 10:07:00.508,419.0203586018077,999
2024-09-16 10:07:00.541,419.06124130899263,14
2024-09-16 10:07:00.569,419.0122420336084,15
2024-09-16 10:07:00.575,419.02710243147607,997
2024-09-16 10:07:00.591,419.0483754763612,105
2024-09-16 10:07:00.618,419.0978945676137,96
2024-09-16 10:07:00.678,419.09302713433294,10
2024-09-16 10:07:00.750,419.0395092906072,13
2024-09-16 10:07:00.768,419.0094945711422,997
2024-09-16 10:07:00.777,419.00091442229217,7
2024-09-16 10:07:00.780,419.0575468120405,11
2024-09-16 10:07:00.835,419.0059170635661,104
2024-09-16 10:07:00.837,419.0765526240271,1004
2024-09-16 10:07:00.902,419.031028809937,7
2024-09-16 10:07:00.958,419.0614486838937,1003
2024-09-16 10:07:00.994,418.9967013027745,1000
2024-09-16 10:07:01.052,418.9986303121181,996
2024-09-16 10:07:01.198,418.9956309959183,1002
2024-09-16 10:07:01.271,419.00890196767904,13
2024-09-16 10:07:01.369,419.0197552937233,100
2024-09-16 10:07:01.392,419.0019666608943,99
2024-09-16 10:07:01.514,418.9884261338533,98
2024-09-16 10:07:01.514,418.9754733168649,8
2024-09-16 10:07:01.515,419.0058294550828,999
2024-09-16 10:07:01.536,419.0231682493376,103
2024-09-16 10:07:01.550,418.9859283360525,98
2024-09-16 10:07:01.642,418.9843600454663,14
2024-09-16 10:07:01.710,418.9750343882635,97
2024-09-16 10:07:01.710,419.0251173597695,11
2024-09-16 10:07:01.778,419.0055511915324,11
2024-09-16 10:07:01.895,419.0283446163725,995
2024-09-16 10:07:01.907,418.98929958983,10
2024-09-16 10:07:01.910,419.0019283535939,6
2024-09-16 10:07:01.982,418.9926597856059,1004
2024-09-16 10:07:02.022,418.97688376835487,9
2024-09-16 10:07:02.040,418.9214977753508,7
2024-09-16 10:07:02.041,418.91890879520304,1004
2024-09-16 10:07:02.132,418.914897650676,1002
2024-09-16 10:07:02.214,418.9124706670071,10
2024-09-16 10:07:02.326,419.0021430103273,10
2024-09-16 10:07:02.338,418.91101632110224,13
2024-09-16 10:07:02.368,418.9185009117418,6
2024-09-16 10:07:02.381,418.9038407837599,95
2024-09-16 10:07:02.436,418.89189530689663,995
2024-09-16 10:07:02.462,418.9334886340887,8
2024-09-16 10:07:02.476,418.91334724547977,995
2024-09-16 10:07:02.573,418.9012600999228,101
2024-09-16 10:07:02.889,418.9112082625269,99
2024-09-16 10:07:02.933,418.9486860479768,12
2024-09-16 10:07:03.008,418.8647440547812,99
2024-09-16 10:07:03.336,418.8609627890923,1003
2024-09-16 10:07:03.407,418.89988312719913,12
2024-09-16 10:07:03.436,418.87823923724,15
2024-09-16 10:07:03.444,418.8735322800934,1001
2024-09-16 10:07:03.539,418.88170873903886,11
2024-09-16 10:07:03.982,418.8922083173419,8
2024-09-16 10:07:04.022,418.87632951449854,7
2024-09-16 10:07:04.026,418.8728956565814,999
2024-09-16 10:07:04.064,418.8675897480824,103
2024-09-16 10:07:04.113,418.89212683116847,100
2024-09-16 10:07:04.221,418.90876525718846,998
2024-09-16 10:07:04.261,418.8331031964104,9
2024-09-16 10:07:04.270,418.84376781080334,6
2024-09-16 10:07:04.347,418.8820384666295,103
2024-09-16 10:07:04.372,418.8424822259438,1002
2024-09-16 10:07:04.373,,5
2024-09-16 10:07:04.453,418.8455201127294,999
2024-09-16 10:07:04.471,418.8715727966333,7
2024-09-16 10:07:04.485,418.8710590112207,10
2024-09-16 10:07:04.494,418.8562396516821,103
2024-09-16 10:07:04.505,418.8684353349458,5
2024-09-16 10:07:04.569,418.8825210242301,1001
2024-09-16 10:07:04.622,418.84079111265896,10
2024-09-16 10:07:04.625,418.8757596512115,100
2024-09-16 10:07:04.656,418.873471283979,104
2024-09-16 10:07:04.722,418.8930498144855,11
2024-09-16 10:07:04.743,418.85070016156567,7
2024-09-16 10:07:04.758,41.88653472957788,5
2024-09-16 10:07:04.844,418.8682077073849,9
2024-09-16 10:07:04.871,418.8633753751545,996
2024-09-16 10:07:04.904,418.8409336243611,996
2024-09-16 10:07:04.913,418.8476728721976,7
2024-09-16 10:07:04.983,418.8487264151439,15
2024-09-16 10:07:06.014,418.86895374823314,996
2024-09-16 10:07:06.023,418.8216202919087,11
2024-09-16 10:07:06.030,418.8913815243743,12
2024-09-16 10:07:06.068,418.8417902525613,5
2024-09-16 10:07:06.093,418.8131584626459,103
2024-09-16 10:07:06.249,418.7914989972381,11
2024-09-16 10:07:06.389,418.8870271812305,8
2024-09-16 10:07:06.413,418.86132470861145,996
2024-09-16 10:07:06.450,418.8135869753812,1000
2024-09-16 10:07:06.559,418.78154244523,5
2024-09-16 10:07:06.586,418.8744382867745,99
2024-09-16 10:07:06.613,41.87686826661416,1001
2024-09-16 10:07:06.622,418.8211166491432,96
2024-09-16 10:07:06.623,418.7728036328553,10
2024-09-16 10:07:06.665,418.8180269459762,6
2024-09-16 10:07:06.778,418.8939294585223,15
2024-09-16 10:07:06.781,418.84643377755856,5
2024-09-16 10:07:06.791,418.85724404763926,97
2024-09-16 10:07:06.792,418.8785218268358,999
2024-09-16 10:07:06.809,418.80131234315286,996
2024-09-16 10:07:06.818,418.8007691865637,105
2024-09-16 10:07:06.835,418.8913964045714,1004
2024-09-16 10:07:06.854,418.8343785102783,999
2024-09-16 10:07:06.879,418.87353879748827,1002
2024-09-16 10:07:06.893,418.8748062205161,1001
2024-09-16 10:07:06.974,418.8886687839391,99
2024-09-16 10:07:07.001,418.85040478641946,7
2024-09-16 10:07:07.027,418.83251740029743,103
2024-09-16 10:07:07.027,418.8472735283324,1000
2024-09-16 10:07:07.029,418.8600145712989,102
2024-09-16 10:07:07.061,418.8677405483789,1000
2024-09-16 10:07:07.085,418.85141439724407,997
2024-09-16 10:07:07.124,418.8702564125807,995
2024-09-16 10:07:07.150,418.87530808660296,96
2024-09-16 10:07:07.185,418.8412690689685,995
2024-09-16 10:07:07.287,418.8452923769116,100
2024-09-16 10:07:07.401,418.8338512863016,99
2024-09-16 10:07:07.447,418.87481199002144,96
2024-09-16 10:07:07.448,418.8852466512008,102
2024-09-16 10:07:07.456,418.87419956662296,1001
2024-09-16 10:07:07.469,418.8746687340189,10
2024-09-16 10:07:07.498,418.8616326035609,8
2024-09-16 10:07:07.504,418.8699315883625,6
2024-09-16 10:07:07.581,418.8565267785112,1000
2024-09-16 10:07:07.627,418.8067100297705,100
2024-09-16 10:07:07.670,418.862413740196,999
2024-09-16 10:07:07.788,418.8780653106397,98
2024-09-16 10:07:07.803,418.8696324656772,101
2024-09-16 10:07:07.837,418.89378342752536,6
2024-09-16 10:07:07.891,418.8876265441596,97
2024-09-16 10:07:07.949,418.8554580103441,102
2024-09-16 10:07:07.995,418.8441776617456,105
2024-09-16 10:07:08.007,418.8739142999151,998
2024-09-16 10:07:08.018,418.8687174061498,999
2024-09-16 10:07:08.178,419.00833030416766,1000
2024-09-16 10:07:08.204,418.9581341378864,105
2024-09-16 10:07:08.254,418.8986964495107,1004
2024-09-16 10:07:08.319,418.9221778840861,102
2024-09-16 10:07:08.467,418.87125600494375,998
2024-09-16 10:07:08.508,418.9870602747434,105
2024-09-16 10:07:08.518,419.0001232218413,102
2024-09-16 10:07:08.552,419.0047267408341,99
2024-09-16 10:07:08.637,418.9789427808397,9
2024-09-16 10:07:08.711,418.86390175699074,1004
2024-09-16 10:07:08.727,418.9425608847585,1000
2024-09-16 10:07:08.884,41.90201672364989,997
2024-09-16 10:07:08.891,418.9875710227779,96
2024-09-16 10:07:09.144,419.0130319667143,103
2024-09-16 10:07:09.179,418.9724745438076,1005
2024-09-16 10:07:09.258,419.00924127749033,10
2024-09-16 10:07:09.730,419.0034549955847,7
2024-09-16 10:07:09.746,418.9952463849888,8
2024-09-16 10:07:09.772,418.9920017876804,98
2024-09-16 10:07:09.997,419.00547161664986,14
2024-09-16 10:07:10.057,418.957562954135,6
2024-09-16 10:07:10.069,418.9829972601969,1005
2024-09-16 10:07:10.072,418.9895763509276,9
2024-09-16 10:07:10.083,418.9834381047146,9
2024-09-16 10:07:10.135,418.96366718683873,105
2024-09-16 10:07:10.175,418.9884902396663,10
2024-09-16 10:07:10.281,418.96777201138224,14
2024-09-16 10:07:10.370,418.9827237634751,995
2024-09-16 10:07:10.494,,6
2024-09-16 10:07:10.921,418.9835297808504,103
2024-09-16 10:07:10.955,419.024495738495,1004
2024-09-16 10:07:11.005,419.0463472247604,6
2024-09-16 10:07:11.373,418.9758717163553,996
2024-09-16 10:07:11.441,418.9925642572896,10
2024-09-16 10:07:11.513,41.90507828556687,999
2024-09-16 10:07:11.607,419.02158013396433,12
2024-09-16 10:07:11.735,419.0396731119508,995
2024-09-16 10:07:11.778,419.0071039365865,13
2024-09-16 10:07:11.782,418.9826743742432,105
2024-09-16 10:07:11.792,418.9900719892895,14
2024-09-16 10:07:11.962,418.9954665462069,15
2024-09-16 10:07:12.029,419.06385952254345,997
2024-09-16 10:07:12.204,419.0435209368573,5
2024-09-16 10:07:12.256,419.0193966166258,1005
2024-09-16 10:07:12.405,419.011141644275,12
2024-09-16 10:07:12.445,419.0575600609154,995
2024-09-16 10:07:12.512,419.0549603176283,12
2024-09-16 10:07:12.518,419.0536351877067,104
2024-09-16 10:07:12.534,419.0418210199837,15
2024-09-16 10:07:12.591,419.0491634069581,5
2024-09-16 10:07:12.604,419.0539730712336,103
2024-09-16 10:07:12.868,419.0138120967873,97
2024-09-16 10:07:12.931,419.0090484946095,999
2024-09-16 10:07:13.008,419.00630640225535,1005
2024-09-16 10:07:13.009,419.0223045880741,99
2024-09-16 10:07:13.021,419.0226313752481,101
2024-09-16 10:07:13.101,419.0614495327866,1002
2024-09-16 10:07:13.128,419.0006166624187,999
2024-09-16 10:07:13.177,419.04229801061126,15
2024-09-16 10:07:13.242,419.0050590425037,12
2024-09-16 10:07:13.257,419.0127819707304,9
2024-09-16 10:07:13.430,419.0404525406231,995
2024-09-16 10:07:13.549,419.0157552488192,1001
2024-09-16 10:07:13.555,419.0254014397911,100
2024-09-16 10:07:13.573,419.0244960687156,14
2024-09-16 10:07:13.591,419.025736471885,95
2024-09-16 10:07:13.599,419.0391990399104,1000
2024-09-16 10:07:13.600,418.99962919311406,1003
2024-09-16 10:07:13.610,419.0294320554512,98
2024-09-16 10:07:13.627,419.0513881484428,999
2024-09-16 10:07:13.680,419.0099324502041,97
2024-09-16 10:07:13.685,419.0389439664479,97
2024-09-16 10:07:13.713,419.0428167547712,12
2024-09-16 10:07:13.747,419.0397845993028,11
2024-09-16 10:07:13.915,41.90682243000812,104
2024-09-16 10:07:13.919,419.0385812305503,14
2024-09-16 10:07:13.988,419.0198778947383,14
2024-09-16 10:07:14.042,419.0947419519197,97
2024-09-16 10:07:14.131,419.0498551373178,997
2024-09-16 10:07:14.154,419.0625573320773,103
2024-09-16 10:07:14.187,419.0365019376428,1004
2024-09-16 10:07:14.312,419.0974572372176,7
2024-09-16 10:07:14.312,419.0695796582573,10
2024-09-16 10:07:14.321,419.09716954980274,998
2024-09-16 10:07:14.323,419.0814586712507,102
2024-09-16 10:07:14.425,419.1081033509675,9
2024-09-16 10:07:14.509,419.09365979688096,999
2024-09-16 10:07:14.534,419.04740166908863,6
2024-09-16 10:07:14.584,419.0668821469484,95
2024-09-16 10:07:14.710,419.0845971123085,1003
2024-09-16 10:07:14.715,419.0518023256664,1000
2024-09-16 10:07:14.732,419.05729047857466,14
2024-09-16 10:07:14.737,419.09150846822376,97
2024-09-16 10:07:14.790,419.0642297097991,997
2024-09-16 10:07:14.829,419.0565691290961,103
2024-09-16 10:07:14.943,419.10616067377794,1001
2024-09-16 10:07:14.988,419.0651047485672,8
2024-09-16 10:07:15.085,419.0868667641117,1003
2024-09-16 10:07:15.090,419.0763719740727,13
2024-09-16 10:07:15.290,419.0883516886024,12
2024-09-16 10:07:15.423,419.0968320518575,98
2024-09-16 10:07:15.437,419.0798394647932,9
2024-09-16 10:07:15.462,419.10896019609584,9
2024-09-16 10:07:15.523,419.0813492348423,1002
2024-09-16 10:07:15.585,419.1009072275472,1000
2024-09-16 10:07:15.874,419.0896035324605,1003
2024-09-16 10:07:16.287,419.1134173519278,995
2024-09-16 10:07:16.851,419.12520834896645,98
2024-09-16 10:07:16.948,419.11219709395743,96
2024-09-16 10:07:17.028,419.1065408655671,95
2024-09-16 10:07:17.042,419.13911954446127,8
2024-09-16 10:07:17.135,419.17276633040615,95
2024-09-16 10:07:17.168,419.1592019665077,10
2024-09-16 10:07:17.172,419.1811448472049,7
2024-09-16 10:07:17.189,-419.19424180137344,995
2024-09-16 10:07:17.193,419.18230001930425,9
2024-09-16 10:07:17.211,419.09967737416656,6
2024-09-16 10:07:17.218,419.1303968543718,95
2024-09-16 10:07:17.345,419.1145757436759,102
2024-09-16 10:07:17.366,419.175721486936,12
2024-09-16 10:07:17.388,419.1009478028747,1005
2024-09-16 10:07:17.421,419.2347005617042,1003
2024-09-16 10:07:17.526,419.1858683839026,10
2024-09-16 10:07:17.581,419.1604753195924,12
2024-09-16 10:07:17.602,419.1977835310432,97
2024-09-16 10:07:17.619,419.1286179453308,99
2024-09-16 10:07:17.635,419.1277540580159,104
2024-09-16 10:07:17.659,419.1393458180356,96
2024-09-16 10:07:17.668,419.111580332708,6
2024-09-16 10:07:17.694,419.1832202546366,101
2024-09-16 10:07:17.778,419.16111413238633,995
2024-09-16 10:07:17.800,419.1729068570469,996
2024-09-16 10:07:17.833,419.1664715730293,14
2024-09-16 10:07:17.855,419.15089819418927,9
2024-09-16 10:07:17.860,419.204641418451,1005
2024-09-16 10:07:17.935,419.17215168470415,14
2024-09-16 10:07:17.979,419.23565144942654,97
2024-09-16 10:07:17.989,419.22128351321857,7
2024-09-16 10:07:18.012,419.0758821924564,1002
2024-09-16 10:07:18.013,419.0647786145914,11
2024-09-16 10:07:18.107,,11
2024-09-16 10:07:18.114,419.0811634341848,102
2024-09-16 10:07:18.148,419.0665374790124,997
2024-09-16 10:07:18.191,419.0420096193099,97
2024-09-16 10:07:18.218,419.1099389720736,1004
2024-09-16 10:07:18.249,419.0382525695968,9
2024-09-16 10:07:18.266,419.0695180475642,98
2024-09-16 10:07:18.276,419.0576283873403,9
2024-09-16 10:07:18.352,419.0376966573869,6
2024-09-16 10:07:18.396,419.0209684479772,1002
2024-09-16 10:07:18.419,419.0201435485632,102
2024-09-16 10:07:18.420,419.0965858904282,8
2024-09-16 10:07:18.456,419.12159586565446,100
2024-09-16 10:07:18.459,419.0614547385011,103
2024-09-16 10:07:18.500,,9
2024-09-16 10:07:18.580,419.04690803131433,8
2024-09-16 10:07:18.590,419.150610052135,999
2024-09-16 10:07:18.698,419.0428108607616,1000
2024-09-16 10:07:18.745,419.0920274817792,6
2024-09-16 10:07:18.899,419.1166749458133,15
2024-09-16 10:07:18.900,419.1394618509581,996
2024-09-16 10:07:18.950,419.0335131471912,101
2024-09-16 10:07:18.963,419.08912115951966,1005
2024-09-16 10:07:18.968,419.0546188529357,996
2024-09-16 10:07:19.080,419.0338013129698,11
2024-09-16 10:07:19.196,419.0079319588128,998
2024-09-16 10:07:19.434,419.0240722518372,14
2024-09-16 10:07:19.448,419.0414999590872,5
2024-09-16 10:07:19.858,419.04196205611873,105
2024-09-16 10:07:20.010,418.96791204600686,101
2024-09-16 10:07:20.024,418.96732860189456,11
2024-09-16 10:07:20.139,418.9594944077259,997
2024-09-16 10:07:20.176,418.9125566837155,998
2024-09-16 10:07:20.225,418.88886525827695,1004
2024-09-16 10:07:20.303,418.9589933706519,104
2024-09-16 10:07:20.331,419.0021790210826,1000
2024-09-16 10:07:20.336,418.9512716651303,12
2024-09-16 10:07:20.386,418.9300413228943,101
2024-09-16 10:07:20.512,418.8702618358785,98
2024-09-16 10:07:20.514,418.89151274017365,101
2024-09-16 10:07:20.558,418.9037499918344,997
2024-09-16 10:07:20.581,418.8729582723907,7
2024-09-16 10:07:20.601,418.87929321521625,5
2024-09-16 10:07:20.605,418.9699150376129,999
2024-09-16 10:07:20.644,418.89880164221967,1002
2024-09-16 10:07:20.657,418.8722319949898,1000
2024-09-16 10:07:20.743,418.8684730352515,105
2024-09-16 10:07:20.778,418.87973907046216,95
2024-09-16 10:07:20.792,418.9612599205374,97
2024-09-16 10:07:20.840,418.884550562916,102
2024-09-16 10:07:20.842,418.92463883859824,98
2024-09-16 10:07:20.868,418.8778371194108,97
2024-09-16 10:07:20.928,418.8975452466105,1005
2024-09-16 10:07:20.986,418.9585588120473,1002
2024-09-16 10:07:20.989,418.9561849932522,97
2024-09-16 10:07:21.063,418.8339188500669,99
2024-09-16 10:07:21.101,418.8562399426762,1003
2024-09-16 10:07:21.295,418.86244187569895,997
2024-09-16 10:07:21.591,418.84269541215394,6
2024-09-16 10:07:21.842,418.8682235867009,99
2024-09-16 10:07:21.874,418.8561478198948,998
2024-09-16 10:07:22.083,418.8673558180954,995
2024-09-16 10:07:22.313,418.8616804033623,995
2024-09-16 10:07:22.473,418.8580828428073,1000
2024-09-16 10:07:22.723,418.8563194506858,1001
2024-09-16 10:07:23.009,418.7685652221089,11
2024-09-16 10:07:23.226,418.86363048686,1003
2024-09-16 10:07:23.236,418.826292122409,12
2024-09-16 10:07:23.255,418.8338526074077,95
2024-09-16 10:07:23.285,418.80064041305394,1005
2024-09-16 10:07:23.489,418.8019983774264,13
2024-09-16 10:07:23.536,418.7815244886045,1005
2024-09-16 10:07:23.664,418.8025163416922,8
2024-09-16 10:07:23.679,418.78726174476304,102
2024-09-16 10:07:23.743,418.8520080660514,5
2024-09-16 10:07:24.148,418.774210567077,7
2024-09-16 10:07:24.168,418.7873692370276,97
2024-09-16 10:07:24.251,418.7646405187245,97
2024-09-16 10:07:24.282,418.7759876015671,998
2024-09-16 10:07:24.312,418.7786007004887,1001
2024-09-16 10:07:24.354,418.7743271989086,1000
2024-09-16 10:07:24.364,418.7600931172013,7
2024-09-16 10:07:24.412,,105
2024-09-16 10:07:24.573,418.7545756961222,104
2024-09-16 10:07:24.674,418.76088808493074,100
2024-09-16 10:07:24.719,418.7549427051172,12
2024-09-16 10:07:24.963,418.75823179554885,14
2024-09-16 10:07:25.003,418.8492115023117,1004
2024-09-16 10:07:25.047,418.83682879816746,15
2024-09-16 10:07:25.077,418.8511390739172,1002
2024-09-16 10:07:25.103,418.8281942917152,996
2024-09-16 10:07:25.115,-418.8410192234031,15
2024-09-16 10:07:25.146,418.8175041927525,7
2024-09-16 10:07:25.176,418.8191575005832,103
2024-09-16 10:07:25.263,418.819806694103,1005
2024-09-16 10:07:25.293,418.8254434157863,96
2024-09-16 10:07:25.308,418.8558563116457,99
2024-09-16 10:07:25.414,418.80706339606434,999
2024-09-16 10:07:25.415,418.8556514579575,99
2024-09-16 10:07:25.444,418.85888797155087,1000
2024-09-16 10:07:25.445,418.862418552919,12
2024-09-16 10:07:25.491,418.84146079463983,104
2024-09-16 10:07:25.571,418.8695668993005,99
2024-09-16 10:07:25.576,418.8321484103585,103
2024-09-16 10:07:25.594,418.8287240498263,10
2024-09-16 10:07:25.610,418.8329274083365,105
2024-09-16 10:07:25.644,418.8199183936594,96
2024-09-16 10:07:25.709,418.8240140463703,11
2024-09-16 10:07:25.711,418.8352664924884,1000
2024-09-16 10:07:25.892,418.8434765062679,996
2024-09-16 10:07:25.894,418.83066752609807,13
2024-09-16 10:07:25.927,418.8379889774628,999
2024-09-16 10:07:26.089,418.85228650614965,97
2024-09-16 10:07:26.133,418.8422565531987,105
2024-09-16 10:07:26.171,418.856875265708,102
2024-09-16 10:07:26.230,418.860871764339,13
2024-09-16 10:07:26.290,418.8830421995001,12
2024-09-16 10:07:26.296,418.8556745573304,998
2024-09-16 10:07:26.299,-418.8537305188017,996
2024-09-16 10:07:26.362,418.8711316134381,9
2024-09-16 10:07:26.370,418.8556422844275,1001
2024-09-16 10:07:26.396,418.8798978647902,996
2024-09-16 10:07:26.412,418.8514004227745,1004
2024-09-16 10:07:26.458,418.8517795057924,996
2024-09-16 10:07:26.502,418.8526597563471,97
2024-09-16 10:07:26.531,418.858405620202,101
2024-09-16 10:07:26.552,,8
2024-09-16 10:07:26.595,418.8431072893771,104
2024-09-16 10:07:26.602,41.885276476822646,1001
2024-09-16 10:07:26.625,41.884994333344935,96
2024-09-16 10:07:26.656,418.8475115198163,1001
2024-09-16 10:07:26.702,418.8498855861916,95
2024-09-16 10:07:26.750,418.8534654157008,1002
2024-09-16 10:07:26.818,418.8576987510408,996
2024-09-16 10:07:26.856,418.8590144708466,998
2024-09-16 10:07:26.887,418.8636044099682,103
2024-09-16 10:07:27.030,418.819352664309,97
2024-09-16 10:07:27.037,418.8342687085568,1004
2024-09-16 10:07:27.068,418.7929455728096,95
2024-09-16 10:07:27.079,418.825797925618,100
2024-09-16 10:07:27.150,418.8369124144896,8
2024-09-16 10:07:27.168,418.8177093923744,1001
2024-09-16 10:07:27.181,418.7810105463983,13
2024-09-16 10:07:27.219,418.7643940232916,1001
2024-09-16 10:07:27.399,418.8244089061527,7
2024-09-16 10:07:27.466,418.8603080366271,97
2024-09-16 10:07:27.490,418.8598272754786,1004
2024-09-16 10:07:27.490,418.8527371260789,1001
2024-09-16 10:07:27.579,418.8141516039602,97
2024-09-16 10:07:27.634,418.8327081174433,5
2024-09-16 10:07:27.655,418.80707711927255,95
2024-09-16 10:07:27.735,418.86475564623294,1005
2024-09-16 10:07:27.882,418.8112272944004,96
2024-09-16 10:07:27.898,418.8407309005608,103
2024-09-16 10:07:28.011,418.69442255159566,8
2024-09-16 10:07:28.067,418.6596563285535,15
2024-09-16 10:07:28.087,418.69999021253136,999
2024-09-16 10:07:28.097,418.6877226691946,105
2024-09-16 10:07:28.125,418.7838341286588,996
2024-09-16 10:07:28.184,418.7092823059506,995
2024-09-16 10:07:28.191,418.785607508158,102
2024-09-16 10:07:28.258,418.8044865708141,105
2024-09-16 10:07:28.317,418.83209579231385,1003
2024-09-16 10:07:28.320,418.72832167924463,995
2024-09-16 10:07:28.392,418.69443302862896,6
2024-09-16 10:07:28.407,418.68273366160935,99
2024-09-16 10:07:28.414,418.7751797070924,100
2024-09-16 10:07:28.530,418.7948371371313,96
2024-09-16 10:07:28.570,418.6905062330245,102
2024-09-16 10:07:28.594,418.8127263543158,104
2024-09-16 10:07:28.600,418.8141695113613,103
2024-09-16 10:07:28.630,418.7534036574195,7
2024-09-16 10:07:28.687,418.6766420414161,997
2024-09-16 10:07:28.720,418.7396574005507,998
2024-09-16 10:07:28.729,418.7943509721901,101
2024-09-16 10:07:28.735,418.69359739743487,105
2024-09-16 10:07:28.775,418.8003373015747,998
2024-09-16 10:07:28.780,418.69851465625504,96
2024-09-16 10:07:28.786,418.77921678928806,103
2024-09-16 10:07:28.809,418.76453513689154,8
2024-09-16 10:07:28.820,418.74134876684406,9
2024-09-16 10:07:28.854,418.76023262145736,1001
2024-09-16 10:07:28.937,418.6963757665449,104
2024-09-16 10:07:28.938,418.6935824374864,96
2024-09-16 10:07:29.009,418.717822114915,13
2024-09-16 10:07:29.078,418.7179887267622,998
2024-09-16 10:07:29.119,418.7348645216002,105
2024-09-16 10:07:29.243,418.7217925570106,102
2024-09-16 10:07:29.265,418.71149838706856,1003
2024-09-16 10:07:29.315,418.6913724872314,998
2024-09-16 10:07:29.317,418.7018901639117,999
2024-09-16 10:07:29.324,418.7016590674936,101
2024-09-16 10:07:29.344,418.6911048993561,996
2024-09-16 10:07:29.358,418.6910774557569,96
2024-09-16 10:07:29.467,418.71144383602416,998
2024-09-16 10:07:29.469,418.7418942980916,998
2024-09-16 10:07:29.581,418.7079933112136,102
2024-09-16 10:07:29.663,418.7109729076861,102
2024-09-16 10:07:29.664,418.667956923691,7
2024-09-16 10:07:29.700,418.7249555824527,1002
2024-09-16 10:07:29.790,418.7062704223321,11
2024-09-16 10:07:29.832,418.7233838886987,996
2024-09-16 10:07:29.860,418.7020658636756,10
2024-09-16 10:07:29.867,418.6811999081679,7
2024-09-16 10:07:29.874,418.72529499523097,100
2024-09-16 10:07:29.943,418.6648107879338,15
2024-09-16 10:07:30.214,418.7205988928949,105
2024-09-16 10:07:30.254,418.7205288238195,1005
2024-09-16 10:07:30.255,418.7200842135388,7
2024-09-16 10:07:30.317,418.7191112995147,998
2024-09-16 10:07:30.473,418.71948349221645,95
2024-09-16 10:07:30.525,418.7282934806021,7
2024-09-16 10:07:30.622,418.7229629851897,1001
2024-09-16 10:07:30.803,418.7332121166038,9
2024-09-16 10:07:30.824,418.73249703114345,998
2024-09-16 10:07:31.171,418.7094111671653,97
2024-09-16 10:07:31.526,,1002
2024-09-16 10:07:31.641,418.7152013197487,1004
2024-09-16 10:07:31.816,418.7075860392347,8
2024-09-16 10:07:31.843,418.7054224037939,95
2024-09-16 10:07:31.845,418.7143417700171,98
2024-09-16 10:07:31.847,418.71504645013147,999
2024-09-16 10:07:31.910,418.7049051751746,10
2024-09-16 10:07:31.967,418.7049225124183,7
2024-09-16 10:07:32.279,418.7557629868394,104
2024-09-16 10:07:32.374,418.72222468943033,5
2024-09-16 10:07:32.459,418.7338028626963,1000
2024-09-16 10:07:32.513,418.72790225726993,996
2024-09-16 10:07:32.574,418.7569302627781,1000
2024-09-16 10:07:32.593,418.7429618731663,102
2024-09-16 10:07:32.603,418.7265548188007,5
2024-09-16 10:07:32.728,418.7413729198808,11
2024-09-16 10:07:32.767,418.7560367686021,997
2024-09-16 10:07:32.899,418.7314458064257,996
2024-09-16 10:07:33.044,418.83889412497217,100
2024-09-16 10:07:33.108,418.8138337364144,15
2024-09-16 10:07:33.129,418.8334858584019,8
2024-09-16 10:07:33.200,418.7925067167142,995
2024-09-16 10:07:33.250,418.7925884260429,102
2024-09-16 10:07:33.360,418.7561650988898,1003
2024-09-16 10:07:33.394,418.83707119280496,1005
2024-09-16 10:07:33.423,418.7834909825134,995
2024-09-16 10:07:33.427,418.8224241315999,999
2024-09-16 10:07:33.451,418.822927148007,11
2024-09-16 10:07:33.459,418.8382775573872,12
2024-09-16 10:07:33.466,418.8190143671133,9
2024-09-16 10:07:33.471,418.82653075586745,103
2024-09-16 10:07:33.471,418.8153650063799,9
2024-09-16 10:07:33.492,418.7775453814976,9
2024-09-16 10:07:33.502,418.82012322978943,14
2024-09-16 10:07:33.503,418.8030474401337,9
2024-09-16 10:07:33.518,418.7897451369829,97
2024-09-16 10:07:33.934,418.77952452757165,101
2024-09-16 10:07:34.028,418.8553227497763,997
2024-09-16 10:07:34.037,418.9825927521352,1003
2024-09-16 10:07:34.122,418.8117372576212,1005
2024-09-16 10:07:34.256,418.8429747044357,13
2024-09-16 10:07:34.298,418.87349847586125,999
2024-09-16 10:07:34.322,418.8467046747657,105
2024-09-16 10:07:34.351,418.97976448405456,7
2024-09-16 10:07:34.371,418.8524746739069,99
2024-09-16 10:07:34.429,418.8595770646102,9
2024-09-16 10:07:34.444,418.9493943165773,100
2024-09-16 10:07:34.455,418.9581368236487,1003
2024-09-16 10:07:34.482,418.8413293873383,996
2024-09-16 10:07:34.509,418.91393981767686,998
2024-09-16 10:07:34.566,418.96617151770806,10
2024-09-16 10:07:34.586,,11
2024-09-16 10:07:34.590,418.8940360473833,100
2024-09-16 10:07:34.608,418.84802039116136,95
2024-09-16 10:07:34.659,418.97640450525455,95
2024-09-16 10:07:34.663,418.8452659913604,11
2024-09-16 10:07:34.737,418.8537191542278,1004
2024-09-16 10:07:34.754,418.9443131509052,99
2024-09-16 10:07:34.820,418.9439583055295,9
2024-09-16 10:07:34.831,418.83513900636456,1005
2024-09-16 10:07:34.895,418.9384429166107,99
2024-09-16 10:07:34.905,418.8895086312787,1004
2024-09-16 10:07:34.928,418.9350454417264,1005
2024-09-16 10:07:34.991,418.9621514063013,98
2024-09-16 10:07:34.999,418.92612739544086,11
2024-09-16 10:07:35.016,418.9512102652285,105
2024-09-16 10:07:35.385,418.96430003969607,9
2024-09-16 10:07:35.495,418.96229362939073,98
2024-09-16 10:07:35.499,418.9489382559463,101
2024-09-16 10:07:35.611,418.9512413215047,95
2024-09-16 10:07:35.941,418.94359028691,12
2024-09-16 10:07:36.036,419.0227645242373,12
2024-09-16 10:07:36.043,419.0179967637309,100
2024-09-16 10:07:36.057,418.992581122899,1001
2024-09-16 10:07:36.064,418.99190589737526,97
2024-09-16 10:07:36.138,418.994031552327,95
2024-09-16 10:07:36.175,419.0283076843643,96
2024-09-16 10:07:36.239,419.0008729611246,102
2024-09-16 10:07:36.246,419.0362090189739,5
2024-09-16 10:07:36.278,419.007321315766,11
2024-09-16 10:07:36.302,418.9854587514864,998
2024-09-16 10:07:36.323,418.9874653272244,99
2024-09-16 10:07:36.343,419.012180221928,5
2024-09-16 10:07:36.381,418.9952432625831,6
2024-09-16 10:07:36.439,419.0342679096594,997
2024-09-16 10:07:36.465,419.0026993151108,6
2024-09-16 10:07:36.494,418.9947614393938,995
2024-09-16 10:07:36.556,418.9816442298213,14
2024-09-16 10:07:36.575,419.0089630942877,996
2024-09-16 10:07:36.589,418.98391422641424,10
2024-09-16 10:07:36.609,418.9555689910335,997
2024-09-16 10:07:36.714,419.0276673395013,101
2024-09-16 10:07:36.777,418.9973614119577,14
2024-09-16 10:07:36.794,419.0289248626962,1000
2024-09-16 10:07:36.816,419.0056506856162,99
2024-09-16 10:07:36.833,418.9941553047735,11
2024-09-16 10:07:36.872,419.0219860683407,8
2024-09-16 10:07:36.874,418.9859671348954,996
2024-09-16 10:07:36.885,419.0425609602413,7
2024-09-16 10:07:36.923,419.02161312591664,996
2024-09-16 10:07:36.967,419.0404050566555,13
2024-09-16 10:07:37.241,418.99731963389945,1004
2024-09-16 10:07:37.243,418.9349901563369,101
2024-09-16 10:07:37.258,419.01310107125215,999
2024-09-16 10:07:37.265,418.9636441965294,1005
2024-09-16 10:07:37.265,418.9768061030199,997
2024-09-16 10:07:37.292,418.94129810171376,96
2024-09-16 10:07:37.313,418.9447047935356,1003
2024-09-16 10:07:37.326,419.0059783215125,14
2024-09-16 10:07:37.330,418.92674379287456,9
2024-09-16 10:07:37.368,418.9468773544411,105
2024-09-16 10:07:37.576,418.9593352561481,102
2024-09-16 10:07:37.601,419.0108016993467,1005
2024-09-16 10:07:37.623,419.0052416583212,6
2024-09-16 10:07:37.801,418.9024406832716,1005
2024-09-16 10:07:37.806,418.9586914494532,10
2024-09-16 10:07:37.853,418.9814583945202,1005
2024-09-16 10:07:37.895,418.9317911350803,1004
2024-09-16 10:07:38.077,418.9196655023498,12
2024-09-16 10:07:38.890,418.9106375054469,100
2024-09-16 10:07:38.905,418.89865705909847,999
2024-09-16 10:07:39.293,418.9095857283915,12
2024-09-16 10:07:40.028,419.0389887041117,999
2024-09-16 10:07:40.102,418.9594149982663,96
2024-09-16 10:07:40.248,419.0330834644724,97
2024-09-16 10:07:40.253,419.0312473619849,12
2024-09-16 10:07:40.316,418.9409940391868,999
2024-09-16 10:07:40.320,419.0196168370564,98
2024-09-16 10:07:40.363,419.02905825919686,1001
2024-09-16 10:07:40.449,418.94932780358727,12
2024-09-16 10:07:40.507,418.9399505054613,1005
2024-09-16 10:07:40.585,418.98265727928543,1000
2024-09-16 10:07:40.689,419.0277962857256,103
2024-09-16 10:07:40.771,419.0410738658073,995
2024-09-16 10:07:40.991,418.998214699485,1001
2024-09-16 10:07:41.019,419.0686453924049,999
2024-09-16 10:07:41.021,419.0452508578966,11
2024-09-16 10:07:41.096,419.0350127352672,7
2024-09-16 10:07:41.139,419.0529220118117,101
2024-09-16 10:07:41.153,41.90751106916062,13
2024-09-16 10:07:41.397,419.06915040270985,14
2024-09-16 10:07:41.521,,98
2024-09-16 10:07:41.555,419.0532146838571,102
2024-09-16 10:07:41.663,419.056489971296,105
2024-09-16 10:07:41.680,419.05071528734265,100
2024-09-16 10:07:41.699,419.0590543320753,99
2024-09-16 10:07:41.749,419.0411755422848,98
2024-09-16 10:07:42.022,419.2115397070903,97
2024-09-16 10:07:42.116,419.2432949553645,102
2024-09-16 10:07:42.135,419.2395222988548,997
2024-09-16 10:07:42.142,419.1951924668905,98
2024-09-16 10:07:42.213,419.0519940938266,100
2024-09-16 10:07:42.214,419.0671593617773,1000
2024-09-16 10:07:42.241,419.1225142166344,1002
2024-09-16 10:07:42.278,419.15830451005615,11
2024-09-16 10:07:42.290,419.0419420005533,998
2024-09-16 10:07:42.355,419.2224870741158,5
2024-09-16 10:07:42.364,419.047118748151,997
2024-09-16 10:07:42.411,419.0542409832297,11
2024-09-16 10:07:42.461,419.24875624560224,1004
2024-09-16 10:07:42.481,419.0548532425572,1002
2024-09-16 10:07:42.483,419.15696718171927,6
2024-09-16 10:07:42.485,419.0520999548893,12
2024-09-16 10:07:42.574,419.0551138303917,8
2024-09-16 10:07:42.582,419.2465152276393,15
2024-09-16 10:07:42.598,419.1242819555426,1000
2024-09-16 10:07:42.656,419.0553791605989,97
2024-09-16 10:07:42.734,419.1737241451535,5
2024-09-16 10:07:42.834,419.2363809993869,10
2024-09-16 10:07:42.847,419.1070494365332,105
2024-09-16 10:07:42.904,419.2172737548007,995
2024-09-16 10:07:42.908,419.21129837027655,14
2024-09-16 10:07:42.909,419.2197626375138,11
2024-09-16 10:07:42.932,419.12842557395686,997
2024-09-16 10:07:42.981,419.2277151153909,105
2024-09-16 10:07:43.080,419.1976439122424,1000
2024-09-16 10:07:43.088,419.1960221904443,102
2024-09-16 10:07:43.458,419.2076150911899,1003
2024-09-16 10:07:43.538,419.2368802943898,1005
2024-09-16 10:07:43.704,419.2368452708829,15
2024-09-16 10:07:43.799,419.2018730438141,96
2024-09-16 10:07:43.808,419.19561246079394,999
2024-09-16 10:07:43.854,419.2122754729956,98
2024-09-16 10:07:43.884,419.2048061541937,995
2024-09-16 10:07:43.987,419.23198201386754,97
2024-09-16 10:07:43.998,419.2155229393261,99
2024-09-16 10:07:44.322,419.2598746648178,11
2024-09-16 10:07:44.477,419.2517887753665,103
2024-09-16 10:07:44.584,419.2440265514232,1004
2024-09-16 10:07:44.729,419.2297898362465,996
2024-09-16 10:07:44.831,419.230517938319,995
2024-09-16 10:07:44.874,419.2633192849647,1004
2024-09-16 10:07:45.478,419.2376779060543,1001
2024-09-16 10:07:46.050,419.2585186104616,98
2024-09-16 10:07:46.102,419.252900275016,1002
2024-09-16 10:07:46.192,419.2667876964372,102
2024-09-16 10:07:46.235,419.25804457061713,102
2024-09-16 10:07:46.338,419.27051441477926,105
2024-09-16 10:07:46.521,419.2560987275916,99
2024-09-16 10:07:46.557,419.2531485618973,103
2024-09-16 10:07:46.649,419.26389057948927,1000
2024-09-16 10:07:46.671,419.2617714269593,98
2024-09-16 10:07:46.692,419.235770063008,6
2024-09-16 10:07:46.711,419.2551769788872,997
2024-09-16 10:07:46.855,419.25420651881774,8
2024-09-16 10:07:47.070,419.25608998891056,6
2024-09-16 10:07:47.116,419.27030898119375,997
2024-09-16 10:07:47.189,419.2622090895198,1005
2024-09-16 10:07:47.230,419.248567904131,1001
2024-09-16 10:07:47.271,419.2473551969692,999
2024-09-16 10:07:47.450,419.2400192183798,100
2024-09-16 10:07:47.722,419.2481575418249,6
2024-09-16 10:07:47.796,419.2402855226515,999
2024-09-16 10:07:47.821,419.2543462972153,1004
2024-09-16 10:07:47.934,419.24770307684776,1003
2024-09-16 10:07:47.939,419.246752983547,99
2024-09-16 10:07:47.968,419.2403458052859,1000
2024-09-16 10:07:47.991,419.250138626104,1002
2024-09-16 10:07:48.011,419.2248557991388,996
2024-09-16 10:07:48.057,419.175708600131,1004
2024-09-16 10:07:48.059,419.2186700911019,11
2024-09-16 10:07:48.095,419.2501633426589,995
2024-09-16 10:07:48.269,419.21823250781375,101
2024-09-16 10:07:48.295,419.23397674319193,1002
2024-09-16 10:07:48.329,419.1511400337422,15
2024-09-16 10:07:48.426,419.2157841406403,1005
2024-09-16 10:07:48.453,419.2478150140231,5
2024-09-16 10:07:48.460,419.2168651189533,14
2024-09-16 10:07:48.502,419.2584319318794,997
2024-09-16 10:07:48.553,-419.2701395335893,102
2024-09-16 10:07:48.597,419.2050417930182,100
2024-09-16 10:07:48.628,419.1961674444864,1005
2024-09-16 10:07:48.662,419.2083300621986,1000
2024-09-16 10:07:48.671,419.2264558750544,995
2024-09-16 10:07:48.703,419.1557213780003,8
2024-09-16 10:07:48.708,419.2465220569443,996
2024-09-16 10:07:48.720,419.2701505547254,7
2024-09-16 10:07:48.758,419.2439084207752,100
2024-09-16 10:07:48.784,419.2626525642869,11
2024-09-16 10:07:48.789,419.1673547016435,10
2024-09-16 10:07:48.942,419.21950453811866,100
2024-09-16 10:07:48.989,419.2101176509176,100
2024-09-16 10:07:48.995,419.26474050173766,1001
2024-09-16 10:07:48.997,419.207501586261,1002
2024-09-16 10:07:49.045,419.2296325804253,101
2024-09-16 10:07:49.354,419.1945149577247,8
2024-09-16 10:07:49.355,419.13607586159935,11
2024-09-16 10:07:49.370,419.2235059617662,6
2024-09-16 10:07:49.395,419.1321498289233,1000
2024-09-16 10:07:49.442,419.2177286736248,105
2024-09-16 10:07:49.455,419.1543353356207,1002
2024-09-16 10:07:49.475,419.1223197256087,101
2024-09-16 10:07:49.531,419.1953346075391,9
2024-09-16 10:07:49.534,419.2345796130602,102
2024-09-16 10:07:49.544,419.19793356652536,105
2024-09-16 10:07:49.642,419.2071636905553,99
2024-09-16 10:07:49.710,419.2139530366833,6
2024-09-16 10:07:49.791,419.1376138075085,997
2024-09-16 10:07:49.854,419.12163107299386,15
2024-09-16 10:07:49.987,419.1371218348916,104
2024-09-16 10:07:50.021,419.2647401172351,997
2024-09-16 10:07:50.033,419.27556113696494,11
2024-09-16 10:07:50.034,419.2649197568441,14
2024-09-16 10:07:50.035,419.2879980198391,95
2024-09-16 10:07:50.040,419.27801057818033,1002
2024-09-16 10:07:50.100,419.2763217217469,99
2024-09-16 10:07:50.153,419.2680285629714,999
2024-09-16 10:07:50.485,419.275641056664,104
2024-09-16 10:07:51.041,419.3457832676468,97
2024-09-16 10:07:51.045,419.3991352137278,1005
2024-09-16 10:07:51.071,419.40163598700326,105
2024-09-16 10:07:51.071,419.3493677179697,1003
2024-09-16 10:07:51.109,419.36593901236506,995
2024-09-16 10:07:51.138,419.344258294312,997
2024-09-16 10:07:51.356,419.2966189133078,998
2024-09-16 10:07:51.390,419.3503536520398,5
2024-09-16 10:07:51.464,419.3599972633874,102
2024-09-16 10:07:51.521,419.2939265742332,98
2024-09-16 10:07:51.582,419.3531194350134,999
2024-09-16 10:07:51.618,419.3826348019064,995
2024-09-16 10:07:51.625,419.315379489564,97
2024-09-16 10:07:51.645,419.4052010521081,6
2024-09-16 10:07:51.736,419.4195368130861,1005
2024-09-16 10:07:51.764,419.3840749650325,97
2024-09-16 10:07:52.033,419.3573959322914,5
2024-09-16 10:07:52.111,419.361515876992,101
2024-09-16 10:07:52.269,419.3639102221026,12
2024-09-16 10:07:52.388,419.3887430541298,95
2024-09-16 10:07:52.591,419.3776366820159,996
2024-09-16 10:07:52.940,419.3665740784929,99
2024-09-16 10:07:52.951,419.3748819399967,96
2024-09-16 10:07:53.044,419.3139065700832,11
2024-09-16 10:07:53.125,419.32986006444446,13
2024-09-16 10:07:53.200,419.3289451545523,102
2024-09-16 10:07:53.216,419.3190711896002,997
2024-09-16 10:07:53.222,419.3248521500739,1002
2024-09-16 10:07:53.233,419.3301001486665,105
2024-09-16 10:07:53.257,419.3494153307123,7
2024-09-16 10:07:53.268,419.3143525097504,11
2024-09-16 10:07:53.403,419.3022280990303,11
2024-09-16 10:07:53.439,419.2951919270879,1005
2024-09-16 10:07:53.453,419.3286117230479,102
2024-09-16 10:07:53.465,419.3123677830403,104
2024-09-16 10:07:53.498,419.3276630523523,1005
2024-09-16 10:07:53.557,419.3506622482848,105
2024-09-16 10:07:53.569,419.3522640500134,99
2024-09-16 10:07:53.596,419.3172547621823,996
2024-09-16 10:07:53.615,419.3443725662624,998
2024-09-16 10:07:53.616,419.30873508516527,96
2024-09-16 10:07:53.635,419.3437479638016,98
2024-09-16 10:07:53.670,419.3251720817465,9
2024-09-16 10:07:53.680,419.33464030285353,1005
2024-09-16 10:07:53.706,419.3271220037049,101
2024-09-16 10:07:53.817,419.3485857483051,13
2024-09-16 10:07:53.853,419.3187955761816,998
2024-09-16 10:07:53.853,419.32291667238223,15
2024-09-16 10:07:53.860,419.324746425781,98
2024-09-16 10:07:53.894,419.3045768103405,95
2024-09-16 10:07:53.902,419.3725107540653,103
2024-09-16 10:07:53.993,419.3192153082429,8
2024-09-16 10:07:53.993,419.3389049074869,96
2024-09-16 10:07:54.139,419.3770456912208,99
2024-09-16 10:07:55.030,419.4044769465328,101
2024-09-16 10:07:55.040,419.3938931430738,7
2024-09-16 10:07:55.042,419.3594419131137,999
2024-09-16 10:07:55.050,419.3617806743845,1004
2024-09-16 10:07:55.202,419.4007788643103,1004
2024-09-16 10:07:55.208,419.3873169370291,10
2024-09-16 10:07:55.224,419.4299096454715,999
2024-09-16 10:07:55.228,419.4329456984136,1003
2024-09-16 10:07:55.273,419.3843677444403,95
2024-09-16 10:07:55.302,419.4045111865519,15
2024-09-16 10:07:55.314,419.4032074922752,995
2024-09-16 10:07:55.319,419.3614348712037,12
2024-09-16 10:07:55.353,419.3862495153441,101
2024-09-16 10:07:55.366,419.36312488874967,999
2024-09-16 10:07:55.396,419.3968389286237,97
2024-09-16 10:07:55.405,419.4105587739688,100
2024-09-16 10:07:55.409,419.41458734208027,995
2024-09-16 10:07:55.412,419.3720219268116,99
2024-09-16 10:07:55.593,419.4167728369554,14
2024-09-16 10:07:55.684,-419.40365072686495,104
2024-09-16 10:07:55.787,419.3774440920147,998
2024-09-16 10:07:55.825,419.42550465996993,98
2024-09-16 10:07:55.850,419.3679093168501,8
2024-09-16 10:07:55.878,419.3973794610119,11
2024-09-16 10:07:55.910,419.4248279012554,1000
2024-09-16 10:07:55.942,419.38871642971066,101
2024-09-16 10:07:55.980,419.4086696309477,97
2024-09-16 10:07:56.009,419.363627877401,7
2024-09-16 10:07:56.019,419.3368555580441,9
2024-09-16 10:07:56.028,419.3383291478087,95
2024-09-16 10:07:56.095,419.38805113853016,104
2024-09-16 10:07:56.128,419.30973988623646,13
2024-09-16 10:07:56.142,419.3425153036303,5
2024-09-16 10:07:56.179,419.3515966006329,1002
2024-09-16 10:07:56.214,419.3334571002501,95
2024-09-16 10:07:56.248,419.33141294383296,9
2024-09-16 10:07:56.314,419.31521638413307,1000
2024-09-16 10:07:56.328,419.3486213393095,10
2024-09-16 10:07:56.335,419.3066906152585,5
2024-09-16 10:07:56.361,419.31331553189824,14
2024-09-16 10:07:56.371,-419.3504010485021,9
2024-09-16 10:07:56.402,419.3101354428184,97
2024-09-16 10:07:56.409,419.32743150135,1001
2024-09-16 10:07:56.451,419.3293025257314,99
2024-09-16 10:07:56.596,419.3282505395003,99
2024-09-16 10:07:56.617,419.3081783587885,10
2024-09-16 10:07:56.666,419.35368417182127,1004
2024-09-16 10:07:56.776,419.3554098695559,95
2024-09-16 10:07:56.793,419.36013021613,96
2024-09-16 10:07:56.947,41.93514573802837,102
2024-09-16 10:07:57.187,419.3040005834459,1001
2024-09-16 10:07:57.219,419.28851592456647,100
2024-09-16 10:07:57.290,419.3159452315953,996
2024-09-16 10:07:57.363,419.3243755740444,1000
2024-09-16 10:07:57.423,,10
2024-09-16 10:07:57.496,419.27395922236633,6
2024-09-16 10:07:57.515,41.92935319486752,15
2024-09-16 10:07:57.674,419.3240417877704,5
2024-09-16 10:07:57.696,419.2714129318414,995
2024-09-16 10:07:57.829,419.29099216156266,14
2024-09-16 10:07:57.893,419.2770736137459,99
2024-09-16 10:07:57.999,419.30174432876015,6
2024-09-16 10:07:58.612,419.321014168481,1002
2024-09-16 10:07:58.916,419.328382712512,12
2024-09-16 10:07:59.154,419.3294682506348,10
2024-09-16 10:07:59.160,419.3784443666454,5
2024-09-16 10:07:59.174,419.3456215452102,105
2024-09-16 10:07:59.185,419.37482840690205,104
2024-09-16 10:07:59.261,419.3866666990192,998
2024-09-16 10:07:59.309,419.3752893483513,101
2024-09-16 10:07:59.503,419.4052108923901,996
2024-09-16 10:07:59.598,419.3687422505719,7
2024-09-16 10:07:59.648,419.394792999549,101
2024-09-16 10:07:59.836,419.3929104905675,103
2024-09-16 10:07:59.871,419.3590107426581,997
2024-09-16 10:07:59.926,419.35938698099966,97
2024-09-16 10:07:59.939,419.3744958992734,96
