Timestamp,Price,Size
2024-09-19 11:03:00.010,420.5184962964304,1004
2024-09-19 11:03:00.031,420.55105789966416,98
2024-09-19 11:03:00.071,420.5561221386748,1002
2024-09-19 11:03:00.078,420.5499208033978,101
2024-09-19 11:03:00.097,420.5007853423572,8
2024-09-19 11:03:00.099,420.5030760590069,13
2024-09-19 11:03:00.151,420.5434703780159,1002
2024-09-19 11:03:00.213,420.5486159094672,1004
2024-09-19 11:03:00.226,420.5648518505248,104
2024-09-19 11:03:00.227,-420.5201305753963,1002
2024-09-19 11:03:00.297,420.5191215259547,105
2024-09-19 11:03:00.313,420.5653764700729,6
2024-09-19 11:03:00.635,420.56450650713504,11
2024-09-19 11:03:00.644,420.4981563251499,8
2024-09-19 11:03:00.706,420.5110593586044,14
2024-09-19 11:03:00.726,420.5358985693493,1000
2024-09-19 11:03:00.732,420.5030350111341,95
2024-09-19 11:03:00.819,42.05674701576916,999
2024-09-19 11:03:00.846,420.5673948109092,103
2024-09-19 11:03:00.854,420.531588257569,6
2024-09-19 11:03:00.873,420.58040264784535,8
2024-09-19 11:03:00.889,420.5113308474138,6
2024-09-19 11:03:00.891,420.5386489799293,102
2024-09-19 11:03:00.994,420.549223625765,102
2024-09-19 11:03:01.522,420.52718953670507,997
2024-09-19 11:03:02.033,420.5969594501458,99
2024-09-19 11:03:02.179,420.59650115285655,1001
2024-09-19 11:03:02.221,420.5120639296285,99
2024-09-19 11:03:02.259,420.5507144176207,105
2024-09-19 11:03:02.345,420.550847835101,13
2024-09-19 11:03:02.366,420.5318638313399,95
2024-09-19 11:03:02.429,420.6147777229926,1002
2024-09-19 11:03:02.480,420.5379590192632,95
2024-09-19 11:03:02.490,420.5360183548001,10
2024-09-19 11:03:02.497,420.6229196972639,1005
2024-09-19 11:03:02.573,420.5755743903865,998
2024-09-19 11:03:02.595,420.6224124087153,995
2024-09-19 11:03:02.659,420.5324161456671,5
2024-09-19 11:03:02.695,420.61391242157526,995
2024-09-19 11:03:02.789,420.5486729142469,995
2024-09-19 11:03:02.826,420.5669551085385,12
2024-09-19 11:03:02.834,420.5815076176455,995
2024-09-19 11:03:02.839,420.63043779623627,13
2024-09-19 11:03:02.850,420.5284744470644,98
2024-09-19 11:03:02.864,420.5313392334088,998
2024-09-19 11:03:03.921,42.062290570731655,15
2024-09-19 11:03:04.011,420.625885457341,1004
2024-09-19 11:03:04.015,420.5979343990594,10
2024-09-19 11:03:04.102,420.6043879836621,95
2024-09-19 11:03:04.176,420.6532591989729,14
2024-09-19 11:03:04.267,420.6064944324478,8
2024-09-19 11:03:04.338,420.6324741285419,997
2024-09-19 11:03:04.434,420.6312005317467,99
2024-09-19 11:03:04.523,420.59888774294495,8
2024-09-19 11:03:04.525,420.609422563428,10
2024-09-19 11:03:04.532,420.6118787248837,13
2024-09-19 11:03:04.569,420.6029981684436,995
2024-09-19 11:03:04.608,420.60488545485526,1005
2024-09-19 11:03:04.648,420.5961300917105,1004
2024-09-19 11:03:04.857,420.6180145715688,13
2024-09-19 11:03:04.931,420.6153937028597,1000
2024-09-19 11:03:04.985,420.6254972036607,998
2024-09-19 11:03:04.986,420.6191322511176,6
2024-09-19 11:03:05.071,420.5638698775104,99
2024-09-19 11:03:05.132,420.5696462532097,97
2024-09-19 11:03:05.132,420.5847372868065,1002
2024-09-19 11:03:05.147,420.57613891336695,97
2024-09-19 11:03:05.290,420.5845352720984,1005
2024-09-19 11:03:05.505,420.5872187699088,105
2024-09-19 11:03:05.556,420.5860126321952,998
2024-09-19 11:03:05.622,420.5760755400319,100
2024-09-19 11:03:05.630,420.5779160170852,96
2024-09-19 11:03:05.637,420.5616840104298,97
2024-09-19 11:03:05.684,420.6055412956592,1004
2024-09-19 11:03:05.847,420.59463587855066,10
2024-09-19 11:03:05.935,420.5885789345973,97
2024-09-19 11:03:05.942,420.56065884479847,5
2024-09-19 11:03:05.953,420.56709528821096,13
2024-09-19 11:03:06.067,420.5269122604958,95
2024-09-19 11:03:06.449,420.5283673031887,996
2024-09-19 11:03:06.487,420.5174795909885,1001
2024-09-19 11:03:06.638,420.52967704354,1000
2024-09-19 11:03:06.781,420.52280190378445,9
2024-09-19 11:03:06.831,420.5377310629037,104
2024-09-19 11:03:06.858,420.5482538314953,95
2024-09-19 11:03:06.896,420.55460706284526,996
2024-09-19 11:03:07.037,420.53693835053593,105
2024-09-19 11:03:07.295,420.55640761176215,1002
2024-09-19 11:03:07.347,420.5457066100582,1002
2024-09-19 11:03:07.380,420.5336784266648,999
2024-09-19 11:03:07.434,420.54232449798445,7
2024-09-19 11:03:07.447,420.535220206364,13
2024-09-19 11:03:07.449,420.523841509631,996
2024-09-19 11:03:07.514,420.55541620686313,1000
2024-09-19 11:03:07.536,420.5516138424836,1001
2024-09-19 11:03:07.565,420.565607023152,11
2024-09-19 11:03:07.819,420.5300958577938,12
2024-09-19 11:03:07.888,420.5364199657628,1005
2024-09-19 11:03:07.899,420.5495885479161,1003
2024-09-19 11:03:08.080,420.5355242381662,102
2024-09-19 11:03:08.162,420.5311794208617,99
2024-09-19 11:03:08.273,420.49073609433486,1005
2024-09-19 11:03:08.294,420.5091125604556,9
2024-09-19 11:03:08.366,420.4606338079045,997
2024-09-19 11:03:08.449,420.4624505468765,1003
2024-09-19 11:03:08.501,420.5369871701602,6
2024-09-19 11:03:08.527,420.485033508731,1000
2024-09-19 11:03:08.591,420.4876547122513,9
2024-09-19 11:03:08.596,420.49847170107256,1000
2024-09-19 11:03:08.689,420.44124799208936,5
2024-09-19 11:03:08.700,420.4452858184488,14
2024-09-19 11:03:08.702,420.5444859253806,995
2024-09-19 11:03:08.741,420.549826784501,98
2024-09-19 11:03:08.795,420.447132558736,102
2024-09-19 11:03:08.819,420.4582476427007,1000
2024-09-19 11:03:08.918,420.4591111772546,995
2024-09-19 11:03:08.941,420.50049333518825,999
2024-09-19 11:03:08.981,420.5392501925551,15
2024-09-19 11:03:08.986,420.547400259409,9
2024-09-19 11:03:09.073,420.4413902959975,1000
2024-09-19 11:03:09.180,420.466612815759,995
2024-09-19 11:03:09.714,420.4459659495935,99
2024-09-19 11:03:09.947,420.4375990228775,1001
2024-09-19 11:03:10.277,420.4796834273998,999
2024-09-19 11:03:10.764,420.4684875732775,104
2024-09-19 11:03:10.907,420.4774487678317,99
2024-09-19 11:03:11.046,420.4259277232588,8
2024-09-19 11:03:11.086,420.4255852547008,999
2024-09-19 11:03:11.130,420.40670651585503,6
2024-09-19 11:03:11.318,42.04211187890618,101
2024-09-19 11:03:11.441,420.44571542447824,101
2024-09-19 11:03:11.444,420.4137109049034,5
2024-09-19 11:03:11.449,420.43451333162153,100
2024-09-19 11:03:11.496,420.478099782278,1004
2024-09-19 11:03:11.530,420.4559170266783,10
2024-09-19 11:03:11.537,420.43373160397255,7
2024-09-19 11:03:11.565,420.4356588470542,5
2024-09-19 11:03:11.593,420.4278135319002,100
2024-09-19 11:03:11.604,420.4012971766721,1000
2024-09-19 11:03:11.724,420.4179224314323,104
2024-09-19 11:03:11.763,420.4241422799436,10
2024-09-19 11:03:11.766,420.4128637401644,1001
2024-09-19 11:03:11.800,420.4520319051475,998
2024-09-19 11:03:11.835,420.42970739158,5
2024-09-19 11:03:11.901,420.4219114824606,105
2024-09-19 11:03:11.946,420.4391419441701,99
2024-09-19 11:03:11.963,420.4438889703181,5
2024-09-19 11:03:11.974,420.4105683081379,996
2024-09-19 11:03:12.000,420.4556568540035,9
2024-09-19 11:03:12.039,420.4400198337654,11
2024-09-19 11:03:12.048,420.4523830959329,15
2024-09-19 11:03:12.111,420.5096504477393,6
2024-09-19 11:03:12.112,420.5002480886981,5
2024-09-19 11:03:12.160,420.46961949114007,996
2024-09-19 11:03:12.166,420.4736301392293,95
2024-09-19 11:03:12.224,420.5156768971625,1004
2024-09-19 11:03:12.276,420.49674226605225,1001
2024-09-19 11:03:12.309,420.4857082742917,11
2024-09-19 11:03:12.341,420.4398998692479,8
2024-09-19 11:03:12.461,420.4700914105798,5
2024-09-19 11:03:12.463,420.4946413146777,95
2024-09-19 11:03:12.496,420.4423614115548,11
2024-09-19 11:03:12.498,420.4592627297132,1000
2024-09-19 11:03:12.503,420.4744808000567,998
2024-09-19 11:03:12.576,420.4754074365817,997
2024-09-19 11:03:12.640,420.4250148314613,8
2024-09-19 11:03:12.641,420.4891892329527,1002
2024-09-19 11:03:12.653,420.5228855003086,1003
2024-09-19 11:03:12.658,420.5291771329695,102
2024-09-19 11:03:12.689,420.44785343780944,104
2024-09-19 11:03:12.750,420.5013830127126,14
2024-09-19 11:03:12.837,420.4519896687299,1003
2024-09-19 11:03:12.869,420.468939735326,102
2024-09-19 11:03:12.885,420.4758631725764,105
2024-09-19 11:03:12.898,42.04865657050565,103
2024-09-19 11:03:12.927,420.4842266158264,998
2024-09-19 11:03:12.972,420.4493677791626,96
2024-09-19 11:03:13.043,420.4193786499525,96
2024-09-19 11:03:13.043,420.4947047411568,1000
2024-09-19 11:03:13.054,420.5097307746229,95
2024-09-19 11:03:13.098,420.45965698303365,997
2024-09-19 11:03:13.143,420.4346451365918,101
2024-09-19 11:03:13.180,420.4804872492824,999
2024-09-19 11:03:13.230,420.436213430361,1000
2024-09-19 11:03:13.264,420.4979966641204,101
2024-09-19 11:03:13.379,420.4667832914787,98
2024-09-19 11:03:13.469,420.4805933825803,13
2024-09-19 11:03:13.568,420.4620782956424,101
2024-09-19 11:03:13.673,420.4872655025939,97
2024-09-19 11:03:13.824,420.50377216760256,15
2024-09-19 11:03:13.941,420.46910229087314,9
2024-09-19 11:03:13.947,420.4641705116628,13
2024-09-19 11:03:13.965,420.4767098778304,99
2024-09-19 11:03:13.978,420.4635922927979,5
2024-09-19 11:03:14.008,420.4022076874653,14
2024-09-19 11:03:14.026,420.44101415975774,100
2024-09-19 11:03:14.036,420.3870141892236,96
2024-09-19 11:03:14.040,420.4369570591329,98
2024-09-19 11:03:14.059,420.399064038919,13
2024-09-19 11:03:14.072,420.4041836335213,1001
2024-09-19 11:03:14.097,420.3897565345917,98
2024-09-19 11:03:14.175,420.40214659569887,996
2024-09-19 11:03:14.243,420.44687227222096,7
2024-09-19 11:03:14.338,420.4736847265181,6
2024-09-19 11:03:14.386,420.3839558779962,101
2024-09-19 11:03:14.405,420.4447603932017,11
2024-09-19 11:03:14.434,420.4430103636032,100
2024-09-19 11:03:14.435,420.4684484495946,10
2024-09-19 11:03:14.444,420.4501642666659,998
2024-09-19 11:03:14.445,420.4116327071541,7
2024-09-19 11:03:14.450,420.3963853486664,11
2024-09-19 11:03:14.453,420.4545716943049,96
2024-09-19 11:03:14.460,420.45271579340704,11
2024-09-19 11:03:14.486,42.04045400225507,10
2024-09-19 11:03:14.494,420.3929778419189,15
2024-09-19 11:03:14.572,420.46260261767134,5
2024-09-19 11:03:14.654,420.4267306061535,1005
2024-09-19 11:03:14.737,420.3939127654924,105
2024-09-19 11:03:14.840,420.4133653401393,1001
2024-09-19 11:03:14.906,420.45368270087255,14
2024-09-19 11:03:14.932,420.4167324151524,101
2024-09-19 11:03:14.999,420.45024531528543,1001
2024-09-19 11:03:15.225,420.4189291997576,101
2024-09-19 11:03:15.372,420.4237730326386,1004
2024-09-19 11:03:15.698,420.41977887308127,8
2024-09-19 11:03:15.765,420.4262604314485,105
2024-09-19 11:03:15.784,420.39792822115055,995
2024-09-19 11:03:15.799,420.4196942413265,995
2024-09-19 11:03:15.884,420.410731485488,101
2024-09-19 11:03:15.890,420.3940785020733,6
2024-09-19 11:03:15.904,420.431018028832,96
2024-09-19 11:03:16.047,420.3975448366337,103
2024-09-19 11:03:16.084,420.320149203263,999
2024-09-19 11:03:16.089,420.4316967780883,104
2024-09-19 11:03:16.099,-420.3322801540377,1005
2024-09-19 11:03:16.162,420.4218386287494,1001
2024-09-19 11:03:16.260,420.34616933777687,104
2024-09-19 11:03:16.278,420.331114165549,8
2024-09-19 11:03:16.353,420.3957271141686,1005
2024-09-19 11:03:16.376,420.3472482567931,995
2024-09-19 11:03:16.405,420.4423698361767,11
2024-09-19 11:03:16.455,420.3794121976987,1004
2024-09-19 11:03:16.521,420.385404564484,9
2024-09-19 11:03:16.637,420.3987412522275,999
2024-09-19 11:03:16.648,420.3944875742098,15
2024-09-19 11:03:16.696,420.43965366231953,998
2024-09-19 11:03:16.756,420.3148345956789,9
2024-09-19 11:03:16.772,420.4672791863492,1001
2024-09-19 11:03:16.776,420.3620497169614,95
2024-09-19 11:03:16.892,420.30751854274473,5
2024-09-19 11:03:16.926,420.4481025052718,98
2024-09-19 11:03:16.968,420.4593170004297,999
2024-09-19 11:03:17.037,420.3737581180745,8
2024-09-19 11:03:17.050,420.3741850292764,95
2024-09-19 11:03:17.087,420.36046760149065,7
2024-09-19 11:03:17.099,420.3905691959629,97
2024-09-19 11:03:17.111,420.37340932524313,101
2024-09-19 11:03:17.126,-420.4231565681741,10
2024-09-19 11:03:17.131,420.3705773738246,996
2024-09-19 11:03:17.147,420.4185401875093,998
2024-09-19 11:03:17.170,420.37652676571935,998
2024-09-19 11:03:17.279,420.3969138562339,10
2024-09-19 11:03:17.303,420.4099200045778,7
2024-09-19 11:03:17.333,420.3659922811927,995
2024-09-19 11:03:17.345,420.3648167783237,8
2024-09-19 11:03:17.346,420.4119791888783,104
2024-09-19 11:03:17.499,420.37455498085575,11
2024-09-19 11:03:17.612,420.3717872094636,100
2024-09-19 11:03:17.691,420.40707142290375,10
2024-09-19 11:03:17.726,420.3828968859153,6
2024-09-19 11:03:17.767,420.4174068953632,1004
2024-09-19 11:03:17.781,420.3888900904518,998
2024-09-19 11:03:17.793,420.3998299587578,104
2024-09-19 11:03:17.801,420.3783911312241,9
2024-09-19 11:03:17.802,420.3993621290649,998
2024-09-19 11:03:17.875,420.4292939171572,105
2024-09-19 11:03:17.898,420.4256617256543,998
2024-09-19 11:03:17.922,42.03592086645051,997
2024-09-19 11:03:17.950,420.43170105662574,102
2024-09-19 11:03:18.185,420.4435363953674,6
2024-09-19 11:03:18.321,420.4444840450345,99
2024-09-19 11:03:18.737,420.4030090832081,12
2024-09-19 11:03:18.762,420.44122796470623,8
2024-09-19 11:03:18.807,420.4259897958365,11
2024-09-19 11:03:18.813,420.443380754645,105
2024-09-19 11:03:18.928,420.4362615322292,97
2024-09-19 11:03:18.953,420.4386720336033,102
2024-09-19 11:03:19.000,420.4303529964281,998
2024-09-19 11:03:19.051,420.4468426060139,996
2024-09-19 11:03:19.062,420.46893840030725,12
2024-09-19 11:03:19.066,420.45690710445626,10
2024-09-19 11:03:19.209,420.4456613676829,997
2024-09-19 11:03:19.332,420.43015918992495,997
2024-09-19 11:03:19.394,420.47055404429926,995
2024-09-19 11:03:19.442,420.44712615364097,103
2024-09-19 11:03:19.588,420.4338424198989,998
2024-09-19 11:03:19.626,420.4498180421692,101
2024-09-19 11:03:19.642,420.44411898407617,98
2024-09-19 11:03:19.723,420.4218840720546,104
2024-09-19 11:03:19.727,420.4295110530185,14
2024-09-19 11:03:19.811,420.4397277234043,15
2024-09-19 11:03:19.843,420.4435138433596,996
2024-09-19 11:03:19.846,420.4657236722896,997
2024-09-19 11:03:19.981,420.44586592751983,996
2024-09-19 11:03:20.020,420.5090669134212,998
2024-09-19 11:03:20.041,420.51857695837816,1002
2024-09-19 11:03:20.041,420.4779548966972,11
2024-09-19 11:03:20.080,420.55305930512463,98
2024-09-19 11:03:20.089,420.4668659054218,12
2024-09-19 11:03:20.127,420.5792394780493,9
2024-09-19 11:03:20.156,420.544597044,95
2024-09-19 11:03:20.168,42.04584230826624,7
2024-09-19 11:03:20.203,420.4494003736592,10
2024-09-19 11:03:20.289,420.559602493452,99
2024-09-19 11:03:20.294,420.5679577384864,97
2024-09-19 11:03:20.297,420.4428657154944,10
2024-09-19 11:03:20.297,420.5206893114732,96
2024-09-19 11:03:20.299,420.512751912132,105
2024-09-19 11:03:20.397,420.4535808745253,100
2024-09-19 11:03:20.398,420.4507835790993,99
2024-09-19 11:03:20.408,420.537760803629,12
2024-09-19 11:03:20.417,420.5479757811842,996
2024-09-19 11:03:20.449,420.5734465499669,14
2024-09-19 11:03:20.533,420.45925614191145,11
2024-09-19 11:03:20.534,420.4745263033116,9
2024-09-19 11:03:20.553,420.4854857990038,6
2024-09-19 11:03:20.650,420.4540786803246,9
2024-09-19 11:03:20.702,420.4459062553147,13
2024-09-19 11:03:20.739,420.5582162050111,97
2024-09-19 11:03:20.789,420.5565792933013,8
2024-09-19 11:03:20.800,420.5634586036228,997
2024-09-19 11:03:20.829,420.4504935368975,15
2024-09-19 11:03:20.886,420.57578644405936,1004
2024-09-19 11:03:20.981,420.576669413704,6
2024-09-19 11:03:21.502,420.5642516864633,1003
2024-09-19 11:03:21.625,420.55201143555536,101
2024-09-19 11:03:21.626,420.55199377364727,101
2024-09-19 11:03:21.941,420.5569495307668,15
2024-09-19 11:03:22.087,420.5100536226716,1004
2024-09-19 11:03:22.134,420.52090300828337,98
2024-09-19 11:03:22.152,420.5339350006854,104
2024-09-19 11:03:22.174,420.5118903417842,101
2024-09-19 11:03:22.208,-420.5167518246161,101
2024-09-19 11:03:22.269,420.51952403979095,1001
2024-09-19 11:03:22.335,420.515142502543,102
2024-09-19 11:03:22.424,420.527070699414,996
2024-09-19 11:03:22.470,420.538659662112,95
2024-09-19 11:03:22.519,420.5036784508776,101
2024-09-19 11:03:22.536,-420.5226197039811,1003
2024-09-19 11:03:22.641,420.5671626060511,10
2024-09-19 11:03:22.723,420.5457727256653,8
2024-09-19 11:03:22.741,420.5253381569884,8
2024-09-19 11:03:22.754,420.5269662289275,105
2024-09-19 11:03:22.935,420.5404220816798,9
2024-09-19 11:03:23.049,420.5393402565376,1002
2024-09-19 11:03:23.069,420.5361537562143,996
2024-09-19 11:03:23.078,-420.4975904524247,104
2024-09-19 11:03:23.114,420.54508263614014,1001
2024-09-19 11:03:23.131,420.4704071568008,15
2024-09-19 11:03:23.219,420.4658886704711,1004
2024-09-19 11:03:23.250,420.5044373048996,95
2024-09-19 11:03:23.292,-420.55350830874505,102
2024-09-19 11:03:23.318,420.5212948064726,1005
2024-09-19 11:03:23.320,420.4815131655352,995
2024-09-19 11:03:23.372,420.5392508542161,13
2024-09-19 11:03:23.457,420.5009123989786,97
2024-09-19 11:03:23.552,-420.4892365650456,97
2024-09-19 11:03:23.596,420.5246618379264,15
2024-09-19 11:03:23.618,42.04949375996307,1001
2024-09-19 11:03:23.735,420.5502823854329,103
2024-09-19 11:03:23.747,420.4887275833944,1004
2024-09-19 11:03:23.754,420.5218673931659,14
2024-09-19 11:03:23.762,420.50930502057895,95
2024-09-19 11:03:23.786,420.4847981238088,10
2024-09-19 11:03:23.858,420.4818894348803,6
2024-09-19 11:03:23.868,420.5007134973869,999
2024-09-19 11:03:24.001,420.5428373797593,10
2024-09-19 11:03:24.085,420.541473005473,1000
2024-09-19 11:03:24.183,420.50942304823457,100
2024-09-19 11:03:24.208,420.4854778169405,996
2024-09-19 11:03:24.210,420.51710580405233,8
2024-09-19 11:03:24.303,420.516059089595,15
2024-09-19 11:03:24.366,420.5254182178328,5
2024-09-19 11:03:24.388,420.5444788073465,95
2024-09-19 11:03:24.420,420.4890849595085,13
2024-09-19 11:03:24.510,420.5509941829121,1002
2024-09-19 11:03:24.565,420.4797219477785,1001
2024-09-19 11:03:24.599,420.5402837838083,1005
2024-09-19 11:03:24.712,420.4984504914613,101
2024-09-19 11:03:24.730,420.5099520311583,999
2024-09-19 11:03:24.732,420.49716462472026,96
2024-09-19 11:03:24.738,420.5016514822639,101
2024-09-19 11:03:24.880,420.4809207553466,998
2024-09-19 11:03:25.047,420.59206055013664,105
2024-09-19 11:03:25.049,420.543908824829,98
2024-09-19 11:03:25.096,420.5571697700923,98
2024-09-19 11:03:25.141,420.4923991032727,1002
2024-09-19 11:03:25.144,420.557843489653,997
2024-09-19 11:03:25.150,420.5722177948113,102
2024-09-19 11:03:25.176,420.5538829700135,14
2024-09-19 11:03:25.188,420.5468969186217,15
2024-09-19 11:03:25.253,420.58772703966633,96
2024-09-19 11:03:25.297,420.56531725073984,1001
2024-09-19 11:03:25.303,420.51370274319794,101
2024-09-19 11:03:25.366,420.575941405842,98
2024-09-19 11:03:25.382,420.5838505756844,1001
2024-09-19 11:03:25.432,420.5164228309134,102
2024-09-19 11:03:25.464,420.5642734454264,103
2024-09-19 11:03:25.531,420.519722859804,1002
2024-09-19 11:03:25.575,420.5645044014925,12
2024-09-19 11:03:25.724,-420.5977620862996,996
2024-09-19 11:03:25.758,420.5656620703678,1002
2024-09-19 11:03:25.802,420.56198246669953,996
2024-09-19 11:03:25.820,420.527677253284,1002
2024-09-19 11:03:25.859,420.5796005475,104
2024-09-19 11:03:25.866,420.5943719686938,998
2024-09-19 11:03:25.868,420.4744136474273,999
2024-09-19 11:03:25.873,420.5421733368439,101
2024-09-19 11:03:25.959,420.56110050515457,1002
2024-09-19 11:03:26.107,420.4714551800303,999
2024-09-19 11:03:26.119,420.4500460712994,1004
2024-09-19 11:03:26.150,420.4591564605168,1004
2024-09-19 11:03:26.231,420.4695205141182,1002
2024-09-19 11:03:26.304,420.46233132507786,102
2024-09-19 11:03:26.344,420.4634107994853,97
2024-09-19 11:03:26.458,420.4776065325797,6
2024-09-19 11:03:26.526,420.44303734519247,14
2024-09-19 11:03:26.530,420.4770546828941,996
2024-09-19 11:03:26.573,420.4589437852391,99
2024-09-19 11:03:26.609,420.4806787701195,105
2024-09-19 11:03:26.637,420.4553016716696,1001
2024-09-19 11:03:26.640,420.4945779968715,15
2024-09-19 11:03:26.667,420.4681621694746,1001
2024-09-19 11:03:26.686,420.44366401139513,13
2024-09-19 11:03:26.729,420.4823813704982,6
2024-09-19 11:03:26.739,420.4678049757295,15
2024-09-19 11:03:26.872,420.4885098128016,10
2024-09-19 11:03:26.912,420.4753713582738,1001
2024-09-19 11:03:28.153,420.40326985369137,10
2024-09-19 11:03:28.249,420.441336549936,8
2024-09-19 11:03:28.288,420.3974124229893,1004
2024-09-19 11:03:28.387,420.4028991142647,995
2024-09-19 11:03:28.404,420.4051225465656,995
2024-09-19 11:03:28.414,420.410574206794,96
2024-09-19 11:03:28.503,420.4120283675424,100
2024-09-19 11:03:28.597,420.3884625157674,98
2024-09-19 11:03:28.622,420.3952442609586,14
2024-09-19 11:03:28.833,420.4009728244496,997
2024-09-19 11:03:28.860,420.4411771805417,998
2024-09-19 11:03:28.888,420.41868843811744,15
2024-09-19 11:03:28.994,420.4007628309424,1004
2024-09-19 11:03:29.041,420.439451742469,12
2024-09-19 11:03:29.042,420.4019559146268,1002
2024-09-19 11:03:29.073,420.4153678897042,95
2024-09-19 11:03:29.076,420.4321604310719,99
2024-09-19 11:03:29.143,420.4381320326813,5
2024-09-19 11:03:29.156,420.4101895744632,15
2024-09-19 11:03:29.167,-420.39381169912286,8
2024-09-19 11:03:29.187,420.4261575606829,97
2024-09-19 11:03:29.207,420.413420306745,103
2024-09-19 11:03:29.233,420.4263465417117,7
2024-09-19 11:03:29.292,420.4126328285804,8
2024-09-19 11:03:29.356,420.4219373120463,5
2024-09-19 11:03:29.381,420.4366463159014,1000
2024-09-19 11:03:29.385,420.39535509400326,7
2024-09-19 11:03:29.400,420.42672762300055,15
2024-09-19 11:03:29.492,420.4047579504732,102
2024-09-19 11:03:29.520,420.41689577084463,98
2024-09-19 11:03:29.532,420.41871715846753,99
2024-09-19 11:03:29.602,420.4323009584698,995
2024-09-19 11:03:29.790,420.43645532975887,10
2024-09-19 11:03:29.793,420.4317205911843,7
2024-09-19 11:03:29.800,420.4142622358854,103
2024-09-19 11:03:29.935,420.3833431865884,100
2024-09-19 11:03:29.951,420.4377716248948,999
2024-09-19 11:03:29.990,420.39766925102646,99
2024-09-19 11:03:29.992,420.3961855908303,9
2024-09-19 11:03:30.002,420.4396816455748,99
2024-09-19 11:03:30.022,420.4363634881477,102
2024-09-19 11:03:30.073,420.3857892433453,1005
2024-09-19 11:03:30.074,420.4233741621474,995
2024-09-19 11:03:30.139,420.4077332791547,102
2024-09-19 11:03:30.578,420.40260931127386,98
2024-09-19 11:03:30.583,420.4160333115893,96
2024-09-19 11:03:30.583,420.3800327481477,1004
2024-09-19 11:03:30.628,420.4020389470494,999
2024-09-19 11:03:30.757,420.43676749560177,9
2024-09-19 11:03:30.804,420.4107968802923,96
2024-09-19 11:03:30.814,420.3941511340205,1005
2024-09-19 11:03:30.821,420.4327575722896,996
2024-09-19 11:03:31.084,420.4015802182256,15
2024-09-19 11:03:31.130,420.355299446542,5
2024-09-19 11:03:31.132,420.3598377900396,97
2024-09-19 11:03:31.299,420.3732850968033,10
2024-09-19 11:03:31.404,420.3663196254233,103
2024-09-19 11:03:31.407,420.3737410072805,105
2024-09-19 11:03:31.517,420.3697245578045,10
2024-09-19 11:03:31.530,420.3898533547139,15
2024-09-19 11:03:31.614,420.35782209560006,996
2024-09-19 11:03:31.662,420.36188318969033,95
2024-09-19 11:03:31.684,420.3693617052508,12
2024-09-19 11:03:31.845,420.39399577247553,105
2024-09-19 11:03:31.932,420.3690950675701,14
2024-09-19 11:03:33.172,420.39473582425336,1000
2024-09-19 11:03:33.297,420.3847741070327,104
2024-09-19 11:03:33.816,420.36515576251537,5
2024-09-19 11:03:34.091,420.36957074392086,11
2024-09-19 11:03:34.164,420.3591531029064,95
2024-09-19 11:03:34.172,420.4028232761364,1003
2024-09-19 11:03:34.185,420.38811756729183,995
2024-09-19 11:03:34.234,420.3928643062743,7
2024-09-19 11:03:34.289,420.4063181141947,996
2024-09-19 11:03:34.296,420.350447492766,11
2024-09-19 11:03:34.451,420.3022278387061,96
2024-09-19 11:03:34.487,420.4185915222294,1004
2024-09-19 11:03:34.492,420.4023471925114,998
2024-09-19 11:03:34.506,420.3989317425713,998
2024-09-19 11:03:34.519,420.3995954473287,995
2024-09-19 11:03:34.577,420.3207459046078,102
2024-09-19 11:03:34.617,420.388004826624,97
2024-09-19 11:03:34.692,420.3190829968989,103
2024-09-19 11:03:34.700,,96
2024-09-19 11:03:34.809,420.384308550407,95
2024-09-19 11:03:34.851,420.3122547016956,7
2024-09-19 11:03:34.880,420.3833640984667,102
2024-09-19 11:03:34.891,420.3984894457845,5
2024-09-19 11:03:34.899,420.3122194722631,14
2024-09-19 11:03:34.936,420.3953128712863,10
2024-09-19 11:03:35.152,420.2705975178799,101
2024-09-19 11:03:35.294,420.29205329359536,12
2024-09-19 11:03:35.446,420.290366769132,7
2024-09-19 11:03:35.584,420.2880589915918,96
2024-09-19 11:03:35.693,,97
2024-09-19 11:03:36.003,420.16292487971,1004
2024-09-19 11:03:36.085,420.1642445841244,104
2024-09-19 11:03:36.135,420.1553636950297,103
2024-09-19 11:03:36.139,420.1740205396018,14
2024-09-19 11:03:36.152,420.16547205483727,97
2024-09-19 11:03:36.160,420.1564661520638,998
2024-09-19 11:03:36.170,420.165602474559,1005
2024-09-19 11:03:36.252,420.1462289927225,12
2024-09-19 11:03:36.266,420.1786763511321,1000
2024-09-19 11:03:36.287,420.2308753476818,96
2024-09-19 11:03:36.320,420.1414307869919,1005
2024-09-19 11:03:36.401,420.15114191323465,100
2024-09-19 11:03:36.402,420.2397838333397,1002
2024-09-19 11:03:36.505,420.173775358678,105
2024-09-19 11:03:36.528,420.16705050516543,102
2024-09-19 11:03:36.541,,1003
2024-09-19 11:03:36.554,420.2143853681244,13
2024-09-19 11:03:36.592,420.2248045077357,1001
2024-09-19 11:03:36.667,420.15528289593175,104
2024-09-19 11:03:36.672,420.1539344439488,995
2024-09-19 11:03:36.714,420.174115634198,103
2024-09-19 11:03:36.912,420.1769408025584,95
2024-09-19 11:03:36.950,420.1669655683924,105
2024-09-19 11:03:37.002,420.15785936585206,999
2024-09-19 11:03:37.122,420.1703888964707,999
2024-09-19 11:03:37.259,420.150140848766,105
2024-09-19 11:03:37.296,420.1653607457709,8
2024-09-19 11:03:37.503,420.1494506714478,9
2024-09-19 11:03:37.542,420.1770266509397,104
2024-09-19 11:03:37.665,420.15760718860736,97
2024-09-19 11:03:37.761,420.17231330773126,14
2024-09-19 11:03:37.893,42.01501930495994,1001
2024-09-19 11:03:37.901,420.1435389724342,6
2024-09-19 11:03:37.968,420.1665316606615,102
2024-09-19 11:03:38.007,420.1763964447544,1005
2024-09-19 11:03:38.114,,1003
2024-09-19 11:03:38.150,420.1918462895297,99
2024-09-19 11:03:38.151,420.207435676944,995
2024-09-19 11:03:38.194,420.2246047998541,5
2024-09-19 11:03:38.216,420.1692036577304,97
2024-09-19 11:03:38.343,420.2249931466265,15
2024-09-19 11:03:38.493,420.1904140847705,1005
2024-09-19 11:03:38.593,420.2236708131796,1000
2024-09-19 11:03:38.737,420.2152876532866,99
2024-09-19 11:03:38.748,420.2304460420059,100
2024-09-19 11:03:38.947,420.2041092611007,999
2024-09-19 11:03:39.012,420.2091053028901,14
2024-09-19 11:03:39.016,420.24153729324416,1001
2024-09-19 11:03:39.023,420.2293209621176,1005
2024-09-19 11:03:39.063,420.1904489162153,996
2024-09-19 11:03:39.125,420.23421537876095,98
2024-09-19 11:03:39.142,420.2111285275104,14
2024-09-19 11:03:39.165,420.2254650596525,6
2024-09-19 11:03:39.205,420.2572002477355,1002
2024-09-19 11:03:39.216,420.25044477296206,1004
2024-09-19 11:03:39.241,420.242593077032,6
2024-09-19 11:03:39.242,420.2258099398004,1004
2024-09-19 11:03:39.394,420.2014151820766,99
2024-09-19 11:03:39.414,420.1971263396487,15
2024-09-19 11:03:39.457,420.2076627208586,105
2024-09-19 11:03:39.498,420.2001024062841,100
2024-09-19 11:03:39.502,420.202848593898,8
2024-09-19 11:03:39.585,,98
2024-09-19 11:03:39.589,420.2134141922001,96
2024-09-19 11:03:39.643,420.2032552010974,103
2024-09-19 11:03:39.661,420.2222122476866,10
2024-09-19 11:03:39.696,-420.1926954370349,97
2024-09-19 11:03:39.781,420.20479393859097,102
2024-09-19 11:03:39.806,420.2032351213293,97
2024-09-19 11:03:39.888,420.214567890435,998
2024-09-19 11:03:40.002,420.2547833313566,1004
2024-09-19 11:03:40.243,420.2643272184982,999
2024-09-19 11:03:40.251,420.25676284109807,15
2024-09-19 11:03:40.263,420.231010554368,1004
2024-09-19 11:03:40.286,420.256868947656,1005
2024-09-19 11:03:40.305,420.20466239626495,8
2024-09-19 11:03:40.629,420.25602291844285,96
2024-09-19 11:03:40.654,420.2152949409886,104
2024-09-19 11:03:40.699,420.20763244439394,997
2024-09-19 11:03:40.803,420.2400600775844,8
2024-09-19 11:03:40.888,-420.2502895871031,103
2024-09-19 11:03:40.913,420.2024362468943,999
2024-09-19 11:03:40.950,420.2228562838134,9
2024-09-19 11:03:40.954,420.2793252094249,5
2024-09-19 11:03:41.003,420.1870950884398,998
2024-09-19 11:03:41.059,420.1841405407885,1002
2024-09-19 11:03:41.114,420.2005983289392,14
2024-09-19 11:03:41.157,420.1210121896796,8
2024-09-19 11:03:41.252,420.196636396995,10
2024-09-19 11:03:41.299,420.1881227152238,1002
2024-09-19 11:03:41.315,420.1230245028257,5
2024-09-19 11:03:41.534,420.1975855984828,1000
2024-09-19 11:03:41.542,420.15653689168806,95
2024-09-19 11:03:41.555,420.1677842596301,96
2024-09-19 11:03:41.571,420.1158443719951,995
2024-09-19 11:03:41.657,420.1325443975359,104
2024-09-19 11:03:41.688,420.1271729144011,1005
2024-09-19 11:03:41.809,420.2058419535503,105
2024-09-19 11:03:41.862,420.1993283640137,5
2024-09-19 11:03:41.880,420.1336326365021,1003
2024-09-19 11:03:41.891,420.15230587140405,995
2024-09-19 11:03:41.910,420.20826081363816,13
2024-09-19 11:03:41.946,420.1993847195428,1002
2024-09-19 11:03:42.441,420.1210761881216,10
2024-09-19 11:03:43.041,420.1341814078205,1000
2024-09-19 11:03:43.074,420.1183488505011,101
2024-09-19 11:03:43.087,420.1135866422181,101
2024-09-19 11:03:43.141,420.1128678288954,1000
2024-09-19 11:03:43.193,420.1105704755221,996
2024-09-19 11:03:43.212,420.0731164226702,96
2024-09-19 11:03:43.232,420.1445306996683,6
2024-09-19 11:03:43.244,420.1328672987133,14
2024-09-19 11:03:43.298,420.11995087714416,13
2024-09-19 11:03:43.365,420.10540893377447,8
2024-09-19 11:03:43.372,420.134621950077,11
2024-09-19 11:03:43.386,420.1533209984373,996
2024-09-19 11:03:43.394,420.1221256923567,96
2024-09-19 11:03:43.422,420.1407836878548,104
2024-09-19 11:03:43.438,420.1198729350127,12
2024-09-19 11:03:43.463,420.1033459429565,1005
2024-09-19 11:03:43.492,420.1504469561178,102
2024-09-19 11:03:43.535,420.1199184696904,102
2024-09-19 11:03:43.557,42.01023081570781,101
2024-09-19 11:03:43.579,420.1038993796554,8
2024-09-19 11:03:43.613,420.08691400260994,11
2024-09-19 11:03:43.691,420.1396084603504,998
2024-09-19 11:03:43.816,420.07772585277735,105
2024-09-19 11:03:43.826,420.11883221934073,104
2024-09-19 11:03:43.877,420.0986025310586,999
2024-09-19 11:03:44.013,420.1515998535709,105
2024-09-19 11:03:44.121,420.2326918476003,11
2024-09-19 11:03:44.154,420.14619595323626,998
2024-09-19 11:03:44.188,42.01542707832989,101
2024-09-19 11:03:44.195,420.197316427074,1002
2024-09-19 11:03:44.210,420.2376374829608,5
2024-09-19 11:03:44.218,420.19830644553247,96
2024-09-19 11:03:44.264,420.13385744874313,102
2024-09-19 11:03:44.282,420.2261879047451,97
2024-09-19 11:03:44.368,420.1348797000577,95
2024-09-19 11:03:44.463,420.2362705840282,103
2024-09-19 11:03:44.523,420.25348624187046,14
2024-09-19 11:03:44.541,420.24437936002727,105
2024-09-19 11:03:44.542,420.12076638995615,97
2024-09-19 11:03:44.610,420.2519216689437,995
2024-09-19 11:03:44.707,420.23819808166274,95
2024-09-19 11:03:44.720,420.15676253893525,6
2024-09-19 11:03:44.730,420.24928503985245,102
2024-09-19 11:03:44.746,420.15198571442255,14
2024-09-19 11:03:44.762,420.1827387940489,995
2024-09-19 11:03:44.834,420.1347355661779,1002
2024-09-19 11:03:44.900,420.1377517144268,11
2024-09-19 11:03:44.911,420.14421652306,9
2024-09-19 11:03:44.950,420.2112171286885,9
2024-09-19 11:03:44.970,420.2618648652657,96
2024-09-19 11:03:44.976,420.17148454573487,100
2024-09-19 11:03:44.986,420.1329863530126,99
2024-09-19 11:03:45.029,420.2497197521748,13
2024-09-19 11:03:45.056,420.2123430502028,8
2024-09-19 11:03:45.079,420.2602104809438,13
2024-09-19 11:03:45.088,420.23013052162986,10
2024-09-19 11:03:45.120,420.24011350631264,9
2024-09-19 11:03:45.124,42.0210890186397,15
2024-09-19 11:03:45.188,420.2348030786988,102
2024-09-19 11:03:45.199,,997
2024-09-19 11:03:45.252,420.2744126860406,103
2024-09-19 11:03:45.333,420.2281675522545,1000
2024-09-19 11:03:45.339,420.2619534511168,97
2024-09-19 11:03:45.464,420.2586704662484,14
2024-09-19 11:03:45.505,420.26705709087867,1004
2024-09-19 11:03:45.558,420.23070717668753,99
2024-09-19 11:03:45.567,420.24790283703874,102
2024-09-19 11:03:45.587,420.2507516066444,98
2024-09-19 11:03:45.599,420.2255575767351,5
2024-09-19 11:03:45.600,420.263464083811,8
2024-09-19 11:03:45.627,420.25052596449774,5
2024-09-19 11:03:45.645,420.2491042340412,1001
2024-09-19 11:03:45.646,420.22193471511486,8
2024-09-19 11:03:45.658,420.2584054625223,7
2024-09-19 11:03:45.707,420.2687147585659,996
2024-09-19 11:03:45.791,420.2534104782002,14
2024-09-19 11:03:45.836,420.2357708992982,1003
2024-09-19 11:03:45.838,420.224348799114,998
2024-09-19 11:03:45.886,420.2252681801158,103
2024-09-19 11:03:45.931,420.2294982163103,9
2024-09-19 11:03:45.946,420.2540072064255,103
2024-09-19 11:03:45.952,420.2758490081303,99
2024-09-19 11:03:46.078,420.2752267054398,1004
2024-09-19 11:03:46.206,420.27993184301874,14
2024-09-19 11:03:46.248,420.2900180329968,97
2024-09-19 11:03:46.300,420.268528883054,99
2024-09-19 11:03:46.311,420.2943509144876,103
2024-09-19 11:03:46.381,420.2958713678411,7
2024-09-19 11:03:46.446,420.2912491174077,95
2024-09-19 11:03:46.456,420.2560787902828,5
2024-09-19 11:03:46.766,420.3119724700492,13
2024-09-19 11:03:46.769,420.2918399904976,104
2024-09-19 11:03:46.777,420.2605037858388,104
2024-09-19 11:03:46.806,420.272333785173,998
2024-09-19 11:03:46.985,420.2866988833705,99
2024-09-19 11:03:47.043,-420.3590082845935,999
2024-09-19 11:03:47.060,420.3977355466134,1004
2024-09-19 11:03:47.070,420.32616292130064,995
2024-09-19 11:03:47.082,420.3105603871799,1002
2024-09-19 11:03:47.142,420.3046397645207,97
2024-09-19 11:03:47.217,420.40694861434935,13
2024-09-19 11:03:47.254,420.3302928611863,1002
2024-09-19 11:03:47.262,420.3964599963892,102
2024-09-19 11:03:47.292,420.3507047150404,100
2024-09-19 11:03:47.293,420.2923315667914,100
2024-09-19 11:03:47.298,420.3180763711386,96
2024-09-19 11:03:47.375,420.369126028652,13
2024-09-19 11:03:47.432,420.39055280090935,5
2024-09-19 11:03:47.439,420.3113415076935,998
2024-09-19 11:03:47.467,420.433366283813,995
2024-09-19 11:03:47.497,420.38788753421983,103
2024-09-19 11:03:47.547,420.35260585606136,99
2024-09-19 11:03:47.556,420.3255987117897,999
2024-09-19 11:03:47.573,420.4254704142501,996
2024-09-19 11:03:47.598,420.33586366345776,100
2024-09-19 11:03:47.611,420.3090658247802,996
2024-09-19 11:03:47.632,420.3488873543749,1001
2024-09-19 11:03:47.769,42.04086710745897,12
2024-09-19 11:03:47.856,420.3077695196481,9
2024-09-19 11:03:47.878,42.03076393696879,13
2024-09-19 11:03:47.878,420.3189201935969,1005
2024-09-19 11:03:47.882,420.3087997564836,104
2024-09-19 11:03:47.942,420.3628594465969,13
2024-09-19 11:03:47.974,420.3005049766813,7
2024-09-19 11:03:48.187,420.3423567229871,7
2024-09-19 11:03:48.209,420.4379440624636,997
2024-09-19 11:03:48.260,420.3315426645532,95
2024-09-19 11:03:48.262,420.4329332001413,1003
2024-09-19 11:03:48.524,420.3243764341733,8
2024-09-19 11:03:48.583,420.3881087884263,98
2024-09-19 11:03:48.589,420.4335470262091,1001
2024-09-19 11:03:48.652,420.4254509568791,995
2024-09-19 11:03:48.772,420.377435932755,10
2024-09-19 11:03:48.900,420.4301185554852,105
2024-09-19 11:03:49.092,420.3353705187327,103
2024-09-19 11:03:49.142,420.3487860167803,104
2024-09-19 11:03:49.178,420.35333371373616,96
2024-09-19 11:03:49.180,420.3499325141133,100
2024-09-19 11:03:49.254,420.3146840120512,11
2024-09-19 11:03:49.472,420.35563251785527,103
2024-09-19 11:03:49.486,420.3483763809266,5
2024-09-19 11:03:49.518,42.034221149791,102
2024-09-19 11:03:49.577,420.3275656850405,1004
2024-09-19 11:03:49.957,420.34285833016526,9
2024-09-19 11:03:49.964,420.3314818057975,96
2024-09-19 11:03:49.965,420.3581339718485,6
2024-09-19 11:03:50.077,420.3757298333777,102
2024-09-19 11:03:50.094,420.3410684876823,99
2024-09-19 11:03:50.137,420.3934299205792,99
2024-09-19 11:03:50.162,420.3879383152381,995
2024-09-19 11:03:50.315,420.338875333043,96
2024-09-19 11:03:50.370,420.3541535644725,105
2024-09-19 11:03:50.378,420.33576309273695,9
2024-09-19 11:03:50.396,420.3443456176021,105
2024-09-19 11:03:50.583,420.3565044738358,1004
2024-09-19 11:03:50.593,420.3328691668714,998
2024-09-19 11:03:50.834,420.3465996679196,1003
2024-09-19 11:03:50.857,420.3516940643077,97
2024-09-19 11:03:50.886,420.34160497011857,7
2024-09-19 11:03:51.003,420.3168715582479,14
2024-09-19 11:03:51.015,420.36086444450285,15
2024-09-19 11:03:51.019,420.3332779948768,6
2024-09-19 11:03:51.032,420.32683613995135,8
2024-09-19 11:03:51.046,420.3498708776971,1004
2024-09-19 11:03:51.140,420.3565057329527,13
2024-09-19 11:03:51.191,420.3432285794632,14
2024-09-19 11:03:51.193,420.3582549512101,1001
2024-09-19 11:03:51.217,420.3352169048523,100
2024-09-19 11:03:51.238,420.3569575327666,999
2024-09-19 11:03:51.240,420.3758798265587,101
2024-09-19 11:03:51.241,420.33207914293087,1005
2024-09-19 11:03:51.280,420.3273839239192,100
2024-09-19 11:03:51.329,420.3699287154452,11
2024-09-19 11:03:51.335,420.3956331608781,998
2024-09-19 11:03:51.386,420.3419110061329,102
2024-09-19 11:03:51.420,420.3507092178187,1001
2024-09-19 11:03:51.451,420.3913626903182,999
2024-09-19 11:03:51.489,420.3475249836124,999
2024-09-19 11:03:51.539,-420.3410680646887,999
2024-09-19 11:03:51.647,420.3328154054281,13
2024-09-19 11:03:51.697,420.3497094132693,15
2024-09-19 11:03:51.750,420.326583440552,95
2024-09-19 11:03:51.799,420.32843787116286,1004
2024-09-19 11:03:51.809,420.3597512426823,98
2024-09-19 11:03:51.828,420.3250986185085,96
2024-09-19 11:03:51.841,420.35122006334393,11
2024-09-19 11:03:51.938,420.35271480894346,15
2024-09-19 11:03:52.049,420.3469205643158,1002
2024-09-19 11:03:52.052,420.3115922389226,1000
2024-09-19 11:03:52.102,420.34173211243353,8
2024-09-19 11:03:52.128,420.3077494441967,6
2024-09-19 11:03:52.274,420.3038372920992,10
2024-09-19 11:03:52.338,420.3374096389328,999
2024-09-19 11:03:52.357,420.3471741594661,95
2024-09-19 11:03:52.375,420.3535148449695,99
2024-09-19 11:03:52.375,420.3251024825526,99
2024-09-19 11:03:52.383,420.3825622331223,103
2024-09-19 11:03:52.403,420.3689295689053,1000
2024-09-19 11:03:52.412,420.3298387494903,997
2024-09-19 11:03:52.460,420.3668791418038,1005
2024-09-19 11:03:52.472,420.3383396568012,995
2024-09-19 11:03:52.494,420.33763495669257,105
2024-09-19 11:03:52.510,420.3285228617927,1003
2024-09-19 11:03:52.533,420.3666718695083,12
2024-09-19 11:03:52.585,420.2886785002136,1004
2024-09-19 11:03:52.614,420.2980925530434,98
2024-09-19 11:03:52.699,420.3723438931647,995
2024-09-19 11:03:52.720,420.3500930185758,1000
2024-09-19 11:03:52.768,420.3284940374275,1000
2024-09-19 11:03:52.871,420.2857231932465,1004
2024-09-19 11:03:52.916,420.3032563239822,95
2024-09-19 11:03:52.989,420.3192981277822,998
2024-09-19 11:03:53.038,420.3321830183227,7
2024-09-19 11:03:53.156,420.348796283413,95
2024-09-19 11:03:54.013,420.3326673349504,10
2024-09-19 11:03:54.039,420.3802962220696,99
2024-09-19 11:03:54.095,420.32917817097695,12
2024-09-19 11:03:54.150,420.3368007529723,9
2024-09-19 11:03:54.168,420.3257504509196,999
2024-09-19 11:03:54.205,420.3465992755628,1004
2024-09-19 11:03:54.232,420.395953521419,998
2024-09-19 11:03:54.397,420.3916342576889,99
2024-09-19 11:03:54.403,420.3365286101156,6
2024-09-19 11:03:54.405,420.375588971388,98
2024-09-19 11:03:54.411,,998
2024-09-19 11:03:54.420,420.3632844395819,10
2024-09-19 11:03:54.475,420.32797041502334,999
2024-09-19 11:03:54.491,420.3509187691302,10
2024-09-19 11:03:54.543,420.310885647066,102
2024-09-19 11:03:54.604,420.3289155514672,102
2024-09-19 11:03:54.648,420.3583472748067,12
2024-09-19 11:03:54.666,420.3737015983186,96
2024-09-19 11:03:54.668,420.3158962172545,97
2024-09-19 11:03:54.703,420.3057101376718,14
2024-09-19 11:03:54.773,420.3289681023877,100
2024-09-19 11:03:54.852,-420.3416404249522,14
2024-09-19 11:03:54.867,420.3619209520355,8
2024-09-19 11:03:54.893,420.4033605874361,96
2024-09-19 11:03:55.158,420.37884784559697,96
2024-09-19 11:03:55.191,420.34823330672623,997
2024-09-19 11:03:55.224,420.3833765164859,11
2024-09-19 11:03:55.233,420.3688269327616,101
2024-09-19 11:03:55.272,420.3950163834336,12
2024-09-19 11:03:55.310,420.3660537319447,97
2024-09-19 11:03:55.391,420.4006230987554,96
2024-09-19 11:03:55.398,420.3908519667056,101
2024-09-19 11:03:55.405,420.3873916224677,1002
2024-09-19 11:03:55.449,420.4440394354126,1001
2024-09-19 11:03:55.453,420.3529823382392,996
2024-09-19 11:03:55.478,420.4222648293661,95
2024-09-19 11:03:55.542,420.38786042326814,1002
2024-09-19 11:03:55.565,420.4155095388981,1004
2024-09-19 11:03:55.598,42.04074872326834,8
2024-09-19 11:03:55.602,420.4152175359605,99
2024-09-19 11:03:55.645,420.3861456763412,14
2024-09-19 11:03:55.667,420.3695233689928,14
2024-09-19 11:03:55.695,-420.3704175568377,102
2024-09-19 11:03:55.705,420.4030492569895,1004
2024-09-19 11:03:55.733,420.4364246059545,104
2024-09-19 11:03:55.742,420.3888106217881,7
2024-09-19 11:03:55.777,420.34501897724346,100
2024-09-19 11:03:55.958,420.3861850138547,1002
2024-09-19 11:03:55.961,420.3479181407127,12
2024-09-19 11:03:55.983,420.4460644006759,99
2024-09-19 11:03:56.037,420.4385755984965,995
2024-09-19 11:03:56.083,420.467313609065,96
2024-09-19 11:03:56.188,420.47454789909096,5
2024-09-19 11:03:56.296,420.4515427313172,999
2024-09-19 11:03:56.424,420.4380219721507,996
2024-09-19 11:03:56.441,420.44063986599946,12
2024-09-19 11:03:56.461,420.4320958231837,1005
2024-09-19 11:03:56.598,420.4519772405236,102
2024-09-19 11:03:56.707,420.4452084041429,104
2024-09-19 11:03:56.756,420.4423707631828,997
2024-09-19 11:03:56.791,420.44563670136233,14
2024-09-19 11:03:56.827,420.4484958103899,100
2024-09-19 11:03:57.071,420.4521488622773,103
2024-09-19 11:03:57.099,420.4691455701703,14
2024-09-19 11:03:57.159,420.4419863831235,99
2024-09-19 11:03:57.218,420.43598652151167,96
2024-09-19 11:03:57.312,420.4977396754195,1005
2024-09-19 11:03:57.719,420.5036174990708,99
2024-09-19 11:03:57.979,420.4487796385577,100
2024-09-19 11:03:58.046,420.5243050654345,1002
2024-09-19 11:03:58.049,420.54581830333393,102
2024-09-19 11:03:58.067,420.5532821050911,995
2024-09-19 11:03:58.208,420.5035243146528,99
2024-09-19 11:03:58.211,420.5131644274185,1002
2024-09-19 11:03:58.343,,101
2024-09-19 11:03:58.379,420.5015105766985,8
2024-09-19 11:03:58.394,420.545316245239,103
2024-09-19 11:03:58.579,420.5609116559075,99
2024-09-19 11:03:58.736,420.5468380195997,5
2024-09-19 11:03:58.782,420.5535766442313,1000
2024-09-19 11:03:58.843,420.5260173439305,1001
2024-09-19 11:03:58.949,420.5328400064813,5
2024-09-19 11:03:58.974,420.5458758639951,995
2024-09-19 11:03:58.977,420.54769668524807,103
2024-09-19 11:03:59.253,420.5539081604035,97
2024-09-19 11:03:59.298,420.543807555366,15
2024-09-19 11:03:59.400,420.54585242595033,97
2024-09-19 11:03:59.543,420.56059617763,6
2024-09-19 11:03:59.771,420.5670164035524,103
