Timestamp,Price,Size
2024-09-20 11:28:00.028,428.1013938670818,101
2024-09-20 11:28:00.101,428.004657514354,97
2024-09-20 11:28:00.117,428.0554391649928,996
2024-09-20 11:28:00.189,428.0424576062621,998
2024-09-20 11:28:00.274,428.015525779153,101
2024-09-20 11:28:00.344,428.02667048323815,999
2024-09-20 11:28:00.344,428.066728477936,101
2024-09-20 11:28:00.347,428.0240135459943,98
2024-09-20 11:28:00.400,428.0887141874098,1004
2024-09-20 11:28:00.440,427.9977390970456,1004
2024-09-20 11:28:00.459,428.1083620176673,101
2024-09-20 11:28:00.493,428.0768078592647,99
2024-09-20 11:28:00.603,428.02309125243,5
2024-09-20 11:28:00.646,428.06182370301735,102
2024-09-20 11:28:00.687,428.117900196727,105
2024-09-20 11:28:00.688,428.08169796430514,999
2024-09-20 11:28:00.726,428.0284423837646,996
2024-09-20 11:28:00.753,42.80196416562716,996
2024-09-20 11:28:00.866,428.03171766701536,13
2024-09-20 11:28:00.880,428.0161990742776,10
2024-09-20 11:28:00.892,428.0349137476303,1003
2024-09-20 11:28:00.919,428.0591929835732,1005
2024-09-20 11:28:00.922,428.086302329599,15
2024-09-20 11:28:00.951,428.0592392395296,13
2024-09-20 11:28:00.967,428.0258498772607,105
2024-09-20 11:28:00.998,428.0689031065608,98
2024-09-20 11:28:01.051,428.01142072128175,103
2024-09-20 11:28:01.112,428.02923769795433,10
2024-09-20 11:28:01.131,428.0358308501607,100
2024-09-20 11:28:01.197,-428.0724069274384,13
2024-09-20 11:28:01.222,428.03206547581146,8
2024-09-20 11:28:01.268,427.9935535235129,100
2024-09-20 11:28:01.297,428.04138115813646,995
2024-09-20 11:28:01.303,428.0024153285372,9
2024-09-20 11:28:01.306,428.01018828526986,8
2024-09-20 11:28:01.315,428.0176324071265,95
2024-09-20 11:28:01.358,428.0141587142082,1003
2024-09-20 11:28:01.398,428.0888085051883,105
2024-09-20 11:28:01.492,428.0109455868183,11
2024-09-20 11:28:01.567,428.0133768840247,10
2024-09-20 11:28:01.587,428.0743293639629,12
2024-09-20 11:28:01.594,428.01218062070336,998
2024-09-20 11:28:01.612,427.9885420182745,996
2024-09-20 11:28:01.625,428.0552336215862,1005
2024-09-20 11:28:01.657,427.9966239766488,102
2024-09-20 11:28:01.757,428.0490153659208,10
2024-09-20 11:28:01.787,428.07186983183095,10
2024-09-20 11:28:01.796,428.0993601962276,95
2024-09-20 11:28:01.816,428.0309522748783,11
2024-09-20 11:28:01.866,428.0612535138527,10
2024-09-20 11:28:01.871,427.986064841166,5
2024-09-20 11:28:01.951,427.9994706305205,99
2024-09-20 11:28:01.997,428.02458296784135,1004
2024-09-20 11:28:02.156,427.98112211454617,1003
2024-09-20 11:28:02.206,428.0156843030247,104
2024-09-20 11:28:02.216,427.98965194253776,103
2024-09-20 11:28:02.225,428.0006065378984,99
2024-09-20 11:28:02.252,427.9770225364106,1002
2024-09-20 11:28:02.275,427.9882017904906,11
2024-09-20 11:28:02.289,427.9836484443454,5
2024-09-20 11:28:02.317,428.01885218303136,997
2024-09-20 11:28:02.436,427.9761220942033,96
2024-09-20 11:28:02.437,427.99223004533,10
2024-09-20 11:28:02.471,427.983243017077,14
2024-09-20 11:28:02.544,427.9996993746994,7
2024-09-20 11:28:02.569,428.0211298229668,1002
2024-09-20 11:28:02.705,427.9757355591151,1001
2024-09-20 11:28:02.728,427.9976368040296,996
2024-09-20 11:28:02.806,427.9919992600596,998
2024-09-20 11:28:02.814,427.984050382998,999
2024-09-20 11:28:02.840,428.0045879526429,97
2024-09-20 11:28:02.904,428.0262290960517,102
2024-09-20 11:28:02.908,42.79995287041526,14
2024-09-20 11:28:02.924,428.0237116340679,1001
2024-09-20 11:28:02.947,427.9987747868669,998
2024-09-20 11:28:02.971,427.9918613340133,1003
2024-09-20 11:28:02.995,428.0042283476841,7
2024-09-20 11:28:03.253,428.012457070029,1003
2024-09-20 11:28:03.261,428.0246197233014,1001
2024-09-20 11:28:03.564,427.99426506210506,15
2024-09-20 11:28:03.577,427.97140463554217,998
2024-09-20 11:28:03.648,428.0156971742893,102
2024-09-20 11:28:03.671,428.00372992508863,1001
2024-09-20 11:28:03.817,427.98390109218224,1002
2024-09-20 11:28:03.829,428.0020499370041,8
2024-09-20 11:28:03.835,428.0105056800941,105
2024-09-20 11:28:03.923,427.9875774172906,10
2024-09-20 11:28:03.965,427.9734846243132,96
2024-09-20 11:28:03.970,428.01281261709454,8
2024-09-20 11:28:03.998,427.9989181696747,997
2024-09-20 11:28:04.055,427.9652130801578,96
2024-09-20 11:28:04.104,427.9605692431591,98
2024-09-20 11:28:04.128,427.98448086785527,14
2024-09-20 11:28:04.139,427.9883703537315,1004
2024-09-20 11:28:04.224,427.980079342045,1003
2024-09-20 11:28:04.225,427.9686486932397,12
2024-09-20 11:28:04.245,42.7965767101915,998
2024-09-20 11:28:04.259,427.97687109245686,102
2024-09-20 11:28:04.307,427.98132246185736,1000
2024-09-20 11:28:04.327,427.9553302722553,103
2024-09-20 11:28:04.433,427.9848234505606,998
2024-09-20 11:28:04.455,428.01040569477055,8
2024-09-20 11:28:04.500,427.9953737565912,11
2024-09-20 11:28:04.561,427.95008055529496,100
2024-09-20 11:28:04.618,427.9765113635821,105
2024-09-20 11:28:04.670,428.0031805387631,100
2024-09-20 11:28:04.673,427.97634476473456,5
2024-09-20 11:28:04.691,427.96325005319807,7
2024-09-20 11:28:04.694,427.9646800317195,96
2024-09-20 11:28:04.871,427.980411486822,102
2024-09-20 11:28:04.882,428.00986012670097,1002
2024-09-20 11:28:04.888,427.9762549679963,998
2024-09-20 11:28:05.051,427.9718329554644,15
2024-09-20 11:28:05.100,427.9863132209298,6
2024-09-20 11:28:05.229,427.9846871793807,1002
2024-09-20 11:28:05.304,427.97803815099417,97
2024-09-20 11:28:05.406,427.97649049945,14
2024-09-20 11:28:05.513,427.9755466105061,1001
2024-09-20 11:28:05.545,427.9977906399943,101
2024-09-20 11:28:05.559,427.9603381827786,997
2024-09-20 11:28:05.585,428.0073428835914,9
2024-09-20 11:28:05.607,428.00132884514153,998
2024-09-20 11:28:05.705,427.9951745753671,15
2024-09-20 11:28:05.773,427.9658193660395,98
2024-09-20 11:28:05.968,427.9740673187512,14
2024-09-20 11:28:06.263,428.0011039690002,97
2024-09-20 11:28:06.633,427.9950804353458,998
2024-09-20 11:28:06.732,427.9928347065227,1005
2024-09-20 11:28:07.009,428.012462601464,97
2024-09-20 11:28:07.020,427.963209123417,998
2024-09-20 11:28:07.067,427.9885884322589,9
2024-09-20 11:28:07.150,427.9965278680655,1001
2024-09-20 11:28:07.167,428.0450141880655,99
2024-09-20 11:28:07.191,428.01264017883545,100
2024-09-20 11:28:07.195,427.9265626931902,14
2024-09-20 11:28:07.206,428.0085207356605,15
2024-09-20 11:28:07.222,428.0071216118624,97
2024-09-20 11:28:07.224,427.9918689684805,5
2024-09-20 11:28:07.235,428.0218005973849,104
2024-09-20 11:28:07.254,428.0002566482871,98
2024-09-20 11:28:07.259,428.0120050433764,11
2024-09-20 11:28:07.381,428.0370978080876,1001
2024-09-20 11:28:07.390,427.9847802694762,101
2024-09-20 11:28:07.440,427.99043763296777,7
2024-09-20 11:28:07.532,427.99784154705327,997
2024-09-20 11:28:07.573,427.9465660914374,1004
2024-09-20 11:28:07.600,428.0335083930473,997
2024-09-20 11:28:07.604,42.79722804540885,11
2024-09-20 11:28:07.608,428.0308374638175,999
2024-09-20 11:28:07.616,427.93642386360864,1001
2024-09-20 11:28:07.633,427.9753262899373,1003
2024-09-20 11:28:07.733,427.997040550437,101
2024-09-20 11:28:07.759,428.0411797075988,7
2024-09-20 11:28:07.789,427.9792561447805,97
2024-09-20 11:28:07.829,428.0079858845336,95
2024-09-20 11:28:07.857,427.9476104019318,1003
2024-09-20 11:28:07.902,427.9945607394757,1005
2024-09-20 11:28:07.929,428.04028280814384,6
2024-09-20 11:28:08.063,427.94230696686895,997
2024-09-20 11:28:08.066,427.9070439017984,1005
2024-09-20 11:28:08.086,427.951275151908,101
2024-09-20 11:28:08.123,427.9289247357029,8
2024-09-20 11:28:08.247,427.9493818839011,14
2024-09-20 11:28:08.281,427.9315852485533,101
2024-09-20 11:28:08.304,427.9532612434161,12
2024-09-20 11:28:08.322,427.9487672474791,105
2024-09-20 11:28:08.331,427.92754535484994,95
2024-09-20 11:28:08.354,427.8855418531916,1005
2024-09-20 11:28:08.362,427.89405262164456,104
2024-09-20 11:28:08.395,427.9494199136544,1002
2024-09-20 11:28:08.412,427.9420480495318,9
2024-09-20 11:28:08.434,427.94854689209103,105
2024-09-20 11:28:08.490,427.9461888404708,1003
2024-09-20 11:28:08.494,427.9013887256324,9
2024-09-20 11:28:08.503,427.9387219450605,996
2024-09-20 11:28:08.550,427.9065932242546,14
2024-09-20 11:28:08.588,427.9116072081255,10
2024-09-20 11:28:08.592,427.95204663891855,102
2024-09-20 11:28:08.675,427.942473755239,105
2024-09-20 11:28:08.723,427.89684771091305,1001
2024-09-20 11:28:08.740,427.94052644436704,103
2024-09-20 11:28:08.786,427.9282224956996,95
2024-09-20 11:28:08.800,427.8976097620544,996
2024-09-20 11:28:08.823,427.94675278420334,1005
2024-09-20 11:28:08.846,427.94054424808303,6
2024-09-20 11:28:08.881,427.9183269349822,9
2024-09-20 11:28:08.954,427.9249648748505,997
2024-09-20 11:28:08.999,427.9473279679488,103
2024-09-20 11:28:09.011,427.85947032934814,1003
2024-09-20 11:28:09.036,427.8665922379321,6
2024-09-20 11:28:09.138,427.8539724061288,996
2024-09-20 11:28:09.202,427.87424239948393,15
2024-09-20 11:28:09.286,427.8906427889768,998
2024-09-20 11:28:09.402,427.8859515344871,996
2024-09-20 11:28:09.439,427.8514042706772,96
2024-09-20 11:28:09.529,427.8857640714668,997
2024-09-20 11:28:09.552,427.8830736149711,995
2024-09-20 11:28:09.557,427.87820852729214,996
2024-09-20 11:28:09.635,427.8844380839518,99
2024-09-20 11:28:09.760,427.8877666036583,96
2024-09-20 11:28:09.812,427.87080048472086,998
2024-09-20 11:28:09.953,427.8656439577263,104
2024-09-20 11:28:10.475,427.84225571098057,101
2024-09-20 11:28:11.022,427.8264891917912,99
2024-09-20 11:28:11.077,427.87393929712886,1003
2024-09-20 11:28:11.133,427.8472963441406,12
2024-09-20 11:28:11.159,427.86768207793415,10
2024-09-20 11:28:11.200,427.8916984102737,998
2024-09-20 11:28:11.211,427.8705273872995,15
2024-09-20 11:28:11.230,427.8638062902356,1004
2024-09-20 11:28:11.316,427.8480341428344,8
2024-09-20 11:28:11.319,427.87907596703286,995
2024-09-20 11:28:11.459,427.86780175065854,101
2024-09-20 11:28:11.636,427.8618053283247,105
2024-09-20 11:28:11.681,427.846701901872,6
2024-09-20 11:28:11.699,427.8779947186111,9
2024-09-20 11:28:11.710,427.8811957703387,5
2024-09-20 11:28:11.773,427.8575720050886,998
2024-09-20 11:28:11.814,427.8661437840353,98
2024-09-20 11:28:11.874,427.8341951720329,1003
2024-09-20 11:28:11.907,427.8477544027077,10
2024-09-20 11:28:11.923,427.87584128759687,999
2024-09-20 11:28:11.924,427.8477550257238,96
2024-09-20 11:28:12.075,427.80449576290334,102
2024-09-20 11:28:12.166,-427.8226982819237,1002
2024-09-20 11:28:12.713,42.781398267213135,98
2024-09-20 11:28:13.009,427.8670186977731,96
2024-09-20 11:28:13.031,427.89123411551554,8
2024-09-20 11:28:13.035,427.8691050060588,104
2024-09-20 11:28:13.057,427.8892621275063,1003
2024-09-20 11:28:13.064,427.88794420869175,1005
2024-09-20 11:28:13.068,427.8413329374093,95
2024-09-20 11:28:13.187,427.9241092859668,11
2024-09-20 11:28:13.208,427.839770680881,1005
2024-09-20 11:28:13.211,427.878199812894,14
2024-09-20 11:28:13.212,427.8705853269039,8
2024-09-20 11:28:13.246,427.8759840420374,103
2024-09-20 11:28:13.256,427.8301988365698,13
2024-09-20 11:28:13.285,427.8726023056559,7
2024-09-20 11:28:13.287,427.8270314288803,997
2024-09-20 11:28:13.290,427.90492316913634,8
2024-09-20 11:28:13.361,427.8398056282296,101
2024-09-20 11:28:13.382,427.88097571154384,5
2024-09-20 11:28:13.423,427.876251277556,12
2024-09-20 11:28:13.445,427.8851720886646,10
2024-09-20 11:28:13.503,427.8438731165587,11
2024-09-20 11:28:13.508,427.85677118321297,1000
2024-09-20 11:28:13.514,427.8505075587578,102
2024-09-20 11:28:13.580,427.8410651735174,5
2024-09-20 11:28:13.584,427.8217891662831,997
2024-09-20 11:28:13.637,427.86068859509487,10
2024-09-20 11:28:13.647,427.8421240483174,998
2024-09-20 11:28:13.713,427.8559767594872,103
2024-09-20 11:28:13.938,427.8609187968348,1003
2024-09-20 11:28:14.004,427.88702571449136,96
2024-09-20 11:28:14.073,427.9173476807501,7
2024-09-20 11:28:14.134,427.8794525140043,9
2024-09-20 11:28:14.254,427.8981063669342,8
2024-09-20 11:28:14.269,427.8801819124291,999
2024-09-20 11:28:14.279,427.8802536634678,15
2024-09-20 11:28:14.433,427.8610974996957,1004
2024-09-20 11:28:14.449,427.8768207864321,96
2024-09-20 11:28:14.547,427.8495866305218,1005
2024-09-20 11:28:14.587,427.87645815453,996
2024-09-20 11:28:14.630,427.8686794633227,998
2024-09-20 11:28:14.671,427.8903518967036,996
2024-09-20 11:28:14.672,427.8747213316028,9
2024-09-20 11:28:14.883,427.9038415967525,5
2024-09-20 11:28:14.978,427.8539468952053,104
2024-09-20 11:28:15.052,427.98982437720014,12
2024-09-20 11:28:15.165,427.9550279004663,997
2024-09-20 11:28:15.169,427.97204796520873,97
2024-09-20 11:28:15.189,427.9139042694472,1005
2024-09-20 11:28:15.230,427.91842002841145,7
2024-09-20 11:28:15.275,427.9813260483533,99
2024-09-20 11:28:15.318,427.9431731355862,102
2024-09-20 11:28:15.334,427.9014911469832,1002
2024-09-20 11:28:15.403,427.9057854519391,7
2024-09-20 11:28:15.414,427.990283497716,999
2024-09-20 11:28:15.425,427.9201005835483,1000
2024-09-20 11:28:15.445,427.9539766268138,15
2024-09-20 11:28:15.453,427.990542596326,101
2024-09-20 11:28:15.547,427.97908156963007,98
2024-09-20 11:28:15.555,427.9550560823891,997
2024-09-20 11:28:15.702,427.9562177410939,103
2024-09-20 11:28:15.755,427.9117527615416,10
2024-09-20 11:28:15.776,427.9736272019122,102
2024-09-20 11:28:15.782,427.9941419257474,1000
2024-09-20 11:28:15.802,427.9097378872023,100
2024-09-20 11:28:15.848,427.9467114123715,11
2024-09-20 11:28:15.892,427.9151127326108,1003
2024-09-20 11:28:15.909,427.9994717706864,103
2024-09-20 11:28:15.944,-42.7917010669743,997
2024-09-20 11:28:15.946,427.9482433026485,97
2024-09-20 11:28:15.946,427.9682454544275,103
2024-09-20 11:28:15.979,427.95834802038553,998
2024-09-20 11:28:16.001,428.0187988521664,9
2024-09-20 11:28:16.002,428.01207683734486,997
2024-09-20 11:28:16.041,427.9912077846231,6
2024-09-20 11:28:16.223,427.98126239113145,1002
2024-09-20 11:28:16.278,428.0043053021087,9
2024-09-20 11:28:16.319,428.0142276339667,14
2024-09-20 11:28:16.406,427.98887656840697,14
2024-09-20 11:28:16.419,427.9885802481568,102
2024-09-20 11:28:16.436,427.9988359073829,98
2024-09-20 11:28:16.440,428.0107802889864,7
2024-09-20 11:28:16.459,427.9758848620371,12
2024-09-20 11:28:16.461,428.0096896270278,1002
2024-09-20 11:28:16.498,,1003
2024-09-20 11:28:16.512,428.0002883380826,6
2024-09-20 11:28:16.546,,8
2024-09-20 11:28:16.565,427.9800016466792,1002
2024-09-20 11:28:16.639,427.9874414708572,7
2024-09-20 11:28:16.642,427.993499150264,999
2024-09-20 11:28:16.645,427.992815025123,9
2024-09-20 11:28:16.739,427.9921580662883,1004
2024-09-20 11:28:16.849,427.98597091567007,1005
2024-09-20 11:28:16.939,428.00328329874367,101
2024-09-20 11:28:17.544,427.9498433621495,1001
2024-09-20 11:28:17.583,427.96269892822016,1004
2024-09-20 11:28:18.034,427.9735274223247,96
2024-09-20 11:28:18.063,427.95132649722206,996
2024-09-20 11:28:18.118,427.9343322708433,5
2024-09-20 11:28:18.187,427.9369881784467,1001
2024-09-20 11:28:18.261,427.9485250699085,998
2024-09-20 11:28:18.267,427.9495775911178,7
2024-09-20 11:28:18.358,427.9755374509764,1003
2024-09-20 11:28:18.383,427.9559351749032,8
2024-09-20 11:28:18.391,427.9627966293295,95
2024-09-20 11:28:18.446,427.9623442472637,97
2024-09-20 11:28:18.471,427.9731047745788,1000
2024-09-20 11:28:18.499,427.9522180338587,1004
2024-09-20 11:28:18.544,427.9591339395077,100
2024-09-20 11:28:18.590,427.9730792563506,99
2024-09-20 11:28:18.618,427.97159832952144,999
2024-09-20 11:28:18.859,427.9440550271813,10
2024-09-20 11:28:18.925,427.9845942344566,15
2024-09-20 11:28:18.954,427.96110804527615,13
2024-09-20 11:28:18.964,,6
2024-09-20 11:28:18.968,42.7945824898504,998
2024-09-20 11:28:18.991,427.9385695907344,1003
2024-09-20 11:28:19.010,427.9218198884551,1000
2024-09-20 11:28:19.086,427.9216401581757,8
2024-09-20 11:28:19.171,427.841388998633,99
2024-09-20 11:28:19.195,427.8540288053197,1003
2024-09-20 11:28:19.233,427.8436700549494,105
2024-09-20 11:28:19.331,427.8537891511449,104
2024-09-20 11:28:19.333,427.846827897668,13
2024-09-20 11:28:19.337,427.867646668898,6
2024-09-20 11:28:19.372,427.8587297138295,13
2024-09-20 11:28:19.407,427.8315424770521,103
2024-09-20 11:28:19.438,427.8578434398237,103
2024-09-20 11:28:19.474,427.8554734234166,13
2024-09-20 11:28:19.476,427.87694333575,5
2024-09-20 11:28:19.521,427.8659524639702,101
2024-09-20 11:28:19.537,427.8663195891036,999
2024-09-20 11:28:19.541,427.8880150553851,100
2024-09-20 11:28:19.553,427.9184397633422,101
2024-09-20 11:28:19.569,427.917395318697,101
2024-09-20 11:28:19.577,427.8336168138541,1000
2024-09-20 11:28:19.701,427.8786100375982,11
2024-09-20 11:28:19.750,427.8719778112084,102
2024-09-20 11:28:19.790,427.8982775779275,102
2024-09-20 11:28:19.828,427.8584859521001,998
2024-09-20 11:28:19.865,427.8789575399642,7
2024-09-20 11:28:19.873,427.84869375201663,103
2024-09-20 11:28:19.879,427.8824030057257,9
2024-09-20 11:28:19.962,427.8620880361387,14
2024-09-20 11:28:20.097,427.9326327927687,97
2024-09-20 11:28:20.110,427.9086723853172,15
2024-09-20 11:28:20.265,427.90500696372777,996
2024-09-20 11:28:20.289,427.9187244724034,100
2024-09-20 11:28:20.321,427.90587394476375,97
2024-09-20 11:28:20.389,427.89298023322925,9
2024-09-20 11:28:20.444,427.9237323891928,96
2024-09-20 11:28:20.481,427.9231334125504,100
2024-09-20 11:28:20.502,42.790607869062,10
2024-09-20 11:28:20.515,427.9021645871385,1000
2024-09-20 11:28:20.525,427.90190320433663,103
2024-09-20 11:28:20.527,427.9019013824256,7
2024-09-20 11:28:20.579,427.9215180511529,1002
2024-09-20 11:28:20.591,427.8868978440799,7
2024-09-20 11:28:20.640,427.89906079882417,95
2024-09-20 11:28:20.658,427.88921599326346,6
2024-09-20 11:28:20.689,427.9150862948829,1005
2024-09-20 11:28:20.792,427.8948520906273,97
2024-09-20 11:28:20.843,427.9056569687911,98
2024-09-20 11:28:20.939,427.9314156211263,1004
2024-09-20 11:28:21.032,427.9191836666976,1004
2024-09-20 11:28:21.071,427.93490623315273,1002
2024-09-20 11:28:21.090,427.9129003136279,97
2024-09-20 11:28:21.115,427.9151862978152,12
2024-09-20 11:28:21.142,427.9072405586703,99
2024-09-20 11:28:21.158,427.8927435893569,102
2024-09-20 11:28:21.241,427.9320745134757,95
2024-09-20 11:28:21.278,427.8919266833028,98
2024-09-20 11:28:21.376,427.94772633246544,99
2024-09-20 11:28:21.380,427.9235780647641,14
2024-09-20 11:28:21.385,427.9021543201052,995
2024-09-20 11:28:21.518,427.9050929839766,999
2024-09-20 11:28:21.816,427.90958776875175,102
2024-09-20 11:28:21.894,427.92016735521497,101
2024-09-20 11:28:21.926,427.9546090225136,96
2024-09-20 11:28:22.097,427.8955855350042,103
2024-09-20 11:28:22.100,427.9355441454952,1001
2024-09-20 11:28:22.145,427.9140338140969,1000
2024-09-20 11:28:22.180,427.9183581057407,104
2024-09-20 11:28:22.433,427.9130130653788,13
2024-09-20 11:28:22.476,427.8799353512564,102
2024-09-20 11:28:22.518,427.9333864401528,103
2024-09-20 11:28:22.668,427.9038021369673,6
2024-09-20 11:28:22.676,427.8981184774968,8
2024-09-20 11:28:22.711,427.880304385127,101
2024-09-20 11:28:22.809,427.9140337069359,7
2024-09-20 11:28:23.042,427.90530882385474,104
2024-09-20 11:28:23.138,427.9274046877127,7
2024-09-20 11:28:23.151,427.9242156134701,98
2024-09-20 11:28:23.211,427.9366423289094,96
2024-09-20 11:28:23.391,427.9203568824364,996
2024-09-20 11:28:23.506,427.9045565137532,105
2024-09-20 11:28:23.507,427.9238969514752,97
2024-09-20 11:28:23.534,42.79119805284054,11
2024-09-20 11:28:23.538,427.9232684391828,99
2024-09-20 11:28:23.551,427.9258598243054,1004
2024-09-20 11:28:23.623,427.9244257349149,98
2024-09-20 11:28:23.739,427.921774945402,997
2024-09-20 11:28:23.739,427.9327633346859,105
2024-09-20 11:28:23.826,427.9138076111208,995
2024-09-20 11:28:23.928,427.9157266669536,101
2024-09-20 11:28:23.965,427.9332370473479,102
2024-09-20 11:28:23.969,427.9432576672869,1002
2024-09-20 11:28:23.986,427.9193645796611,1004
2024-09-20 11:28:23.998,427.91655955330094,996
2024-09-20 11:28:24.067,427.9421822058351,97
2024-09-20 11:28:24.490,427.9194626190794,104
2024-09-20 11:28:25.015,427.8655125531197,104
2024-09-20 11:28:25.055,427.85773288602655,9
2024-09-20 11:28:25.075,427.8847530845181,101
2024-09-20 11:28:25.262,427.88716525320217,14
2024-09-20 11:28:25.269,427.8809051471992,95
2024-09-20 11:28:25.332,427.8964756855392,104
2024-09-20 11:28:25.464,427.8576386900149,11
2024-09-20 11:28:25.466,427.86615597608017,6
2024-09-20 11:28:25.469,427.88459734156027,95
2024-09-20 11:28:25.469,427.8834620787784,998
2024-09-20 11:28:25.502,427.903405024109,15
2024-09-20 11:28:25.506,427.89075102989386,1004
2024-09-20 11:28:25.531,427.87871594708014,6
2024-09-20 11:28:25.552,427.8446058585792,99
2024-09-20 11:28:25.561,427.88714143182006,103
2024-09-20 11:28:25.617,427.8574116617896,997
2024-09-20 11:28:25.627,427.8980573454473,5
2024-09-20 11:28:25.639,427.8886982953997,1003
2024-09-20 11:28:25.653,427.8741923547825,995
2024-09-20 11:28:25.704,427.8972352649583,1002
2024-09-20 11:28:25.745,427.9034232363702,9
2024-09-20 11:28:25.843,427.8934769177566,97
2024-09-20 11:28:25.851,427.87881448551104,12
2024-09-20 11:28:25.918,427.9039316579549,997
2024-09-20 11:28:26.143,427.8462295500716,1004
2024-09-20 11:28:26.231,427.87343066279465,5
2024-09-20 11:28:26.428,427.8711136783303,995
2024-09-20 11:28:26.743,427.84614681181546,10
2024-09-20 11:28:27.005,427.849570351878,102
2024-09-20 11:28:27.103,427.8422375111923,14
2024-09-20 11:28:27.167,427.8603469521474,97
2024-09-20 11:28:27.202,427.8606313675172,96
2024-09-20 11:28:27.432,427.8342043270789,103
2024-09-20 11:28:27.437,427.8538249526474,999
2024-09-20 11:28:27.460,427.8575801681639,104
2024-09-20 11:28:27.463,427.85292790269006,98
2024-09-20 11:28:27.480,427.8587535763916,103
2024-09-20 11:28:27.549,427.88222507168257,999
2024-09-20 11:28:27.576,427.8497463818136,1002
2024-09-20 11:28:27.600,427.8579275123831,99
2024-09-20 11:28:27.756,427.8454737823399,999
2024-09-20 11:28:27.807,427.8659761545596,5
2024-09-20 11:28:27.926,427.8366315425537,7
2024-09-20 11:28:28.027,428.0070938804628,11
2024-09-20 11:28:28.054,427.976443846592,7
2024-09-20 11:28:28.058,427.85555380327366,12
2024-09-20 11:28:28.186,427.8376335507661,10
2024-09-20 11:28:28.234,427.8235590042564,998
2024-09-20 11:28:28.285,427.9629173234869,100
2024-09-20 11:28:28.316,427.8766443576313,101
2024-09-20 11:28:28.327,428.00980491725903,104
2024-09-20 11:28:28.332,427.9852840855758,8
2024-09-20 11:28:28.356,427.9533872140955,99
2024-09-20 11:28:28.374,427.9919258800996,12
2024-09-20 11:28:28.401,427.87788398416393,100
2024-09-20 11:28:28.421,427.8009327226006,96
2024-09-20 11:28:28.431,427.8897297095384,10
2024-09-20 11:28:28.468,427.80992885853374,105
2024-09-20 11:28:28.526,427.81850970744216,103
2024-09-20 11:28:28.584,427.9676389041714,999
2024-09-20 11:28:28.658,427.91441278183765,997
2024-09-20 11:28:28.769,428.00975480854817,997
2024-09-20 11:28:28.790,427.9782766332116,995
2024-09-20 11:28:28.813,427.7952066205637,103
2024-09-20 11:28:28.860,427.8404842038358,15
2024-09-20 11:28:28.863,427.9357963709715,1002
2024-09-20 11:28:28.890,427.9484268485795,5
2024-09-20 11:28:28.914,427.9452740321516,997
2024-09-20 11:28:29.023,427.95371315079547,13
2024-09-20 11:28:29.282,427.94241375338765,13
2024-09-20 11:28:29.388,427.94490937140455,998
2024-09-20 11:28:29.433,427.94293157370095,7
2024-09-20 11:28:29.703,427.9601404314572,8
2024-09-20 11:28:29.752,427.96560115620616,996
2024-09-20 11:28:30.024,427.9612538654444,15
2024-09-20 11:28:30.085,427.9862110213568,1001
2024-09-20 11:28:30.115,427.9252883533672,995
2024-09-20 11:28:30.166,427.9909477071339,7
2024-09-20 11:28:30.219,427.9876531658544,997
2024-09-20 11:28:30.248,427.95946273112537,997
2024-09-20 11:28:30.266,427.9539895783186,14
2024-09-20 11:28:30.298,427.94722537509006,104
2024-09-20 11:28:30.367,427.9882269394003,999
2024-09-20 11:28:30.385,427.9411968606246,997
2024-09-20 11:28:30.533,427.9602293079625,99
2024-09-20 11:28:30.534,427.95208795412026,7
2024-09-20 11:28:30.564,427.9649398854094,999
2024-09-20 11:28:30.593,427.97288902129486,105
2024-09-20 11:28:30.803,427.99557824391286,96
2024-09-20 11:28:30.806,427.9309599403512,103
2024-09-20 11:28:30.892,427.932133109332,1002
2024-09-20 11:28:30.894,427.96503674676825,14
2024-09-20 11:28:31.008,427.9864209862006,1004
2024-09-20 11:28:31.009,427.97889347938127,11
2024-09-20 11:28:31.061,428.028755293024,103
2024-09-20 11:28:31.092,428.0500281971773,15
2024-09-20 11:28:31.140,428.04649662531455,998
2024-09-20 11:28:31.239,428.01823936374166,13
2024-09-20 11:28:31.239,428.02841104633126,99
2024-09-20 11:28:31.239,,102
2024-09-20 11:28:31.242,428.0309712112368,6
2024-09-20 11:28:31.488,428.0262852130677,102
2024-09-20 11:28:31.581,428.0216810656059,100
2024-09-20 11:28:31.638,428.0377342361284,1005
2024-09-20 11:28:31.725,428.0279466959221,102
2024-09-20 11:28:31.827,427.988090966442,102
2024-09-20 11:28:31.944,428.0252518748683,1003
2024-09-20 11:28:32.082,428.0610306283341,104
2024-09-20 11:28:32.215,428.0629006993378,8
2024-09-20 11:28:32.218,428.05620369264255,96
2024-09-20 11:28:32.231,428.0405386712298,104
2024-09-20 11:28:32.245,428.07468867755176,1000
2024-09-20 11:28:32.285,,104
2024-09-20 11:28:32.437,428.0358567425413,1002
2024-09-20 11:28:32.520,428.0608720563955,997
2024-09-20 11:28:32.548,428.0621078298853,1002
2024-09-20 11:28:32.555,428.0654484464749,9
2024-09-20 11:28:32.573,428.0438552883482,12
2024-09-20 11:28:32.654,428.0242416586728,105
2024-09-20 11:28:32.694,428.0543385428263,99
2024-09-20 11:28:32.719,428.0434215094933,1003
2024-09-20 11:28:32.790,428.066872575397,1001
2024-09-20 11:28:32.993,428.0633840895297,995
2024-09-20 11:28:33.934,428.0631806310234,102
2024-09-20 11:28:34.015,428.020523048628,997
2024-09-20 11:28:34.221,428.004773115591,1004
2024-09-20 11:28:34.296,428.0325738904424,999
2024-09-20 11:28:34.327,428.0329093093515,997
2024-09-20 11:28:34.355,428.0182136978069,1003
2024-09-20 11:28:34.370,428.00787937896087,1003
2024-09-20 11:28:34.376,428.0180649969317,103
2024-09-20 11:28:34.466,428.04565195015647,99
2024-09-20 11:28:34.500,428.0055071489104,101
2024-09-20 11:28:34.520,428.01655518519954,103
2024-09-20 11:28:34.860,428.03766334271455,14
2024-09-20 11:28:35.126,427.87973429876456,999
2024-09-20 11:28:35.210,427.8868403926746,995
2024-09-20 11:28:35.237,427.8717984966619,96
2024-09-20 11:28:35.256,427.8611433909377,996
2024-09-20 11:28:35.373,427.8760573801362,998
2024-09-20 11:28:35.430,427.8849196028869,13
2024-09-20 11:28:35.433,427.9417631631012,6
2024-09-20 11:28:35.472,428.00802143617307,9
2024-09-20 11:28:35.504,427.8773772151616,7
2024-09-20 11:28:35.569,427.88142440656674,998
2024-09-20 11:28:35.650,427.90441989629903,96
2024-09-20 11:28:35.660,427.92587647696456,102
2024-09-20 11:28:35.701,427.91848927330994,104
2024-09-20 11:28:35.727,427.9300272570887,997
2024-09-20 11:28:35.754,427.9870028110992,11
2024-09-20 11:28:35.759,427.9706912645268,6
2024-09-20 11:28:35.790,427.93177105376,12
2024-09-20 11:28:35.798,427.91571091834896,11
2024-09-20 11:28:35.810,428.0033364457788,12
2024-09-20 11:28:35.837,427.9118423798123,97
2024-09-20 11:28:35.847,427.9023302236743,1002
2024-09-20 11:28:35.885,427.8672279787031,12
2024-09-20 11:28:35.896,427.87353318041534,99
2024-09-20 11:28:35.901,427.8814902806935,1005
2024-09-20 11:28:35.962,427.8874527346686,1005
2024-09-20 11:28:36.020,427.9187870151473,999
2024-09-20 11:28:36.045,427.9013236748373,6
2024-09-20 11:28:36.343,427.90759659175257,998
2024-09-20 11:28:36.433,427.9030686866909,105
2024-09-20 11:28:36.453,427.9122282630581,13
2024-09-20 11:28:36.571,427.90841467211175,998
2024-09-20 11:28:36.835,427.8918832001728,96
2024-09-20 11:28:36.841,427.9134821283672,996
2024-09-20 11:28:36.867,427.90275530100587,101
2024-09-20 11:28:36.872,427.9172148954244,10
2024-09-20 11:28:36.917,427.9445797525922,6
2024-09-20 11:28:36.960,427.8835678843877,12
2024-09-20 11:28:37.148,427.8200287232926,98
2024-09-20 11:28:37.216,427.8000973376031,999
2024-09-20 11:28:37.353,427.7891193768039,1003
2024-09-20 11:28:37.400,427.8509575536943,1001
2024-09-20 11:28:38.004,-427.8362662334607,7
2024-09-20 11:28:38.014,427.80816895086485,5
2024-09-20 11:28:38.031,427.8319038065664,9
2024-09-20 11:28:38.187,427.84868296880217,1001
2024-09-20 11:28:38.315,427.8155672738984,100
2024-09-20 11:28:38.423,427.79597434582297,96
2024-09-20 11:28:38.445,427.84463947968726,8
2024-09-20 11:28:38.506,427.856253973568,105
2024-09-20 11:28:38.604,427.84593831413446,11
2024-09-20 11:28:38.621,427.83618423710914,7
2024-09-20 11:28:38.676,427.8291207116918,1004
2024-09-20 11:28:38.728,427.81384961664486,14
2024-09-20 11:28:38.733,427.8338156062702,105
2024-09-20 11:28:38.804,427.7978412149779,1005
2024-09-20 11:28:38.964,427.83843900077375,105
2024-09-20 11:28:39.026,427.7775712770817,9
2024-09-20 11:28:39.053,427.74811522929787,1003
2024-09-20 11:28:39.168,427.7845423553285,997
2024-09-20 11:28:39.171,427.75382200221554,101
2024-09-20 11:28:39.188,427.7473346370646,104
2024-09-20 11:28:39.209,427.7717077492344,10
2024-09-20 11:28:39.229,427.7958894372599,100
2024-09-20 11:28:39.281,427.8082817353116,9
2024-09-20 11:28:39.285,427.7725806336199,995
2024-09-20 11:28:39.288,427.78119703397886,103
2024-09-20 11:28:39.300,427.7870052039137,997
2024-09-20 11:28:39.318,427.7725324780121,1004
2024-09-20 11:28:39.325,427.77884227788746,998
2024-09-20 11:28:39.327,427.8009530025324,1003
2024-09-20 11:28:39.336,427.744929939077,1004
2024-09-20 11:28:39.443,427.7702496805536,96
2024-09-20 11:28:39.465,427.7592971393567,998
2024-09-20 11:28:39.467,427.77531484871673,1002
2024-09-20 11:28:39.478,427.7982947695205,1002
2024-09-20 11:28:39.494,427.80344550197447,9
2024-09-20 11:28:39.528,427.7569279110266,103
2024-09-20 11:28:39.539,427.7719594024819,1004
2024-09-20 11:28:39.584,427.75637804096914,103
2024-09-20 11:28:39.586,427.7803211580408,995
2024-09-20 11:28:39.620,427.7837925509058,1005
2024-09-20 11:28:39.681,427.79135511052607,996
2024-09-20 11:28:39.886,427.7880505606214,1003
2024-09-20 11:28:39.919,427.799966730147,11
2024-09-20 11:28:39.953,427.801995135887,98
2024-09-20 11:28:40.010,427.7467153787155,1001
2024-09-20 11:28:40.046,427.7326612108537,99
2024-09-20 11:28:40.046,427.7499615815247,11
2024-09-20 11:28:40.063,427.7504545641568,101
2024-09-20 11:28:40.094,427.747136073858,100
2024-09-20 11:28:40.095,427.7641146025603,105
2024-09-20 11:28:40.137,427.7295130261479,998
2024-09-20 11:28:40.207,427.7716407932992,11
2024-09-20 11:28:40.297,427.7387329374986,5
2024-09-20 11:28:40.327,427.73112983386375,997
2024-09-20 11:28:40.361,427.7601637877879,7
2024-09-20 11:28:40.467,427.74361983787605,998
2024-09-20 11:28:40.468,,99
2024-09-20 11:28:40.497,427.7268663396032,103
2024-09-20 11:28:40.507,427.74284416306216,1003
2024-09-20 11:28:40.548,427.7376151326189,97
2024-09-20 11:28:40.567,427.7527697926726,101
2024-09-20 11:28:40.592,427.7426049448035,997
2024-09-20 11:28:40.628,427.7341565733979,996
2024-09-20 11:28:40.636,427.7300261178162,999
2024-09-20 11:28:40.718,,6
2024-09-20 11:28:40.749,427.7167520862709,1002
2024-09-20 11:28:40.774,427.7532950593148,1003
2024-09-20 11:28:40.823,427.7608261103981,1001
2024-09-20 11:28:40.854,42.774013394785534,103
2024-09-20 11:28:40.895,427.792176791393,1004
2024-09-20 11:28:41.190,427.7176666109667,98
2024-09-20 11:28:41.301,427.7663304108766,10
2024-09-20 11:28:41.482,427.7272750216695,15
2024-09-20 11:28:41.735,427.740216510146,101
2024-09-20 11:28:41.783,427.7564914565135,995
2024-09-20 11:28:41.937,427.7099689170693,10
2024-09-20 11:28:42.006,427.7280634684076,103
2024-09-20 11:28:42.008,427.7383629202926,10
2024-09-20 11:28:42.011,-427.72560528635785,1005
2024-09-20 11:28:42.030,427.72657201262655,105
2024-09-20 11:28:42.059,,998
2024-09-20 11:28:42.214,427.72924647489504,1003
2024-09-20 11:28:42.244,427.7086632617928,5
2024-09-20 11:28:42.255,427.7120337515675,97
2024-09-20 11:28:42.307,427.715016157919,9
2024-09-20 11:28:42.355,427.7517770500498,1003
2024-09-20 11:28:42.467,427.7063577247888,104
2024-09-20 11:28:42.576,427.7603582711044,997
2024-09-20 11:28:42.665,427.7190773418008,7
2024-09-20 11:28:42.670,427.7415424643584,1004
2024-09-20 11:28:42.679,427.7394013499637,102
2024-09-20 11:28:42.741,427.75667267912513,11
2024-09-20 11:28:42.791,427.6931238312129,10
2024-09-20 11:28:42.802,427.7205257274393,103
2024-09-20 11:28:42.806,427.7263991960695,1005
2024-09-20 11:28:42.903,427.7319797596269,15
2024-09-20 11:28:42.927,427.73262114872085,104
2024-09-20 11:28:42.992,427.7515688794636,9
2024-09-20 11:28:42.999,427.76322588247393,96
2024-09-20 11:28:43.051,427.6372473700682,1004
2024-09-20 11:28:43.106,427.6377647981512,14
2024-09-20 11:28:43.110,427.73652790246894,1002
2024-09-20 11:28:43.241,427.679546125922,6
2024-09-20 11:28:43.273,427.6637482636005,11
2024-09-20 11:28:43.320,427.71276140403353,1002
2024-09-20 11:28:43.335,427.6426899908311,7
2024-09-20 11:28:43.350,427.64703378114297,14
2024-09-20 11:28:43.368,427.61215848646896,99
2024-09-20 11:28:43.375,427.6616672429202,97
2024-09-20 11:28:43.377,427.717967708016,1003
2024-09-20 11:28:43.397,427.71895770193896,997
2024-09-20 11:28:43.425,427.70910192895553,11
2024-09-20 11:28:43.447,427.625149299951,11
2024-09-20 11:28:43.486,,996
2024-09-20 11:28:43.576,427.7079815645471,100
2024-09-20 11:28:43.592,427.6854565573073,95
2024-09-20 11:28:43.644,427.7201260678095,1000
2024-09-20 11:28:43.653,427.6705522711915,5
2024-09-20 11:28:43.691,427.7200690747352,14
2024-09-20 11:28:43.738,427.6720176070834,102
2024-09-20 11:28:43.806,427.652058314536,999
2024-09-20 11:28:43.824,427.66374739747846,1002
2024-09-20 11:28:43.828,427.7119563632884,8
2024-09-20 11:28:43.883,427.6797532542961,1002
2024-09-20 11:28:43.931,427.6808126317426,96
2024-09-20 11:28:43.934,427.7180868633429,996
2024-09-20 11:28:44.019,427.6363813326603,996
2024-09-20 11:28:44.032,427.6356391454836,5
2024-09-20 11:28:44.054,427.6009246548092,997
2024-09-20 11:28:44.152,427.64041316717055,10
2024-09-20 11:28:44.269,427.6461882812614,1000
2024-09-20 11:28:44.375,427.6555278097351,15
2024-09-20 11:28:44.458,427.6279918447208,104
2024-09-20 11:28:44.473,427.63761335468206,97
2024-09-20 11:28:44.532,427.65096669656566,1003
2024-09-20 11:28:44.771,427.6456253524989,104
2024-09-20 11:28:44.812,427.6352695696573,97
2024-09-20 11:28:44.874,427.6452239122963,100
2024-09-20 11:28:44.904,427.6415625973912,999
2024-09-20 11:28:45.040,427.6478287016239,13
2024-09-20 11:28:45.203,427.6589890345195,13
2024-09-20 11:28:45.523,427.65687756702863,97
2024-09-20 11:28:45.591,427.66857535754895,99
2024-09-20 11:28:45.642,427.6552701022614,95
2024-09-20 11:28:45.955,427.6622679518049,105
2024-09-20 11:28:45.977,427.64938781544174,11
2024-09-20 11:28:46.007,427.6910360285021,1005
2024-09-20 11:28:46.019,427.6651178819692,1003
2024-09-20 11:28:46.028,427.6518875330414,6
2024-09-20 11:28:46.146,427.7137681188971,98
2024-09-20 11:28:46.150,427.6856119621585,1000
2024-09-20 11:28:46.180,427.66464870385374,15
2024-09-20 11:28:46.202,427.694135910222,97
2024-09-20 11:28:46.229,427.69360746365686,995
2024-09-20 11:28:46.257,427.6590241215478,1000
2024-09-20 11:28:46.281,427.65238326774414,1004
2024-09-20 11:28:46.371,427.6909748675509,95
2024-09-20 11:28:46.379,427.6625248557132,9
2024-09-20 11:28:46.400,427.6430631902512,102
2024-09-20 11:28:46.433,427.65435051920986,996
2024-09-20 11:28:46.477,427.6726151848983,1001
2024-09-20 11:28:46.501,427.6589329815836,998
2024-09-20 11:28:46.548,427.6492651642414,13
2024-09-20 11:28:46.643,427.6578221217138,9
2024-09-20 11:28:46.663,427.7052940503908,5
2024-09-20 11:28:46.679,427.674091847961,95
2024-09-20 11:28:46.720,427.672886688812,101
2024-09-20 11:28:46.758,427.6766288175109,996
2024-09-20 11:28:46.773,427.6804823585186,105
2024-09-20 11:28:46.878,427.6363702022572,8
2024-09-20 11:28:46.909,-427.7011357462238,105
2024-09-20 11:28:46.948,427.656504951028,12
2024-09-20 11:28:47.004,427.6890633663172,7
2024-09-20 11:28:47.023,427.6841117281791,98
2024-09-20 11:28:47.030,427.6665533149446,6
2024-09-20 11:28:47.140,427.66963433249305,8
2024-09-20 11:28:47.145,427.64442243835066,10
2024-09-20 11:28:47.178,427.7098837518743,14
2024-09-20 11:28:47.227,427.6813468938905,1003
2024-09-20 11:28:47.264,427.6588406739004,1002
2024-09-20 11:28:47.351,427.64390885229295,1005
2024-09-20 11:28:47.416,427.6773367151651,96
2024-09-20 11:28:47.426,427.71426254081376,97
2024-09-20 11:28:47.510,427.6738637324556,997
2024-09-20 11:28:47.533,427.6479726197853,997
2024-09-20 11:28:47.565,427.672998612623,1002
2024-09-20 11:28:47.579,427.68178928009246,1002
2024-09-20 11:28:47.602,427.68913037600703,104
2024-09-20 11:28:47.604,427.6946361232337,1000
2024-09-20 11:28:47.714,427.6443161073767,101
2024-09-20 11:28:47.810,427.7025975840143,999
2024-09-20 11:28:47.816,427.6844103136678,5
2024-09-20 11:28:47.846,427.6794879567966,1004
2024-09-20 11:28:47.851,427.6569471178349,103
2024-09-20 11:28:47.871,427.6644312086587,6
2024-09-20 11:28:47.960,427.6843296692084,10
2024-09-20 11:28:48.068,427.69353304504943,1000
2024-09-20 11:28:48.171,427.7227921125991,105
2024-09-20 11:28:48.184,427.6977160242481,8
2024-09-20 11:28:48.197,427.68320831315145,996
2024-09-20 11:28:48.303,427.7078484971376,13
2024-09-20 11:28:48.329,427.70048700334905,99
2024-09-20 11:28:48.402,427.6785576341059,96
2024-09-20 11:28:48.453,427.71572886783537,95
2024-09-20 11:28:48.534,427.72398892678586,997
2024-09-20 11:28:48.663,427.68044369470965,96
2024-09-20 11:28:48.713,427.6741838021015,1004
2024-09-20 11:28:48.756,427.7379367878399,998
2024-09-20 11:28:48.854,427.7154184242566,7
2024-09-20 11:28:48.894,427.713487809834,102
2024-09-20 11:28:48.957,427.7072072570556,14
2024-09-20 11:28:48.993,427.6886758211579,11
2024-09-20 11:28:48.995,427.6710393628884,1003
2024-09-20 11:28:49.031,427.6942247658062,6
2024-09-20 11:28:49.072,427.7149982023448,14
2024-09-20 11:28:49.286,427.7145934954324,996
2024-09-20 11:28:49.322,427.6685695391842,12
2024-09-20 11:28:49.359,427.6894201919749,15
2024-09-20 11:28:49.485,427.69982604125744,7
2024-09-20 11:28:49.490,427.6798606136336,9
2024-09-20 11:28:49.495,427.6862741966357,104
2024-09-20 11:28:49.547,427.6729513774248,102
2024-09-20 11:28:49.593,427.6649158874809,1004
2024-09-20 11:28:49.596,427.6868587532013,6
2024-09-20 11:28:49.649,427.6785813500873,1002
2024-09-20 11:28:49.688,427.6955302361548,998
2024-09-20 11:28:49.890,427.684022283334,104
2024-09-20 11:28:49.906,427.68845662831,6
2024-09-20 11:28:49.933,427.7013074619581,998
2024-09-20 11:28:49.965,427.68040722171577,998
2024-09-20 11:28:49.977,427.681385189606,998
2024-09-20 11:28:49.982,427.6856669834924,103
2024-09-20 11:28:50.078,427.6098116708593,13
2024-09-20 11:28:50.176,427.6282916774287,5
2024-09-20 11:28:50.514,427.64454281257,10
2024-09-20 11:28:50.532,427.63152080863705,103
2024-09-20 11:28:50.553,427.6740108229486,995
2024-09-20 11:28:50.765,427.61180060485646,14
2024-09-20 11:28:50.801,427.6449748502762,104
2024-09-20 11:28:50.947,427.6656690388396,9
2024-09-20 11:28:50.969,427.62729787898127,99
2024-09-20 11:28:51.098,427.63872999129,15
2024-09-20 11:28:51.106,427.6167788436129,9
2024-09-20 11:28:51.116,427.64278488711534,95
2024-09-20 11:28:51.259,42.76592137692209,101
2024-09-20 11:28:51.273,427.6200440765583,12
2024-09-20 11:28:51.364,427.6290547910266,13
2024-09-20 11:28:51.845,427.6272874987458,999
2024-09-20 11:28:51.952,427.6373993297898,95
2024-09-20 11:28:51.961,427.6278960428053,1005
2024-09-20 11:28:51.966,427.6754358467815,1000
2024-09-20 11:28:52.066,427.6861563162537,10
2024-09-20 11:28:52.111,427.6932873258722,98
2024-09-20 11:28:52.159,427.6885151727442,1001
2024-09-20 11:28:52.169,427.6770892027004,8
2024-09-20 11:28:52.208,427.6638284879981,1004
2024-09-20 11:28:52.218,427.6735668169346,1003
2024-09-20 11:28:52.237,427.71169728652063,10
2024-09-20 11:28:52.271,427.7088162092231,14
2024-09-20 11:28:52.295,427.6830209377181,997
2024-09-20 11:28:52.584,427.6693001539188,98
2024-09-20 11:28:52.603,427.6841799201662,1005
2024-09-20 11:28:52.727,427.7007996813649,1002
2024-09-20 11:28:52.868,427.6737081107266,99
2024-09-20 11:28:52.881,427.67591097885526,1003
2024-09-20 11:28:53.053,427.7334483858977,98
2024-09-20 11:28:53.170,427.68256474485656,6
2024-09-20 11:28:53.264,427.6827075219864,998
2024-09-20 11:28:53.275,427.7020265249438,104
2024-09-20 11:28:53.276,427.71538515125656,9
2024-09-20 11:28:53.289,427.6380341573598,102
2024-09-20 11:28:53.313,427.6005981746852,9
2024-09-20 11:28:53.320,427.6950972429515,14
2024-09-20 11:28:53.450,427.73172529303577,9
2024-09-20 11:28:53.495,427.6525663025034,100
2024-09-20 11:28:53.595,427.7036297174027,103
2024-09-20 11:28:53.615,427.62398790832657,95
2024-09-20 11:28:53.639,427.6545580057258,95
2024-09-20 11:28:53.673,427.6607413016658,99
2024-09-20 11:28:53.763,427.6350660778273,97
2024-09-20 11:28:53.772,427.63114985574265,8
2024-09-20 11:28:53.795,427.7203033503655,1004
2024-09-20 11:28:53.807,42.77063589264536,998
2024-09-20 11:28:53.830,427.5887810574012,104
2024-09-20 11:28:53.858,427.6332985128772,1002
2024-09-20 11:28:53.879,427.7185477769629,6
2024-09-20 11:28:53.899,427.702366735556,5
2024-09-20 11:28:53.921,427.6842414633231,9
2024-09-20 11:28:53.948,427.6399103158684,1000
2024-09-20 11:28:53.980,427.7049278211912,995
2024-09-20 11:28:54.006,427.52711159682457,96
2024-09-20 11:28:54.011,427.57037919505774,105
2024-09-20 11:28:54.104,427.532988698678,1003
2024-09-20 11:28:54.151,427.5374796239483,100
2024-09-20 11:28:54.190,427.5647632594041,996
2024-09-20 11:28:54.221,427.5227867064567,14
2024-09-20 11:28:54.240,427.5605118331764,15
2024-09-20 11:28:54.290,427.54736224176617,105
2024-09-20 11:28:54.436,427.54524428807,6
2024-09-20 11:28:54.451,427.53987978914125,7
2024-09-20 11:28:54.539,427.5766952066215,11
2024-09-20 11:28:54.627,427.5624787628131,14
2024-09-20 11:28:54.654,427.52575723475286,12
2024-09-20 11:28:54.691,427.5108290418225,999
2024-09-20 11:28:54.698,427.58042354470194,998
2024-09-20 11:28:54.714,427.5856392122199,101
2024-09-20 11:28:54.796,427.55675298236457,103
2024-09-20 11:28:54.829,427.5604998249983,1001
2024-09-20 11:28:54.831,427.5869965090406,105
2024-09-20 11:28:54.846,427.5175098584145,1000
2024-09-20 11:28:54.968,427.5557126635408,11
2024-09-20 11:28:55.004,427.51077455410734,12
2024-09-20 11:28:55.011,427.54441321802807,999
2024-09-20 11:28:55.058,427.528424217053,998
2024-09-20 11:28:55.074,427.5310164690678,1001
2024-09-20 11:28:55.128,427.51907639895785,997
2024-09-20 11:28:55.215,427.5414587193732,105
2024-09-20 11:28:55.370,427.5026983385171,7
2024-09-20 11:28:55.684,427.5165138329593,99
2024-09-20 11:28:55.738,42.754411602250656,99
2024-09-20 11:28:55.747,427.5074982397596,9
2024-09-20 11:28:55.833,427.5225115981594,98
2024-09-20 11:28:55.909,427.5171325068543,103
2024-09-20 11:28:55.951,427.52741160849206,995
2024-09-20 11:28:55.974,427.507428352461,14
2024-09-20 11:28:56.136,42.75368577523184,105
2024-09-20 11:28:56.207,427.5340017065611,13
2024-09-20 11:28:56.213,427.52428928643576,8
2024-09-20 11:28:56.311,427.5397517880279,999
2024-09-20 11:28:56.320,427.5395386484636,1000
2024-09-20 11:28:56.467,427.5390257524905,5
2024-09-20 11:28:56.496,427.5369810598325,997
2024-09-20 11:28:56.525,427.5290231893389,995
2024-09-20 11:28:56.669,427.5456709668207,98
2024-09-20 11:28:56.823,427.5302870195222,9
2024-09-20 11:28:56.873,427.5395468351185,1002
2024-09-20 11:28:56.932,427.5370612189361,995
2024-09-20 11:28:57.015,427.501698317462,14
2024-09-20 11:28:57.100,427.3869741444069,998
2024-09-20 11:28:57.109,427.3757441491642,999
2024-09-20 11:28:57.150,427.3933846229714,7
2024-09-20 11:28:57.218,427.532412566215,1003
2024-09-20 11:28:57.252,427.4634610070376,14
2024-09-20 11:28:57.255,427.3774397526164,99
2024-09-20 11:28:57.341,427.45903958581385,100
2024-09-20 11:28:57.362,427.51967274882657,997
2024-09-20 11:28:57.368,427.518006948415,97
2024-09-20 11:28:57.380,427.3637853407103,104
2024-09-20 11:28:57.381,427.4429357108564,7
2024-09-20 11:28:57.417,427.41530121191454,1003
2024-09-20 11:28:57.487,427.50929958047806,10
2024-09-20 11:28:57.534,427.3835344030321,996
2024-09-20 11:28:57.552,427.3734042296156,97
2024-09-20 11:28:57.780,427.3744573810404,97
2024-09-20 11:28:57.798,427.3732303632264,95
2024-09-20 11:28:57.842,427.36978563144856,98
2024-09-20 11:28:57.864,427.37014755753313,996
2024-09-20 11:28:57.913,427.46349640438905,15
2024-09-20 11:28:58.070,427.3480456573003,1005
2024-09-20 11:28:58.099,427.3505980445817,104
2024-09-20 11:28:58.117,427.3460885702438,1003
2024-09-20 11:28:58.182,427.3574357148893,12
2024-09-20 11:28:58.224,427.3539759273067,1005
2024-09-20 11:28:58.272,427.34923527772895,96
2024-09-20 11:28:58.284,427.3388583471984,995
2024-09-20 11:28:58.371,427.37801047975057,1004
2024-09-20 11:28:58.391,427.4089160843876,5
2024-09-20 11:28:58.397,427.4010217210491,98
2024-09-20 11:28:58.424,427.3444484829473,95
2024-09-20 11:28:58.440,427.3450287004877,996
2024-09-20 11:28:58.510,427.3544462283539,104
2024-09-20 11:28:58.530,427.3617416600913,6
2024-09-20 11:28:58.544,427.3547565626876,9
2024-09-20 11:28:58.597,427.3323135697492,103
2024-09-20 11:28:58.664,427.351893940276,103
2024-09-20 11:28:58.774,427.3394854606811,1001
2024-09-20 11:28:58.822,427.35228057126136,101
2024-09-20 11:28:58.842,427.3336363867661,96
2024-09-20 11:28:58.850,427.3852130848988,5
2024-09-20 11:28:58.898,427.3520890256816,1004
2024-09-20 11:28:58.902,427.3300797069001,100
2024-09-20 11:28:58.917,427.34814132838966,7
2024-09-20 11:28:58.948,427.4051184539498,1005
2024-09-20 11:28:58.956,427.3437546243907,998
2024-09-20 11:28:58.997,427.3884327244977,5
2024-09-20 11:28:59.015,427.4035770279995,1004
2024-09-20 11:28:59.033,427.4093913731839,97
2024-09-20 11:28:59.041,427.3869932618869,12
2024-09-20 11:28:59.057,427.4084781894581,10
2024-09-20 11:28:59.067,427.4273595688233,15
2024-09-20 11:28:59.085,427.34916496093706,1004
2024-09-20 11:28:59.102,427.3744618421112,8
2024-09-20 11:28:59.145,427.41948913740777,999
2024-09-20 11:28:59.207,427.4317651578526,1005
2024-09-20 11:28:59.227,427.4154765697292,995
2024-09-20 11:28:59.354,427.4288910942083,104
2024-09-20 11:28:59.402,427.4199816866527,14
2024-09-20 11:28:59.409,-427.3650199544357,95
2024-09-20 11:28:59.418,427.38520658182864,14
2024-09-20 11:28:59.522,427.3553916960381,101
2024-09-20 11:28:59.529,427.37515120100267,1003
2024-09-20 11:28:59.555,427.4094799377036,1002
2024-09-20 11:28:59.625,427.4105393195792,102
2024-09-20 11:28:59.740,427.3570486255781,10
2024-09-20 11:28:59.830,427.40003029407376,1004
2024-09-20 11:28:59.878,427.39767124042606,5
2024-09-20 11:28:59.896,427.35845162474646,103
2024-09-20 11:28:59.960,427.3652888784282,105
2024-09-20 11:28:59.969,427.3910577156873,996
2024-09-20 11:28:59.970,427.42255589188136,6
2024-09-20 11:28:59.987,427.4058388097726,95
2024-09-20 11:28:59.999,427.35169548214895,95
