Timestamp,Price,Size
2024-09-18 10:44:00.003,413.4312876269681,11
2024-09-18 10:44:00.017,413.4558491027017,1005
2024-09-18 10:44:00.025,413.3999641339233,101
2024-09-18 10:44:00.028,413.4163214470824,97
2024-09-18 10:44:00.040,413.5072198804077,997
2024-09-18 10:44:00.051,413.4244341459222,1000
2024-09-18 10:44:00.166,413.4028259123376,998
2024-09-18 10:44:00.188,413.48883813509815,14
2024-09-18 10:44:00.392,413.4090560349495,15
2024-09-18 10:44:00.445,413.42656175895706,1000
2024-09-18 10:44:00.452,413.4151705239168,995
2024-09-18 10:44:00.507,413.41443163605135,7
2024-09-18 10:44:00.587,413.4050185352608,104
2024-09-18 10:44:00.613,413.4578368267647,100
2024-09-18 10:44:00.758,413.3956769296371,7
2024-09-18 10:44:00.804,413.50750021547657,15
2024-09-18 10:44:00.845,413.45304968456384,9
2024-09-18 10:44:00.864,413.49154393592175,15
2024-09-18 10:44:00.881,413.382005035506,103
2024-09-18 10:44:00.908,413.4010037054068,996
2024-09-18 10:44:00.919,413.4167420703729,99
2024-09-18 10:44:01.057,413.5258446265055,12
2024-09-18 10:44:01.103,413.5171489131517,8
2024-09-18 10:44:01.282,413.5588680390632,96
2024-09-18 10:44:01.385,413.5158469796012,5
2024-09-18 10:44:01.429,413.5148614490271,13
2024-09-18 10:44:01.540,413.5605525357328,1000
2024-09-18 10:44:01.626,413.5523093921155,98
2024-09-18 10:44:01.627,413.5816479168585,15
2024-09-18 10:44:01.688,413.5201927099366,1000
2024-09-18 10:44:01.752,413.5277375507381,96
2024-09-18 10:44:01.755,413.57252954787685,104
2024-09-18 10:44:01.815,413.55915348771714,996
2024-09-18 10:44:01.859,413.5563822868255,1005
2024-09-18 10:44:02.143,413.5614845048574,5
2024-09-18 10:44:02.429,413.5533409536975,1005
2024-09-18 10:44:02.435,413.570480436307,998
2024-09-18 10:44:02.500,413.56133956535024,100
2024-09-18 10:44:02.545,413.5609945315732,8
2024-09-18 10:44:02.691,41.35557180833263,997
2024-09-18 10:44:02.849,413.5472386859233,99
2024-09-18 10:44:02.855,413.5522254576428,998
2024-09-18 10:44:02.915,413.5623283583626,10
2024-09-18 10:44:02.962,413.5659118983844,6
2024-09-18 10:44:02.967,413.55761934241167,999
2024-09-18 10:44:02.977,-413.5557981432775,997
2024-09-18 10:44:03.047,413.57684676970064,1005
2024-09-18 10:44:03.063,413.57831846615386,103
2024-09-18 10:44:03.354,413.56768000955,98
2024-09-18 10:44:03.663,413.5612127132616,95
2024-09-18 10:44:03.755,413.5413636889143,101
2024-09-18 10:44:03.830,41.35737769549022,100
2024-09-18 10:44:03.947,413.5613568521669,99
2024-09-18 10:44:04.024,413.575726615676,15
2024-09-18 10:44:04.076,413.580099148262,13
2024-09-18 10:44:04.151,413.586996475382,95
2024-09-18 10:44:04.169,413.5969522871487,6
2024-09-18 10:44:04.270,413.5792376367916,13
2024-09-18 10:44:04.275,413.5694073933979,7
2024-09-18 10:44:04.285,413.5712929838322,104
2024-09-18 10:44:04.341,413.5746054473733,1001
2024-09-18 10:44:04.409,413.5737510355137,999
2024-09-18 10:44:04.454,413.594152555671,996
2024-09-18 10:44:04.496,413.58882630904185,6
2024-09-18 10:44:04.619,413.6048360785918,1002
2024-09-18 10:44:04.627,413.5667559159997,1005
2024-09-18 10:44:04.630,413.5762097430773,97
2024-09-18 10:44:04.668,413.58412603084713,100
2024-09-18 10:44:04.686,413.5670829959324,1001
2024-09-18 10:44:04.720,413.5923157577784,995
2024-09-18 10:44:04.724,413.55252588778814,99
2024-09-18 10:44:04.775,413.5552691031912,1001
2024-09-18 10:44:04.819,413.5694629736191,12
2024-09-18 10:44:04.827,413.58946167376223,996
2024-09-18 10:44:04.835,413.5884517403221,999
2024-09-18 10:44:04.873,413.599654434868,996
2024-09-18 10:44:04.875,413.574087143968,104
2024-09-18 10:44:04.891,413.5779264026331,10
2024-09-18 10:44:04.972,413.5731609419772,10
2024-09-18 10:44:05.146,413.5399023551058,100
2024-09-18 10:44:05.518,413.54000090280334,15
2024-09-18 10:44:07.049,413.54157115083575,1005
2024-09-18 10:44:07.068,413.5357426113626,997
2024-09-18 10:44:07.113,413.5180467781125,1002
2024-09-18 10:44:07.166,413.5247322751494,97
2024-09-18 10:44:07.249,413.5356435826895,9
2024-09-18 10:44:07.379,413.5209335577338,12
2024-09-18 10:44:07.400,413.5384997542538,11
2024-09-18 10:44:07.459,413.51431567075576,1005
2024-09-18 10:44:07.511,413.4924257624286,101
2024-09-18 10:44:07.515,413.5023313800247,103
2024-09-18 10:44:07.530,,103
2024-09-18 10:44:07.730,413.540616969963,10
2024-09-18 10:44:07.749,413.5389287501364,102
2024-09-18 10:44:07.826,413.5250385577067,1000
2024-09-18 10:44:07.848,413.54210894641005,15
2024-09-18 10:44:07.867,413.5080090716011,1002
2024-09-18 10:44:07.912,413.5177492004568,10
2024-09-18 10:44:07.925,413.52042343742295,103
2024-09-18 10:44:08.151,,1002
2024-09-18 10:44:08.187,413.4642027657812,1000
2024-09-18 10:44:08.218,413.4850917862681,1000
2024-09-18 10:44:08.259,413.49373422118776,8
2024-09-18 10:44:08.285,413.4676392295584,11
2024-09-18 10:44:08.379,413.4691232931076,999
2024-09-18 10:44:08.573,413.4754819037639,103
2024-09-18 10:44:08.601,413.4807670971355,98
2024-09-18 10:44:08.732,413.4795972992226,1002
2024-09-18 10:44:08.759,413.4661907335598,15
2024-09-18 10:44:08.761,413.4972058318182,100
2024-09-18 10:44:08.765,413.4751327616084,997
2024-09-18 10:44:08.907,413.5090379723545,7
2024-09-18 10:44:09.009,413.4800245675414,96
2024-09-18 10:44:09.048,413.4957114892014,6
2024-09-18 10:44:09.063,413.44397591202977,100
2024-09-18 10:44:09.122,413.4360561729001,96
2024-09-18 10:44:09.174,413.4394334183838,1004
2024-09-18 10:44:09.256,413.4698183584461,11
2024-09-18 10:44:09.299,413.4940785741414,1001
2024-09-18 10:44:09.327,413.45642684068594,9
2024-09-18 10:44:09.471,413.50089775426994,7
2024-09-18 10:44:09.616,413.4364738068115,1000
2024-09-18 10:44:09.644,413.4745628003194,105
2024-09-18 10:44:09.664,413.4371366410948,9
2024-09-18 10:44:09.694,413.4366812692144,100
2024-09-18 10:44:09.702,413.4980266828381,13
2024-09-18 10:44:09.702,,96
2024-09-18 10:44:09.789,413.4993698186404,103
2024-09-18 10:44:09.799,413.4794209813546,14
2024-09-18 10:44:09.838,413.4578494631809,10
2024-09-18 10:44:09.857,413.4377562542342,6
2024-09-18 10:44:09.982,413.4717128933007,102
2024-09-18 10:44:10.083,413.41942700561776,98
2024-09-18 10:44:10.088,413.41785996481104,100
2024-09-18 10:44:10.132,413.3994967216133,1004
2024-09-18 10:44:10.143,413.4123233554893,98
2024-09-18 10:44:10.184,413.4339267518658,104
2024-09-18 10:44:10.223,413.4050643395444,7
2024-09-18 10:44:10.285,413.4151103306684,1005
2024-09-18 10:44:10.374,413.431800419138,1003
2024-09-18 10:44:10.385,413.41723668477846,96
2024-09-18 10:44:10.397,413.4366036609672,7
2024-09-18 10:44:10.403,413.4386166058918,1003
2024-09-18 10:44:10.408,413.4328277818792,104
2024-09-18 10:44:10.430,413.439422212895,6
2024-09-18 10:44:10.461,413.4352569766565,1000
2024-09-18 10:44:10.494,413.43191980456737,7
2024-09-18 10:44:10.514,413.4295276611746,105
2024-09-18 10:44:10.514,413.4254427895138,104
2024-09-18 10:44:10.553,413.41946682550827,98
2024-09-18 10:44:10.712,413.4330485939853,1004
2024-09-18 10:44:10.750,413.40896314893337,8
2024-09-18 10:44:10.773,413.4203242659152,101
2024-09-18 10:44:10.788,413.4554261735897,996
2024-09-18 10:44:10.800,413.4318996889828,13
2024-09-18 10:44:10.835,413.4402375985045,999
2024-09-18 10:44:10.911,413.4474683006554,104
2024-09-18 10:44:10.931,413.40134771495576,97
2024-09-18 10:44:11.230,413.4237230296512,104
2024-09-18 10:44:11.450,413.4336066100536,11
2024-09-18 10:44:11.676,413.4343821489224,102
2024-09-18 10:44:11.765,413.4201532118405,1004
2024-09-18 10:44:11.767,413.42679360395897,6
2024-09-18 10:44:11.793,413.4374765754173,11
2024-09-18 10:44:11.865,413.42790197018536,101
2024-09-18 10:44:12.238,413.40650462050417,99
2024-09-18 10:44:12.311,413.4199875106636,101
2024-09-18 10:44:12.498,413.4700508603,7
2024-09-18 10:44:12.517,413.4220452101076,1004
2024-09-18 10:44:12.574,413.4256856680535,996
2024-09-18 10:44:12.589,413.4111313915042,98
2024-09-18 10:44:12.731,413.4428794287695,997
2024-09-18 10:44:12.758,413.4284972594069,14
2024-09-18 10:44:13.077,413.4669131688611,1001
2024-09-18 10:44:13.096,413.5263970607467,1000
2024-09-18 10:44:13.109,-413.4556264656901,12
2024-09-18 10:44:13.182,413.5168999301887,1005
2024-09-18 10:44:13.402,413.4659956073992,1001
2024-09-18 10:44:13.504,413.501368565656,97
2024-09-18 10:44:13.583,413.50399459910864,1005
2024-09-18 10:44:13.659,413.4990048225851,10
2024-09-18 10:44:13.672,413.49578291202647,1005
2024-09-18 10:44:13.721,,105
2024-09-18 10:44:13.735,413.5009266653253,998
2024-09-18 10:44:13.747,413.5048295413513,13
2024-09-18 10:44:14.032,413.4845626739903,998
2024-09-18 10:44:14.056,413.5131142062864,1000
2024-09-18 10:44:14.067,413.4853047894237,6
2024-09-18 10:44:14.247,413.5027481856284,13
2024-09-18 10:44:14.321,413.50499078872457,13
2024-09-18 10:44:14.453,413.5035392002928,1000
2024-09-18 10:44:14.474,413.4837787246162,996
2024-09-18 10:44:14.542,413.4885301434408,996
2024-09-18 10:44:14.620,413.48980023469767,15
2024-09-18 10:44:14.808,413.501688090486,99
2024-09-18 10:44:14.927,413.4861885354517,12
2024-09-18 10:44:15.052,413.47602372768233,997
2024-09-18 10:44:15.146,413.5095969246872,995
2024-09-18 10:44:15.220,413.4979534690467,1003
2024-09-18 10:44:15.296,413.5496584831643,1003
2024-09-18 10:44:15.359,413.4770062102387,997
2024-09-18 10:44:15.380,413.4690669102966,7
2024-09-18 10:44:15.781,413.5381121424757,10
2024-09-18 10:44:15.930,413.4854440382394,998
2024-09-18 10:44:16.054,413.5480067834514,105
2024-09-18 10:44:16.080,413.5488954108927,96
2024-09-18 10:44:16.188,413.5343551389273,7
2024-09-18 10:44:16.201,413.54575681778,1002
2024-09-18 10:44:16.258,413.5383766567253,102
2024-09-18 10:44:16.293,413.5291355822188,14
2024-09-18 10:44:16.332,413.53081925643545,12
2024-09-18 10:44:16.341,413.5483476311574,14
2024-09-18 10:44:16.423,413.51811354150567,97
2024-09-18 10:44:16.430,413.5404953152346,6
2024-09-18 10:44:16.539,413.5297478982064,95
2024-09-18 10:44:16.558,413.53159576498985,997
2024-09-18 10:44:16.625,413.5425188554413,99
2024-09-18 10:44:16.631,413.55341811182905,1001
2024-09-18 10:44:16.649,413.5466059256694,1001
2024-09-18 10:44:16.704,413.55039469594703,6
2024-09-18 10:44:16.787,413.5484854404867,6
2024-09-18 10:44:16.920,413.5344603661181,97
2024-09-18 10:44:16.955,413.53883747714497,8
2024-09-18 10:44:17.040,-413.5211084672221,95
2024-09-18 10:44:17.067,413.5611727377696,1000
2024-09-18 10:44:17.114,413.5797507095551,105
2024-09-18 10:44:17.116,413.5653595470882,10
2024-09-18 10:44:17.158,413.5356082013331,103
2024-09-18 10:44:17.163,413.5458310263238,10
2024-09-18 10:44:17.254,413.5702436303004,5
2024-09-18 10:44:17.376,413.5809250182149,12
2024-09-18 10:44:17.424,413.5907212280548,6
2024-09-18 10:44:17.458,413.5691937882074,15
2024-09-18 10:44:17.505,413.55668100126246,995
2024-09-18 10:44:17.544,413.5612407508405,999
2024-09-18 10:44:17.591,413.55876627174007,99
2024-09-18 10:44:17.592,413.5890831447942,9
2024-09-18 10:44:17.695,413.5496883782972,14
2024-09-18 10:44:17.705,413.5844466611652,997
2024-09-18 10:44:17.728,413.574277239871,997
2024-09-18 10:44:17.811,413.5707745793222,97
2024-09-18 10:44:17.812,413.549334418438,105
2024-09-18 10:44:17.851,413.54165978975215,1001
2024-09-18 10:44:17.862,413.5928930469909,9
2024-09-18 10:44:17.967,413.5858137052351,98
2024-09-18 10:44:18.165,413.5386302209871,1003
2024-09-18 10:44:18.393,413.5336679778976,99
2024-09-18 10:44:18.525,413.5030721023331,15
2024-09-18 10:44:18.650,413.53626174104255,1003
2024-09-18 10:44:18.748,413.53593026655176,96
2024-09-18 10:44:18.773,413.5218450113085,1000
2024-09-18 10:44:18.799,413.5350184299767,99
2024-09-18 10:44:18.808,413.5422255733318,12
2024-09-18 10:44:18.861,413.50743489310906,102
2024-09-18 10:44:18.955,413.5245401925528,6
2024-09-18 10:44:19.000,413.5327417899159,996
2024-09-18 10:44:19.286,413.5060794052021,97
2024-09-18 10:44:19.652,413.53275647648303,15
2024-09-18 10:44:19.720,413.5262344534676,1000
2024-09-18 10:44:20.060,413.5261716500852,5
2024-09-18 10:44:20.099,413.54874126807607,997
2024-09-18 10:44:20.182,413.548370373012,100
2024-09-18 10:44:20.230,413.539317398232,104
2024-09-18 10:44:20.244,413.5516743654634,996
2024-09-18 10:44:20.270,413.5523663180936,997
2024-09-18 10:44:20.464,413.5529504303669,10
2024-09-18 10:44:20.487,413.5486592090181,7
2024-09-18 10:44:20.603,413.5370258440472,96
2024-09-18 10:44:20.615,413.5549756245344,1000
2024-09-18 10:44:20.627,413.5169446429092,995
2024-09-18 10:44:20.667,413.5609579081853,999
2024-09-18 10:44:20.747,413.54367346831583,96
2024-09-18 10:44:20.845,413.5443347166804,996
2024-09-18 10:44:20.853,413.5510695163285,14
2024-09-18 10:44:20.871,413.5372821418423,1002
2024-09-18 10:44:20.891,413.53126770809433,996
2024-09-18 10:44:20.953,413.5512486474354,99
2024-09-18 10:44:21.046,413.5390312653232,1002
2024-09-18 10:44:21.102,413.5238600645236,95
2024-09-18 10:44:21.170,413.4811234201285,99
2024-09-18 10:44:21.199,413.50412032335936,102
2024-09-18 10:44:21.225,413.47781649811617,995
2024-09-18 10:44:21.327,413.50550347031066,14
2024-09-18 10:44:21.342,413.56125243095136,95
2024-09-18 10:44:21.401,413.5288104620613,6
2024-09-18 10:44:21.514,413.5454154360665,103
2024-09-18 10:44:21.527,413.5308697700881,11
2024-09-18 10:44:21.583,413.5250803754901,8
2024-09-18 10:44:21.619,,6
2024-09-18 10:44:21.671,413.534133594577,8
2024-09-18 10:44:21.780,413.4649763241497,100
2024-09-18 10:44:21.788,413.56085658094383,1000
2024-09-18 10:44:21.869,413.5360157185712,1004
2024-09-18 10:44:21.872,413.5319701163488,995
2024-09-18 10:44:21.890,413.5445710684288,996
2024-09-18 10:44:21.902,413.5415278741187,105
2024-09-18 10:44:21.965,413.5454581528096,6
2024-09-18 10:44:22.024,413.5076968656997,999
2024-09-18 10:44:22.042,413.4704926130145,1000
2024-09-18 10:44:22.043,413.4791741336322,15
2024-09-18 10:44:22.152,413.48375933711554,95
2024-09-18 10:44:22.186,413.4964132819679,13
2024-09-18 10:44:22.336,413.4922571576816,13
2024-09-18 10:44:22.375,413.5237145233897,99
2024-09-18 10:44:22.462,413.4750591611046,1005
2024-09-18 10:44:22.545,413.4984236762365,6
2024-09-18 10:44:22.596,413.46512242084486,1005
2024-09-18 10:44:22.624,413.4801772090685,997
2024-09-18 10:44:22.632,413.48625182840686,102
2024-09-18 10:44:22.662,413.4965952504138,1001
2024-09-18 10:44:22.670,413.4818833285552,997
2024-09-18 10:44:22.808,413.4815823903673,1002
2024-09-18 10:44:22.838,413.4905274511784,97
2024-09-18 10:44:22.950,413.4710706199653,1001
2024-09-18 10:44:23.028,413.48746992556966,1001
2024-09-18 10:44:23.054,413.5066637790616,100
2024-09-18 10:44:23.092,413.5266577069323,1004
2024-09-18 10:44:23.337,413.5114216613948,11
2024-09-18 10:44:23.362,413.521996746088,1003
2024-09-18 10:44:23.380,413.4647926286256,102
2024-09-18 10:44:23.512,413.521514134264,102
2024-09-18 10:44:23.522,413.47131282230345,10
2024-09-18 10:44:23.708,413.5216845189556,996
2024-09-18 10:44:23.941,413.502868444469,996
2024-09-18 10:44:24.004,413.4595753912401,1001
2024-09-18 10:44:24.049,413.5062713179136,6
2024-09-18 10:44:24.066,413.5087960572164,995
2024-09-18 10:44:24.089,413.4927744963674,1001
2024-09-18 10:44:24.105,413.4715762251183,5
2024-09-18 10:44:24.133,413.5443458182235,14
2024-09-18 10:44:24.301,413.48575917231153,1002
2024-09-18 10:44:24.305,413.4877871151214,5
2024-09-18 10:44:24.445,413.5139634114322,7
2024-09-18 10:44:24.666,413.51890025275344,1005
2024-09-18 10:44:24.728,413.4688441261879,998
2024-09-18 10:44:24.731,413.6130517532951,1001
2024-09-18 10:44:24.735,413.49183780675935,12
2024-09-18 10:44:24.745,413.6073872915391,12
2024-09-18 10:44:24.780,413.49883972919895,11
2024-09-18 10:44:24.789,413.5016745013676,1001
2024-09-18 10:44:24.827,413.5187268490337,11
2024-09-18 10:44:24.829,413.6297633837273,5
2024-09-18 10:44:24.840,413.5179969510276,11
2024-09-18 10:44:24.847,413.48694282410446,105
2024-09-18 10:44:24.948,413.6102026935759,999
2024-09-18 10:44:24.949,413.4876955370888,999
2024-09-18 10:44:24.959,413.5927272990272,9
2024-09-18 10:44:24.970,413.4438586545949,104
2024-09-18 10:44:24.972,413.57687621802194,14
2024-09-18 10:44:24.996,413.6174709305177,97
2024-09-18 10:44:25.037,413.63273640696207,14
2024-09-18 10:44:25.064,413.6347220417854,995
2024-09-18 10:44:25.293,413.6560983385557,100
2024-09-18 10:44:25.361,413.6475929833431,103
2024-09-18 10:44:25.363,413.6397700653824,8
2024-09-18 10:44:25.637,413.6208055010628,995
2024-09-18 10:44:25.758,413.6516772180792,9
2024-09-18 10:44:25.763,413.6194930392217,7
2024-09-18 10:44:25.896,413.6269345126319,10
2024-09-18 10:44:25.966,413.62333893090704,15
2024-09-18 10:44:26.075,413.67690186971913,98
2024-09-18 10:44:26.624,413.6853849258032,14
2024-09-18 10:44:26.654,413.6724632718691,104
2024-09-18 10:44:26.928,,995
2024-09-18 10:44:26.998,413.6717365843937,7
2024-09-18 10:44:28.090,413.6444893776901,98
2024-09-18 10:44:28.119,413.65822128313255,96
2024-09-18 10:44:28.209,413.6571772796,102
2024-09-18 10:44:28.223,413.6606448400856,14
2024-09-18 10:44:28.237,413.71135536608665,997
2024-09-18 10:44:28.242,413.679091303963,10
2024-09-18 10:44:28.358,41.36108729433083,995
2024-09-18 10:44:28.389,413.68093103707895,8
2024-09-18 10:44:28.403,413.6476907387951,8
2024-09-18 10:44:28.408,413.7212622016221,105
2024-09-18 10:44:28.434,413.6945937680614,995
2024-09-18 10:44:28.459,413.6718971082728,10
2024-09-18 10:44:28.513,413.6800419048889,995
2024-09-18 10:44:28.543,413.6632098920987,1001
2024-09-18 10:44:28.580,413.6433832232688,96
2024-09-18 10:44:28.623,413.65832791686864,1002
2024-09-18 10:44:28.659,413.7133718234216,5
2024-09-18 10:44:28.789,413.6960607913655,7
2024-09-18 10:44:28.804,41.3617792915812,998
2024-09-18 10:44:28.835,413.6587772991225,15
2024-09-18 10:44:28.989,413.6110515707269,103
2024-09-18 10:44:29.039,413.5903775210999,8
2024-09-18 10:44:29.051,413.63120453829976,998
2024-09-18 10:44:29.057,-413.5945590718278,95
2024-09-18 10:44:29.084,413.6372465742274,95
2024-09-18 10:44:29.098,413.6440045740229,12
2024-09-18 10:44:29.109,413.5848819834806,98
2024-09-18 10:44:29.122,413.6019033168636,98
2024-09-18 10:44:29.149,413.6027850148065,13
2024-09-18 10:44:29.159,413.5938046588258,102
2024-09-18 10:44:29.177,-413.6281157486698,10
2024-09-18 10:44:29.260,413.6327949574136,1004
2024-09-18 10:44:29.281,413.58626116625646,1003
2024-09-18 10:44:29.309,413.5734755166078,11
2024-09-18 10:44:29.370,413.6253319147802,7
2024-09-18 10:44:29.419,413.6309151574159,1004
2024-09-18 10:44:29.431,413.6267059956485,95
2024-09-18 10:44:29.501,413.62422774863694,11
2024-09-18 10:44:29.618,413.626223216647,98
2024-09-18 10:44:29.684,413.6346157066605,1003
2024-09-18 10:44:29.689,413.6294275509804,1002
2024-09-18 10:44:29.720,413.6154201886988,1003
2024-09-18 10:44:29.737,413.57440705634434,996
2024-09-18 10:44:29.831,413.5920105446288,13
2024-09-18 10:44:29.913,413.6310739997769,1002
2024-09-18 10:44:29.950,41.36141770349933,96
2024-09-18 10:44:29.991,413.6153003465698,101
2024-09-18 10:44:29.991,413.5912286307096,100
2024-09-18 10:44:30.122,413.542711774105,102
2024-09-18 10:44:30.166,413.53367924920127,101
2024-09-18 10:44:30.167,413.565004729268,1001
2024-09-18 10:44:30.193,413.54675089411273,1002
2024-09-18 10:44:30.196,413.5288826987805,97
2024-09-18 10:44:30.241,413.5911584918842,10
2024-09-18 10:44:30.277,413.54486318265583,13
2024-09-18 10:44:30.348,413.55759750666425,1002
2024-09-18 10:44:30.378,413.5741865570878,13
2024-09-18 10:44:30.421,413.563997777646,1002
2024-09-18 10:44:30.488,413.59593785866286,6
2024-09-18 10:44:30.563,413.54110533749525,997
2024-09-18 10:44:30.775,413.5593554207628,997
2024-09-18 10:44:30.781,413.58617221577816,9
2024-09-18 10:44:30.787,413.5693525184898,1000
2024-09-18 10:44:30.818,413.52214558818514,96
2024-09-18 10:44:30.858,413.5639663311917,1005
2024-09-18 10:44:30.868,413.5763732240878,98
2024-09-18 10:44:30.928,413.5511710249359,1003
2024-09-18 10:44:30.929,413.58301358316,1004
2024-09-18 10:44:31.009,413.5044243583497,98
2024-09-18 10:44:31.129,413.4913421406423,97
2024-09-18 10:44:31.155,413.5346713400144,998
2024-09-18 10:44:31.208,413.4809634237871,995
2024-09-18 10:44:31.209,413.509782796616,8
2024-09-18 10:44:31.273,413.4773486322952,11
2024-09-18 10:44:31.305,413.4905591310935,11
2024-09-18 10:44:31.315,413.5153951941802,103
2024-09-18 10:44:31.374,413.5246543483991,13
2024-09-18 10:44:31.387,413.4901930005632,6
2024-09-18 10:44:31.395,413.5208561691117,13
2024-09-18 10:44:31.420,,104
2024-09-18 10:44:31.493,413.4755705074308,997
2024-09-18 10:44:31.533,413.51294510510377,6
2024-09-18 10:44:31.549,413.4803054517752,102
2024-09-18 10:44:31.562,413.49966599711473,13
2024-09-18 10:44:31.630,,999
2024-09-18 10:44:31.722,413.4856658973516,997
2024-09-18 10:44:31.741,413.4822044336167,1003
2024-09-18 10:44:31.793,413.48949429001465,14
2024-09-18 10:44:31.828,413.4663359378736,1004
2024-09-18 10:44:31.837,-413.4883605682685,12
2024-09-18 10:44:31.847,413.4436118191662,1001
2024-09-18 10:44:31.849,413.4890017779401,996
2024-09-18 10:44:31.875,413.5028175968764,98
2024-09-18 10:44:31.888,413.47893782832006,998
2024-09-18 10:44:31.905,413.49520476960015,14
2024-09-18 10:44:31.962,413.4258627194079,8
2024-09-18 10:44:32.107,413.4315367484589,1004
2024-09-18 10:44:32.222,413.4286628891402,95
2024-09-18 10:44:32.306,413.4213204580288,13
2024-09-18 10:44:32.315,413.415971775481,1001
2024-09-18 10:44:32.315,413.4154469412822,1001
2024-09-18 10:44:32.414,413.4328336309928,998
2024-09-18 10:44:32.576,413.4414537587496,995
2024-09-18 10:44:32.799,413.4156939144202,99
2024-09-18 10:44:33.054,413.5427684018347,7
2024-09-18 10:44:33.054,413.5034753313259,102
2024-09-18 10:44:33.115,413.4434017068782,1003
2024-09-18 10:44:33.127,413.4577365574922,997
2024-09-18 10:44:33.131,413.5341389237391,96
2024-09-18 10:44:33.140,413.440140571447,97
2024-09-18 10:44:33.145,413.5274610445426,1000
2024-09-18 10:44:33.194,413.4655533676646,96
2024-09-18 10:44:33.281,413.4904637920517,104
2024-09-18 10:44:33.351,413.5104263981629,1003
2024-09-18 10:44:33.352,413.5131249651945,99
2024-09-18 10:44:33.366,413.4068930218376,1005
2024-09-18 10:44:33.454,413.4514386986761,996
2024-09-18 10:44:33.470,413.477097254246,14
2024-09-18 10:44:33.550,413.4600593197963,5
2024-09-18 10:44:33.576,413.4267390440456,96
2024-09-18 10:44:33.584,413.5116007708291,100
2024-09-18 10:44:33.616,413.4936812160728,14
2024-09-18 10:44:33.639,413.42717622495024,996
2024-09-18 10:44:33.650,413.4662316167329,1002
2024-09-18 10:44:33.713,413.4245550241032,105
2024-09-18 10:44:33.749,413.4991980550595,1003
2024-09-18 10:44:33.773,413.41628965965305,97
2024-09-18 10:44:33.837,413.4788052847613,98
2024-09-18 10:44:33.920,413.45761848966447,9
2024-09-18 10:44:33.939,413.4287240995335,9
2024-09-18 10:44:33.952,413.4286967847655,1002
2024-09-18 10:44:33.968,413.4069421356053,5
2024-09-18 10:44:34.005,413.4940497703275,1004
2024-09-18 10:44:34.041,413.5092313823021,101
2024-09-18 10:44:34.083,413.56602258030136,10
2024-09-18 10:44:34.120,413.52458910081,96
2024-09-18 10:44:34.132,413.5215675804649,995
2024-09-18 10:44:34.165,413.49277311752377,999
2024-09-18 10:44:34.168,413.5480769864696,995
2024-09-18 10:44:34.194,413.5217564340555,9
2024-09-18 10:44:34.280,413.5158989608253,12
2024-09-18 10:44:34.308,413.5228983995255,99
2024-09-18 10:44:34.324,413.4996734139886,1001
2024-09-18 10:44:34.357,,998
2024-09-18 10:44:34.369,413.4971835616553,104
2024-09-18 10:44:34.441,413.5254219392336,102
2024-09-18 10:44:34.454,413.4767538532653,995
2024-09-18 10:44:34.469,413.49176670225177,101
2024-09-18 10:44:34.485,413.52075665485,104
2024-09-18 10:44:34.497,413.5210444466988,96
2024-09-18 10:44:34.566,413.5097681962556,98
2024-09-18 10:44:34.579,413.4930993040565,998
2024-09-18 10:44:34.587,413.5322523936509,15
2024-09-18 10:44:34.721,413.5313798423832,99
2024-09-18 10:44:34.747,413.498438412703,1003
2024-09-18 10:44:34.786,413.5026244805989,1002
2024-09-18 10:44:34.786,413.5419980854536,98
2024-09-18 10:44:34.850,413.4981550315727,7
2024-09-18 10:44:34.887,413.5213204804229,96
2024-09-18 10:44:34.900,413.49307329058246,8
2024-09-18 10:44:34.966,413.4821925779583,100
2024-09-18 10:44:35.027,413.5259980844677,102
2024-09-18 10:44:35.201,413.5514995606864,1005
2024-09-18 10:44:35.373,413.5297871465132,996
2024-09-18 10:44:35.453,413.5251751688592,1003
2024-09-18 10:44:35.863,413.5330205621156,5
2024-09-18 10:44:35.977,413.52752345846153,12
2024-09-18 10:44:36.277,413.5274567743069,5
2024-09-18 10:44:36.545,413.53838855037054,1005
2024-09-18 10:44:36.609,413.5218786769162,102
2024-09-18 10:44:36.694,413.5471184477353,104
2024-09-18 10:44:36.831,413.5260808995535,13
2024-09-18 10:44:37.156,413.52626642163966,96
2024-09-18 10:44:37.192,413.5289656657212,999
2024-09-18 10:44:37.206,413.4988549055493,6
2024-09-18 10:44:37.207,413.5301784537417,99
2024-09-18 10:44:37.222,413.5466341443011,12
2024-09-18 10:44:37.277,413.51179299014666,97
2024-09-18 10:44:37.289,413.5217146516716,1003
2024-09-18 10:44:37.343,413.5084613606602,105
2024-09-18 10:44:37.401,413.502322607084,105
2024-09-18 10:44:37.413,413.53816250849655,6
2024-09-18 10:44:37.420,413.5260944903847,98
2024-09-18 10:44:37.492,413.517682339519,95
2024-09-18 10:44:37.496,413.4974204731465,1003
2024-09-18 10:44:37.501,413.51935202882777,98
2024-09-18 10:44:37.502,413.5210559593692,97
2024-09-18 10:44:37.525,413.5122509794076,12
2024-09-18 10:44:37.565,413.5128934805193,11
2024-09-18 10:44:37.588,413.53667099490417,96
2024-09-18 10:44:37.604,413.5193896097923,995
2024-09-18 10:44:37.618,413.5456538408852,10
2024-09-18 10:44:37.631,413.53875943471405,12
2024-09-18 10:44:37.671,413.5245862097375,7
2024-09-18 10:44:37.681,413.5330573020578,995
2024-09-18 10:44:37.712,413.5167117815231,11
2024-09-18 10:44:37.733,413.5110121653653,999
2024-09-18 10:44:37.761,413.53227573551845,15
2024-09-18 10:44:37.765,413.55274184494,7
2024-09-18 10:44:37.795,413.5426189239791,96
2024-09-18 10:44:37.816,413.5306928670885,1000
2024-09-18 10:44:37.877,413.5304138885188,1000
2024-09-18 10:44:38.056,413.55952194330814,15
2024-09-18 10:44:38.118,413.53230003237553,102
2024-09-18 10:44:38.165,413.5498231822276,7
2024-09-18 10:44:38.165,413.4873596961466,15
2024-09-18 10:44:38.172,413.45871599974726,10
2024-09-18 10:44:38.250,413.54658714319226,99
2024-09-18 10:44:38.257,413.5697686354573,5
2024-09-18 10:44:38.287,413.57826730935966,99
2024-09-18 10:44:38.358,413.5646584585202,97
2024-09-18 10:44:38.377,413.5680923907961,98
2024-09-18 10:44:38.451,413.5071715201916,995
2024-09-18 10:44:38.484,413.50874537766646,9
2024-09-18 10:44:38.507,413.57042298040585,8
2024-09-18 10:44:38.569,413.5612540687397,97
2024-09-18 10:44:38.631,413.5720860081786,13
2024-09-18 10:44:38.640,-413.5429080827412,5
2024-09-18 10:44:38.658,413.5090994677992,8
2024-09-18 10:44:38.664,413.4957743237936,997
2024-09-18 10:44:38.667,413.5103146621639,97
2024-09-18 10:44:38.802,413.4808623514209,997
2024-09-18 10:44:38.808,413.46133337980086,996
2024-09-18 10:44:38.861,413.4958156608639,11
2024-09-18 10:44:38.905,413.5539454671544,15
2024-09-18 10:44:38.927,413.4879241833673,999
2024-09-18 10:44:38.954,413.4907017593656,1004
2024-09-18 10:44:38.992,413.5698013677088,97
2024-09-18 10:44:39.019,413.5205868892293,14
2024-09-18 10:44:39.046,413.5125058467922,6
2024-09-18 10:44:39.073,413.5455620304674,1000
2024-09-18 10:44:39.117,413.5512274528699,6
2024-09-18 10:44:39.207,413.5147618331509,1001
2024-09-18 10:44:39.248,413.546852791553,14
2024-09-18 10:44:39.252,413.5429759589226,999
2024-09-18 10:44:39.298,413.5085474525762,6
2024-09-18 10:44:39.342,413.5180148351584,6
2024-09-18 10:44:39.389,413.57097165027153,12
2024-09-18 10:44:39.406,,998
2024-09-18 10:44:39.577,413.5165389293423,7
2024-09-18 10:44:39.587,413.5046065068144,101
2024-09-18 10:44:39.647,413.5259158791054,997
2024-09-18 10:44:39.673,413.5513166175533,99
2024-09-18 10:44:39.722,413.4990226177609,97
2024-09-18 10:44:39.722,413.5600335747367,996
2024-09-18 10:44:39.735,413.50290596036336,12
2024-09-18 10:44:39.775,413.4994262939176,999
2024-09-18 10:44:39.789,413.50514022902144,12
2024-09-18 10:44:39.884,413.55709645024587,10
2024-09-18 10:44:39.903,413.50227143833473,11
2024-09-18 10:44:39.905,413.5434039223725,13
2024-09-18 10:44:39.916,413.5471834765112,14
2024-09-18 10:44:39.926,413.538378930808,10
2024-09-18 10:44:39.952,413.4937754760577,98
2024-09-18 10:44:39.989,413.51830404605465,996
2024-09-18 10:44:40.016,413.4952585829507,102
2024-09-18 10:44:40.034,413.4982097993794,1001
2024-09-18 10:44:40.053,413.5035649240484,6
2024-09-18 10:44:40.063,413.4858154267637,105
2024-09-18 10:44:40.105,413.4881470721019,97
2024-09-18 10:44:40.111,413.4862245359898,998
2024-09-18 10:44:40.114,413.4789336234159,8
2024-09-18 10:44:40.157,413.5149780939578,1004
2024-09-18 10:44:40.209,413.4822036227973,103
2024-09-18 10:44:40.228,413.5120481290114,13
2024-09-18 10:44:40.250,413.5086957549423,96
2024-09-18 10:44:40.260,413.4967065780898,95
2024-09-18 10:44:40.274,413.5021388994397,12
2024-09-18 10:44:40.281,413.49646725349993,8
2024-09-18 10:44:40.501,413.4968788534633,104
2024-09-18 10:44:40.639,413.5005525096732,15
2024-09-18 10:44:40.662,413.4835921899461,995
2024-09-18 10:44:40.771,413.4898039446739,999
2024-09-18 10:44:40.802,413.4876338880733,5
2024-09-18 10:44:40.840,413.4831767658773,995
2024-09-18 10:44:40.849,413.4825717157845,103
2024-09-18 10:44:40.964,413.4975459470574,8
2024-09-18 10:44:41.123,413.514807710485,999
2024-09-18 10:44:41.142,413.5136527512125,1001
2024-09-18 10:44:41.172,413.4996247239049,97
2024-09-18 10:44:41.212,413.4961700863376,11
2024-09-18 10:44:41.411,413.5116386615768,105
2024-09-18 10:44:41.533,413.5024021085093,98
2024-09-18 10:44:41.815,413.51322648714864,12
2024-09-18 10:44:41.857,413.4984621243178,5
2024-09-18 10:44:41.914,413.513814057652,98
2024-09-18 10:44:42.068,413.5320813387213,12
2024-09-18 10:44:42.209,413.5390515148128,103
2024-09-18 10:44:42.543,413.5165396286819,12
2024-09-18 10:44:42.794,413.5132528149616,6
2024-09-18 10:44:44.008,413.5172988071145,8
2024-09-18 10:44:44.036,413.5230591671991,12
2024-09-18 10:44:44.118,413.50868080021104,11
2024-09-18 10:44:44.137,413.52175862110136,10
2024-09-18 10:44:44.369,413.4989667463417,1001
2024-09-18 10:44:44.370,413.475962318545,100
2024-09-18 10:44:44.441,413.4996438527892,100
2024-09-18 10:44:44.448,413.5430374511376,14
2024-09-18 10:44:44.505,413.50264828075,12
2024-09-18 10:44:44.796,413.5185086859207,997
2024-09-18 10:44:44.852,413.50433636846833,1005
2024-09-18 10:44:44.852,413.5274428141997,6
2024-09-18 10:44:44.891,413.5249616066863,101
2024-09-18 10:44:44.979,413.50462115745455,103
2024-09-18 10:44:45.008,413.44375058342337,13
2024-09-18 10:44:45.063,413.4844514860852,102
2024-09-18 10:44:45.072,413.472289668423,6
2024-09-18 10:44:45.099,413.4717084411939,996
2024-09-18 10:44:45.179,413.4771389242511,7
2024-09-18 10:44:45.227,413.482203295039,101
2024-09-18 10:44:45.236,413.49407148802624,9
2024-09-18 10:44:45.455,413.4842494240018,997
2024-09-18 10:44:45.458,413.4893324741878,105
2024-09-18 10:44:45.468,413.47940704721617,103
2024-09-18 10:44:45.509,413.47702627221423,99
2024-09-18 10:44:45.551,413.4804742115887,103
2024-09-18 10:44:45.579,413.4916669180635,1002
2024-09-18 10:44:45.634,413.4788926675657,13
2024-09-18 10:44:45.669,413.4947042674206,1002
2024-09-18 10:44:45.736,413.4422292827704,1005
2024-09-18 10:44:45.760,413.49423135939054,1002
2024-09-18 10:44:45.770,413.5009577703293,14
2024-09-18 10:44:45.815,413.48712964287,997
2024-09-18 10:44:45.834,413.5025083550192,9
2024-09-18 10:44:45.862,413.47878192424514,5
2024-09-18 10:44:45.867,413.4850206303733,96
2024-09-18 10:44:45.903,413.43789797468,1005
2024-09-18 10:44:45.930,413.4962511157229,1004
2024-09-18 10:44:46.254,413.4286890470413,96
2024-09-18 10:44:46.424,413.4416956152562,999
2024-09-18 10:44:46.591,41.34384757466418,97
2024-09-18 10:44:46.786,413.427727549212,12
2024-09-18 10:44:47.044,413.46229221466814,1004
2024-09-18 10:44:47.088,413.4405060622656,12
2024-09-18 10:44:47.131,413.4958725562692,997
2024-09-18 10:44:47.151,413.474359709216,9
2024-09-18 10:44:47.232,413.4973575927436,10
2024-09-18 10:44:47.278,413.50312910344354,13
2024-09-18 10:44:47.388,413.5002574731537,8
2024-09-18 10:44:47.396,413.4345922521383,996
2024-09-18 10:44:47.442,413.42662846874174,6
2024-09-18 10:44:47.555,413.4533538203616,105
2024-09-18 10:44:47.571,413.4201651236186,996
2024-09-18 10:44:47.625,413.4932411983255,9
2024-09-18 10:44:47.698,413.4931549364684,6
2024-09-18 10:44:47.746,413.5074935393206,1001
2024-09-18 10:44:47.771,413.49365758844925,996
2024-09-18 10:44:47.852,41.34319515331406,998
2024-09-18 10:44:47.936,413.4241682659024,101
2024-09-18 10:44:47.951,413.5067925214806,5
2024-09-18 10:44:47.993,413.43302805899,995
2024-09-18 10:44:48.205,,997
2024-09-18 10:44:48.320,413.5456472614809,5
2024-09-18 10:44:48.606,413.5182068521525,101
2024-09-18 10:44:48.706,413.5339712033425,5
2024-09-18 10:44:48.938,413.4972527968548,99
2024-09-18 10:44:49.332,413.5452291265413,100
2024-09-18 10:44:49.410,413.5418660098788,996
2024-09-18 10:44:49.684,413.5296344066613,1003
2024-09-18 10:44:49.799,413.5437893553367,99
2024-09-18 10:44:50.025,413.5341951143433,101
2024-09-18 10:44:50.027,413.5199852870046,1005
2024-09-18 10:44:50.053,413.5303770046021,6
2024-09-18 10:44:50.177,413.5184926822981,7
2024-09-18 10:44:50.297,413.5344813587162,97
2024-09-18 10:44:50.399,413.5358131038495,8
2024-09-18 10:44:50.519,413.5169818808327,101
2024-09-18 10:44:50.591,413.5042407081093,996
2024-09-18 10:44:50.670,413.5093922202908,14
2024-09-18 10:44:50.674,413.524654320957,13
2024-09-18 10:44:50.704,413.51253947833385,98
2024-09-18 10:44:50.734,413.5007816384443,13
2024-09-18 10:44:50.765,413.5152616859881,103
2024-09-18 10:44:50.832,413.5065096186103,995
2024-09-18 10:44:50.932,413.5283065843554,1003
2024-09-18 10:44:50.953,413.5291104825986,1001
2024-09-18 10:44:51.023,413.5022011011112,1004
2024-09-18 10:44:51.111,413.539553564498,104
2024-09-18 10:44:51.259,413.5651719503397,6
2024-09-18 10:44:51.264,413.5097588708516,96
2024-09-18 10:44:51.302,41.35709560302735,996
2024-09-18 10:44:51.348,413.574033615753,99
2024-09-18 10:44:51.372,413.5486651954672,99
2024-09-18 10:44:51.474,413.55787646895885,1004
2024-09-18 10:44:51.491,413.52611765509295,14
2024-09-18 10:44:51.552,413.5690447003876,97
2024-09-18 10:44:51.630,413.492314548013,1000
2024-09-18 10:44:51.650,413.5119765762853,14
2024-09-18 10:44:51.656,413.5436280805522,997
2024-09-18 10:44:51.764,413.5049900609485,96
2024-09-18 10:44:51.889,413.56116851291625,999
2024-09-18 10:44:51.935,413.50283004846943,996
2024-09-18 10:44:51.942,413.5634236361184,1003
2024-09-18 10:44:52.678,413.5773221719844,1004
2024-09-18 10:44:52.702,413.589892424628,99
2024-09-18 10:44:52.908,413.5798566114679,101
2024-09-18 10:44:53.077,413.60246456438944,1002
2024-09-18 10:44:53.106,413.5541601408839,1001
2024-09-18 10:44:53.133,413.5844977399802,6
2024-09-18 10:44:53.187,413.53576315965154,105
2024-09-18 10:44:53.199,413.4909443292161,96
2024-09-18 10:44:53.238,413.5802062615607,997
2024-09-18 10:44:53.251,413.5274822460907,15
2024-09-18 10:44:53.268,413.5256788483991,102
2024-09-18 10:44:53.276,413.5548862541452,997
2024-09-18 10:44:53.290,413.5941022059684,99
2024-09-18 10:44:53.296,413.5265552564634,103
2024-09-18 10:44:53.317,413.53476624979095,96
2024-09-18 10:44:53.377,413.5438410708878,15
2024-09-18 10:44:53.425,413.593445463532,998
2024-09-18 10:44:53.477,413.5441004281823,1003
2024-09-18 10:44:53.567,413.5573839265303,103
2024-09-18 10:44:53.661,413.5508856970183,1003
2024-09-18 10:44:53.765,413.5353529775147,10
2024-09-18 10:44:53.825,413.56334216514455,104
2024-09-18 10:44:53.838,413.50980632741897,100
2024-09-18 10:44:53.924,413.5317266681047,11
2024-09-18 10:44:53.972,413.546944402108,95
2024-09-18 10:44:54.055,413.5042929984694,996
2024-09-18 10:44:54.077,413.42554928038834,15
2024-09-18 10:44:54.098,413.42199815977926,1004
2024-09-18 10:44:54.215,413.4848419352084,98
2024-09-18 10:44:54.393,413.4231150129341,1003
2024-09-18 10:44:54.498,413.4413757569595,1005
2024-09-18 10:44:54.579,413.4302039076479,1002
2024-09-18 10:44:54.637,413.4200412013028,12
2024-09-18 10:44:54.703,413.50165319632254,1004
2024-09-18 10:44:54.716,413.5040836388546,15
2024-09-18 10:44:54.721,413.4108660042973,103
2024-09-18 10:44:54.754,413.510241411223,995
2024-09-18 10:44:54.775,413.50173520411295,103
2024-09-18 10:44:54.778,413.4595319024862,11
2024-09-18 10:44:54.819,413.50668209009706,104
2024-09-18 10:44:54.833,413.4303965421989,12
2024-09-18 10:44:54.863,413.41687072929807,5
2024-09-18 10:44:54.867,413.5090693594641,14
2024-09-18 10:44:54.949,413.50273574176566,999
2024-09-18 10:44:54.976,413.4866200621783,1004
2024-09-18 10:44:55.003,413.4236475356663,15
2024-09-18 10:44:55.058,413.4320862720583,103
2024-09-18 10:44:55.207,413.429470427673,999
2024-09-18 10:44:55.243,413.41878531159466,1003
2024-09-18 10:44:55.291,413.42184397074107,14
2024-09-18 10:44:55.322,413.4341311343319,8
2024-09-18 10:44:55.345,413.41005749856856,999
2024-09-18 10:44:55.477,413.40517677590685,1005
2024-09-18 10:44:55.484,413.4064789205641,104
2024-09-18 10:44:55.505,413.424542603256,100
2024-09-18 10:44:55.549,413.42515386038326,102
2024-09-18 10:44:55.614,41.34449356441286,5
2024-09-18 10:44:55.632,413.4136148279785,101
2024-09-18 10:44:55.663,413.4301383777892,102
2024-09-18 10:44:55.755,413.4479300194199,98
2024-09-18 10:44:55.771,413.4311518777458,1005
2024-09-18 10:44:55.797,413.4165873664519,102
2024-09-18 10:44:55.804,413.4059837851305,11
2024-09-18 10:44:55.824,413.4246164380572,11
2024-09-18 10:44:55.904,,7
2024-09-18 10:44:55.969,413.4435721992429,7
2024-09-18 10:44:55.976,413.4412348918676,13
2024-09-18 10:44:56.356,413.38668538609807,97
2024-09-18 10:44:57.094,413.3747982712326,8
2024-09-18 10:44:57.202,413.4313999236469,10
2024-09-18 10:44:57.255,413.4091417783338,95
2024-09-18 10:44:57.622,413.4111025087531,999
2024-09-18 10:44:57.832,413.39384294413,97
2024-09-18 10:44:57.924,413.37425664136566,8
2024-09-18 10:44:57.998,413.414223018208,999
2024-09-18 10:44:58.720,413.422604446379,6
2024-09-18 10:44:58.797,413.400303578921,999
2024-09-18 10:44:58.875,,15
2024-09-18 10:44:58.953,413.4111007309008,997
2024-09-18 10:44:59.343,413.39335263822215,8
2024-09-18 10:44:59.824,413.4294747831015,9
2024-09-18 10:44:59.864,413.4112268494664,1002
