Timestamp,Price,Size
2024-09-16 14:44:00.652,415.7533102403736,997
2024-09-16 14:44:00.675,415.75151423403065,996
2024-09-16 14:44:00.785,415.7551588242444,96
2024-09-16 14:44:01.024,415.7128458351017,998
2024-09-16 14:44:01.146,415.7392644406076,97
2024-09-16 14:44:01.228,415.73917094983545,13
2024-09-16 14:44:01.342,415.7620616368175,103
2024-09-16 14:44:01.860,415.7290888192782,103
2024-09-16 14:44:01.910,415.7349441640922,1001
2024-09-16 14:44:01.959,419.86903720204776,97
2024-09-16 14:44:02.161,415.74326550470494,102
2024-09-16 14:44:02.281,415.7195837984454,14
2024-09-16 14:44:02.724,415.7070630723241,1000
2024-09-16 14:44:02.981,419.8616088851829,1003
2024-09-16 14:44:03.038,415.70108284188376,1002
2024-09-16 14:44:03.073,415.6758924750831,9
2024-09-16 14:44:03.150,415.6847273505776,7
2024-09-16 14:44:03.251,415.6716707267228,11
2024-09-16 14:44:03.278,415.687247124885,105
2024-09-16 14:44:03.324,415.6833718476527,14
2024-09-16 14:44:03.393,415.687060161032,14
2024-09-16 14:44:03.405,415.6683937833693,102
2024-09-16 14:44:03.439,415.6505990918975,1003
2024-09-16 14:44:03.481,415.6615851505125,105
2024-09-16 14:44:03.481,415.694692201098,1002
2024-09-16 14:44:03.509,415.639808819694,999
2024-09-16 14:44:03.537,415.6886724582144,14
2024-09-16 14:44:03.568,415.698221237236,103
2024-09-16 14:44:03.575,415.67471640783,996
2024-09-16 14:44:03.669,415.6803378341855,5
2024-09-16 14:44:03.722,415.6744137904926,1003
2024-09-16 14:44:03.769,415.6806016013703,105
2024-09-16 14:44:03.782,415.6607255215551,6
2024-09-16 14:44:03.920,415.6963850916172,104
2024-09-16 14:44:03.941,415.6886013941148,97
2024-09-16 14:44:03.968,415.64805064692905,95
2024-09-16 14:44:03.998,415.6869210983938,1002
2024-09-16 14:44:04.256,415.6259792317462,6
2024-09-16 14:44:04.328,415.6178878325504,5
2024-09-16 14:44:04.333,415.5889184259212,7
2024-09-16 14:44:04.566,415.6005178215112,14
2024-09-16 14:44:04.725,415.628978066857,5
2024-09-16 14:44:04.848,415.6118664820689,99
2024-09-16 14:44:04.876,415.6511358159856,98
2024-09-16 14:44:04.962,415.6159819299679,1004
2024-09-16 14:44:04.992,415.6179812118669,14
2024-09-16 14:44:04.997,415.591419558324,99
2024-09-16 14:44:05.086,415.5371055690815,1000
2024-09-16 14:44:05.096,415.5549935282891,15
2024-09-16 14:44:05.116,415.5529154578626,10
2024-09-16 14:44:05.141,415.5603064551676,96
2024-09-16 14:44:05.144,415.5407135167442,7
2024-09-16 14:44:05.335,415.58204952120553,999
2024-09-16 14:44:05.390,415.5467649396707,1002
2024-09-16 14:44:05.437,415.5477050180866,1003
2024-09-16 14:44:05.590,415.57437892572665,997
2024-09-16 14:44:05.683,415.5848144815747,995
2024-09-16 14:44:05.826,415.5543276197095,996
2024-09-16 14:44:06.202,415.524553629618,1000
2024-09-16 14:44:06.267,415.565363237605,12
2024-09-16 14:44:06.332,415.5520176508434,10
2024-09-16 14:44:06.333,415.5339850157108,997
2024-09-16 14:44:06.441,415.5416903103296,10
2024-09-16 14:44:06.470,415.5496770999233,95
2024-09-16 14:44:06.477,415.5551819755428,5
2024-09-16 14:44:06.804,415.5588915406941,8
2024-09-16 14:44:06.817,415.5651730146036,1003
2024-09-16 14:44:06.829,415.5787924957476,15
2024-09-16 14:44:06.847,415.53676679670616,97
2024-09-16 14:44:06.924,415.5571209621553,103
2024-09-16 14:44:06.995,415.5566518517692,103
2024-09-16 14:44:07.055,415.5349929438573,1004
2024-09-16 14:44:07.101,415.542920168022,11
2024-09-16 14:44:07.150,415.5227282514201,1001
2024-09-16 14:44:07.224,415.5313664791088,98
2024-09-16 14:44:07.254,415.5249090984896,101
2024-09-16 14:44:07.273,415.525915278591,104
2024-09-16 14:44:07.294,415.5277848214597,97
2024-09-16 14:44:07.374,419.95149883541154,95
2024-09-16 14:44:07.533,415.5322151843322,11
2024-09-16 14:44:07.630,415.5421180847002,1002
2024-09-16 14:44:07.804,415.5356333984213,103
2024-09-16 14:44:07.829,415.5121950614393,98
2024-09-16 14:44:07.940,415.52978971708296,13
2024-09-16 14:44:08.023,415.64207219947934,999
2024-09-16 14:44:08.095,415.6207108387469,7
2024-09-16 14:44:08.106,415.6086861522069,1003
2024-09-16 14:44:08.120,415.6419765991971,96
2024-09-16 14:44:08.227,415.5523098558827,96
2024-09-16 14:44:08.309,415.5395104489071,105
2024-09-16 14:44:08.341,415.5462110713391,97
2024-09-16 14:44:08.355,415.5716634734528,1002
2024-09-16 14:44:08.404,415.5561467706781,1003
2024-09-16 14:44:08.425,415.6046173884746,999
2024-09-16 14:44:08.457,415.518834264208,99
2024-09-16 14:44:08.475,,1004
2024-09-16 14:44:08.492,415.5918741699346,996
2024-09-16 14:44:08.527,415.5372278307447,15
2024-09-16 14:44:08.535,415.6265627489482,12
2024-09-16 14:44:08.570,415.55610873477264,1001
2024-09-16 14:44:08.583,415.5442502851859,10
2024-09-16 14:44:08.624,415.6312829620582,100
2024-09-16 14:44:08.659,415.5702332827668,98
2024-09-16 14:44:08.794,415.63236952728425,97
2024-09-16 14:44:08.812,415.5397779181324,96
2024-09-16 14:44:08.831,415.6339514881565,103
2024-09-16 14:44:08.857,415.5705246464855,995
2024-09-16 14:44:08.859,415.6215838257462,97
2024-09-16 14:44:08.859,415.52528859599056,11
2024-09-16 14:44:08.927,415.59965266110095,96
2024-09-16 14:44:08.930,415.6374841701248,104
2024-09-16 14:44:08.972,415.5418656173195,995
2024-09-16 14:44:09.012,415.6189356906947,7
2024-09-16 14:44:09.013,415.6337980823839,96
2024-09-16 14:44:09.062,415.6462281129671,5
2024-09-16 14:44:09.071,415.6415346533749,1005
2024-09-16 14:44:09.289,415.6470285918377,103
2024-09-16 14:44:09.521,415.6489783997161,105
2024-09-16 14:44:09.584,415.6289165921307,99
2024-09-16 14:44:09.715,415.652669455912,95
2024-09-16 14:44:09.741,415.6190504863919,1000
2024-09-16 14:44:10.004,415.65346147366137,998
2024-09-16 14:44:10.058,415.611416902595,98
2024-09-16 14:44:10.074,415.6302120550749,1004
2024-09-16 14:44:10.111,415.6579297175237,999
2024-09-16 14:44:10.123,415.712425259787,1002
2024-09-16 14:44:10.196,415.7105957454387,14
2024-09-16 14:44:10.257,415.697538824678,103
2024-09-16 14:44:10.365,415.6201270188934,11
2024-09-16 14:44:10.379,415.642685477507,997
2024-09-16 14:44:10.410,415.6268958241533,11
2024-09-16 14:44:10.470,415.6312346887537,96
2024-09-16 14:44:10.652,415.7159616903467,1002
2024-09-16 14:44:10.671,415.6745700724435,999
2024-09-16 14:44:10.680,415.7110412301574,10
2024-09-16 14:44:10.765,415.7277432281867,95
2024-09-16 14:44:10.769,415.6385028411193,7
2024-09-16 14:44:10.952,415.70778014735487,98
2024-09-16 14:44:11.085,415.8426368987155,1000
2024-09-16 14:44:11.144,415.8267704120737,96
2024-09-16 14:44:11.155,415.8314436628266,95
2024-09-16 14:44:11.243,415.8588024813045,97
2024-09-16 14:44:11.253,415.7543007240662,1002
2024-09-16 14:44:11.326,415.8432442699384,100
2024-09-16 14:44:11.401,415.813671060268,97
2024-09-16 14:44:11.474,415.7946349036882,6
2024-09-16 14:44:11.516,415.8684529216896,100
2024-09-16 14:44:11.698,,997
2024-09-16 14:44:11.737,415.78373712907353,99
2024-09-16 14:44:11.829,415.84052324759176,7
2024-09-16 14:44:11.943,415.82746033664415,8
2024-09-16 14:44:11.964,415.7310209447628,999
2024-09-16 14:44:11.983,415.8311724660005,1000
2024-09-16 14:44:12.159,415.8723631114368,102
2024-09-16 14:44:12.397,415.8381083859292,100
2024-09-16 14:44:12.482,415.8350235204381,996
2024-09-16 14:44:12.755,-415.87336119545216,103
2024-09-16 14:44:12.863,419.8938003910741,1002
2024-09-16 14:44:13.003,419.8914767956522,105
2024-09-16 14:44:13.064,415.9300171422332,1000
2024-09-16 14:44:13.114,415.87789550266336,998
2024-09-16 14:44:13.275,415.9020318246569,100
2024-09-16 14:44:13.498,415.9096209110567,100
2024-09-16 14:44:13.577,415.9242404280877,95
2024-09-16 14:44:13.647,415.9291829711777,103
2024-09-16 14:44:13.847,415.9508148590292,1003
2024-09-16 14:44:14.140,415.9643823791481,11
2024-09-16 14:44:14.149,415.9367535692592,5
2024-09-16 14:44:14.239,415.9709786651359,101
2024-09-16 14:44:14.262,415.97939476644,1001
2024-09-16 14:44:14.325,415.957497128284,12
2024-09-16 14:44:14.352,415.9624489651312,11
2024-09-16 14:44:14.375,415.95238976850266,96
2024-09-16 14:44:14.383,415.9690747052191,1002
2024-09-16 14:44:14.424,415.9572455746601,997
2024-09-16 14:44:14.492,415.9686234687405,1003
2024-09-16 14:44:14.520,415.9768991171045,12
2024-09-16 14:44:14.920,415.970790717697,6
2024-09-16 14:44:14.931,415.9477803100006,995
2024-09-16 14:44:15.324,415.97705757287696,102
2024-09-16 14:44:15.520,415.9790255894405,1004
2024-09-16 14:44:15.746,415.97408767065167,96
2024-09-16 14:44:15.755,415.9432131131789,7
2024-09-16 14:44:16.100,415.93536018524577,11
2024-09-16 14:44:16.294,415.9694446946822,9
2024-09-16 14:44:16.330,415.9381802300805,8
2024-09-16 14:44:16.336,415.93662600498055,105
2024-09-16 14:44:16.355,415.928825554672,13
2024-09-16 14:44:16.371,415.9357398714556,98
2024-09-16 14:44:16.395,415.91720337785233,105
2024-09-16 14:44:16.441,415.9431607855625,15
2024-09-16 14:44:16.505,415.9251027538161,100
2024-09-16 14:44:16.521,415.95471092341546,996
2024-09-16 14:44:16.539,415.9356159653661,13
2024-09-16 14:44:16.629,415.91289428960295,6
2024-09-16 14:44:16.674,415.9466082127147,104
2024-09-16 14:44:16.675,415.95449649021634,11
2024-09-16 14:44:16.703,415.9254247231431,100
2024-09-16 14:44:16.709,415.9692778066865,997
2024-09-16 14:44:16.781,415.9694790844909,96
2024-09-16 14:44:16.815,415.9731570987262,6
2024-09-16 14:44:16.821,415.9111811023238,8
2024-09-16 14:44:16.877,415.9611547595876,102
2024-09-16 14:44:16.939,415.9253379551657,95
2024-09-16 14:44:16.960,415.9173841008516,1005
2024-09-16 14:44:16.980,415.9513315455941,12
2024-09-16 14:44:16.982,415.91556350174426,15
2024-09-16 14:44:16.996,415.9741967551682,97
2024-09-16 14:44:17.055,415.99355880707486,995
2024-09-16 14:44:17.068,415.9452066339602,1005
2024-09-16 14:44:17.115,415.9747109166356,998
2024-09-16 14:44:17.174,415.95005953183886,1001
2024-09-16 14:44:17.205,415.9376833946092,101
2024-09-16 14:44:17.210,415.9431644982005,96
2024-09-16 14:44:17.229,415.92355423916285,5
2024-09-16 14:44:17.309,415.921451882536,104
2024-09-16 14:44:17.395,415.9795201814786,96
2024-09-16 14:44:17.405,415.9194430832333,5
2024-09-16 14:44:17.427,415.9093616191871,7
2024-09-16 14:44:17.431,415.9017648317805,5
2024-09-16 14:44:17.445,415.92984077885234,12
2024-09-16 14:44:17.479,415.9570550636489,15
2024-09-16 14:44:17.522,415.9545213088254,996
2024-09-16 14:44:17.563,415.9507006318333,1003
2024-09-16 14:44:17.573,415.94224587047313,998
2024-09-16 14:44:17.654,415.9497488803477,1004
2024-09-16 14:44:17.685,415.93933164585326,99
2024-09-16 14:44:17.721,415.9379568804532,9
2024-09-16 14:44:17.867,415.939863932239,1003
2024-09-16 14:44:17.936,415.9532728444155,7
2024-09-16 14:44:17.951,415.9513370988711,1000
2024-09-16 14:44:17.951,415.9054463993112,1004
2024-09-16 14:44:17.956,415.9512625127646,1005
2024-09-16 14:44:17.964,415.9882171785011,999
2024-09-16 14:44:17.992,415.9324574388354,99
2024-09-16 14:44:18.062,415.9629740341173,98
2024-09-16 14:44:18.205,416.0101300138451,1003
2024-09-16 14:44:18.249,415.9768132587607,1001
2024-09-16 14:44:18.348,415.95789623064064,995
2024-09-16 14:44:18.370,415.96875979340143,1005
2024-09-16 14:44:18.386,415.9712000351837,103
2024-09-16 14:44:18.392,415.9617104228197,13
2024-09-16 14:44:18.455,415.9508443209209,103
2024-09-16 14:44:18.576,415.94137289147375,104
2024-09-16 14:44:18.641,416.0104579494613,103
2024-09-16 14:44:18.664,416.01577140709736,6
2024-09-16 14:44:18.686,415.955585812303,1005
2024-09-16 14:44:18.720,415.9549345497601,1000
2024-09-16 14:44:18.758,415.9872859552283,100
2024-09-16 14:44:18.768,416.00294878374166,999
2024-09-16 14:44:18.788,416.00965455964376,102
2024-09-16 14:44:18.789,416.0024305339032,97
2024-09-16 14:44:18.797,416.0060833569368,1001
2024-09-16 14:44:18.801,415.9393870474729,105
2024-09-16 14:44:18.825,415.9312212122316,1005
2024-09-16 14:44:18.908,41.60197382594217,98
2024-09-16 14:44:18.947,415.9709526230391,1002
2024-09-16 14:44:19.043,415.9940459607626,12
2024-09-16 14:44:19.051,415.96730225339184,8
2024-09-16 14:44:19.268,416.0036623866611,103
2024-09-16 14:44:19.431,415.9744225800122,1001
2024-09-16 14:44:19.491,415.9651354559539,10
2024-09-16 14:44:19.837,415.9607979414539,998
2024-09-16 14:44:19.907,415.9869991177009,10
2024-09-16 14:44:20.031,415.8600835877127,105
2024-09-16 14:44:20.063,415.9924187840373,99
2024-09-16 14:44:20.121,415.9606459378087,105
2024-09-16 14:44:20.156,415.9950077774149,95
2024-09-16 14:44:20.193,415.91501801123417,1001
2024-09-16 14:44:20.221,415.98261472477975,7
2024-09-16 14:44:20.225,415.8549954761357,100
2024-09-16 14:44:20.249,415.8910113531407,98
2024-09-16 14:44:20.321,415.9121616245389,12
2024-09-16 14:44:20.369,-415.8709215243643,103
2024-09-16 14:44:20.375,415.9503399235272,1000
2024-09-16 14:44:20.378,416.0042347342857,101
2024-09-16 14:44:20.422,415.9126428041645,5
2024-09-16 14:44:20.467,415.9806851290426,9
2024-09-16 14:44:20.580,415.8749651050835,1000
2024-09-16 14:44:20.592,415.9792123575834,6
2024-09-16 14:44:20.618,415.9758559747153,998
2024-09-16 14:44:20.627,416.0015746301064,96
2024-09-16 14:44:20.682,415.8831163458939,11
2024-09-16 14:44:20.693,415.8780644166235,95
2024-09-16 14:44:20.775,415.94126203184055,999
2024-09-16 14:44:20.781,415.8874246222413,997
2024-09-16 14:44:20.801,415.9895449827496,103
2024-09-16 14:44:20.877,416.0140048952324,14
2024-09-16 14:44:21.019,415.8477100538509,95
2024-09-16 14:44:21.021,415.84315697252106,14
2024-09-16 14:44:21.047,415.8618684703983,96
2024-09-16 14:44:21.133,415.85122299736577,14
2024-09-16 14:44:21.136,415.8563485952204,14
2024-09-16 14:44:21.137,415.8525444873521,997
2024-09-16 14:44:21.152,415.8653816116763,104
2024-09-16 14:44:21.165,415.871579470839,105
2024-09-16 14:44:21.242,415.8922791540336,11
2024-09-16 14:44:21.304,415.86054195405166,9
2024-09-16 14:44:21.304,415.8896612357715,9
2024-09-16 14:44:21.310,415.8650890988754,15
2024-09-16 14:44:21.404,415.887674547063,9
2024-09-16 14:44:21.435,415.8780057503226,14
2024-09-16 14:44:21.459,415.831731745257,998
2024-09-16 14:44:21.462,415.86119167168965,1001
2024-09-16 14:44:21.525,415.8596640964444,102
2024-09-16 14:44:21.531,415.8402993385852,1003
2024-09-16 14:44:21.540,415.86850688133984,5
2024-09-16 14:44:21.621,415.869706218245,100
2024-09-16 14:44:21.663,415.8582208828053,97
2024-09-16 14:44:21.722,415.8722181526159,1005
2024-09-16 14:44:21.744,415.8466528349012,96
2024-09-16 14:44:21.808,415.86501552261154,100
2024-09-16 14:44:21.953,415.8799440387709,9
2024-09-16 14:44:22.330,415.8910994031421,103
2024-09-16 14:44:22.509,415.8603623684892,95
2024-09-16 14:44:22.528,415.884566431581,12
2024-09-16 14:44:22.603,415.8740659683237,13
2024-09-16 14:44:22.851,415.8904145987041,1002
2024-09-16 14:44:23.123,415.89902630378543,999
2024-09-16 14:44:23.159,415.8745233083188,11
2024-09-16 14:44:23.339,415.8928958477242,101
2024-09-16 14:44:23.344,415.86682706992,7
2024-09-16 14:44:23.360,415.8847138208092,997
2024-09-16 14:44:23.486,415.8610470978826,1002
2024-09-16 14:44:23.530,415.87161766521314,1004
2024-09-16 14:44:23.667,415.8980677147285,1000
2024-09-16 14:44:23.770,415.8913817526869,1003
2024-09-16 14:44:23.775,415.8946014408916,1000
2024-09-16 14:44:23.808,415.8994767406965,101
2024-09-16 14:44:23.823,415.8991702484578,998
2024-09-16 14:44:23.859,415.9174605082327,15
2024-09-16 14:44:23.890,415.8738039768873,995
2024-09-16 14:44:23.939,415.87722987748526,8
2024-09-16 14:44:24.076,415.8537269559628,14
2024-09-16 14:44:24.082,415.8800078987133,1001
2024-09-16 14:44:24.141,415.8723980994733,15
2024-09-16 14:44:24.158,415.84881611370525,8
2024-09-16 14:44:24.165,415.89342606195993,10
2024-09-16 14:44:24.255,41.58728964014051,102
2024-09-16 14:44:24.270,415.8318525099176,1000
2024-09-16 14:44:24.313,415.8715046719917,101
2024-09-16 14:44:24.356,415.8490959627866,99
2024-09-16 14:44:24.400,415.8653526414735,1002
2024-09-16 14:44:24.400,415.8815736763152,1000
2024-09-16 14:44:24.525,415.8706403733149,7
2024-09-16 14:44:24.547,415.8701948319329,995
2024-09-16 14:44:24.556,415.8730429646093,102
2024-09-16 14:44:24.649,415.8662370282292,98
2024-09-16 14:44:24.689,415.85992167150494,997
2024-09-16 14:44:24.693,415.874298203985,105
2024-09-16 14:44:24.708,415.8961819428532,104
2024-09-16 14:44:24.755,415.8880723801813,97
2024-09-16 14:44:24.758,415.8772459536767,96
2024-09-16 14:44:24.769,415.8876380958519,96
2024-09-16 14:44:24.795,415.872864334237,1004
2024-09-16 14:44:24.797,415.9049704183827,13
2024-09-16 14:44:24.817,415.8586266473652,13
2024-09-16 14:44:24.840,415.8629785046544,998
2024-09-16 14:44:24.895,415.8797599686654,104
2024-09-16 14:44:24.919,415.8580868942669,97
2024-09-16 14:44:25.047,415.860260260974,100
2024-09-16 14:44:25.359,415.8531379996223,100
2024-09-16 14:44:25.576,415.8643456130625,996
2024-09-16 14:44:26.096,415.8610310165187,1005
2024-09-16 14:44:26.102,415.8495353246921,103
2024-09-16 14:44:26.150,415.86493956847545,1004
2024-09-16 14:44:26.168,415.8499874600861,996
2024-09-16 14:44:26.188,415.87690736820537,995
2024-09-16 14:44:26.563,415.86318991957336,13
2024-09-16 14:44:26.743,415.8793994366235,997
2024-09-16 14:44:26.833,415.8312268380876,10
2024-09-16 14:44:26.852,415.84739134775725,97
2024-09-16 14:44:26.986,415.86101091874633,1000
2024-09-16 14:44:27.225,415.8423846295572,97
2024-09-16 14:44:27.569,415.8293143903922,5
2024-09-16 14:44:27.681,415.81021799932535,14
2024-09-16 14:44:27.711,415.8246096118417,102
2024-09-16 14:44:27.712,41.582773072577936,6
2024-09-16 14:44:27.755,415.8424949572277,13
2024-09-16 14:44:27.804,415.8381854788054,14
2024-09-16 14:44:27.823,415.81805853282407,11
2024-09-16 14:44:27.838,415.8304634495972,10
2024-09-16 14:44:27.951,415.8082665401328,101
2024-09-16 14:44:28.081,415.8431249748128,97
2024-09-16 14:44:28.409,415.8259398256788,97
2024-09-16 14:44:29.023,415.8651978685501,10
2024-09-16 14:44:29.042,415.8276829936872,105
2024-09-16 14:44:29.078,415.84586334645263,1005
2024-09-16 14:44:29.120,415.8335349385162,98
2024-09-16 14:44:29.174,415.8329060266453,1004
2024-09-16 14:44:29.223,415.80127009502536,98
2024-09-16 14:44:29.282,415.84279811619433,104
2024-09-16 14:44:29.303,-415.8072352542548,1004
2024-09-16 14:44:29.307,415.81286119716174,1005
2024-09-16 14:44:29.371,415.81278851639047,5
2024-09-16 14:44:29.373,415.8074112975396,1004
2024-09-16 14:44:29.415,415.80360012208735,14
2024-09-16 14:44:29.466,415.81228052882375,998
2024-09-16 14:44:29.503,415.8548997916128,101
2024-09-16 14:44:29.561,415.8083751906587,998
2024-09-16 14:44:29.568,415.814272524908,105
2024-09-16 14:44:29.594,415.8378284893873,995
2024-09-16 14:44:29.596,415.79489997903903,1002
2024-09-16 14:44:29.670,415.84056133459046,7
2024-09-16 14:44:29.741,415.8389032471512,996
2024-09-16 14:44:29.849,415.81145121212296,11
2024-09-16 14:44:29.855,415.8414343685174,12
2024-09-16 14:44:29.867,415.8625314330434,1003
2024-09-16 14:44:29.889,415.8513696735114,997
2024-09-16 14:44:29.926,415.8526999673275,1000
2024-09-16 14:44:29.943,415.8435433530632,996
2024-09-16 14:44:29.946,415.8207330018451,14
2024-09-16 14:44:29.987,415.83620611485065,98
2024-09-16 14:44:29.987,415.8454753250253,1005
2024-09-16 14:44:30.001,415.8078510025797,101
2024-09-16 14:44:30.147,415.8219180851705,1002
2024-09-16 14:44:30.353,415.80466411564777,12
2024-09-16 14:44:30.373,415.790942806282,11
2024-09-16 14:44:30.459,415.81267567664,1001
2024-09-16 14:44:30.531,415.7965503854115,5
2024-09-16 14:44:30.536,415.782669688989,97
2024-09-16 14:44:30.803,415.7987019672074,97
2024-09-16 14:44:30.825,415.7856955362325,9
2024-09-16 14:44:30.833,415.80478861480935,997
2024-09-16 14:44:30.924,415.80853634039937,97
2024-09-16 14:44:31.042,415.8768102098754,101
2024-09-16 14:44:31.069,415.8736033595941,95
2024-09-16 14:44:31.106,415.8535845985991,995
2024-09-16 14:44:31.155,415.887349144949,998
2024-09-16 14:44:31.252,,6
2024-09-16 14:44:31.287,415.80704030091056,1000
2024-09-16 14:44:31.291,415.88341927468576,97
2024-09-16 14:44:31.355,415.8943102029937,102
2024-09-16 14:44:31.433,415.8747899782463,97
2024-09-16 14:44:31.505,415.8529689408262,5
2024-09-16 14:44:31.528,415.8267162079192,11
2024-09-16 14:44:31.530,415.8677448785351,8
2024-09-16 14:44:31.531,415.8569435865578,7
2024-09-16 14:44:31.536,415.8510941255778,1002
2024-09-16 14:44:31.587,415.8672103281767,997
2024-09-16 14:44:31.609,415.8320386645027,7
2024-09-16 14:44:31.650,415.8887400729233,98
2024-09-16 14:44:31.689,415.86776247337167,996
2024-09-16 14:44:31.719,415.8513255031064,8
2024-09-16 14:44:31.730,415.878035386614,998
2024-09-16 14:44:31.748,415.86528352409846,995
2024-09-16 14:44:31.766,415.8629890454721,103
2024-09-16 14:44:31.773,415.8747451075837,11
2024-09-16 14:44:31.813,41.58443907768872,102
2024-09-16 14:44:31.819,415.84739503429904,101
2024-09-16 14:44:31.830,415.81811586523736,995
2024-09-16 14:44:31.894,415.8774856917725,998
2024-09-16 14:44:31.930,415.8805506739784,1004
2024-09-16 14:44:31.940,415.871746159741,995
2024-09-16 14:44:32.095,415.8545718429432,998
2024-09-16 14:44:32.324,415.84658641350535,1004
2024-09-16 14:44:32.451,415.8631898214444,97
2024-09-16 14:44:32.487,415.8650361391731,14
2024-09-16 14:44:32.622,419.86623220867807,15
2024-09-16 14:44:33.048,415.8631690381871,98
2024-09-16 14:44:33.092,415.8860347901276,95
2024-09-16 14:44:33.136,415.8487275070564,1004
2024-09-16 14:44:33.397,415.8672080154676,104
2024-09-16 14:44:33.896,415.8769561278112,6
2024-09-16 14:44:34.021,415.85989192641176,1002
2024-09-16 14:44:34.037,415.86796826962194,6
2024-09-16 14:44:34.104,415.8573523365137,98
2024-09-16 14:44:34.222,415.8510295402179,997
2024-09-16 14:44:34.225,415.8680736208621,5
2024-09-16 14:44:34.347,415.8540294366264,1004
2024-09-16 14:44:34.384,415.85053474323087,7
2024-09-16 14:44:34.399,415.8489231584336,1003
2024-09-16 14:44:34.528,415.8460129408589,998
2024-09-16 14:44:34.530,415.8675172737131,1001
2024-09-16 14:44:34.593,415.8575567311032,12
2024-09-16 14:44:34.689,415.8485377242288,14
2024-09-16 14:44:34.795,415.86893432120496,7
2024-09-16 14:44:34.838,415.8734621985142,5
2024-09-16 14:44:34.923,415.86503429535753,11
2024-09-16 14:44:34.981,415.86892658148713,7
2024-09-16 14:44:34.993,415.8600104550444,101
2024-09-16 14:44:34.998,415.84778738311945,1004
2024-09-16 14:44:35.058,415.8271307439179,14
2024-09-16 14:44:35.069,415.8363079143913,6
2024-09-16 14:44:35.113,415.85632645617824,10
2024-09-16 14:44:35.127,415.84575427639686,96
2024-09-16 14:44:35.260,415.8523176107411,1005
2024-09-16 14:44:35.263,415.8328045696911,1002
2024-09-16 14:44:35.308,415.8156605663977,104
2024-09-16 14:44:35.567,415.8385156899934,999
2024-09-16 14:44:35.598,415.8488176183967,6
2024-09-16 14:44:35.610,415.8227164470346,97
2024-09-16 14:44:35.665,415.8229201704029,6
2024-09-16 14:44:35.694,415.80717146994925,102
2024-09-16 14:44:35.722,415.8216176841107,8
2024-09-16 14:44:35.726,415.8510589867544,995
2024-09-16 14:44:35.732,-415.8707521602458,6
2024-09-16 14:44:35.811,415.8492698995734,1004
2024-09-16 14:44:35.871,415.835873496538,1005
2024-09-16 14:44:35.900,419.7947726543438,1001
2024-09-16 14:44:36.135,415.87573626351445,99
2024-09-16 14:44:36.140,415.8404495134256,8
2024-09-16 14:44:36.217,415.8606558375423,1004
2024-09-16 14:44:36.264,415.8435329336096,104
2024-09-16 14:44:36.294,415.8721957604207,6
2024-09-16 14:44:36.363,415.8130701732431,1000
2024-09-16 14:44:36.463,415.8442283526687,11
2024-09-16 14:44:36.525,415.824105159,105
2024-09-16 14:44:36.570,415.86274376426417,102
2024-09-16 14:44:36.578,415.852086180095,11
2024-09-16 14:44:36.647,415.8448925021937,9
2024-09-16 14:44:36.837,415.8490234818847,996
2024-09-16 14:44:36.873,415.8329704622551,1002
2024-09-16 14:44:36.940,415.8452759159075,100
2024-09-16 14:44:36.978,415.8549401008661,7
2024-09-16 14:44:37.018,415.835563521071,1005
2024-09-16 14:44:37.027,415.8606555934167,98
2024-09-16 14:44:37.034,415.8344715041627,15
2024-09-16 14:44:37.074,415.8591087441646,995
2024-09-16 14:44:37.075,415.86799582759454,102
2024-09-16 14:44:37.114,415.8521052746344,14
2024-09-16 14:44:37.193,415.8265926109152,997
2024-09-16 14:44:37.206,415.8652846535263,1005
2024-09-16 14:44:37.227,415.8413727218971,1000
2024-09-16 14:44:37.256,415.8275879746384,101
2024-09-16 14:44:37.261,415.8714336756091,10
2024-09-16 14:44:37.327,415.8443624956882,101
2024-09-16 14:44:37.417,415.8623629583404,96
2024-09-16 14:44:37.509,415.8529314012155,996
2024-09-16 14:44:37.529,415.84715539019527,96
2024-09-16 14:44:37.532,415.8434006848972,12
2024-09-16 14:44:37.559,415.8046987312242,101
2024-09-16 14:44:37.725,415.81957553210816,1002
2024-09-16 14:44:37.747,415.8256619356821,101
2024-09-16 14:44:37.777,415.868644164463,998
2024-09-16 14:44:37.974,415.8336072454312,97
2024-09-16 14:44:37.996,415.8554243290514,95
2024-09-16 14:44:38.013,415.8325144365541,12
2024-09-16 14:44:38.033,415.7921516568916,998
2024-09-16 14:44:38.307,415.8063753716565,1004
2024-09-16 14:44:38.360,415.8077607569064,995
2024-09-16 14:44:38.431,415.8244326551677,998
2024-09-16 14:44:38.454,415.829468954614,14
2024-09-16 14:44:38.501,415.84067599385554,10
2024-09-16 14:44:38.662,415.8103090587492,8
2024-09-16 14:44:38.667,415.7989396117585,999
2024-09-16 14:44:38.846,415.7956121134839,95
2024-09-16 14:44:39.056,415.7967239948025,997
2024-09-16 14:44:39.381,415.8057454343267,7
2024-09-16 14:44:39.673,415.8015773352834,11
2024-09-16 14:44:39.746,415.8089622585398,100
2024-09-16 14:44:40.055,415.77083800064577,96
2024-09-16 14:44:40.240,415.7936073368244,105
2024-09-16 14:44:40.320,415.768774992542,11
2024-09-16 14:44:40.523,419.6497029582098,99
2024-09-16 14:44:40.813,415.7767023973913,1002
2024-09-16 14:44:40.825,415.7342681126041,995
2024-09-16 14:44:40.907,415.7171963858898,5
2024-09-16 14:44:40.964,415.74823650474445,103
2024-09-16 14:44:41.117,415.71973655346574,11
2024-09-16 14:44:41.204,415.6813173770664,1001
2024-09-16 14:44:41.247,415.68316467372506,996
2024-09-16 14:44:41.247,415.7302792501968,103
2024-09-16 14:44:41.277,419.6510276886349,995
2024-09-16 14:44:41.290,415.74981645784527,102
2024-09-16 14:44:41.309,415.733394590158,1005
2024-09-16 14:44:41.311,415.687366875882,15
2024-09-16 14:44:41.322,415.7507287807237,999
2024-09-16 14:44:41.412,415.7108426089624,96
2024-09-16 14:44:41.423,415.72462588747374,104
2024-09-16 14:44:41.425,415.7050799749542,1002
2024-09-16 14:44:41.431,415.7363044888265,9
2024-09-16 14:44:41.447,415.7298370160682,5
2024-09-16 14:44:41.463,415.7041954965374,8
2024-09-16 14:44:41.527,415.70236067755326,7
2024-09-16 14:44:41.575,415.7086273759538,100
2024-09-16 14:44:41.586,415.69797423575073,1003
2024-09-16 14:44:41.631,415.7159394049651,12
2024-09-16 14:44:41.632,415.7246287768736,101
2024-09-16 14:44:41.638,415.696495715216,9
2024-09-16 14:44:41.702,415.73489427374926,1001
2024-09-16 14:44:41.755,415.6869803633985,1001
2024-09-16 14:44:41.767,415.7072068106866,6
2024-09-16 14:44:41.773,415.7379652340607,101
2024-09-16 14:44:41.796,415.7362836023453,10
2024-09-16 14:44:41.830,415.71196715107465,997
2024-09-16 14:44:41.916,415.7126036699205,6
2024-09-16 14:44:41.946,415.7147831579481,15
2024-09-16 14:44:41.963,415.6993475020603,95
2024-09-16 14:44:41.973,415.6840686510252,999
2024-09-16 14:44:42.265,415.7214952626977,95
2024-09-16 14:44:42.843,415.7206690652904,997
2024-09-16 14:44:43.048,415.7503940521511,1003
2024-09-16 14:44:43.161,415.8008497249892,104
2024-09-16 14:44:43.193,415.7512337010584,102
2024-09-16 14:44:43.199,415.79972676594286,100
2024-09-16 14:44:43.206,415.77836345482376,995
2024-09-16 14:44:43.341,415.7708948748826,998
2024-09-16 14:44:43.351,415.7306117225026,95
2024-09-16 14:44:43.367,415.8103978780092,1005
2024-09-16 14:44:43.388,415.7758668078459,96
2024-09-16 14:44:43.558,415.750096567873,997
2024-09-16 14:44:43.560,415.76502707842377,102
2024-09-16 14:44:43.615,415.80908112633455,99
2024-09-16 14:44:43.628,415.7926010596374,5
2024-09-16 14:44:43.668,415.76483497480456,10
2024-09-16 14:44:43.716,415.7787359125096,97
2024-09-16 14:44:43.722,415.7567312024517,14
2024-09-16 14:44:43.755,415.7338083711056,97
2024-09-16 14:44:43.771,415.77188553266507,6
2024-09-16 14:44:43.793,415.7638734638978,1001
2024-09-16 14:44:43.815,415.77180084855473,95
2024-09-16 14:44:43.838,415.8029814231519,14
2024-09-16 14:44:43.842,415.769920080505,14
2024-09-16 14:44:43.865,415.7481770316654,11
2024-09-16 14:44:43.929,415.81281680976383,996
2024-09-16 14:44:43.932,415.7445665281936,1002
2024-09-16 14:44:43.962,415.7789950154085,996
2024-09-16 14:44:43.970,415.7621812198975,103
2024-09-16 14:44:43.996,415.805654220696,1004
2024-09-16 14:44:43.997,415.760030966411,995
2024-09-16 14:44:44.051,415.8511846462292,103
2024-09-16 14:44:44.077,415.8546623888512,105
2024-09-16 14:44:44.079,415.8590861132806,998
2024-09-16 14:44:44.166,415.86612924667565,95
2024-09-16 14:44:44.230,419.6672570926427,102
2024-09-16 14:44:44.279,415.85849169838514,1001
2024-09-16 14:44:44.289,415.8476794053143,98
2024-09-16 14:44:44.293,415.8787801407357,96
2024-09-16 14:44:44.320,415.8516463633613,95
2024-09-16 14:44:44.382,415.8442211728804,102
2024-09-16 14:44:44.388,415.8495124206661,13
2024-09-16 14:44:44.391,415.8562449315478,15
2024-09-16 14:44:44.406,415.8972026402079,13
2024-09-16 14:44:44.423,415.8541212165737,1005
2024-09-16 14:44:44.429,415.8752507115776,98
2024-09-16 14:44:44.438,415.8507704837208,95
2024-09-16 14:44:44.440,415.8643709181254,13
2024-09-16 14:44:44.450,415.86361154410935,103
2024-09-16 14:44:44.463,415.8560456112839,9
2024-09-16 14:44:44.474,415.8795114362862,13
2024-09-16 14:44:44.525,415.8610136208892,998
2024-09-16 14:44:44.567,415.8559576948568,999
2024-09-16 14:44:44.582,415.8745137091634,995
2024-09-16 14:44:44.611,415.86281953077537,6
2024-09-16 14:44:44.645,415.8574826511551,999
2024-09-16 14:44:44.698,415.8552028851374,995
2024-09-16 14:44:44.849,415.8674968196173,1000
2024-09-16 14:44:44.857,415.8586889364244,15
2024-09-16 14:44:44.881,415.8672995365578,8
2024-09-16 14:44:44.919,415.85091436825854,99
2024-09-16 14:44:44.980,415.8775519472336,1001
2024-09-16 14:44:45.181,415.9026639190233,102
2024-09-16 14:44:45.222,415.8807952006024,1004
2024-09-16 14:44:45.349,419.6663601329545,1000
2024-09-16 14:44:45.467,415.9069991302092,10
2024-09-16 14:44:45.579,415.9022073048871,8
2024-09-16 14:44:45.588,415.9025024757063,1002
2024-09-16 14:44:45.694,415.8557077024012,96
2024-09-16 14:44:45.705,415.8929608063019,1000
2024-09-16 14:44:46.005,415.9173622098089,9
2024-09-16 14:44:46.140,41.59244245524697,997
2024-09-16 14:44:46.346,415.9172871021781,6
2024-09-16 14:44:46.477,415.9178386589376,102
2024-09-16 14:44:46.579,415.9195801958376,15
2024-09-16 14:44:47.008,415.91592314455687,101
2024-09-16 14:44:47.035,415.9070220200749,105
2024-09-16 14:44:47.454,415.90816851978894,15
2024-09-16 14:44:48.145,415.8741351719037,105
2024-09-16 14:44:48.215,415.86457088188496,99
2024-09-16 14:44:48.311,415.92955434011697,12
2024-09-16 14:44:48.345,415.92541646815727,1002
2024-09-16 14:44:48.395,415.8827794850726,99
2024-09-16 14:44:48.396,415.86558927223217,1002
2024-09-16 14:44:48.494,415.84486306316734,8
2024-09-16 14:44:48.519,415.9196440186101,1005
2024-09-16 14:44:48.669,415.9117552826608,11
2024-09-16 14:44:48.805,415.8729285560276,8
2024-09-16 14:44:48.937,415.9159488029412,13
2024-09-16 14:44:49.010,415.7990230162094,12
2024-09-16 14:44:49.206,415.81970137189694,14
2024-09-16 14:44:49.325,415.8099451399455,13
2024-09-16 14:44:49.399,415.8454788696295,11
2024-09-16 14:44:49.528,415.84552890474777,6
2024-09-16 14:44:49.530,415.8327958338709,102
2024-09-16 14:44:49.602,41.58036802624712,1003
2024-09-16 14:44:49.707,415.8310163711947,96
2024-09-16 14:44:49.763,415.8047443182668,1004
2024-09-16 14:44:49.766,415.8325543233335,1001
2024-09-16 14:44:49.972,415.8272922882976,6
2024-09-16 14:44:50.023,415.8711274827191,5
2024-09-16 14:44:50.062,415.8383517685086,102
2024-09-16 14:44:50.064,415.8836010595381,995
2024-09-16 14:44:50.137,415.8508754733502,104
2024-09-16 14:44:50.156,415.8998892910722,7
2024-09-16 14:44:50.192,415.8593572162053,6
2024-09-16 14:44:50.246,415.8216899303869,995
2024-09-16 14:44:50.263,415.81978206320434,104
2024-09-16 14:44:50.270,415.86415331667536,13
2024-09-16 14:44:50.279,415.8564199660454,996
2024-09-16 14:44:50.333,415.8417233998281,105
2024-09-16 14:44:50.390,415.8645425183927,1000
2024-09-16 14:44:50.391,415.8285465203384,1002
2024-09-16 14:44:50.443,415.8646254036878,1003
2024-09-16 14:44:50.476,415.8441951663381,1001
2024-09-16 14:44:50.520,415.8761618358383,103
2024-09-16 14:44:50.581,415.8537818215537,7
2024-09-16 14:44:50.602,415.8627056487949,8
2024-09-16 14:44:50.699,415.8812677962711,12
2024-09-16 14:44:50.706,415.81344109074206,8
2024-09-16 14:44:50.753,415.8399037740795,10
2024-09-16 14:44:50.770,415.8382108074318,995
2024-09-16 14:44:50.807,415.8579381723396,103
2024-09-16 14:44:50.837,415.80884922194326,996
2024-09-16 14:44:50.879,415.8442990459778,9
2024-09-16 14:44:50.890,415.8431595174363,1005
2024-09-16 14:44:50.917,415.86229201154623,997
2024-09-16 14:44:50.933,415.8156875570547,1004
2024-09-16 14:44:50.959,415.8247056254213,1004
2024-09-16 14:44:50.968,415.8675757274886,6
2024-09-16 14:44:51.079,415.888887938761,996
2024-09-16 14:44:51.090,415.8810650448481,996
2024-09-16 14:44:51.127,415.88285351011154,996
2024-09-16 14:44:51.148,415.9265380775314,95
2024-09-16 14:44:51.199,415.9022532953948,95
2024-09-16 14:44:51.221,415.9250541550368,105
2024-09-16 14:44:51.305,415.8912308478244,8
2024-09-16 14:44:51.400,415.8988898337893,14
2024-09-16 14:44:51.408,415.8726653367149,11
2024-09-16 14:44:51.424,,12
2024-09-16 14:44:51.464,415.87956212395005,5
2024-09-16 14:44:51.530,415.888004034302,996
2024-09-16 14:44:51.623,415.8827560657976,1005
2024-09-16 14:44:51.715,415.89288496029104,1002
2024-09-16 14:44:51.729,415.8975451968654,100
2024-09-16 14:44:51.794,415.8778188269043,997
2024-09-16 14:44:51.809,415.8743226395396,100
2024-09-16 14:44:51.832,-415.8916481813996,15
2024-09-16 14:44:51.834,415.9114376338163,105
2024-09-16 14:44:51.854,415.885110269508,105
2024-09-16 14:44:51.864,415.8963519700277,95
2024-09-16 14:44:51.878,415.8837495306208,1003
2024-09-16 14:44:51.921,415.88023518732194,100
2024-09-16 14:44:51.963,415.8755116871546,8
2024-09-16 14:44:52.017,415.9346107470235,8
2024-09-16 14:44:52.149,415.88537638243406,99
2024-09-16 14:44:52.260,415.9058322064516,1002
2024-09-16 14:44:52.271,415.9325515494805,998
2024-09-16 14:44:52.328,415.9202227994271,1003
2024-09-16 14:44:52.339,415.9069369742575,99
2024-09-16 14:44:52.400,415.9074922265659,1001
2024-09-16 14:44:52.400,415.8915962622673,13
2024-09-16 14:44:52.408,415.9153648112661,97
2024-09-16 14:44:52.411,415.889347455419,7
2024-09-16 14:44:52.426,415.92340463192926,102
2024-09-16 14:44:52.486,415.9253312400449,96
2024-09-16 14:44:52.534,415.9097101623431,11
2024-09-16 14:44:52.590,415.9262450882953,998
2024-09-16 14:44:52.600,415.9004868030627,12
2024-09-16 14:44:52.694,415.9040909093825,98
2024-09-16 14:44:52.737,415.8910376749165,97
2024-09-16 14:44:52.843,415.9249862637948,11
2024-09-16 14:44:52.892,415.9144431114934,11
2024-09-16 14:44:52.908,415.9147146808394,12
2024-09-16 14:44:53.125,415.8780242807529,9
2024-09-16 14:44:53.158,415.8141553101065,996
2024-09-16 14:44:53.208,415.8845665156149,102
2024-09-16 14:44:53.278,415.8324416429729,1004
2024-09-16 14:44:53.281,415.8471973266932,104
2024-09-16 14:44:53.293,415.90101293640834,104
2024-09-16 14:44:53.350,415.89710862417616,12
2024-09-16 14:44:53.465,415.81669814034495,101
2024-09-16 14:44:53.495,415.87092725579663,95
2024-09-16 14:44:53.604,415.9169463771669,95
2024-09-16 14:44:53.621,415.8664568953872,1001
2024-09-16 14:44:53.640,415.8996303846992,12
2024-09-16 14:44:53.683,415.9064235025602,95
2024-09-16 14:44:53.690,415.8682492316521,96
2024-09-16 14:44:53.872,415.9033480306314,12
2024-09-16 14:44:54.031,415.8570514923561,1002
2024-09-16 14:44:54.100,415.8647382545032,9
2024-09-16 14:44:54.130,415.8423406095882,999
2024-09-16 14:44:54.133,415.8543413750351,995
2024-09-16 14:44:54.234,415.8521139372911,1005
2024-09-16 14:44:54.259,41.582845717470256,6
2024-09-16 14:44:54.283,415.8609895497305,997
2024-09-16 14:44:54.308,415.8601793074108,1005
2024-09-16 14:44:54.320,415.8702962567176,96
2024-09-16 14:44:54.412,415.85997881235033,8
2024-09-16 14:44:54.415,415.8472249539806,14
2024-09-16 14:44:54.441,415.8383593639304,102
2024-09-16 14:44:54.445,415.83598378234245,101
2024-09-16 14:44:54.513,415.8469935477817,1003
2024-09-16 14:44:54.514,415.87306741714127,100
2024-09-16 14:44:54.517,415.8581328178101,5
2024-09-16 14:44:54.539,415.8830941013803,999
2024-09-16 14:44:54.564,415.8540477343213,13
2024-09-16 14:44:54.590,-415.87297314747497,997
2024-09-16 14:44:54.722,415.86792738333696,95
2024-09-16 14:44:54.735,415.88606356922577,1004
2024-09-16 14:44:54.756,415.8894737717515,1002
2024-09-16 14:44:54.848,415.83751895483374,95
2024-09-16 14:44:54.850,415.8492346293577,104
2024-09-16 14:44:54.905,415.8577462990467,1000
2024-09-16 14:44:54.923,415.8576222346615,10
2024-09-16 14:44:54.949,415.8621100237976,997
2024-09-16 14:44:54.951,415.8462342389415,13
2024-09-16 14:44:54.958,415.8581910765474,11
2024-09-16 14:44:54.982,415.8493893021784,1004
2024-09-16 14:44:55.042,415.86414702141866,995
2024-09-16 14:44:55.143,415.8744796624095,1005
2024-09-16 14:44:55.196,415.8731888646512,995
2024-09-16 14:44:55.453,415.8685808414813,97
2024-09-16 14:44:55.484,415.8595808777152,96
2024-09-16 14:44:55.496,415.8686048342069,14
2024-09-16 14:44:55.781,415.8918657556613,7
2024-09-16 14:44:55.903,415.8669125788947,95
2024-09-16 14:44:56.019,415.8939297617632,100
2024-09-16 14:44:56.086,415.9058661335407,997
2024-09-16 14:44:56.109,415.8868140823992,997
2024-09-16 14:44:56.129,415.89586416999015,15
2024-09-16 14:44:56.152,415.9091390685892,97
2024-09-16 14:44:56.180,415.8977133919129,5
2024-09-16 14:44:56.266,415.8992013272283,1004
2024-09-16 14:44:56.297,415.9158103404531,9
2024-09-16 14:44:56.375,415.9139407569368,99
2024-09-16 14:44:56.437,415.91880501892575,998
2024-09-16 14:44:56.457,415.9081796314661,97
2024-09-16 14:44:56.567,415.9110279773169,995
2024-09-16 14:44:56.591,415.93325317836417,998
2024-09-16 14:44:56.647,415.900863984631,1000
2024-09-16 14:44:56.706,415.8796201402769,9
2024-09-16 14:44:56.819,415.9027068826525,103
2024-09-16 14:44:56.848,415.9216004161272,98
2024-09-16 14:44:56.913,415.9004751894168,997
2024-09-16 14:44:56.981,415.9189789157341,995
2024-09-16 14:44:56.986,415.9245919498114,100
2024-09-16 14:44:57.006,415.93763905393655,101
2024-09-16 14:44:57.031,415.90753648500737,9
2024-09-16 14:44:57.055,415.95562889449855,999
2024-09-16 14:44:57.090,415.9383828062567,13
2024-09-16 14:44:57.115,415.9491682829104,15
2024-09-16 14:44:57.137,415.9240631897054,97
2024-09-16 14:44:57.174,415.93342831491685,103
2024-09-16 14:44:57.367,415.9291323317409,99
2024-09-16 14:44:57.643,415.927640019108,105
2024-09-16 14:44:57.793,415.9419666856859,9
2024-09-16 14:44:57.798,415.9456307055952,96
2024-09-16 14:44:57.889,415.9383047314152,15
2024-09-16 14:44:57.924,415.93316345306135,102
2024-09-16 14:44:58.051,415.93055497733417,996
2024-09-16 14:44:58.073,415.9220535456344,1005
2024-09-16 14:44:58.084,415.9599932707574,97
2024-09-16 14:44:58.263,415.9485790790664,100
2024-09-16 14:44:58.276,415.9215424701952,12
2024-09-16 14:44:58.280,415.9598433768761,1000
2024-09-16 14:44:58.313,415.9605780063558,1004
2024-09-16 14:44:58.315,415.9795257030044,1003
2024-09-16 14:44:58.329,416.01403923769,995
2024-09-16 14:44:58.416,415.9534465229048,104
2024-09-16 14:44:58.481,415.92528717240737,10
2024-09-16 14:44:58.554,415.9580675162561,999
2024-09-16 14:44:58.556,415.96938770168106,99
2024-09-16 14:44:58.561,415.9972803122213,997
2024-09-16 14:44:58.578,415.9624906138706,9
2024-09-16 14:44:58.600,415.95283230289743,1004
2024-09-16 14:44:58.702,415.9120304994242,1001
2024-09-16 14:44:58.735,415.9477403396557,99
2024-09-16 14:44:58.779,415.9719031184758,101
2024-09-16 14:44:58.795,415.9454407394945,1000
2024-09-16 14:44:58.809,415.9515140282069,7
2024-09-16 14:44:58.811,415.97184864010825,13
2024-09-16 14:44:58.818,415.94671460337537,99
2024-09-16 14:44:58.826,415.9601138350399,1005
2024-09-16 14:44:58.827,415.9668501767484,5
2024-09-16 14:44:58.879,415.95313498544033,1005
2024-09-16 14:44:58.903,415.9559190719312,1000
2024-09-16 14:44:58.918,415.96180530119983,996
2024-09-16 14:44:58.953,415.93407083351343,97
2024-09-16 14:44:58.967,415.9725311344218,1003
2024-09-16 14:44:59.017,415.9319063043695,13
2024-09-16 14:44:59.031,415.99321772647374,10
2024-09-16 14:44:59.049,415.9926965463767,7
2024-09-16 14:44:59.083,416.0053287794389,12
2024-09-16 14:44:59.132,415.92697614492624,10
2024-09-16 14:44:59.177,415.95803712067294,101
2024-09-16 14:44:59.182,415.989269568722,996
2024-09-16 14:44:59.215,415.93547393614057,996
2024-09-16 14:44:59.250,415.9729709597242,1000
2024-09-16 14:44:59.281,415.94999397790536,1005
2024-09-16 14:44:59.326,415.9157924267224,10
2024-09-16 14:44:59.364,415.94085642103295,1000
2024-09-16 14:44:59.372,415.9257077618252,9
2024-09-16 14:44:59.385,415.95782282799695,7
2024-09-16 14:44:59.407,415.88980688679146,13
2024-09-16 14:44:59.521,415.9728188769421,102
2024-09-16 14:44:59.542,415.9181675573744,1005
2024-09-16 14:44:59.545,415.9714312771215,99
2024-09-16 14:44:59.563,415.9222554051736,6
2024-09-16 14:44:59.660,415.9013844848133,14
2024-09-16 14:44:59.725,415.9787161749631,7
2024-09-16 14:44:59.759,415.97033236939086,998
2024-09-16 14:44:59.771,415.9577219092021,99
2024-09-16 14:44:59.804,416.0012819492114,9
2024-09-16 14:44:59.887,415.87991647321854,10
2024-09-16 14:44:59.888,415.9168014212796,996
2024-09-16 14:44:59.902,415.93985657535137,103
2024-09-16 14:44:59.950,415.98513198462376,995
2024-09-16 14:44:59.986,415.9830491522124,995
2024-09-16 14:44:59.996,415.8881907098582,6
