Timestamp,Price,Size
2024-09-18 09:43:01.162,408.0704658560598,1003
2024-09-18 09:43:01.206,408.0285693477901,7
2024-09-18 09:43:01.227,408.0210921713202,105
2024-09-18 09:43:01.246,408.0433384972948,101
2024-09-18 09:43:01.257,408.0893148655462,101
2024-09-18 09:43:01.337,408.0306694704984,10
2024-09-18 09:43:01.378,408.0779812288184,12
2024-09-18 09:43:01.394,408.0416688092631,102
2024-09-18 09:43:01.451,408.0225968240509,11
2024-09-18 09:43:01.587,408.0104149143749,995
2024-09-18 09:43:01.629,408.0623486365084,998
2024-09-18 09:43:01.895,408.0382173685273,10
2024-09-18 09:43:01.933,408.0826640992481,97
2024-09-18 09:43:02.019,408.1004870450558,995
2024-09-18 09:43:02.200,408.13300121728975,1000
2024-09-18 09:43:02.206,408.1424230104093,6
2024-09-18 09:43:02.248,408.0804174549935,100
2024-09-18 09:43:02.370,408.11743864851456,99
2024-09-18 09:43:02.372,408.1001389436254,7
2024-09-18 09:43:02.668,408.10959631775535,997
2024-09-18 09:43:02.688,408.08246844390015,997
2024-09-18 09:43:02.714,408.0947569917735,1003
2024-09-18 09:43:02.868,408.1434835090268,13
2024-09-18 09:43:03.004,408.0569542280237,12
2024-09-18 09:43:03.018,408.0607585467404,1004
2024-09-18 09:43:03.043,408.07784459117454,105
2024-09-18 09:43:03.076,408.0733560184418,1004
2024-09-18 09:43:03.183,408.0701167871858,102
2024-09-18 09:43:03.201,408.0644129377798,99
2024-09-18 09:43:03.351,408.076437495206,996
2024-09-18 09:43:03.631,408.1037553831734,15
2024-09-18 09:43:03.706,408.0570114075523,8
2024-09-18 09:43:03.792,408.08406962213,12
2024-09-18 09:43:03.811,408.0324627295922,1000
2024-09-18 09:43:03.848,408.02915040511374,998
2024-09-18 09:43:03.892,408.1190215413472,1000
2024-09-18 09:43:03.921,408.04515506735055,12
2024-09-18 09:43:03.943,408.0408368102933,996
2024-09-18 09:43:03.976,408.0874611388934,12
2024-09-18 09:43:03.978,408.0905379303266,11
2024-09-18 09:43:04.049,408.0719074999906,15
2024-09-18 09:43:04.065,408.0743865303562,1002
2024-09-18 09:43:04.074,408.0049885088753,1003
2024-09-18 09:43:04.111,408.0694863042494,99
2024-09-18 09:43:04.163,408.0014624409237,998
2024-09-18 09:43:04.174,408.02438298851166,8
2024-09-18 09:43:04.241,408.0238687009229,105
2024-09-18 09:43:04.245,408.0623217682775,100
2024-09-18 09:43:04.254,408.07809407152286,9
2024-09-18 09:43:04.299,408.0106457623557,13
2024-09-18 09:43:04.410,408.0179514973996,1004
2024-09-18 09:43:04.521,408.0590856822439,1001
2024-09-18 09:43:04.530,408.01332874614593,1002
2024-09-18 09:43:04.727,408.0293932808436,1005
2024-09-18 09:43:04.781,408.04449394382937,98
2024-09-18 09:43:04.810,407.99957120681313,996
2024-09-18 09:43:04.817,407.9899431260023,102
2024-09-18 09:43:04.856,408.0603456908309,103
2024-09-18 09:43:04.858,408.0465414862823,6
2024-09-18 09:43:05.519,408.0058129077693,1004
2024-09-18 09:43:05.671,408.0252450476498,1001
2024-09-18 09:43:05.722,408.0260472642652,100
2024-09-18 09:43:05.955,408.0107404799383,100
2024-09-18 09:43:06.191,408.0190842691527,102
2024-09-18 09:43:06.208,408.072413017316,105
2024-09-18 09:43:06.245,408.0452923922874,12
2024-09-18 09:43:06.387,407.994117133504,997
2024-09-18 09:43:06.407,408.0375029151817,998
2024-09-18 09:43:06.427,408.0092307051747,7
2024-09-18 09:43:06.536,408.001847116815,1004
2024-09-18 09:43:06.545,408.0252481868354,1003
2024-09-18 09:43:06.571,408.0244076196498,996
2024-09-18 09:43:06.592,408.02804310454616,9
2024-09-18 09:43:06.673,408.0153786348325,101
2024-09-18 09:43:06.697,408.0491096379285,104
2024-09-18 09:43:06.829,408.0405292027909,1004
2024-09-18 09:43:06.870,408.0526295034858,14
2024-09-18 09:43:07.009,407.9859236260033,103
2024-09-18 09:43:07.024,408.0241916231652,5
2024-09-18 09:43:07.048,407.9911185304751,12
2024-09-18 09:43:07.061,407.9778070453526,11
2024-09-18 09:43:07.088,40.79806012045545,12
2024-09-18 09:43:07.152,407.985973767341,104
2024-09-18 09:43:07.185,407.9986940561469,999
2024-09-18 09:43:07.198,408.01201092307673,11
2024-09-18 09:43:07.230,408.01736008045583,100
2024-09-18 09:43:07.239,407.9726311443542,5
2024-09-18 09:43:07.244,407.9515501897706,14
2024-09-18 09:43:07.246,408.0049582346824,995
2024-09-18 09:43:07.246,407.9736241557689,996
2024-09-18 09:43:07.358,407.997040523465,1001
2024-09-18 09:43:07.387,408.0132210672848,102
2024-09-18 09:43:07.395,408.0004874099157,1005
2024-09-18 09:43:07.439,407.9743116889517,12
2024-09-18 09:43:07.451,407.9877973349344,102
2024-09-18 09:43:07.530,407.9910506253549,996
2024-09-18 09:43:07.551,407.9894172046027,9
2024-09-18 09:43:07.612,408.0253497651765,6
2024-09-18 09:43:07.613,407.9931119383626,999
2024-09-18 09:43:07.665,407.9857485725017,96
2024-09-18 09:43:07.750,407.9707575601486,1001
2024-09-18 09:43:07.896,407.98574849267465,11
2024-09-18 09:43:07.912,408.00527571483343,14
2024-09-18 09:43:08.010,408.057320117349,9
2024-09-18 09:43:08.438,408.0384346149806,12
2024-09-18 09:43:08.476,408.0323671049331,11
2024-09-18 09:43:08.619,408.04339537170847,995
2024-09-18 09:43:08.688,408.028225558457,102
2024-09-18 09:43:08.904,408.0450338491325,10
2024-09-18 09:43:09.018,408.0620732019397,105
2024-09-18 09:43:09.091,408.0512788681732,996
2024-09-18 09:43:09.103,408.0638284218603,15
2024-09-18 09:43:09.110,408.0641677782844,95
2024-09-18 09:43:09.296,408.0397527493307,7
2024-09-18 09:43:09.404,408.0718432700873,7
2024-09-18 09:43:09.415,408.0405030116265,1004
2024-09-18 09:43:09.448,408.0664179219988,95
2024-09-18 09:43:09.475,408.02154541326513,100
2024-09-18 09:43:09.497,408.0375204459775,105
2024-09-18 09:43:09.549,408.0479432945602,98
2024-09-18 09:43:09.567,408.0325998519933,102
2024-09-18 09:43:09.592,408.0585726661285,98
2024-09-18 09:43:09.705,408.0580800348424,15
2024-09-18 09:43:09.758,408.03783571635927,1001
2024-09-18 09:43:09.793,408.0497534300314,12
2024-09-18 09:43:09.809,408.03187404581,104
2024-09-18 09:43:09.813,408.0630472584278,7
2024-09-18 09:43:09.819,408.0464847196064,103
2024-09-18 09:43:09.827,408.0598638642852,11
2024-09-18 09:43:09.870,408.0411334319908,1004
2024-09-18 09:43:09.876,408.05165714676286,13
2024-09-18 09:43:09.959,408.0322615735898,12
2024-09-18 09:43:09.965,408.0700225969866,995
2024-09-18 09:43:10.026,408.0539898290847,998
2024-09-18 09:43:10.094,408.0197873836201,10
2024-09-18 09:43:10.139,408.0311714891871,97
2024-09-18 09:43:10.146,408.0542304914658,99
2024-09-18 09:43:10.157,408.0438980944639,5
2024-09-18 09:43:10.371,408.04949681434607,104
2024-09-18 09:43:10.791,408.0477126010736,996
2024-09-18 09:43:10.829,408.0430786523245,14
2024-09-18 09:43:10.864,408.0241557646257,998
2024-09-18 09:43:10.886,408.0606770266552,103
2024-09-18 09:43:10.932,408.0686346970076,105
2024-09-18 09:43:10.964,408.0027632170462,105
2024-09-18 09:43:10.993,408.0121262442834,1001
2024-09-18 09:43:11.027,407.9781166955669,1000
2024-09-18 09:43:11.105,407.97774626540496,997
2024-09-18 09:43:11.109,407.99411688769953,97
2024-09-18 09:43:11.135,40.79767488048472,995
2024-09-18 09:43:11.140,407.98144529322406,96
2024-09-18 09:43:11.153,407.9829490074309,95
2024-09-18 09:43:11.191,407.9665023356075,104
2024-09-18 09:43:11.199,407.9770839172484,1002
2024-09-18 09:43:11.205,408.0163134012552,102
2024-09-18 09:43:11.230,407.987399338348,1001
2024-09-18 09:43:11.273,408.0223599283271,997
2024-09-18 09:43:11.336,407.970156217836,96
2024-09-18 09:43:11.559,407.9704216313983,997
2024-09-18 09:43:11.667,408.0094071712567,102
2024-09-18 09:43:11.682,407.9902563275413,1000
2024-09-18 09:43:11.702,407.9856761033772,998
2024-09-18 09:43:11.832,40.80076663712456,11
2024-09-18 09:43:11.890,407.9930973101357,96
2024-09-18 09:43:11.999,408.0325794644836,12
2024-09-18 09:43:12.127,407.98872608628335,8
2024-09-18 09:43:12.279,407.976870385762,104
2024-09-18 09:43:12.558,407.96996452164126,996
2024-09-18 09:43:12.713,407.97880745441535,1002
2024-09-18 09:43:12.757,407.9719950429463,10
2024-09-18 09:43:12.914,407.982930820394,103
2024-09-18 09:43:12.965,407.9817579856615,998
2024-09-18 09:43:13.136,408.02034328600087,995
2024-09-18 09:43:13.606,408.0473203511828,15
2024-09-18 09:43:13.677,408.0477292621169,11
2024-09-18 09:43:14.348,408.0471966048773,8
2024-09-18 09:43:14.635,408.0513918751066,998
2024-09-18 09:43:15.006,408.0653362203128,5
2024-09-18 09:43:15.007,408.0622370010008,1000
2024-09-18 09:43:15.226,408.0450815201182,7
2024-09-18 09:43:15.348,408.0404509514217,996
2024-09-18 09:43:15.509,408.0246256851236,101
2024-09-18 09:43:15.551,408.0458260339154,6
2024-09-18 09:43:15.730,408.0634376744284,98
2024-09-18 09:43:15.896,408.0377076352237,1005
2024-09-18 09:43:15.935,408.0334447235596,12
2024-09-18 09:43:15.940,408.04034082881225,996
2024-09-18 09:43:15.984,408.0494937918147,103
2024-09-18 09:43:16.025,408.0471332836439,1005
2024-09-18 09:43:16.169,408.07186031867593,105
2024-09-18 09:43:16.291,408.0459343519775,1000
2024-09-18 09:43:16.347,408.052657650788,998
2024-09-18 09:43:16.352,408.0674684242372,9
2024-09-18 09:43:16.360,408.0549359533327,104
2024-09-18 09:43:16.389,408.0552976537541,7
2024-09-18 09:43:16.445,408.0498857335152,5
2024-09-18 09:43:16.607,408.0390617353446,1005
2024-09-18 09:43:16.607,40.805967283777626,105
2024-09-18 09:43:16.749,408.0587305144223,5
2024-09-18 09:43:16.770,408.0722550459355,9
2024-09-18 09:43:16.789,408.0613627972918,1005
2024-09-18 09:43:16.804,408.054370495626,104
2024-09-18 09:43:16.823,408.03520762259495,11
2024-09-18 09:43:16.885,408.0534311004808,11
2024-09-18 09:43:16.970,408.0364263902721,104
2024-09-18 09:43:17.046,408.1184944472348,97
2024-09-18 09:43:17.087,408.0677209367519,5
2024-09-18 09:43:17.221,408.08787705213945,96
2024-09-18 09:43:17.234,408.11089249004766,11
2024-09-18 09:43:17.255,408.0973955597989,14
2024-09-18 09:43:17.256,408.1184787978305,10
2024-09-18 09:43:17.288,408.098370841366,1004
2024-09-18 09:43:17.448,408.0708940666974,96
2024-09-18 09:43:17.456,408.0991533621637,995
2024-09-18 09:43:17.587,408.0793887432607,102
2024-09-18 09:43:17.667,408.0824158070674,999
2024-09-18 09:43:17.683,408.1116623680202,10
2024-09-18 09:43:17.714,408.0683628404516,1003
2024-09-18 09:43:17.736,408.09278972270766,1000
2024-09-18 09:43:17.748,408.1016154057433,1004
2024-09-18 09:43:17.766,408.06004348105233,10
2024-09-18 09:43:17.776,408.05080677525615,1005
2024-09-18 09:43:17.811,408.1084536217917,1000
2024-09-18 09:43:17.842,408.1100782437102,13
2024-09-18 09:43:17.848,408.0998420231112,95
2024-09-18 09:43:17.877,408.110783383913,995
2024-09-18 09:43:17.881,408.115891812468,98
2024-09-18 09:43:17.960,-408.1060581675088,1003
2024-09-18 09:43:18.025,408.05652112940334,8
2024-09-18 09:43:18.062,408.09632814967705,1003
2024-09-18 09:43:18.098,408.0339166089157,7
2024-09-18 09:43:18.227,408.1169839314017,101
2024-09-18 09:43:18.255,408.0947238992791,1001
2024-09-18 09:43:18.266,408.0804559268794,5
2024-09-18 09:43:18.266,408.0268201171288,8
2024-09-18 09:43:18.387,408.0534554353242,7
2024-09-18 09:43:18.389,408.0818299077597,1000
2024-09-18 09:43:18.434,408.0439429869683,7
2024-09-18 09:43:18.507,408.048440000221,10
2024-09-18 09:43:18.819,408.03362001823285,14
2024-09-18 09:43:18.880,408.0597827385492,9
2024-09-18 09:43:18.963,408.1004601495032,14
2024-09-18 09:43:19.133,408.0663215640723,1004
2024-09-18 09:43:19.398,408.0119450775839,9
2024-09-18 09:43:19.597,408.0738730615278,5
2024-09-18 09:43:19.632,408.0836699035436,12
2024-09-18 09:43:19.755,408.0941692192815,101
2024-09-18 09:43:19.793,408.0692495589502,11
2024-09-18 09:43:19.811,408.0921564714527,14
2024-09-18 09:43:19.943,408.0708855841367,1003
2024-09-18 09:43:19.956,408.0570960219215,996
2024-09-18 09:43:19.975,408.0383759270344,6
2024-09-18 09:43:20.027,408.0623310461135,8
2024-09-18 09:43:20.035,408.0272151178065,103
2024-09-18 09:43:20.090,408.1006328718509,1003
2024-09-18 09:43:20.090,408.0467391460245,100
2024-09-18 09:43:20.159,408.0549362822237,6
2024-09-18 09:43:20.159,408.0753488006735,95
2024-09-18 09:43:20.166,408.11527167837687,98
2024-09-18 09:43:20.204,408.0089530218718,105
2024-09-18 09:43:20.310,408.1013223755125,996
2024-09-18 09:43:20.402,408.019362957974,105
2024-09-18 09:43:20.404,408.0413487593058,8
2024-09-18 09:43:20.424,408.01528347326,996
2024-09-18 09:43:20.530,408.0148505096105,10
2024-09-18 09:43:20.535,408.03330772293054,12
2024-09-18 09:43:20.677,408.0502386718309,1004
2024-09-18 09:43:20.694,408.035087341261,10
2024-09-18 09:43:20.761,408.1023198755396,105
2024-09-18 09:43:20.784,408.0564985703191,11
2024-09-18 09:43:20.844,408.0717816860943,12
2024-09-18 09:43:20.874,408.001012668779,97
2024-09-18 09:43:20.878,408.0896609559063,12
2024-09-18 09:43:20.958,408.0511549287927,1002
2024-09-18 09:43:20.967,408.04891831851313,5
2024-09-18 09:43:21.021,407.9675234768047,1004
2024-09-18 09:43:21.310,407.9848086422131,100
2024-09-18 09:43:21.384,407.9245561819278,97
2024-09-18 09:43:21.388,,995
2024-09-18 09:43:21.454,407.9590908551471,1001
2024-09-18 09:43:21.502,407.9572814627886,97
2024-09-18 09:43:21.529,408.00568596853896,7
2024-09-18 09:43:21.565,407.9558366051195,12
2024-09-18 09:43:21.664,407.9709835499866,96
2024-09-18 09:43:21.987,407.9580551118197,97
2024-09-18 09:43:22.031,407.9300890795832,100
2024-09-18 09:43:22.087,407.94660521786494,14
2024-09-18 09:43:22.099,407.9295413775436,5
2024-09-18 09:43:22.122,407.904339949146,13
2024-09-18 09:43:22.231,407.9387958657727,8
2024-09-18 09:43:22.564,407.9355048462095,12
2024-09-18 09:43:22.728,407.9464537297574,1001
2024-09-18 09:43:22.784,407.9403922110089,97
2024-09-18 09:43:22.869,407.9396070766685,1000
2024-09-18 09:43:22.899,407.9407180727166,1001
2024-09-18 09:43:22.949,407.939600401814,10
2024-09-18 09:43:23.030,407.9146451222098,96
2024-09-18 09:43:23.064,407.9363182321602,105
2024-09-18 09:43:23.098,407.9360819549744,10
2024-09-18 09:43:23.122,407.9382655361253,996
2024-09-18 09:43:23.274,407.9287522601403,103
2024-09-18 09:43:23.278,407.9119295968353,97
2024-09-18 09:43:23.311,407.93449941798,14
2024-09-18 09:43:23.397,407.8982889527639,1000
2024-09-18 09:43:23.456,407.9023539507955,1005
2024-09-18 09:43:23.486,407.88316728424496,1004
2024-09-18 09:43:23.607,407.9384490662536,103
2024-09-18 09:43:23.623,407.902545856624,95
2024-09-18 09:43:23.650,407.9103315039942,99
2024-09-18 09:43:23.686,407.9168882600035,8
2024-09-18 09:43:23.694,407.9090318353665,11
2024-09-18 09:43:23.706,407.93217725538045,13
2024-09-18 09:43:23.746,,8
2024-09-18 09:43:23.793,407.9017925015495,1004
2024-09-18 09:43:24.004,407.8659854491869,104
2024-09-18 09:43:24.100,407.8743828715865,95
2024-09-18 09:43:24.120,407.8961969161993,12
2024-09-18 09:43:24.373,407.8799255405408,13
2024-09-18 09:43:24.403,407.8928098648189,13
2024-09-18 09:43:24.468,407.8784243959962,997
2024-09-18 09:43:24.544,407.9085903806751,101
2024-09-18 09:43:24.572,407.8734796132948,14
2024-09-18 09:43:24.578,407.8964547920606,12
2024-09-18 09:43:24.600,407.8647548866379,102
2024-09-18 09:43:24.679,407.88466042463386,6
2024-09-18 09:43:24.692,407.88547587836223,103
2024-09-18 09:43:24.753,407.8743513478535,13
2024-09-18 09:43:24.802,407.8808616115912,998
2024-09-18 09:43:24.918,407.9024378207045,5
2024-09-18 09:43:24.991,407.85163414588817,96
2024-09-18 09:43:25.003,407.8668397230945,13
2024-09-18 09:43:25.009,407.8491606233338,995
2024-09-18 09:43:25.053,407.83980538132806,997
2024-09-18 09:43:25.060,407.859480596715,1005
2024-09-18 09:43:25.062,407.8574333745544,97
2024-09-18 09:43:25.100,407.8571995630248,99
2024-09-18 09:43:25.112,407.8258190268343,1004
2024-09-18 09:43:25.114,407.8656982596795,14
2024-09-18 09:43:25.165,407.8362067828275,14
2024-09-18 09:43:25.171,407.8417430154846,102
2024-09-18 09:43:25.204,40.78296082959986,6
2024-09-18 09:43:25.229,407.83721200211886,97
2024-09-18 09:43:25.246,407.8480644918048,105
2024-09-18 09:43:25.287,407.8325921189829,101
2024-09-18 09:43:25.317,407.8433500919402,7
2024-09-18 09:43:25.324,407.83565591065417,99
2024-09-18 09:43:25.328,407.87762244327166,997
2024-09-18 09:43:25.483,407.8375657356483,9
2024-09-18 09:43:25.522,407.83262012701607,95
2024-09-18 09:43:25.575,407.8317358948809,98
2024-09-18 09:43:25.605,407.82946348680576,15
2024-09-18 09:43:25.653,407.8327015501844,995
2024-09-18 09:43:25.657,407.8375160193553,104
2024-09-18 09:43:25.777,-407.8560318878157,95
2024-09-18 09:43:25.785,407.8540505550803,1003
2024-09-18 09:43:25.878,407.8314018427595,11
2024-09-18 09:43:25.885,407.8336648080577,102
2024-09-18 09:43:25.963,-407.8712764850764,6
2024-09-18 09:43:26.053,407.8348450294153,15
2024-09-18 09:43:26.395,407.8518186976032,995
2024-09-18 09:43:26.517,407.7812584602595,96
2024-09-18 09:43:26.740,407.815771342542,15
2024-09-18 09:43:27.118,407.7286948477087,8
2024-09-18 09:43:27.119,407.7391502147864,1003
2024-09-18 09:43:27.140,407.7426139473918,100
2024-09-18 09:43:27.162,407.7353635278469,8
2024-09-18 09:43:27.231,407.7553595126132,998
2024-09-18 09:43:27.243,407.760133306299,14
2024-09-18 09:43:27.252,407.749634302133,1001
2024-09-18 09:43:27.255,407.7426242429058,100
2024-09-18 09:43:27.265,407.7376491275464,14
2024-09-18 09:43:27.406,407.7691623681473,1003
2024-09-18 09:43:27.411,407.7751530868768,14
2024-09-18 09:43:27.437,407.7103424145813,104
2024-09-18 09:43:27.450,407.723275350917,995
2024-09-18 09:43:27.559,407.7851385184704,1004
2024-09-18 09:43:27.594,407.7737795227034,6
2024-09-18 09:43:27.684,407.769386188944,998
2024-09-18 09:43:27.842,407.7632140334931,105
2024-09-18 09:43:27.894,407.77988011363976,105
2024-09-18 09:43:27.950,407.7721217285553,105
2024-09-18 09:43:27.951,407.7671125147324,14
2024-09-18 09:43:28.212,407.717472631842,102
2024-09-18 09:43:28.269,407.6803597917842,15
2024-09-18 09:43:28.617,407.6954709214895,11
2024-09-18 09:43:28.667,407.6624141176328,11
2024-09-18 09:43:28.691,407.71053566072897,1005
2024-09-18 09:43:28.733,407.7014760977046,10
2024-09-18 09:43:28.800,407.7027502175373,14
2024-09-18 09:43:29.002,407.6637887046056,7
2024-09-18 09:43:29.037,407.7231222515797,998
2024-09-18 09:43:29.042,407.67782521341854,998
2024-09-18 09:43:29.231,407.7223608555349,99
2024-09-18 09:43:29.388,407.6734428850021,104
2024-09-18 09:43:29.429,407.6596976664581,999
2024-09-18 09:43:29.474,407.6599675120103,1001
2024-09-18 09:43:29.514,407.6632045126951,1003
2024-09-18 09:43:29.684,407.7208802945988,95
2024-09-18 09:43:29.709,407.6573554589816,998
2024-09-18 09:43:29.723,407.7418115203585,97
2024-09-18 09:43:29.735,407.6573150858995,1000
2024-09-18 09:43:29.933,407.6851250182148,996
2024-09-18 09:43:29.935,407.715045345447,7
2024-09-18 09:43:30.027,407.7174165108629,1000
2024-09-18 09:43:30.051,407.7239288977772,102
2024-09-18 09:43:30.093,407.7137838545072,1002
2024-09-18 09:43:30.140,407.740521350298,1001
2024-09-18 09:43:30.144,407.7231009422538,14
2024-09-18 09:43:30.185,407.7557982229322,5
2024-09-18 09:43:30.241,407.74517326400286,103
2024-09-18 09:43:30.325,407.7364415529535,1000
2024-09-18 09:43:30.365,407.7293362608577,101
2024-09-18 09:43:30.423,407.7224436260696,1000
2024-09-18 09:43:30.478,407.7265026298762,5
2024-09-18 09:43:30.555,407.7602611097758,101
2024-09-18 09:43:30.590,407.7363117860492,5
2024-09-18 09:43:30.600,407.7532987911841,1004
2024-09-18 09:43:30.666,407.7355918973327,1002
2024-09-18 09:43:30.799,407.7280859773184,95
2024-09-18 09:43:30.845,407.710783816184,996
2024-09-18 09:43:30.951,407.7401800287142,97
2024-09-18 09:43:30.992,407.7548161902142,95
2024-09-18 09:43:30.993,407.7104244129734,95
2024-09-18 09:43:30.999,407.726835568813,104
2024-09-18 09:43:31.007,407.7435648225921,13
2024-09-18 09:43:31.133,407.7174652329079,10
2024-09-18 09:43:31.171,407.6909740895549,15
2024-09-18 09:43:31.236,407.6978346347024,102
2024-09-18 09:43:31.238,,14
2024-09-18 09:43:31.240,407.71023145209415,104
2024-09-18 09:43:31.306,407.7188042543522,10
2024-09-18 09:43:31.326,407.7382372132788,15
2024-09-18 09:43:31.394,407.6782884870144,997
2024-09-18 09:43:31.435,407.706461170188,99
2024-09-18 09:43:31.612,407.7231883329147,14
2024-09-18 09:43:31.645,407.7346107378004,12
2024-09-18 09:43:31.717,407.68176739647095,101
2024-09-18 09:43:31.718,407.6944772301433,99
2024-09-18 09:43:31.733,407.7057853209772,14
2024-09-18 09:43:31.775,407.7279844357288,12
2024-09-18 09:43:31.777,407.6815643287856,1000
2024-09-18 09:43:31.819,407.7487158956632,13
2024-09-18 09:43:31.821,407.6820265602439,1004
2024-09-18 09:43:32.025,407.65013308780135,10
2024-09-18 09:43:32.124,407.6890656044512,13
2024-09-18 09:43:32.207,407.6827849760095,102
2024-09-18 09:43:32.255,407.6821651489329,98
2024-09-18 09:43:32.260,407.6890112956378,13
2024-09-18 09:43:32.263,407.6690679540639,997
2024-09-18 09:43:32.295,407.65907264548815,95
2024-09-18 09:43:32.448,407.7009832403541,10
2024-09-18 09:43:32.463,407.64978089901376,10
2024-09-18 09:43:32.471,407.6625483032378,7
2024-09-18 09:43:32.486,407.67402487398704,97
2024-09-18 09:43:32.580,407.6915005651229,101
2024-09-18 09:43:32.593,407.7058390528983,15
2024-09-18 09:43:32.598,407.64596987327775,8
2024-09-18 09:43:32.650,407.6535034613016,996
2024-09-18 09:43:32.685,407.6600636531005,96
2024-09-18 09:43:32.764,407.6970741798694,1000
2024-09-18 09:43:32.834,407.6917203348473,103
2024-09-18 09:43:32.856,407.66475304422704,6
2024-09-18 09:43:32.869,407.6846587247712,11
2024-09-18 09:43:32.873,407.68425706964416,95
2024-09-18 09:43:32.896,407.6922472618168,103
2024-09-18 09:43:32.903,407.6490690928836,102
2024-09-18 09:43:32.968,407.6648339397648,1005
2024-09-18 09:43:32.981,407.6376094083859,101
2024-09-18 09:43:33.202,407.6706994431398,1003
2024-09-18 09:43:33.284,407.6711428231405,15
2024-09-18 09:43:33.329,407.6781046128178,995
2024-09-18 09:43:33.382,407.68044899729136,997
2024-09-18 09:43:33.606,407.6572496864264,13
2024-09-18 09:43:33.725,407.6691365849306,14
2024-09-18 09:43:33.771,407.6537549894096,1000
2024-09-18 09:43:33.846,407.67703995412006,9
2024-09-18 09:43:33.929,407.6800225083422,997
2024-09-18 09:43:34.049,407.69402144902153,995
2024-09-18 09:43:34.103,407.7211634253911,995
2024-09-18 09:43:34.172,407.6978779336134,998
2024-09-18 09:43:34.179,407.7165088999,998
2024-09-18 09:43:34.210,407.7074118510725,995
2024-09-18 09:43:34.234,407.6956364081127,999
2024-09-18 09:43:34.263,407.7069870433298,98
2024-09-18 09:43:34.280,407.7048741695776,95
2024-09-18 09:43:34.300,407.67984272886895,997
2024-09-18 09:43:34.322,407.7198795190815,9
2024-09-18 09:43:34.386,407.6981725974357,996
2024-09-18 09:43:34.390,407.6662144922525,100
2024-09-18 09:43:34.428,407.6805303955839,1001
2024-09-18 09:43:34.535,407.70311413595937,996
2024-09-18 09:43:34.549,407.6901702604411,10
2024-09-18 09:43:34.587,407.69724594658175,11
2024-09-18 09:43:34.596,407.7132476842152,11
2024-09-18 09:43:34.646,407.6937456754386,14
2024-09-18 09:43:34.695,407.6806673116755,997
2024-09-18 09:43:34.784,407.6951159451904,103
2024-09-18 09:43:34.801,407.7146766215221,11
2024-09-18 09:43:34.858,407.71124033364526,14
2024-09-18 09:43:34.877,407.6988970696793,101
2024-09-18 09:43:34.883,407.7060600627238,12
2024-09-18 09:43:34.893,407.6936141110047,1002
2024-09-18 09:43:34.974,407.717598471654,100
2024-09-18 09:43:34.992,407.70595729963634,1003
2024-09-18 09:43:35.033,407.6705425121929,11
2024-09-18 09:43:35.234,407.70356198356507,15
2024-09-18 09:43:35.334,407.62310319513335,10
2024-09-18 09:43:35.474,407.6578429019041,95
2024-09-18 09:43:35.488,407.6461274994821,7
2024-09-18 09:43:35.624,407.6805520598709,1002
2024-09-18 09:43:35.625,407.6789508280423,996
2024-09-18 09:43:35.764,407.71238429629767,9
2024-09-18 09:43:35.815,407.66128170160215,100
2024-09-18 09:43:35.835,407.6761797816385,1001
2024-09-18 09:43:35.856,407.6233541897016,1005
2024-09-18 09:43:35.893,407.6813319322231,13
2024-09-18 09:43:35.924,407.6809267750168,95
2024-09-18 09:43:36.095,407.65218780882526,96
2024-09-18 09:43:36.193,407.631500876715,12
2024-09-18 09:43:36.196,407.6346152963025,1003
2024-09-18 09:43:36.224,407.6470651106171,995
2024-09-18 09:43:36.318,407.65555428244136,14
2024-09-18 09:43:36.754,407.6457225097649,102
2024-09-18 09:43:36.760,407.6354166566256,100
2024-09-18 09:43:36.859,407.64915328525257,105
2024-09-18 09:43:36.898,407.6322272259556,1000
2024-09-18 09:43:36.947,407.65036290915225,95
2024-09-18 09:43:36.991,407.64460667738655,98
2024-09-18 09:43:37.027,407.6666631777306,5
2024-09-18 09:43:37.027,407.7479348421685,999
2024-09-18 09:43:37.221,407.6372532994717,1001
2024-09-18 09:43:37.363,407.6431212451432,1005
2024-09-18 09:43:37.414,407.656394827109,6
2024-09-18 09:43:37.514,407.726557227751,1000
2024-09-18 09:43:37.660,407.6529434248381,100
2024-09-18 09:43:37.795,407.71001057845376,5
2024-09-18 09:43:37.801,407.7427575241188,995
2024-09-18 09:43:37.853,407.6316565746468,102
2024-09-18 09:43:38.025,407.76042128713135,997
2024-09-18 09:43:38.191,407.78855054081606,998
2024-09-18 09:43:38.209,407.7918739681172,105
2024-09-18 09:43:38.327,407.74619748123,1004
2024-09-18 09:43:38.374,407.7320738196232,98
2024-09-18 09:43:38.498,407.73501715700985,95
2024-09-18 09:43:38.599,407.7794478840791,99
2024-09-18 09:43:38.643,407.7454253980316,999
2024-09-18 09:43:38.644,407.78223949631183,97
2024-09-18 09:43:38.699,407.73320407997545,97
2024-09-18 09:43:38.702,407.7802968766426,98
2024-09-18 09:43:38.712,407.7883486571719,1004
2024-09-18 09:43:38.805,407.7367630962936,995
2024-09-18 09:43:38.806,407.7238898777764,97
2024-09-18 09:43:38.871,407.78421343759993,102
2024-09-18 09:43:38.921,407.7877824421991,102
2024-09-18 09:43:38.935,407.77337419224335,102
2024-09-18 09:43:39.133,407.7704876173042,1005
2024-09-18 09:43:39.263,407.77157232552673,996
2024-09-18 09:43:39.277,407.7861273491405,8
2024-09-18 09:43:39.282,407.7483251698964,101
2024-09-18 09:43:39.378,407.7418116613702,96
2024-09-18 09:43:39.452,407.7805713518524,103
2024-09-18 09:43:39.521,40.77584538836951,999
2024-09-18 09:43:39.559,407.7871270025117,1003
2024-09-18 09:43:39.642,407.7543608578223,15
2024-09-18 09:43:39.645,407.7628640169833,10
2024-09-18 09:43:39.745,407.7144937092602,97
2024-09-18 09:43:39.777,407.7730087344272,97
2024-09-18 09:43:39.790,407.78592770110106,997
2024-09-18 09:43:39.795,407.76092586739264,997
2024-09-18 09:43:39.843,407.7741891802126,12
2024-09-18 09:43:39.844,407.7518176671645,998
2024-09-18 09:43:39.846,407.7826237452815,105
2024-09-18 09:43:39.854,407.7535449478016,1001
2024-09-18 09:43:39.881,407.72693913689,13
2024-09-18 09:43:39.918,407.76260145957497,8
2024-09-18 09:43:39.920,407.7977525782334,8
2024-09-18 09:43:39.930,407.74040665034266,1003
2024-09-18 09:43:39.984,407.7464033935711,12
2024-09-18 09:43:40.051,407.7505580523135,12
2024-09-18 09:43:40.381,407.74644205021417,12
2024-09-18 09:43:40.567,407.75168967866034,1000
2024-09-18 09:43:40.574,407.7576479117948,15
2024-09-18 09:43:41.281,407.74937933969744,104
2024-09-18 09:43:41.429,407.73229087412193,1002
2024-09-18 09:43:41.554,407.745527818525,97
2024-09-18 09:43:41.555,407.7497634565441,15
2024-09-18 09:43:41.560,-407.7468048448338,998
2024-09-18 09:43:41.665,407.74241975339714,15
2024-09-18 09:43:41.750,407.7475103168864,12
2024-09-18 09:43:41.833,407.76315923842674,15
2024-09-18 09:43:41.847,407.7201725821916,5
2024-09-18 09:43:41.865,407.7742526286019,996
2024-09-18 09:43:42.009,407.69853083332765,6
2024-09-18 09:43:42.021,407.7807560169343,6
2024-09-18 09:43:42.061,407.7453492538081,95
2024-09-18 09:43:42.081,407.751853245922,14
2024-09-18 09:43:42.101,407.75616415334457,99
2024-09-18 09:43:42.116,407.7880978372436,1000
2024-09-18 09:43:42.158,407.7795182259333,99
2024-09-18 09:43:42.196,407.7663939469408,96
2024-09-18 09:43:42.221,407.7595468695337,1002
2024-09-18 09:43:42.227,407.7528549670536,1004
2024-09-18 09:43:42.288,407.7807564090612,1001
2024-09-18 09:43:42.307,407.70720522773433,1005
2024-09-18 09:43:42.339,407.7563654414463,1005
2024-09-18 09:43:42.387,407.742774624328,103
2024-09-18 09:43:42.408,407.7201428804001,997
2024-09-18 09:43:42.473,407.7314874639469,996
2024-09-18 09:43:42.485,407.78247175698897,11
2024-09-18 09:43:42.530,407.73629813381,9
2024-09-18 09:43:42.541,407.7091901120005,996
2024-09-18 09:43:42.591,407.7134814935149,14
2024-09-18 09:43:42.625,407.7257337481773,998
2024-09-18 09:43:42.637,407.7312674180424,101
2024-09-18 09:43:42.648,407.74390431915975,8
2024-09-18 09:43:42.663,407.78626938426976,12
2024-09-18 09:43:42.839,407.7337101507756,95
2024-09-18 09:43:42.844,407.7326273519981,1004
2024-09-18 09:43:42.860,407.7384389155769,96
2024-09-18 09:43:42.879,407.7447183828114,12
2024-09-18 09:43:42.979,407.7759693106614,999
2024-09-18 09:43:42.997,407.7284091919391,96
2024-09-18 09:43:43.024,407.7704497115593,96
2024-09-18 09:43:43.029,407.791828125432,13
2024-09-18 09:43:43.060,407.77828782988246,96
2024-09-18 09:43:43.085,407.7892605342252,13
2024-09-18 09:43:43.115,407.8263291998993,999
2024-09-18 09:43:43.263,407.8377797543712,95
2024-09-18 09:43:43.324,407.7616710508334,5
2024-09-18 09:43:43.403,407.8324849602516,997
2024-09-18 09:43:43.418,407.79755447482114,14
2024-09-18 09:43:43.465,407.76312170177584,5
2024-09-18 09:43:43.619,407.8327202594347,8
2024-09-18 09:43:43.634,407.77157681351065,100
2024-09-18 09:43:43.656,407.8409278093788,102
2024-09-18 09:43:43.760,40.77723007306591,997
2024-09-18 09:43:43.771,407.7774550642823,997
2024-09-18 09:43:43.794,407.76983805496695,15
2024-09-18 09:43:43.802,407.7788879507805,5
2024-09-18 09:43:43.818,407.8106233770043,7
2024-09-18 09:43:43.852,407.7840153242249,11
2024-09-18 09:43:43.855,407.8246441771923,1000
2024-09-18 09:43:43.893,407.8086346475225,12
2024-09-18 09:43:43.955,40.778999218107394,6
2024-09-18 09:43:44.016,407.80939971589686,10
2024-09-18 09:43:44.026,407.84093410931183,999
2024-09-18 09:43:44.065,407.820468663368,99
2024-09-18 09:43:44.114,407.8048170197952,15
2024-09-18 09:43:44.126,407.8222512381001,1002
2024-09-18 09:43:44.198,407.79434913646696,103
2024-09-18 09:43:44.248,407.8171912431075,1002
2024-09-18 09:43:44.293,407.8482610968871,1003
2024-09-18 09:43:44.323,407.8256259163321,999
2024-09-18 09:43:44.340,407.7545784178902,13
2024-09-18 09:43:44.415,407.8205352422403,1005
2024-09-18 09:43:44.426,407.8075789509851,1000
2024-09-18 09:43:44.466,407.8024606353136,996
2024-09-18 09:43:44.567,407.7914645617793,995
2024-09-18 09:43:44.616,407.8158523551861,13
2024-09-18 09:43:44.619,407.7540917680374,10
2024-09-18 09:43:44.628,407.8239890334415,96
2024-09-18 09:43:44.633,407.8177261747934,996
2024-09-18 09:43:44.653,407.7734285951783,1001
2024-09-18 09:43:44.715,407.8004563363857,100
2024-09-18 09:43:44.722,407.7993279554791,1001
2024-09-18 09:43:44.816,407.8233858545738,5
2024-09-18 09:43:44.826,407.77493903705647,6
2024-09-18 09:43:44.834,407.8133821400035,997
2024-09-18 09:43:44.870,407.8051440179849,12
2024-09-18 09:43:44.933,407.8047280659232,97
2024-09-18 09:43:44.961,407.8368221586985,13
2024-09-18 09:43:44.964,407.8180046215263,98
2024-09-18 09:43:44.994,407.816625292306,15
2024-09-18 09:43:45.395,407.78654678594415,10
2024-09-18 09:43:45.533,407.81480696352247,12
2024-09-18 09:43:45.659,407.82488340679095,7
2024-09-18 09:43:45.926,407.8354549816706,1004
2024-09-18 09:43:46.040,407.8333585484161,1001
2024-09-18 09:43:46.114,407.8236546564444,99
2024-09-18 09:43:46.156,407.8298379491753,101
2024-09-18 09:43:46.229,407.8095488066314,96
2024-09-18 09:43:46.269,407.8317941630283,997
2024-09-18 09:43:46.506,407.8280671918242,997
2024-09-18 09:43:46.521,407.8499191168826,98
2024-09-18 09:43:46.549,407.84200873231225,102
2024-09-18 09:43:46.698,407.825463232388,1002
2024-09-18 09:43:46.766,407.8472424360273,9
2024-09-18 09:43:46.769,40.7830966859454,95
2024-09-18 09:43:46.831,407.8354723204102,12
2024-09-18 09:43:46.874,407.8057219504862,5
2024-09-18 09:43:46.898,407.8293462796311,1002
2024-09-18 09:43:46.924,407.813416376465,105
2024-09-18 09:43:46.952,-407.8327791051999,998
2024-09-18 09:43:46.985,407.8208027551549,1004
2024-09-18 09:43:46.989,407.8262896518666,1000
2024-09-18 09:43:46.995,407.8073796177338,104
2024-09-18 09:43:46.997,407.8455043621986,1001
2024-09-18 09:43:47.048,407.8144792054277,14
2024-09-18 09:43:47.057,407.7579434649578,1005
2024-09-18 09:43:47.058,407.839060392495,99
2024-09-18 09:43:47.094,407.8384236215229,1001
2024-09-18 09:43:47.106,407.72997650639815,14
2024-09-18 09:43:47.111,407.74709682063104,11
2024-09-18 09:43:47.124,407.7500181607097,96
2024-09-18 09:43:47.132,407.71907625733184,995
2024-09-18 09:43:47.168,407.83168521389615,95
2024-09-18 09:43:47.204,407.7561411197501,996
2024-09-18 09:43:47.213,407.8009755967363,9
2024-09-18 09:43:47.214,407.768164493269,1001
2024-09-18 09:43:47.235,407.82122935287407,1000
2024-09-18 09:43:47.238,407.79760832070576,9
2024-09-18 09:43:47.311,407.8319020504661,15
2024-09-18 09:43:47.313,407.7877712591073,999
2024-09-18 09:43:47.360,407.79024043169466,96
2024-09-18 09:43:47.417,407.7997953295265,995
2024-09-18 09:43:47.439,407.8014524273075,1001
2024-09-18 09:43:47.486,407.7762917441969,95
2024-09-18 09:43:47.495,407.8268445235482,10
2024-09-18 09:43:47.513,407.7399956261122,8
2024-09-18 09:43:47.540,407.84209918460726,12
2024-09-18 09:43:47.768,407.8304830683243,1004
2024-09-18 09:43:47.844,407.7900941056477,9
2024-09-18 09:43:47.850,407.7410109335928,104
2024-09-18 09:43:47.977,407.845989484085,104
2024-09-18 09:43:48.012,407.85182562836366,10
2024-09-18 09:43:48.029,407.8530686763171,100
2024-09-18 09:43:48.034,407.8304707953013,97
2024-09-18 09:43:48.037,407.8087830175237,998
2024-09-18 09:43:48.071,407.8361837311671,105
2024-09-18 09:43:48.082,407.8728192380647,12
2024-09-18 09:43:48.123,407.85380838616805,95
2024-09-18 09:43:48.241,407.8159547046442,6
2024-09-18 09:43:48.247,407.8874647540856,10
2024-09-18 09:43:48.262,407.8616406809637,1003
2024-09-18 09:43:48.453,,995
2024-09-18 09:43:48.488,407.8300744121625,100
2024-09-18 09:43:48.518,407.82528890198097,102
2024-09-18 09:43:48.581,407.8817883455415,15
2024-09-18 09:43:48.628,407.80095723219847,995
2024-09-18 09:43:48.648,407.822430068982,101
2024-09-18 09:43:48.648,407.8463788419943,104
2024-09-18 09:43:48.659,407.8440344042368,996
2024-09-18 09:43:48.685,407.8052002747859,13
2024-09-18 09:43:48.739,407.8669070577708,13
2024-09-18 09:43:48.748,407.8136654696943,12
2024-09-18 09:43:48.765,407.82715355928,14
2024-09-18 09:43:48.789,407.8501635718469,98
2024-09-18 09:43:48.796,407.8426866087183,14
2024-09-18 09:43:48.826,407.80804602676153,8
2024-09-18 09:43:48.848,407.8710988038226,1004
2024-09-18 09:43:48.926,407.866650954977,1000
2024-09-18 09:43:48.970,407.8667952407279,15
2024-09-18 09:43:48.999,407.8355724738921,101
2024-09-18 09:43:49.013,407.77840035134926,102
2024-09-18 09:43:49.205,407.8081780438932,8
2024-09-18 09:43:49.301,-407.813672376809,9
2024-09-18 09:43:49.423,407.8074789566156,1003
2024-09-18 09:43:49.485,407.8175119407339,998
2024-09-18 09:43:49.793,407.8138178761753,14
2024-09-18 09:43:49.798,407.8154426245727,7
2024-09-18 09:43:49.842,407.8023799995749,12
2024-09-18 09:43:49.944,407.7800373493896,1003
2024-09-18 09:43:50.003,407.7808462525577,1003
2024-09-18 09:43:50.281,407.7977330437023,11
2024-09-18 09:43:50.289,407.7954522858431,104
2024-09-18 09:43:50.352,407.834342761269,1004
2024-09-18 09:43:50.443,407.8095104328623,100
2024-09-18 09:43:50.473,407.8037490071259,96
2024-09-18 09:43:50.549,407.79849015370144,98
2024-09-18 09:43:50.604,407.8133927354062,998
2024-09-18 09:43:50.661,407.8029957185383,1002
2024-09-18 09:43:50.714,407.7864037060325,999
2024-09-18 09:43:50.729,407.821994360506,1001
2024-09-18 09:43:50.851,407.8173997590054,11
2024-09-18 09:43:50.945,407.80007684943206,1003
2024-09-18 09:43:51.014,407.78429603472017,101
2024-09-18 09:43:51.017,407.8117331044803,1001
2024-09-18 09:43:51.028,,100
2024-09-18 09:43:51.076,407.783484069984,96
2024-09-18 09:43:51.097,407.821123366048,1003
2024-09-18 09:43:51.197,407.8213438806984,99
2024-09-18 09:43:51.286,407.7708567494777,5
2024-09-18 09:43:51.290,407.8135634425402,103
2024-09-18 09:43:51.357,407.7704601985231,1000
2024-09-18 09:43:51.368,407.819382689793,9
2024-09-18 09:43:51.397,407.7913514601843,102
2024-09-18 09:43:51.460,407.80106477235466,101
2024-09-18 09:43:51.545,407.8217044149208,996
2024-09-18 09:43:51.618,407.8110010444169,10
2024-09-18 09:43:51.931,407.7557009120621,103
2024-09-18 09:43:52.114,407.7872663377144,997
2024-09-18 09:43:52.207,407.7836115243817,1001
2024-09-18 09:43:52.226,407.7617895876039,7
2024-09-18 09:43:52.738,407.7674576797797,1001
2024-09-18 09:43:53.083,407.8093912074604,14
2024-09-18 09:43:53.162,407.7839302536566,7
2024-09-18 09:43:53.491,407.78815240424046,995
2024-09-18 09:43:53.617,407.7579616538499,14
2024-09-18 09:43:53.660,407.7943232326523,10
2024-09-18 09:43:53.674,407.7612949940312,97
2024-09-18 09:43:53.784,407.79794817277633,997
2024-09-18 09:43:53.811,407.7716047131682,15
2024-09-18 09:43:53.893,407.7756332985595,13
2024-09-18 09:43:53.979,407.7980425897409,11
2024-09-18 09:43:54.011,407.8152563730258,8
2024-09-18 09:43:54.075,407.81739274254886,97
2024-09-18 09:43:54.085,407.8316643878746,97
2024-09-18 09:43:54.150,407.8456025708984,1002
2024-09-18 09:43:54.177,-407.849758097728,13
2024-09-18 09:43:54.265,407.8238623641102,97
2024-09-18 09:43:54.347,407.81225875517725,1003
2024-09-18 09:43:54.485,407.8219010737764,96
2024-09-18 09:43:54.498,407.8572092945368,99
2024-09-18 09:43:54.657,407.8515594364451,5
2024-09-18 09:43:54.688,407.85477695146966,104
2024-09-18 09:43:54.689,40.78427630791679,7
2024-09-18 09:43:54.717,407.8420125134688,11
2024-09-18 09:43:54.721,407.835600279162,105
2024-09-18 09:43:54.725,407.8664961872168,97
2024-09-18 09:43:54.738,407.83248512482896,7
2024-09-18 09:43:54.799,407.8049990669181,6
2024-09-18 09:43:54.967,40.7818307067777,105
2024-09-18 09:43:55.010,407.8543831824362,1000
2024-09-18 09:43:55.072,407.8385526244385,995
2024-09-18 09:43:55.194,407.856967517922,12
2024-09-18 09:43:55.227,407.85650576360064,97
2024-09-18 09:43:55.302,407.8476819965284,9
2024-09-18 09:43:55.318,407.8547636375247,9
2024-09-18 09:43:55.349,407.8595884236661,102
2024-09-18 09:43:55.351,,103
2024-09-18 09:43:55.388,407.83045854995146,97
2024-09-18 09:43:55.406,407.8662765004918,11
2024-09-18 09:43:55.412,407.8441388980056,99
2024-09-18 09:43:55.416,407.8533240613007,97
2024-09-18 09:43:55.431,407.8571876737476,12
2024-09-18 09:43:55.447,407.82845737457006,7
2024-09-18 09:43:55.480,407.83657975251526,6
2024-09-18 09:43:55.570,407.8348890131593,995
2024-09-18 09:43:55.584,407.8470232033735,1001
2024-09-18 09:43:55.655,407.87462366614574,97
2024-09-18 09:43:55.676,407.8488296053386,995
2024-09-18 09:43:55.807,407.871069996057,105
2024-09-18 09:43:55.861,407.87060320096606,9
2024-09-18 09:43:55.868,407.82989921558885,98
2024-09-18 09:43:55.925,407.8502002325536,1005
2024-09-18 09:43:55.957,407.8523720809167,996
2024-09-18 09:43:55.962,407.856468738181,995
2024-09-18 09:43:56.511,407.8261567974674,102
2024-09-18 09:43:56.558,407.8195228521245,999
2024-09-18 09:43:56.618,407.8454243791485,99
2024-09-18 09:43:56.639,407.8571815432988,8
2024-09-18 09:43:56.715,40.785966466036456,99
2024-09-18 09:43:56.773,407.8223775281375,104
2024-09-18 09:43:56.933,407.8230033504169,1001
2024-09-18 09:43:57.109,407.77732694726967,9
2024-09-18 09:43:57.117,407.7893156814585,6
2024-09-18 09:43:57.250,407.8163772714731,103
2024-09-18 09:43:57.270,,13
2024-09-18 09:43:57.304,407.8188786159709,997
2024-09-18 09:43:57.390,407.78708669506256,5
2024-09-18 09:43:57.396,407.83933848994826,10
2024-09-18 09:43:57.485,407.8039966886571,7
2024-09-18 09:43:57.577,407.8138149156326,12
2024-09-18 09:43:57.725,407.81674509959646,1000
2024-09-18 09:43:57.788,407.7860637127106,6
2024-09-18 09:43:57.795,407.7804331577235,98
2024-09-18 09:43:57.814,407.821606235453,999
2024-09-18 09:43:57.818,407.8112678806099,5
2024-09-18 09:43:57.865,407.79993062029513,95
2024-09-18 09:43:57.906,407.7976424212371,95
2024-09-18 09:43:57.960,407.8279930097543,997
2024-09-18 09:43:57.984,407.8280366817869,7
2024-09-18 09:43:58.005,407.7528914408194,1002
2024-09-18 09:43:58.208,407.73796157408896,997
2024-09-18 09:43:58.279,407.77481727906735,7
2024-09-18 09:43:58.429,407.7840101976977,105
2024-09-18 09:43:58.430,407.7952047875939,1005
2024-09-18 09:43:58.527,407.7624423714733,1003
2024-09-18 09:43:58.555,407.7341357298057,11
2024-09-18 09:43:58.560,407.7523253978897,15
2024-09-18 09:43:58.568,407.79747203006906,97
2024-09-18 09:43:58.579,407.7811920445725,100
2024-09-18 09:43:58.596,407.7913339935384,1002
2024-09-18 09:43:58.663,407.78244137109135,103
2024-09-18 09:43:58.687,407.76624461284354,105
2024-09-18 09:43:58.795,407.7816303770349,103
2024-09-18 09:43:58.838,407.7382561069154,99
2024-09-18 09:43:58.944,407.7681636894038,9
2024-09-18 09:43:58.952,407.7525552521258,15
2024-09-18 09:43:58.955,407.748661063578,998
2024-09-18 09:43:58.971,407.7544084835232,998
2024-09-18 09:43:59.115,407.61277707375166,99
2024-09-18 09:43:59.144,407.59924275148455,104
2024-09-18 09:43:59.155,407.6377511775881,105
2024-09-18 09:43:59.184,407.722905415733,7
2024-09-18 09:43:59.232,407.7224001154465,6
2024-09-18 09:43:59.244,407.5903906067353,6
2024-09-18 09:43:59.325,407.6708048956201,998
2024-09-18 09:43:59.327,407.7496606894777,96
2024-09-18 09:43:59.335,407.67703702161424,103
2024-09-18 09:43:59.392,-407.619737785531,1001
2024-09-18 09:43:59.430,407.6725828929273,96
2024-09-18 09:43:59.470,407.7684955068888,1005
2024-09-18 09:43:59.481,407.71325605087486,104
2024-09-18 09:43:59.542,407.6769072719037,104
2024-09-18 09:43:59.597,40.75850403406811,1002
2024-09-18 09:43:59.601,407.68927047764697,9
2024-09-18 09:43:59.741,407.67274408309584,999
2024-09-18 09:43:59.743,407.71804012558647,97
2024-09-18 09:43:59.788,407.74769686599774,7
2024-09-18 09:43:59.816,407.596948717283,105
2024-09-18 09:43:59.844,40.77032803917157,105
