Timestamp,Price,Size
2024-09-17 10:32:00.003,414.94887279256784,1005
2024-09-17 10:32:00.070,,995
2024-09-17 10:32:00.182,414.9390354801645,11
2024-09-17 10:32:00.199,414.95479617199993,998
2024-09-17 10:32:00.211,414.94302549572063,6
2024-09-17 10:32:00.259,414.9445051860418,99
2024-09-17 10:32:00.281,414.963446129575,6
2024-09-17 10:32:00.305,414.952262098893,1005
2024-09-17 10:32:00.346,414.9440273097769,5
2024-09-17 10:32:00.375,414.964186802285,15
2024-09-17 10:32:00.508,414.9254278533528,999
2024-09-17 10:32:00.511,414.9398221804786,1002
2024-09-17 10:32:00.582,414.9485831662585,995
2024-09-17 10:32:00.643,414.9292048690517,103
2024-09-17 10:32:00.650,414.9454409204111,12
2024-09-17 10:32:00.702,414.93545175463726,10
2024-09-17 10:32:00.725,414.97397955476487,996
2024-09-17 10:32:00.767,414.95342606751353,7
2024-09-17 10:32:00.968,414.9444791389322,12
2024-09-17 10:32:00.986,414.93133802084105,1005
2024-09-17 10:32:01.031,415.0037696025751,104
2024-09-17 10:32:01.061,414.9842506474863,11
2024-09-17 10:32:01.083,414.9903296858964,12
2024-09-17 10:32:01.097,415.00790091469554,1004
2024-09-17 10:32:01.203,-414.9893394581485,995
2024-09-17 10:32:01.263,414.973167219712,99
2024-09-17 10:32:01.287,414.9932205510916,101
2024-09-17 10:32:01.329,414.9871124078034,98
2024-09-17 10:32:01.359,414.9961374793741,105
2024-09-17 10:32:01.364,414.98577755387896,1005
2024-09-17 10:32:01.382,414.94855929937097,1001
2024-09-17 10:32:01.389,414.9480531928015,9
2024-09-17 10:32:01.423,414.94664287732775,1001
2024-09-17 10:32:01.446,415.005389667754,997
2024-09-17 10:32:01.477,414.95033804926936,95
2024-09-17 10:32:01.495,414.9993169446293,1004
2024-09-17 10:32:01.552,414.96829437771447,995
2024-09-17 10:32:01.597,414.9536003209295,1002
2024-09-17 10:32:01.613,414.9592266195287,11
2024-09-17 10:32:01.621,414.9962267778607,1005
2024-09-17 10:32:01.671,414.9760336460936,12
2024-09-17 10:32:01.694,414.96440189516494,98
2024-09-17 10:32:01.698,415.0060729467488,13
2024-09-17 10:32:01.887,,103
2024-09-17 10:32:01.899,414.9369852362813,99
2024-09-17 10:32:01.996,414.9597251288614,996
2024-09-17 10:32:02.145,414.94662147803706,7
2024-09-17 10:32:02.174,414.9365731781572,97
2024-09-17 10:32:02.511,414.92987839144695,98
2024-09-17 10:32:02.953,414.9273442654259,15
2024-09-17 10:32:02.996,414.946658621088,96
2024-09-17 10:32:03.016,414.9368555026518,996
2024-09-17 10:32:03.068,414.9127490012958,1001
2024-09-17 10:32:03.069,414.9383528927015,96
2024-09-17 10:32:03.144,414.9241894350075,8
2024-09-17 10:32:03.151,414.9237537459558,9
2024-09-17 10:32:03.317,414.9164446189091,15
2024-09-17 10:32:03.378,414.9318053005063,14
2024-09-17 10:32:03.538,414.9243030259821,997
2024-09-17 10:32:03.617,414.91188047376414,11
2024-09-17 10:32:03.630,414.9146038332073,95
2024-09-17 10:32:03.660,414.94030934856886,1002
2024-09-17 10:32:03.728,414.9501254637228,1003
2024-09-17 10:32:03.838,414.8973755365212,1002
2024-09-17 10:32:03.854,414.9668808477812,98
2024-09-17 10:32:03.902,414.9183900419875,13
2024-09-17 10:32:03.927,414.9235960242145,996
2024-09-17 10:32:03.953,414.9141871051568,9
2024-09-17 10:32:03.960,414.96066308653167,1003
2024-09-17 10:32:04.124,414.9650574356716,15
2024-09-17 10:32:04.162,414.9600573524332,13
2024-09-17 10:32:04.309,414.9597636113028,15
2024-09-17 10:32:04.363,414.8865558224281,7
2024-09-17 10:32:04.372,414.9579154448928,6
2024-09-17 10:32:04.376,414.9288344931087,999
2024-09-17 10:32:04.455,414.9273142957187,99
2024-09-17 10:32:04.483,414.9419067431103,10
2024-09-17 10:32:04.614,414.94468088099296,999
2024-09-17 10:32:04.622,414.95805488253336,101
2024-09-17 10:32:04.673,414.9238099578449,104
2024-09-17 10:32:04.739,414.9511570943228,1004
2024-09-17 10:32:04.814,414.9096580596503,999
2024-09-17 10:32:04.897,414.9375834586693,997
2024-09-17 10:32:05.830,414.89452569500753,101
2024-09-17 10:32:05.876,414.8857201617562,96
2024-09-17 10:32:06.070,414.85928318290007,102
2024-09-17 10:32:06.120,414.9172840523176,8
2024-09-17 10:32:06.248,414.8589228747903,99
2024-09-17 10:32:06.280,414.9046600639073,14
2024-09-17 10:32:06.377,414.912244147107,5
2024-09-17 10:32:06.395,414.8632412931983,1004
2024-09-17 10:32:06.418,414.8989916590308,999
2024-09-17 10:32:06.436,414.8980078731298,103
2024-09-17 10:32:06.471,-414.8543965488829,998
2024-09-17 10:32:06.491,414.8485373906463,102
2024-09-17 10:32:06.504,414.87399906492976,100
2024-09-17 10:32:06.606,414.8662807769975,102
2024-09-17 10:32:06.708,-414.8954313638708,995
2024-09-17 10:32:06.742,414.91235945852407,99
2024-09-17 10:32:06.813,414.86267412804347,1001
2024-09-17 10:32:06.820,414.85795217529727,13
2024-09-17 10:32:06.823,414.90285410275175,1004
2024-09-17 10:32:06.943,414.9111298430408,97
2024-09-17 10:32:06.958,414.9063253023066,103
2024-09-17 10:32:07.026,414.9253512740785,10
2024-09-17 10:32:07.069,414.8706377996206,995
2024-09-17 10:32:07.098,414.9273753828915,100
2024-09-17 10:32:07.120,414.8522587094594,8
2024-09-17 10:32:07.158,414.95682624402514,11
2024-09-17 10:32:07.159,414.9369241150119,6
2024-09-17 10:32:07.193,414.945673968761,999
2024-09-17 10:32:07.204,414.91212194090247,11
2024-09-17 10:32:07.235,414.94047655948617,999
2024-09-17 10:32:07.248,414.938577926716,12
2024-09-17 10:32:07.302,414.9271724898235,99
2024-09-17 10:32:07.350,414.9487758535457,105
2024-09-17 10:32:07.357,414.96099777646873,1001
2024-09-17 10:32:07.464,414.9521360278415,7
2024-09-17 10:32:07.475,414.8891816160784,998
2024-09-17 10:32:07.566,414.9187278054877,102
2024-09-17 10:32:07.571,414.8519197236541,997
2024-09-17 10:32:07.583,414.8853623381981,997
2024-09-17 10:32:07.693,414.9598383249455,7
2024-09-17 10:32:07.706,414.9721487056265,103
2024-09-17 10:32:07.770,414.8502654733032,96
2024-09-17 10:32:07.783,414.8553299243719,13
2024-09-17 10:32:07.826,414.8690640542768,105
2024-09-17 10:32:07.865,414.9051634659541,995
2024-09-17 10:32:07.866,414.87202324770266,998
2024-09-17 10:32:07.887,414.8534440202129,100
2024-09-17 10:32:07.891,414.8627414355039,996
2024-09-17 10:32:07.905,414.85102016790745,11
2024-09-17 10:32:07.927,414.9475530413,99
2024-09-17 10:32:07.968,414.8691247938707,998
2024-09-17 10:32:08.226,414.95161607938246,1004
2024-09-17 10:32:08.585,414.9521281507732,8
2024-09-17 10:32:09.732,414.9440586884464,1003
2024-09-17 10:32:09.812,414.9199437322343,5
2024-09-17 10:32:09.871,414.91789882572505,14
2024-09-17 10:32:10.019,414.9091581813729,102
2024-09-17 10:32:10.351,414.8905972287641,101
2024-09-17 10:32:10.851,414.8979605735273,8
2024-09-17 10:32:10.853,414.8983865788607,102
2024-09-17 10:32:11.308,414.9246591890925,1004
2024-09-17 10:32:11.310,414.9336480071558,1002
2024-09-17 10:32:11.434,414.981771812392,1002
2024-09-17 10:32:11.455,414.9140958075633,14
2024-09-17 10:32:11.480,414.9381814177775,10
2024-09-17 10:32:11.607,414.9620461531656,13
2024-09-17 10:32:11.632,414.9776135488039,98
2024-09-17 10:32:11.638,,8
2024-09-17 10:32:11.649,414.9407581413308,6
2024-09-17 10:32:11.680,415.0107886296688,7
2024-09-17 10:32:11.693,414.9226320971083,1003
2024-09-17 10:32:11.699,414.9563793030808,12
2024-09-17 10:32:11.758,414.9587747250959,998
2024-09-17 10:32:11.767,414.9085936799347,97
2024-09-17 10:32:11.775,414.906052537513,98
2024-09-17 10:32:11.840,414.9961348746559,7
2024-09-17 10:32:11.856,414.9578449798239,8
2024-09-17 10:32:12.104,415.0838854540786,100
2024-09-17 10:32:12.153,415.0560317036968,1002
2024-09-17 10:32:12.243,415.0961448674491,103
2024-09-17 10:32:12.250,415.09673773108176,12
2024-09-17 10:32:12.254,415.0317160297307,105
2024-09-17 10:32:12.308,415.0760414725357,102
2024-09-17 10:32:12.313,415.0608798149789,11
2024-09-17 10:32:12.324,415.0849141485508,9
2024-09-17 10:32:12.452,415.0809038732904,101
2024-09-17 10:32:12.532,415.0624847181713,5
2024-09-17 10:32:12.536,415.0801700883029,5
2024-09-17 10:32:12.575,415.0272247260423,99
2024-09-17 10:32:12.575,415.0612034813692,104
2024-09-17 10:32:12.583,415.0963160583407,1005
2024-09-17 10:32:12.585,415.0640512187931,998
2024-09-17 10:32:12.610,415.0745350579287,1003
2024-09-17 10:32:12.724,415.0631098504222,1001
2024-09-17 10:32:12.813,415.0786141438446,996
2024-09-17 10:32:12.836,415.0804083062757,1004
2024-09-17 10:32:12.865,415.0673237158044,96
2024-09-17 10:32:12.871,415.0787948515389,1003
2024-09-17 10:32:12.873,415.074082240894,104
2024-09-17 10:32:12.894,415.0656831685516,15
2024-09-17 10:32:12.905,415.0838589127589,996
2024-09-17 10:32:13.035,415.0211983167211,101
2024-09-17 10:32:13.042,415.0224211963479,9
2024-09-17 10:32:13.125,415.0398171524857,97
2024-09-17 10:32:13.141,415.0597899251727,102
2024-09-17 10:32:13.142,415.0008600577725,102
2024-09-17 10:32:13.153,415.0162350610776,5
2024-09-17 10:32:13.158,415.04716204768914,15
2024-09-17 10:32:13.191,415.0265933900744,103
2024-09-17 10:32:13.262,415.0100130979313,1005
2024-09-17 10:32:13.295,415.0323807871874,101
2024-09-17 10:32:13.330,415.0514844957192,103
2024-09-17 10:32:13.340,414.997422900319,5
2024-09-17 10:32:13.428,415.0345449464738,7
2024-09-17 10:32:13.509,415.00910536649457,14
2024-09-17 10:32:13.525,415.0567047891016,98
2024-09-17 10:32:13.537,415.0345811466544,15
2024-09-17 10:32:13.559,415.01586907778585,5
2024-09-17 10:32:13.574,415.03628420284446,997
2024-09-17 10:32:13.585,415.041426653758,995
2024-09-17 10:32:13.613,415.0525853940542,14
2024-09-17 10:32:13.827,415.0263468892088,14
2024-09-17 10:32:13.828,415.02450923370185,104
2024-09-17 10:32:13.870,415.05802653133225,100
2024-09-17 10:32:13.872,415.04026989302247,12
2024-09-17 10:32:14.249,415.0530121129034,105
2024-09-17 10:32:14.296,415.0282043375465,998
2024-09-17 10:32:14.487,415.0079635570953,998
2024-09-17 10:32:14.606,414.9923287503002,14
2024-09-17 10:32:14.749,415.0649246463123,105
2024-09-17 10:32:14.812,415.0243093124346,996
2024-09-17 10:32:14.919,415.0303339484936,995
2024-09-17 10:32:14.920,415.0172884230015,102
2024-09-17 10:32:14.996,414.98550935003647,8
2024-09-17 10:32:15.430,415.0743264024805,999
2024-09-17 10:32:15.434,415.0589283668032,1003
2024-09-17 10:32:15.562,415.0738792352398,998
2024-09-17 10:32:15.693,415.0672508988049,95
2024-09-17 10:32:15.696,415.0801265303913,96
2024-09-17 10:32:15.794,415.0752951780123,97
2024-09-17 10:32:15.863,415.0707395480922,999
2024-09-17 10:32:16.007,-415.05392400462097,11
2024-09-17 10:32:16.035,415.0527268036722,98
2024-09-17 10:32:16.159,415.0448515052554,96
2024-09-17 10:32:16.204,415.05960662166217,99
2024-09-17 10:32:16.417,414.9938346984639,100
2024-09-17 10:32:16.436,414.9956869096253,1003
2024-09-17 10:32:16.558,415.05378811817536,96
2024-09-17 10:32:16.680,415.0796460404673,997
2024-09-17 10:32:16.726,415.0228319671525,10
2024-09-17 10:32:16.873,415.0141006734554,100
2024-09-17 10:32:16.965,415.07164852769085,11
2024-09-17 10:32:17.003,415.0067842079303,13
2024-09-17 10:32:17.048,415.013555935818,7
2024-09-17 10:32:17.071,414.9894046369509,1001
2024-09-17 10:32:17.107,415.04327981671554,1000
2024-09-17 10:32:17.125,415.0091824477631,1001
2024-09-17 10:32:17.155,415.03514265724937,10
2024-09-17 10:32:17.214,414.9997095392096,1001
2024-09-17 10:32:17.249,415.0296277546338,1003
2024-09-17 10:32:17.269,414.9951571265725,98
2024-09-17 10:32:17.379,415.0261062695545,7
2024-09-17 10:32:17.385,415.0353475167646,11
2024-09-17 10:32:17.420,415.03844730893655,998
2024-09-17 10:32:17.487,415.0349843382243,12
2024-09-17 10:32:17.515,415.0277131976973,101
2024-09-17 10:32:17.568,415.02689017841976,15
2024-09-17 10:32:17.607,415.027965998609,104
2024-09-17 10:32:17.622,414.9985903086746,8
2024-09-17 10:32:17.694,415.0039045399367,6
2024-09-17 10:32:17.714,415.00663207485786,1000
2024-09-17 10:32:17.821,415.0324597410065,1003
2024-09-17 10:32:17.884,415.0337081904367,15
2024-09-17 10:32:18.018,415.1146767541083,101
2024-09-17 10:32:18.034,415.0793778138696,98
2024-09-17 10:32:18.097,415.1289674403806,999
2024-09-17 10:32:18.149,415.0511483131198,5
2024-09-17 10:32:18.207,415.07985812084553,15
2024-09-17 10:32:18.237,415.094739330039,6
2024-09-17 10:32:18.277,415.06384541850576,7
2024-09-17 10:32:18.278,415.057783755226,5
2024-09-17 10:32:18.293,415.0677053450546,999
2024-09-17 10:32:18.331,415.07378882739886,13
2024-09-17 10:32:18.332,415.0723532103598,1005
2024-09-17 10:32:18.358,415.1194399146033,1002
2024-09-17 10:32:18.369,415.1248603815267,104
2024-09-17 10:32:18.456,415.0847515824486,996
2024-09-17 10:32:18.566,415.07711521375023,95
2024-09-17 10:32:18.671,415.0727942439648,102
2024-09-17 10:32:18.681,415.1071678914358,6
2024-09-17 10:32:18.711,415.1100395777977,15
2024-09-17 10:32:18.729,415.1005439328445,10
2024-09-17 10:32:18.747,-415.1254137070232,101
2024-09-17 10:32:18.836,415.1047188535826,7
2024-09-17 10:32:18.852,415.0735734720317,1004
2024-09-17 10:32:18.882,,996
2024-09-17 10:32:18.894,415.07835531811145,995
2024-09-17 10:32:18.897,415.1258139252394,13
2024-09-17 10:32:19.039,415.0713314654697,1002
2024-09-17 10:32:19.076,415.0962214219408,999
2024-09-17 10:32:19.080,415.1090950522777,105
2024-09-17 10:32:19.084,415.077685207197,98
2024-09-17 10:32:19.121,415.1293020144077,1002
2024-09-17 10:32:19.144,415.06185092388506,1003
2024-09-17 10:32:19.147,415.06259224556896,998
2024-09-17 10:32:19.156,415.0617891413887,6
2024-09-17 10:32:19.230,415.0614346687673,97
2024-09-17 10:32:19.238,-415.0560253711337,95
2024-09-17 10:32:19.264,415.0855661352123,95
2024-09-17 10:32:19.275,415.112059760667,1001
2024-09-17 10:32:19.354,415.0667522429672,11
2024-09-17 10:32:19.418,415.126442684126,999
2024-09-17 10:32:19.425,415.0611745286592,11
2024-09-17 10:32:19.549,415.1359321822263,96
2024-09-17 10:32:19.554,415.1361320390459,1005
2024-09-17 10:32:19.568,415.0617877841426,14
2024-09-17 10:32:19.576,415.0565379727404,104
2024-09-17 10:32:19.586,415.0840982187749,1003
2024-09-17 10:32:19.710,415.12997462297966,997
2024-09-17 10:32:19.750,415.07315939129415,96
2024-09-17 10:32:19.778,415.0781234408281,999
2024-09-17 10:32:19.979,415.0844871272217,15
2024-09-17 10:32:19.988,415.07394838221376,104
2024-09-17 10:32:20.267,415.0288400484594,1005
2024-09-17 10:32:20.359,415.0359772122529,1002
2024-09-17 10:32:21.083,-415.1014194216816,101
2024-09-17 10:32:21.124,415.0204513763034,7
2024-09-17 10:32:21.171,414.9771241651984,14
2024-09-17 10:32:21.173,415.0652149247138,101
2024-09-17 10:32:21.192,415.0126493205845,15
2024-09-17 10:32:21.300,415.0966347862028,999
2024-09-17 10:32:21.300,415.1023945173692,1001
2024-09-17 10:32:21.346,415.0107452345625,998
2024-09-17 10:32:21.447,415.0970619810334,98
2024-09-17 10:32:21.539,415.0299486503978,98
2024-09-17 10:32:21.598,415.0156065889233,15
2024-09-17 10:32:21.610,415.04864718814304,999
2024-09-17 10:32:21.650,415.01653411196247,1001
2024-09-17 10:32:21.701,41.500415958097605,96
2024-09-17 10:32:21.764,415.0120567119168,96
2024-09-17 10:32:21.777,415.0023365066647,13
2024-09-17 10:32:21.832,414.9787043721759,105
2024-09-17 10:32:21.841,415.0293640143369,104
2024-09-17 10:32:21.873,415.09192707340543,11
2024-09-17 10:32:21.903,415.1028018382548,5
2024-09-17 10:32:21.916,415.0033596185774,6
2024-09-17 10:32:21.926,415.0022048660418,101
2024-09-17 10:32:21.975,415.0160615636771,11
2024-09-17 10:32:21.985,415.1071367468479,10
2024-09-17 10:32:21.996,414.99560257361645,13
2024-09-17 10:32:22.003,415.1075986450186,13
2024-09-17 10:32:22.021,415.0916726524712,7
2024-09-17 10:32:22.232,415.11518022488815,6
2024-09-17 10:32:22.246,415.0893226715338,13
2024-09-17 10:32:22.520,415.12394556955337,7
2024-09-17 10:32:22.558,415.1063166375707,105
2024-09-17 10:32:22.592,415.0912020453757,997
2024-09-17 10:32:22.674,415.0958200726796,8
2024-09-17 10:32:22.692,415.0807037562661,10
2024-09-17 10:32:22.707,415.11158664396993,13
2024-09-17 10:32:22.772,415.1299339005489,12
2024-09-17 10:32:22.815,415.1307380223982,8
2024-09-17 10:32:22.854,415.1112142677808,100
2024-09-17 10:32:22.887,415.1183697400513,996
2024-09-17 10:32:22.933,415.09619898911103,1003
2024-09-17 10:32:22.979,415.1296113910713,105
2024-09-17 10:32:23.030,415.12192445641176,1001
2024-09-17 10:32:23.089,415.1627122648372,13
2024-09-17 10:32:23.120,415.1148630516397,1002
2024-09-17 10:32:23.260,415.1278618784483,98
2024-09-17 10:32:23.310,415.1236910908354,105
2024-09-17 10:32:23.315,415.1647424356737,997
2024-09-17 10:32:23.324,415.1049795254425,104
2024-09-17 10:32:23.334,415.1502586786089,103
2024-09-17 10:32:23.357,415.13126965220647,12
2024-09-17 10:32:23.361,415.0981892719673,95
2024-09-17 10:32:23.398,415.129418978109,14
2024-09-17 10:32:23.441,415.1146224373159,100
2024-09-17 10:32:23.520,415.1332038989929,5
2024-09-17 10:32:23.578,415.1223114212654,1003
2024-09-17 10:32:23.697,415.140932311183,100
2024-09-17 10:32:23.705,415.130258181144,7
2024-09-17 10:32:23.710,415.128796452884,1005
2024-09-17 10:32:23.732,415.1170889370465,8
2024-09-17 10:32:23.751,415.1086482273303,12
2024-09-17 10:32:23.896,415.1491518987957,9
2024-09-17 10:32:23.968,415.1210871220841,1002
2024-09-17 10:32:23.984,415.10236503604,15
2024-09-17 10:32:24.275,415.1713602458951,1005
2024-09-17 10:32:24.575,415.1526840829005,96
2024-09-17 10:32:24.597,415.1297400866008,999
2024-09-17 10:32:24.634,415.13418655317184,103
2024-09-17 10:32:24.665,415.1376939053416,1004
2024-09-17 10:32:24.777,415.1593124851432,95
2024-09-17 10:32:24.814,415.1232814596864,998
2024-09-17 10:32:25.009,415.2071910937138,5
2024-09-17 10:32:25.009,415.2117111700862,98
2024-09-17 10:32:25.032,415.21426200702143,995
2024-09-17 10:32:25.086,415.2060600002214,1002
2024-09-17 10:32:25.121,415.18954006793183,104
2024-09-17 10:32:25.178,415.18822116630207,1003
2024-09-17 10:32:25.202,415.1780804444808,14
2024-09-17 10:32:25.204,415.2063252802419,15
2024-09-17 10:32:25.335,415.2248515025344,105
2024-09-17 10:32:25.397,415.1800995605904,98
2024-09-17 10:32:25.401,415.1917315111619,104
2024-09-17 10:32:25.419,415.1678758674793,103
2024-09-17 10:32:25.430,415.2062956851992,99
2024-09-17 10:32:25.443,415.1870078188593,998
2024-09-17 10:32:25.507,415.1794687764656,14
2024-09-17 10:32:25.531,415.1853078256624,13
2024-09-17 10:32:25.533,415.2215700160594,7
2024-09-17 10:32:25.568,415.1745192720844,15
2024-09-17 10:32:25.594,415.1885526617785,7
2024-09-17 10:32:25.679,415.1742285159086,999
2024-09-17 10:32:25.712,415.1926997322501,8
2024-09-17 10:32:25.713,41.52205197453196,996
2024-09-17 10:32:25.747,415.2093447462505,14
2024-09-17 10:32:25.766,415.1642163235106,13
2024-09-17 10:32:25.934,415.1701453305133,6
2024-09-17 10:32:27.276,415.18127048336765,1002
2024-09-17 10:32:27.312,415.20493164517455,998
2024-09-17 10:32:27.451,415.20670465359785,995
2024-09-17 10:32:27.563,415.2012299814428,5
2024-09-17 10:32:27.586,415.19760714336667,1005
2024-09-17 10:32:27.685,415.1874272283421,15
2024-09-17 10:32:27.731,415.2037145084842,14
2024-09-17 10:32:27.799,415.1779446936432,105
2024-09-17 10:32:27.883,415.1710606703131,15
2024-09-17 10:32:27.895,415.2314305989023,14
2024-09-17 10:32:27.902,415.2069431268018,13
2024-09-17 10:32:27.923,415.2189095147991,96
2024-09-17 10:32:27.969,415.2341887836898,1005
2024-09-17 10:32:28.028,415.1899275942645,10
2024-09-17 10:32:28.038,415.1642459566741,10
2024-09-17 10:32:28.206,415.166036677814,102
2024-09-17 10:32:28.221,,998
2024-09-17 10:32:28.253,415.1525742363782,8
2024-09-17 10:32:28.294,415.1698505837389,1005
2024-09-17 10:32:28.313,415.1700318552834,999
2024-09-17 10:32:28.342,415.1896914578894,97
2024-09-17 10:32:28.380,415.1706281012509,1001
2024-09-17 10:32:28.392,415.2153117415652,5
2024-09-17 10:32:28.407,415.1648291180802,101
2024-09-17 10:32:28.423,415.1527556456668,101
2024-09-17 10:32:28.435,415.1992969471041,103
2024-09-17 10:32:28.468,415.1666798709346,11
2024-09-17 10:32:28.477,415.1527076110676,1001
2024-09-17 10:32:28.481,,9
2024-09-17 10:32:28.507,415.17762902288393,13
2024-09-17 10:32:28.536,415.17341144964337,15
2024-09-17 10:32:28.572,415.177730481821,98
2024-09-17 10:32:28.597,415.1509421157805,7
2024-09-17 10:32:28.615,415.19724347499147,10
2024-09-17 10:32:28.665,415.18923231553913,995
2024-09-17 10:32:28.667,415.17248974714073,995
2024-09-17 10:32:28.786,415.1729850684033,98
2024-09-17 10:32:28.797,415.1695808377951,15
2024-09-17 10:32:28.808,415.2243620410201,996
2024-09-17 10:32:28.881,415.16714528199134,9
2024-09-17 10:32:28.976,415.1900429817396,1000
2024-09-17 10:32:28.998,415.1668384405536,1001
2024-09-17 10:32:29.012,415.16096278574463,101
2024-09-17 10:32:29.061,415.1369494487436,98
2024-09-17 10:32:29.076,415.1073590348324,7
2024-09-17 10:32:29.214,415.1803077352248,103
2024-09-17 10:32:29.292,415.2017463577866,9
2024-09-17 10:32:29.418,415.2159001922837,99
2024-09-17 10:32:29.437,415.1211228144744,6
2024-09-17 10:32:29.459,415.1067761877434,97
2024-09-17 10:32:29.595,415.1588815363503,102
2024-09-17 10:32:29.647,415.1044461326154,95
2024-09-17 10:32:29.673,,99
2024-09-17 10:32:29.695,415.1997273385736,96
2024-09-17 10:32:29.717,415.1460859254008,1005
2024-09-17 10:32:29.747,415.1586200837687,1004
2024-09-17 10:32:29.776,415.1593307065617,998
2024-09-17 10:32:29.886,415.17559483754496,997
2024-09-17 10:32:29.941,415.214300841522,98
2024-09-17 10:32:29.971,415.16912107783503,12
2024-09-17 10:32:29.981,415.165006032617,11
2024-09-17 10:32:29.990,,10
2024-09-17 10:32:29.992,415.13390704861325,1000
2024-09-17 10:32:30.095,415.1860856583088,15
2024-09-17 10:32:30.099,415.1769773574741,12
2024-09-17 10:32:30.119,415.1760905268178,1002
2024-09-17 10:32:30.136,415.18933736834776,10
2024-09-17 10:32:30.146,415.1596208456057,6
2024-09-17 10:32:30.161,415.19075505689926,95
2024-09-17 10:32:30.165,415.169791246192,12
2024-09-17 10:32:30.174,415.1716609632698,1005
2024-09-17 10:32:30.176,415.1830706015342,1001
2024-09-17 10:32:30.181,-415.2033984721649,98
2024-09-17 10:32:30.184,415.2058976951664,100
2024-09-17 10:32:30.232,415.1851228089723,95
2024-09-17 10:32:30.240,415.2053933678741,13
2024-09-17 10:32:30.475,415.1777603493512,5
2024-09-17 10:32:30.478,415.1531930655698,100
2024-09-17 10:32:30.524,415.1700021441619,105
2024-09-17 10:32:30.579,415.19618783217487,105
2024-09-17 10:32:30.802,415.1901853157117,998
2024-09-17 10:32:30.809,415.1968004903779,97
2024-09-17 10:32:30.822,415.2169708956309,100
2024-09-17 10:32:30.889,415.1812781190641,8
2024-09-17 10:32:30.982,415.19938130316245,1002
2024-09-17 10:32:31.028,415.1360248703162,995
2024-09-17 10:32:31.044,415.1468909881633,99
2024-09-17 10:32:31.113,415.12179313722703,99
2024-09-17 10:32:31.165,415.1425844816589,5
2024-09-17 10:32:31.270,415.131895080264,997
2024-09-17 10:32:31.310,415.1528264611459,99
2024-09-17 10:32:31.319,415.1102210309455,8
2024-09-17 10:32:31.320,415.15663517359513,998
2024-09-17 10:32:31.353,415.1247063339028,104
2024-09-17 10:32:31.358,415.1512268504042,99
2024-09-17 10:32:31.362,415.1559286997593,995
2024-09-17 10:32:31.374,415.1161643100054,100
2024-09-17 10:32:31.388,415.1437972171161,103
2024-09-17 10:32:31.452,415.1371899381557,1003
2024-09-17 10:32:31.476,,8
2024-09-17 10:32:31.476,415.134856300881,10
2024-09-17 10:32:31.508,415.1272047817628,1002
2024-09-17 10:32:31.510,415.158268780834,6
2024-09-17 10:32:31.534,415.1610684402108,100
2024-09-17 10:32:31.609,415.1126269097348,99
2024-09-17 10:32:31.796,415.1458489474711,997
2024-09-17 10:32:31.848,415.1661993465504,97
2024-09-17 10:32:31.863,415.1186255434093,14
2024-09-17 10:32:31.866,415.15523916823867,9
2024-09-17 10:32:31.872,415.1225731239716,98
2024-09-17 10:32:31.875,415.15674985228674,101
2024-09-17 10:32:31.876,415.1415756981081,1003
2024-09-17 10:32:31.924,415.16632116071975,1003
2024-09-17 10:32:31.931,415.13565753151727,12
2024-09-17 10:32:31.999,415.1547836181672,97
2024-09-17 10:32:32.020,415.1186375050138,97
2024-09-17 10:32:32.203,,1003
2024-09-17 10:32:32.347,415.1286642226956,999
2024-09-17 10:32:32.487,415.1088909414849,98
2024-09-17 10:32:32.503,415.1502486418474,1005
2024-09-17 10:32:32.568,415.1307890117047,996
2024-09-17 10:32:32.641,415.13534569309616,104
2024-09-17 10:32:32.663,415.1150244383107,98
2024-09-17 10:32:32.702,415.1203659128944,999
2024-09-17 10:32:32.717,415.1214171057764,995
2024-09-17 10:32:32.906,415.1366854280628,997
2024-09-17 10:32:32.920,415.1305643302471,5
2024-09-17 10:32:33.078,415.141800695849,103
2024-09-17 10:32:33.111,415.1250660159656,1003
2024-09-17 10:32:33.129,415.1212853694487,102
2024-09-17 10:32:33.135,415.1423975273533,995
2024-09-17 10:32:33.136,415.14140822448365,15
2024-09-17 10:32:33.151,415.13950036368993,996
2024-09-17 10:32:33.201,415.1412948968938,102
2024-09-17 10:32:33.244,415.1444179901278,1004
2024-09-17 10:32:33.246,415.1309734854293,7
2024-09-17 10:32:33.295,41.51347163510116,104
2024-09-17 10:32:33.416,415.1452161638062,1004
2024-09-17 10:32:33.435,415.1480975480259,995
2024-09-17 10:32:33.450,415.1355026510983,995
2024-09-17 10:32:33.463,415.13370839200616,1001
2024-09-17 10:32:33.553,415.12723241416734,97
2024-09-17 10:32:33.555,415.1121747480526,11
2024-09-17 10:32:33.665,415.16389115131074,13
2024-09-17 10:32:33.691,415.1293208908735,1002
2024-09-17 10:32:33.846,415.1514791402624,105
2024-09-17 10:32:33.927,415.12013568373897,995
2024-09-17 10:32:33.945,415.1182987334746,104
2024-09-17 10:32:33.948,415.16165812273954,1003
2024-09-17 10:32:33.981,415.1487937642011,1004
2024-09-17 10:32:34.173,415.0858475674975,5
2024-09-17 10:32:34.444,415.0778019568218,1002
2024-09-17 10:32:34.515,415.0873667874154,104
2024-09-17 10:32:34.566,415.0992241131521,8
2024-09-17 10:32:34.601,415.1124036191623,9
2024-09-17 10:32:34.655,415.10828170397264,11
2024-09-17 10:32:34.664,415.1000127471397,9
2024-09-17 10:32:34.673,41.509383660568055,11
2024-09-17 10:32:34.883,415.1025784106085,13
2024-09-17 10:32:34.921,415.0884240354411,98
2024-09-17 10:32:35.501,415.0893913592176,1003
2024-09-17 10:32:35.729,415.09092773359066,995
2024-09-17 10:32:36.014,415.1506014750733,15
2024-09-17 10:32:36.177,415.1479235104231,1003
2024-09-17 10:32:36.226,415.1357419549613,104
2024-09-17 10:32:36.233,415.13134499234974,7
2024-09-17 10:32:36.279,415.1332221085584,105
2024-09-17 10:32:36.333,415.1427344830494,104
2024-09-17 10:32:36.354,415.1500831584103,999
2024-09-17 10:32:36.378,-415.1379792674271,12
2024-09-17 10:32:36.459,415.154898531489,1005
2024-09-17 10:32:36.534,415.14536368712913,11
2024-09-17 10:32:36.547,415.1521079704261,996
2024-09-17 10:32:36.565,415.14857996536807,1004
2024-09-17 10:32:36.616,415.1218252680901,14
2024-09-17 10:32:36.658,415.1222411231742,12
2024-09-17 10:32:36.661,415.13403923816986,101
2024-09-17 10:32:36.870,415.14843021245065,6
2024-09-17 10:32:36.960,415.1583662306237,102
2024-09-17 10:32:37.027,415.1792308983999,7
2024-09-17 10:32:37.047,415.1596348146839,9
2024-09-17 10:32:37.106,415.13540119910914,995
2024-09-17 10:32:37.169,415.1581549425252,97
2024-09-17 10:32:37.239,415.1629437994186,103
2024-09-17 10:32:37.332,415.1461790630835,1001
2024-09-17 10:32:37.410,415.1673597369788,996
2024-09-17 10:32:37.458,415.14424772569305,997
2024-09-17 10:32:37.465,415.1570017923444,104
2024-09-17 10:32:37.546,415.1759117752305,1002
2024-09-17 10:32:37.570,415.1681262068177,98
2024-09-17 10:32:37.585,415.16883869699774,8
2024-09-17 10:32:37.603,415.16028995044906,7
2024-09-17 10:32:37.752,415.1668811335039,95
2024-09-17 10:32:37.757,415.1486335763094,998
2024-09-17 10:32:37.782,415.1287969863192,97
2024-09-17 10:32:37.859,415.1675193273133,99
2024-09-17 10:32:37.873,415.1806307053573,102
2024-09-17 10:32:37.995,415.1582698724686,12
2024-09-17 10:32:38.029,415.1806042894212,8
2024-09-17 10:32:38.083,415.18229330116384,95
2024-09-17 10:32:38.150,415.23016171109055,8
2024-09-17 10:32:38.200,415.26342718951855,96
2024-09-17 10:32:38.224,415.20430657563344,13
2024-09-17 10:32:38.342,415.1812911605363,97
2024-09-17 10:32:38.407,415.2031101678095,98
2024-09-17 10:32:38.481,415.2606907659163,101
2024-09-17 10:32:38.625,415.2495101360033,7
2024-09-17 10:32:38.883,415.1745594126757,7
2024-09-17 10:32:38.892,415.1853636341952,101
2024-09-17 10:32:38.908,415.2040442554765,99
2024-09-17 10:32:39.019,415.24952729675454,1001
2024-09-17 10:32:39.028,415.2456678027088,100
2024-09-17 10:32:39.055,415.251003276757,12
2024-09-17 10:32:39.197,415.23408432893393,95
2024-09-17 10:32:39.287,415.2451090299125,1004
2024-09-17 10:32:39.336,415.2565827781647,9
2024-09-17 10:32:39.541,415.2398168986309,95
2024-09-17 10:32:39.581,415.24639400988735,6
2024-09-17 10:32:39.607,415.2406806953122,11
2024-09-17 10:32:39.623,415.25997823827726,98
2024-09-17 10:32:39.624,415.24675151432,103
2024-09-17 10:32:39.677,415.2601354580403,996
2024-09-17 10:32:39.766,415.2325086598509,1000
2024-09-17 10:32:39.804,415.2244635704696,997
2024-09-17 10:32:40.299,415.2227573266344,995
2024-09-17 10:32:40.336,415.1888791717611,103
2024-09-17 10:32:40.469,415.1806580733752,10
2024-09-17 10:32:40.492,415.18057171801314,103
2024-09-17 10:32:40.700,415.2259134771624,7
2024-09-17 10:32:40.811,415.2282056011085,5
2024-09-17 10:32:40.815,415.18927977724655,99
2024-09-17 10:32:40.829,415.1867046739498,101
2024-09-17 10:32:40.958,415.2160098358627,7
2024-09-17 10:32:42.024,415.23744565884266,1003
2024-09-17 10:32:42.057,415.1962289274882,1001
2024-09-17 10:32:42.060,415.2204379097835,100
2024-09-17 10:32:42.066,415.2148920295216,102
2024-09-17 10:32:42.075,,6
2024-09-17 10:32:42.093,415.17895367686657,1002
2024-09-17 10:32:42.093,415.20529969505776,11
2024-09-17 10:32:42.138,415.18968508606446,15
2024-09-17 10:32:42.186,415.2000640070769,97
2024-09-17 10:32:42.215,415.1919465646772,11
2024-09-17 10:32:42.222,415.1954605552028,97
2024-09-17 10:32:42.290,415.22240213563714,1002
2024-09-17 10:32:42.290,415.2076854267722,995
2024-09-17 10:32:42.302,415.2334986358317,102
2024-09-17 10:32:42.336,415.2206938502281,104
2024-09-17 10:32:42.385,415.2038648669982,101
2024-09-17 10:32:42.410,415.171981210839,1003
2024-09-17 10:32:42.410,415.2042799631493,9
2024-09-17 10:32:42.475,415.2142742465294,96
2024-09-17 10:32:42.524,415.2205073590763,1002
2024-09-17 10:32:42.722,415.1885643247093,95
2024-09-17 10:32:42.769,415.1963357996729,15
2024-09-17 10:32:42.777,415.2211026197412,9
2024-09-17 10:32:42.838,415.181002956936,10
2024-09-17 10:32:42.906,415.2232126807389,999
2024-09-17 10:32:42.934,415.2307546586072,1003
2024-09-17 10:32:42.990,415.21001573603735,104
2024-09-17 10:32:43.043,415.2193008506538,12
2024-09-17 10:32:43.216,415.2159573392882,98
2024-09-17 10:32:43.300,415.23401878269055,996
2024-09-17 10:32:43.805,415.2385010434681,996
2024-09-17 10:32:43.846,415.25621044728894,996
2024-09-17 10:32:44.038,415.2222182295108,96
2024-09-17 10:32:44.131,415.2400114812704,95
2024-09-17 10:32:44.145,415.24769351278456,102
2024-09-17 10:32:44.273,415.22561677445503,1004
2024-09-17 10:32:44.361,415.2362669433562,1004
2024-09-17 10:32:44.530,415.2279993294064,97
2024-09-17 10:32:44.780,415.2266775357722,101
2024-09-17 10:32:44.811,415.2145405174456,14
2024-09-17 10:32:45.088,415.2596981632904,11
2024-09-17 10:32:45.088,-415.1928735059767,1003
2024-09-17 10:32:45.453,415.22433518061416,96
2024-09-17 10:32:45.581,415.2216976380509,1001
2024-09-17 10:32:45.636,415.2584070197077,995
2024-09-17 10:32:45.711,415.20610451709615,101
2024-09-17 10:32:45.851,415.2358053859522,102
2024-09-17 10:32:45.857,415.2255426583026,1001
2024-09-17 10:32:45.859,415.2279860281553,8
2024-09-17 10:32:46.082,415.28731857162,105
2024-09-17 10:32:46.110,415.2790241716826,996
2024-09-17 10:32:46.149,415.2601904517118,103
2024-09-17 10:32:46.287,415.2784332552441,1003
2024-09-17 10:32:46.367,415.2855691434057,15
2024-09-17 10:32:46.386,415.2907752141261,1002
2024-09-17 10:32:46.438,415.2293704932243,95
2024-09-17 10:32:46.463,415.2624919668765,995
2024-09-17 10:32:46.602,415.2839316261312,998
2024-09-17 10:32:46.700,415.24377261407005,104
2024-09-17 10:32:46.773,415.2748287047679,998
2024-09-17 10:32:46.857,415.27342941282353,997
2024-09-17 10:32:46.903,415.28353408680897,101
2024-09-17 10:32:46.914,415.2602457240892,1002
2024-09-17 10:32:47.151,41.52576723805931,10
2024-09-17 10:32:47.267,415.2672335753651,100
2024-09-17 10:32:47.462,415.2699527453081,7
2024-09-17 10:32:47.476,415.2502392468505,996
2024-09-17 10:32:47.719,415.27162955803686,101
2024-09-17 10:32:47.772,415.2699581997257,1003
2024-09-17 10:32:47.884,415.246709086741,13
2024-09-17 10:32:47.905,415.2656601160514,9
2024-09-17 10:32:48.015,415.2552043840664,1000
2024-09-17 10:32:48.027,415.2234897066383,9
2024-09-17 10:32:48.082,415.2037726237621,1005
2024-09-17 10:32:48.143,415.24008093149536,7
2024-09-17 10:32:48.164,415.2282673983899,995
2024-09-17 10:32:48.216,415.2360037173168,97
2024-09-17 10:32:48.333,415.2689041764559,6
2024-09-17 10:32:48.354,415.23863229137714,10
2024-09-17 10:32:48.367,415.2680088293453,100
2024-09-17 10:32:48.437,415.2304113483133,97
2024-09-17 10:32:48.484,415.2614171158588,105
2024-09-17 10:32:48.561,415.2339702776421,11
2024-09-17 10:32:48.595,415.2286243350219,1004
2024-09-17 10:32:48.595,415.2251429647332,15
2024-09-17 10:32:48.631,415.2184106702264,97
2024-09-17 10:32:48.739,415.2174738977026,1003
2024-09-17 10:32:48.815,415.2537783270204,1005
2024-09-17 10:32:48.838,415.2594633252632,98
2024-09-17 10:32:48.912,415.21092149965824,97
2024-09-17 10:32:48.925,415.2381128430468,100
2024-09-17 10:32:48.928,415.241913093467,5
2024-09-17 10:32:48.982,415.2591131190884,8
2024-09-17 10:32:49.181,415.1587283330499,96
2024-09-17 10:32:49.212,415.2240300015615,1004
2024-09-17 10:32:49.235,415.1371901658479,1001
2024-09-17 10:32:49.252,415.1216442180395,104
2024-09-17 10:32:49.252,415.1517679289221,10
2024-09-17 10:32:49.268,415.2065266472987,10
2024-09-17 10:32:49.269,415.16167396793145,102
2024-09-17 10:32:49.387,415.19059947708274,105
2024-09-17 10:32:49.523,415.209301962341,103
2024-09-17 10:32:49.727,415.2093980561928,105
2024-09-17 10:32:49.887,415.2098088195052,9
2024-09-17 10:32:49.956,415.2041270919888,100
2024-09-17 10:32:49.979,415.1237287374769,998
2024-09-17 10:32:50.278,415.1541554038311,997
2024-09-17 10:32:50.376,415.1310589318117,100
2024-09-17 10:32:50.423,415.14072005850863,9
2024-09-17 10:32:50.572,415.1502521854837,7
2024-09-17 10:32:50.755,415.1493358534332,1004
2024-09-17 10:32:50.764,415.1336878549231,997
2024-09-17 10:32:50.823,415.13118184024086,102
2024-09-17 10:32:50.941,415.14760129602,10
2024-09-17 10:32:50.961,415.1339076846783,995
2024-09-17 10:32:50.982,415.14300994199897,1002
2024-09-17 10:32:51.030,415.1408519469696,11
2024-09-17 10:32:51.107,415.1565079837581,12
2024-09-17 10:32:51.345,415.1478829819845,103
2024-09-17 10:32:51.472,415.1368582846249,105
2024-09-17 10:32:51.574,415.1462155299329,6
2024-09-17 10:32:51.851,,8
2024-09-17 10:32:52.044,415.1516433903444,14
2024-09-17 10:32:52.059,415.16249743838097,998
2024-09-17 10:32:52.075,415.14241136661633,7
2024-09-17 10:32:52.097,415.13513630894727,1005
2024-09-17 10:32:52.130,415.145761499444,14
2024-09-17 10:32:52.208,41.51803658788412,102
2024-09-17 10:32:52.220,415.1569531775576,14
2024-09-17 10:32:52.260,415.1765282903608,97
2024-09-17 10:32:52.352,415.15258798621807,6
2024-09-17 10:32:52.362,415.1546816363235,15
2024-09-17 10:32:52.371,415.1435836063733,6
2024-09-17 10:32:52.437,415.1436389393003,7
2024-09-17 10:32:52.510,415.1435226871727,1000
2024-09-17 10:32:52.516,415.18452163206274,5
2024-09-17 10:32:52.524,415.1719884903868,6
2024-09-17 10:32:52.549,415.1698496929308,14
2024-09-17 10:32:52.553,415.1573216011676,1004
2024-09-17 10:32:52.565,415.1450537169685,999
2024-09-17 10:32:52.601,415.165149332684,8
2024-09-17 10:32:52.629,415.1618185695863,97
2024-09-17 10:32:52.634,415.2058119241939,99
2024-09-17 10:32:52.715,415.1689737735536,14
2024-09-17 10:32:52.784,415.1775138982926,97
2024-09-17 10:32:52.811,415.1361092124911,15
2024-09-17 10:32:52.831,415.1587096151986,97
2024-09-17 10:32:52.870,415.1585803301721,11
2024-09-17 10:32:52.884,415.146285348888,104
2024-09-17 10:32:52.908,415.1469050885085,105
2024-09-17 10:32:52.944,415.1874162384056,6
2024-09-17 10:32:52.958,415.1457516276185,102
2024-09-17 10:32:53.031,415.1881608397876,12
2024-09-17 10:32:53.044,415.1925320219426,95
2024-09-17 10:32:53.083,415.206251746616,99
2024-09-17 10:32:53.089,415.1903061589793,105
2024-09-17 10:32:53.164,415.1660863337061,13
2024-09-17 10:32:53.234,415.2120089765828,97
2024-09-17 10:32:53.261,415.1781482078428,1000
2024-09-17 10:32:53.300,415.1810165432448,996
2024-09-17 10:32:53.316,415.2057040820536,1002
2024-09-17 10:32:53.384,415.1461575500303,999
2024-09-17 10:32:53.404,-415.1771823918949,101
2024-09-17 10:32:53.665,415.14265948281945,15
2024-09-17 10:32:53.746,415.1798987874439,14
2024-09-17 10:32:53.765,415.13792266821554,13
2024-09-17 10:32:53.785,415.2070468364479,12
2024-09-17 10:32:53.807,415.16050302265216,997
2024-09-17 10:32:53.837,415.1954881633706,1005
2024-09-17 10:32:53.843,415.1905791597142,996
2024-09-17 10:32:53.857,415.173721209109,14
2024-09-17 10:32:53.889,415.179210090265,7
2024-09-17 10:32:53.924,415.1814858205648,97
2024-09-17 10:32:53.955,415.16555840387787,11
2024-09-17 10:32:53.998,415.1581589936266,995
2024-09-17 10:32:54.074,415.2010748388125,995
2024-09-17 10:32:54.100,415.1575794962352,997
2024-09-17 10:32:54.110,415.1232238673933,999
2024-09-17 10:32:54.203,415.1164451120845,99
2024-09-17 10:32:54.221,415.105889430905,102
2024-09-17 10:32:54.231,415.12105049292927,14
2024-09-17 10:32:54.278,415.10837431209694,13
2024-09-17 10:32:54.286,415.153106014328,15
2024-09-17 10:32:54.298,415.1377973334475,9
2024-09-17 10:32:54.315,415.1922593759226,12
2024-09-17 10:32:54.410,415.1472136546547,999
2024-09-17 10:32:54.438,415.1144716990936,8
2024-09-17 10:32:54.442,415.2295106753497,96
2024-09-17 10:32:54.456,415.2197423707104,12
2024-09-17 10:32:54.491,415.1328156414212,12
2024-09-17 10:32:54.497,415.14739674279343,996
2024-09-17 10:32:54.519,415.20395825398566,997
2024-09-17 10:32:54.582,415.1118280669645,98
2024-09-17 10:32:54.615,415.1516298349493,101
2024-09-17 10:32:54.622,415.2196008300771,9
2024-09-17 10:32:54.626,415.1902975803675,103
2024-09-17 10:32:54.680,415.2301991079572,6
2024-09-17 10:32:54.734,415.2129853984802,995
2024-09-17 10:32:54.749,415.1317707540103,999
2024-09-17 10:32:54.975,415.1238344026403,998
2024-09-17 10:32:55.006,415.1293314086353,7
2024-09-17 10:32:55.022,415.1550581961705,1003
2024-09-17 10:32:55.084,415.12963204636935,97
2024-09-17 10:32:55.108,415.1492828197288,999
2024-09-17 10:32:55.115,415.12498077886977,997
2024-09-17 10:32:55.128,415.1336645178405,95
2024-09-17 10:32:55.152,415.123410507512,14
2024-09-17 10:32:55.204,415.17905598697536,13
2024-09-17 10:32:55.212,415.1368325997235,1004
2024-09-17 10:32:55.233,415.1317535640735,14
2024-09-17 10:32:55.254,415.1320429049639,101
2024-09-17 10:32:55.291,415.1292574402708,96
2024-09-17 10:32:55.332,415.1190585322175,1004
2024-09-17 10:32:55.338,415.1313531811605,12
2024-09-17 10:32:55.411,415.1324301590986,997
2024-09-17 10:32:55.449,415.1223606024952,8
2024-09-17 10:32:55.449,-415.1329072106674,95
2024-09-17 10:32:55.452,415.1157900054692,9
2024-09-17 10:32:55.625,415.1264933706366,6
2024-09-17 10:32:55.687,415.1205251799844,7
2024-09-17 10:32:55.730,415.1363067794152,1001
2024-09-17 10:32:55.745,415.1395426976112,995
2024-09-17 10:32:55.789,415.1157263828656,9
2024-09-17 10:32:55.831,415.13156655582753,997
2024-09-17 10:32:55.856,415.1247816077762,12
2024-09-17 10:32:55.885,415.1320834295179,9
2024-09-17 10:32:55.945,415.1280394083242,11
2024-09-17 10:32:55.959,415.1357060324381,95
2024-09-17 10:32:56.350,415.1806785162322,1003
2024-09-17 10:32:57.003,415.1731738638745,1000
2024-09-17 10:32:57.007,415.1672578515125,1003
2024-09-17 10:32:57.194,415.149108429174,103
2024-09-17 10:32:57.567,415.1828014946085,1001
2024-09-17 10:32:57.588,415.1882884128456,8
2024-09-17 10:32:57.630,415.19497128295774,102
2024-09-17 10:32:57.650,415.1661235753984,997
2024-09-17 10:32:57.714,415.1485745624352,5
2024-09-17 10:32:57.759,415.176932540864,5
2024-09-17 10:32:57.833,415.1217417045865,99
2024-09-17 10:32:57.843,415.1731630219738,998
2024-09-17 10:32:57.881,415.1572098713015,101
2024-09-17 10:32:57.980,415.194427847766,104
2024-09-17 10:32:58.316,415.09241902212,13
2024-09-17 10:32:58.446,415.1149262316754,15
2024-09-17 10:32:58.582,415.10593025045335,1001
2024-09-17 10:32:58.909,415.1005270489942,998
2024-09-17 10:32:58.980,,105
2024-09-17 10:32:59.159,415.039727379921,1002
2024-09-17 10:32:59.184,415.0519971406279,1002
2024-09-17 10:32:59.237,415.05415667236775,1000
2024-09-17 10:32:59.643,415.0602085288984,5
