Timestamp,Price,Size
2024-09-19 15:15:00.045,420.1023106633609,100
2024-09-19 15:15:00.105,-420.1429185987793,100
2024-09-19 15:15:00.149,42.012068724689925,995
2024-09-19 15:15:00.162,420.17474858943865,97
2024-09-19 15:15:00.185,420.1252496630431,103
2024-09-19 15:15:00.186,420.1143450689876,102
2024-09-19 15:15:00.195,420.0995423041956,15
2024-09-19 15:15:00.241,420.1339212068205,1005
2024-09-19 15:15:00.267,420.1188213925561,13
2024-09-19 15:15:00.282,420.1374712427509,1001
2024-09-19 15:15:00.361,420.1006180251206,97
2024-09-19 15:15:00.416,420.1248384764304,997
2024-09-19 15:15:00.416,420.0884410579101,10
2024-09-19 15:15:00.422,420.11117706651976,1001
2024-09-19 15:15:00.438,420.1877960225044,11
2024-09-19 15:15:00.496,420.119296469457,9
2024-09-19 15:15:00.512,420.144035116005,995
2024-09-19 15:15:00.572,420.143784374504,998
2024-09-19 15:15:00.659,420.1340230872404,998
2024-09-19 15:15:00.708,420.1276690353234,1004
2024-09-19 15:15:00.715,420.12341442140576,98
2024-09-19 15:15:00.717,420.11735056355394,5
2024-09-19 15:15:00.760,420.12169323837753,10
2024-09-19 15:15:00.763,420.13507670074455,8
2024-09-19 15:15:00.862,420.15397208080617,1005
2024-09-19 15:15:00.863,420.1871345649468,10
2024-09-19 15:15:00.885,420.1262438835615,15
2024-09-19 15:15:00.944,420.1114721796205,1005
2024-09-19 15:15:01.269,420.1894251942371,103
2024-09-19 15:15:01.287,420.1762814087471,1004
2024-09-19 15:15:01.651,418.2065413175176,13
2024-09-19 15:15:01.758,420.19020848943296,105
2024-09-19 15:15:02.000,420.1714226206694,101
2024-09-19 15:15:02.152,420.1495191349654,995
2024-09-19 15:15:02.195,420.150591839436,995
2024-09-19 15:15:02.328,420.1787452259264,1000
2024-09-19 15:15:02.384,420.19039119128735,997
2024-09-19 15:15:02.495,420.14794962630896,1000
2024-09-19 15:15:02.522,420.1915796802895,104
2024-09-19 15:15:02.544,420.171260136243,1001
2024-09-19 15:15:02.545,420.13117651547,7
2024-09-19 15:15:02.568,420.1540341145173,13
2024-09-19 15:15:02.569,-420.14922296178656,101
2024-09-19 15:15:02.569,420.16309177763833,1002
2024-09-19 15:15:02.651,420.18406301768346,98
2024-09-19 15:15:02.705,420.15471579888026,100
2024-09-19 15:15:02.706,-420.1948574349784,7
2024-09-19 15:15:02.716,420.1507070871692,104
2024-09-19 15:15:02.730,420.1519742961797,9
2024-09-19 15:15:02.747,420.1529912372008,102
2024-09-19 15:15:02.787,420.1620237872599,15
2024-09-19 15:15:02.800,420.1775812205632,6
2024-09-19 15:15:02.818,420.1941849650124,97
2024-09-19 15:15:02.892,420.18171375995337,5
2024-09-19 15:15:02.902,420.170593170184,1001
2024-09-19 15:15:02.908,420.1947498540645,996
2024-09-19 15:15:02.911,420.1486104682159,995
2024-09-19 15:15:02.937,420.1625390006296,1004
2024-09-19 15:15:03.256,420.16638104438096,11
2024-09-19 15:15:03.353,420.1681475181497,101
2024-09-19 15:15:03.445,420.189149549482,103
2024-09-19 15:15:03.650,420.1710879094692,15
2024-09-19 15:15:03.821,420.1774586844951,14
2024-09-19 15:15:04.010,420.2467433669996,995
2024-09-19 15:15:04.036,420.214331348838,996
2024-09-19 15:15:04.153,420.1802523288744,997
2024-09-19 15:15:04.297,420.1767122048127,1004
2024-09-19 15:15:04.307,420.2460724759731,101
2024-09-19 15:15:04.379,-420.194069834099,11
2024-09-19 15:15:04.461,420.22430373908185,8
2024-09-19 15:15:04.724,420.22724043023146,105
2024-09-19 15:15:04.847,420.2454045743595,105
2024-09-19 15:15:05.139,420.24044932193874,1004
2024-09-19 15:15:05.187,420.21644290282967,8
2024-09-19 15:15:05.265,420.2178362829415,10
2024-09-19 15:15:05.280,420.2250715024039,1000
2024-09-19 15:15:05.492,420.2184054777296,8
2024-09-19 15:15:05.506,420.21234589901457,8
2024-09-19 15:15:05.572,420.21788013200427,98
2024-09-19 15:15:05.580,420.2279345919902,98
2024-09-19 15:15:05.701,420.2444238398247,97
2024-09-19 15:15:05.725,420.203460535233,1000
2024-09-19 15:15:05.756,420.206425503945,95
2024-09-19 15:15:05.788,420.23569001088606,6
2024-09-19 15:15:06.126,420.1547945720351,100
2024-09-19 15:15:06.142,420.2013561321247,7
2024-09-19 15:15:06.196,420.1407512801226,996
2024-09-19 15:15:06.453,420.1803068698664,5
2024-09-19 15:15:06.551,420.1362169666853,103
2024-09-19 15:15:06.877,420.1361927312613,15
2024-09-19 15:15:06.928,420.1363226372305,13
2024-09-19 15:15:07.046,420.2196087953057,6
2024-09-19 15:15:07.113,420.1542011638292,95
2024-09-19 15:15:07.149,420.1535088109564,98
2024-09-19 15:15:07.292,420.17513348845927,8
2024-09-19 15:15:07.469,420.1887388352106,99
2024-09-19 15:15:07.554,420.2090117001192,12
2024-09-19 15:15:07.583,420.2000326658503,12
2024-09-19 15:15:07.596,420.1775609480956,99
2024-09-19 15:15:07.669,420.14009004906205,998
2024-09-19 15:15:07.698,420.1662983111616,97
2024-09-19 15:15:07.777,420.1515951123856,8
2024-09-19 15:15:07.848,42.01981730588213,99
2024-09-19 15:15:07.987,420.2227997481813,13
2024-09-19 15:15:08.746,420.2103971352973,11
2024-09-19 15:15:09.038,420.2226259284572,8
2024-09-19 15:15:09.056,420.2484021253485,98
2024-09-19 15:15:09.182,420.209418190222,1004
2024-09-19 15:15:09.196,420.2103842626049,100
2024-09-19 15:15:09.211,420.1589216098664,8
2024-09-19 15:15:09.243,420.201354955584,14
2024-09-19 15:15:09.390,420.1879238704432,103
2024-09-19 15:15:09.416,420.2214482813772,104
2024-09-19 15:15:09.418,420.13758938592,997
2024-09-19 15:15:09.428,420.2381664418197,99
2024-09-19 15:15:09.473,420.2449783577585,12
2024-09-19 15:15:09.491,420.19781829679766,11
2024-09-19 15:15:09.539,420.2325570470547,995
2024-09-19 15:15:09.550,420.2196530761234,97
2024-09-19 15:15:09.640,420.2057244838868,999
2024-09-19 15:15:09.792,420.242696914476,6
2024-09-19 15:15:09.809,420.2157998826371,998
2024-09-19 15:15:09.827,420.19335417458,12
2024-09-19 15:15:09.834,420.2297895204037,9
2024-09-19 15:15:09.852,420.2299626610676,105
2024-09-19 15:15:09.879,420.1790305565489,7
2024-09-19 15:15:09.961,420.1746224244564,14
2024-09-19 15:15:09.965,420.1860171171093,97
2024-09-19 15:15:10.008,420.06761672580535,98
2024-09-19 15:15:10.042,420.1083457588121,96
2024-09-19 15:15:10.056,420.040647494124,996
2024-09-19 15:15:10.067,420.0672235483126,997
2024-09-19 15:15:10.073,420.04550225253473,5
2024-09-19 15:15:10.102,420.057584266241,15
2024-09-19 15:15:10.159,420.0625823105837,1000
2024-09-19 15:15:10.170,420.1378760700976,95
2024-09-19 15:15:10.189,420.07718467670367,999
2024-09-19 15:15:10.264,420.075623226673,98
2024-09-19 15:15:10.275,420.0954467783802,103
2024-09-19 15:15:10.318,420.0465574984048,100
2024-09-19 15:15:10.388,420.0595010185249,8
2024-09-19 15:15:10.542,420.0532383529422,101
2024-09-19 15:15:10.592,420.0543885481933,99
2024-09-19 15:15:10.639,420.055389208133,996
2024-09-19 15:15:10.747,420.03586974346985,98
2024-09-19 15:15:10.762,420.0971266865292,10
2024-09-19 15:15:10.789,420.1154139295494,13
2024-09-19 15:15:10.841,420.1277966824115,10
2024-09-19 15:15:10.842,420.111721829468,8
2024-09-19 15:15:10.904,420.0340529820672,6
2024-09-19 15:15:11.041,420.06517552239455,98
2024-09-19 15:15:11.082,420.1214302233141,104
2024-09-19 15:15:11.240,420.0805750924143,98
2024-09-19 15:15:11.280,420.117816140983,1002
2024-09-19 15:15:11.286,420.1450938192137,1003
2024-09-19 15:15:11.306,420.10400117525774,7
2024-09-19 15:15:11.477,420.137619404334,13
2024-09-19 15:15:11.495,420.1573560677008,102
2024-09-19 15:15:11.523,420.1450177798304,8
2024-09-19 15:15:11.564,420.1229857305999,1005
2024-09-19 15:15:11.718,420.1347169925562,104
2024-09-19 15:15:11.727,420.1170538259175,103
2024-09-19 15:15:11.757,420.1372164434,15
2024-09-19 15:15:11.787,420.1304698040827,8
2024-09-19 15:15:11.792,420.1495609521456,99
2024-09-19 15:15:11.875,420.14362865264405,1004
2024-09-19 15:15:11.920,420.1190749888146,13
2024-09-19 15:15:11.929,420.0948256476525,15
2024-09-19 15:15:11.929,420.1313536153937,11
2024-09-19 15:15:12.023,420.173972329468,1002
2024-09-19 15:15:12.076,420.1935911781724,11
2024-09-19 15:15:12.091,420.1423343986859,96
2024-09-19 15:15:12.152,420.1577691862378,9
2024-09-19 15:15:12.164,420.16287460885127,98
2024-09-19 15:15:12.247,420.184519367829,1003
2024-09-19 15:15:12.277,420.2134617900084,99
2024-09-19 15:15:12.313,420.1904540087424,13
2024-09-19 15:15:12.393,420.1616137406011,996
2024-09-19 15:15:12.405,420.1703751703023,15
2024-09-19 15:15:12.416,420.1518206236888,12
2024-09-19 15:15:12.488,420.1915320598823,13
2024-09-19 15:15:12.489,420.1654531243385,10
2024-09-19 15:15:12.509,420.1677049598647,1000
2024-09-19 15:15:12.510,420.1824666914223,101
2024-09-19 15:15:12.521,420.17804213344937,14
2024-09-19 15:15:12.539,420.1788332746139,1002
2024-09-19 15:15:12.574,418.1394748496115,997
2024-09-19 15:15:12.654,420.1615603001807,13
2024-09-19 15:15:12.699,-420.1718378627652,1003
2024-09-19 15:15:12.760,420.182042228629,101
2024-09-19 15:15:12.808,420.15765700242736,5
2024-09-19 15:15:12.837,420.1791604277729,101
2024-09-19 15:15:12.848,420.21040963078383,7
2024-09-19 15:15:12.850,420.1988824163983,97
2024-09-19 15:15:12.911,420.1340374708456,997
2024-09-19 15:15:12.927,420.17245749930174,11
2024-09-19 15:15:12.993,420.2072093789696,102
2024-09-19 15:15:13.071,,13
2024-09-19 15:15:13.106,420.24111437433226,15
2024-09-19 15:15:13.113,420.2471113861661,10
2024-09-19 15:15:13.222,420.21561812199775,1005
2024-09-19 15:15:13.240,420.2559399917552,998
2024-09-19 15:15:13.404,420.1808418752336,103
2024-09-19 15:15:13.422,420.20190379821145,1001
2024-09-19 15:15:13.468,420.2526164673843,1002
2024-09-19 15:15:13.531,420.2184172741651,7
2024-09-19 15:15:13.546,420.2424233847129,105
2024-09-19 15:15:13.557,420.1910545841596,13
2024-09-19 15:15:13.592,420.24510122613833,1000
2024-09-19 15:15:13.703,420.240370647351,103
2024-09-19 15:15:13.703,420.2430327031792,7
2024-09-19 15:15:13.710,420.2374112848388,7
2024-09-19 15:15:13.754,418.1228181317205,14
2024-09-19 15:15:13.756,420.2264407678005,10
2024-09-19 15:15:13.790,420.2321823100095,999
2024-09-19 15:15:13.798,420.2072223897454,1003
2024-09-19 15:15:13.865,420.2558780099441,102
2024-09-19 15:15:13.920,420.2272567644026,996
2024-09-19 15:15:14.289,420.14389941929016,11
2024-09-19 15:15:14.310,420.1628727609937,999
2024-09-19 15:15:14.358,420.1731380917836,1002
2024-09-19 15:15:14.414,420.16565475242425,96
2024-09-19 15:15:14.735,42.01828315550244,996
2024-09-19 15:15:15.022,420.2054442918353,100
2024-09-19 15:15:15.057,420.19869592532257,12
2024-09-19 15:15:15.063,420.2241967616598,995
2024-09-19 15:15:15.072,420.2211186311904,1000
2024-09-19 15:15:15.121,420.2345276950191,99
2024-09-19 15:15:15.128,420.2106443836093,7
2024-09-19 15:15:15.144,420.234552527553,6
2024-09-19 15:15:15.179,420.19139790846,102
2024-09-19 15:15:15.227,420.2063739421085,100
2024-09-19 15:15:15.243,420.2042026096736,105
2024-09-19 15:15:15.333,420.2445061039628,99
2024-09-19 15:15:15.447,420.230707182957,1005
2024-09-19 15:15:15.496,420.194038861963,6
2024-09-19 15:15:15.498,-420.1966405658399,104
2024-09-19 15:15:15.500,420.1723209073334,97
2024-09-19 15:15:15.511,420.2062346208145,1000
2024-09-19 15:15:15.533,420.2039528372714,1004
2024-09-19 15:15:15.569,420.21163695512536,101
2024-09-19 15:15:15.570,420.23402494738457,14
2024-09-19 15:15:15.613,420.2027306191213,12
2024-09-19 15:15:15.631,420.1831298469848,998
2024-09-19 15:15:15.651,,104
2024-09-19 15:15:15.703,420.2136800471397,8
2024-09-19 15:15:15.738,420.19695790886135,104
2024-09-19 15:15:15.749,420.1973761387823,1001
2024-09-19 15:15:15.756,420.2061330642488,997
2024-09-19 15:15:15.802,420.2457951170088,98
2024-09-19 15:15:15.881,420.2103101757682,13
2024-09-19 15:15:15.886,420.2172344663172,96
2024-09-19 15:15:15.961,420.18350585804353,1005
2024-09-19 15:15:16.200,420.1870531557132,100
2024-09-19 15:15:16.799,420.20601062552487,1004
2024-09-19 15:15:17.739,420.1637390069222,10
2024-09-19 15:15:18.071,420.1582114472381,9
2024-09-19 15:15:18.085,420.16166740450046,1004
2024-09-19 15:15:18.134,420.1633788265397,1000
2024-09-19 15:15:18.148,420.1601175765336,13
2024-09-19 15:15:18.584,420.1466633000751,103
2024-09-19 15:15:18.617,420.1293241916347,101
2024-09-19 15:15:18.624,420.1390341676108,997
2024-09-19 15:15:18.641,420.1687905218359,10
2024-09-19 15:15:18.682,420.1876831917934,9
2024-09-19 15:15:18.727,420.1483168002316,6
2024-09-19 15:15:18.806,420.15861040355713,5
2024-09-19 15:15:18.901,420.1343882929384,99
2024-09-19 15:15:18.917,420.1567986742492,995
2024-09-19 15:15:19.009,420.0752944955526,14
2024-09-19 15:15:19.018,-420.0932240684783,100
2024-09-19 15:15:19.036,420.0763788719051,1000
2024-09-19 15:15:19.119,420.08073685761616,96
2024-09-19 15:15:19.160,420.13654261052966,95
2024-09-19 15:15:19.226,420.1243152745676,105
2024-09-19 15:15:19.264,420.10554995970585,1002
2024-09-19 15:15:19.365,420.0826221475023,102
2024-09-19 15:15:19.426,420.0674228517904,1004
2024-09-19 15:15:19.504,420.0718199441805,8
2024-09-19 15:15:19.515,420.0899137734063,997
2024-09-19 15:15:19.530,420.0880076617996,998
2024-09-19 15:15:19.742,420.07902117834215,15
2024-09-19 15:15:19.815,420.1069847772796,12
2024-09-19 15:15:19.853,420.0974576968133,104
2024-09-19 15:15:19.860,420.11596325375655,95
2024-09-19 15:15:19.916,420.0956094864865,996
2024-09-19 15:15:20.190,420.0664806675166,95
2024-09-19 15:15:20.244,420.0417616838807,100
2024-09-19 15:15:20.304,420.07642578455113,14
2024-09-19 15:15:20.365,420.1117734555285,996
2024-09-19 15:15:20.425,420.0726968228988,996
2024-09-19 15:15:20.450,420.0958712389351,998
2024-09-19 15:15:20.469,420.1048455780192,11
2024-09-19 15:15:20.489,420.0896339716936,996
2024-09-19 15:15:20.617,420.106235613097,14
2024-09-19 15:15:20.852,420.06121226542047,1005
2024-09-19 15:15:20.901,420.09669749992776,95
2024-09-19 15:15:20.943,420.0901769833172,8
2024-09-19 15:15:20.951,420.0934698361265,103
2024-09-19 15:15:21.339,420.1172010659633,9
2024-09-19 15:15:21.606,420.1217425932279,1000
2024-09-19 15:15:21.909,420.1050523118015,1002
2024-09-19 15:15:22.015,420.0993164116496,98
2024-09-19 15:15:22.070,420.1047474777291,14
2024-09-19 15:15:22.129,420.1032210997213,100
2024-09-19 15:15:22.240,420.1010753422686,97
2024-09-19 15:15:22.338,420.1188045028791,100
2024-09-19 15:15:22.343,420.09913924243295,999
2024-09-19 15:15:22.447,420.0988244509368,997
2024-09-19 15:15:22.551,420.0923098002536,1003
2024-09-19 15:15:22.591,420.1073932836634,105
2024-09-19 15:15:22.631,420.1037368449122,1003
2024-09-19 15:15:22.655,420.1069330967183,997
2024-09-19 15:15:22.677,420.1307447291138,998
2024-09-19 15:15:22.824,420.1419616602639,13
2024-09-19 15:15:22.946,420.1057076261832,99
2024-09-19 15:15:22.960,420.1010159430031,5
2024-09-19 15:15:23.094,420.0076882327695,104
2024-09-19 15:15:23.128,420.03087414606415,8
2024-09-19 15:15:23.172,-420.02324087623424,105
2024-09-19 15:15:23.203,420.0524724534089,13
2024-09-19 15:15:23.226,420.0253889080544,997
2024-09-19 15:15:23.302,420.015832475552,1004
2024-09-19 15:15:23.306,420.02905328264296,995
2024-09-19 15:15:23.347,420.0280854596807,1001
2024-09-19 15:15:23.391,42.00316551744805,11
2024-09-19 15:15:23.462,420.0848265686312,6
2024-09-19 15:15:23.536,420.0399123304821,100
2024-09-19 15:15:23.557,420.0616607673351,99
2024-09-19 15:15:23.565,420.0178259974045,8
2024-09-19 15:15:23.594,420.0304079337549,1004
2024-09-19 15:15:23.629,420.04132329653936,96
2024-09-19 15:15:23.711,420.0542129406367,1003
2024-09-19 15:15:23.733,420.0399425694411,105
2024-09-19 15:15:23.764,420.01447956252815,97
2024-09-19 15:15:23.798,420.0486993231313,11
2024-09-19 15:15:23.845,420.0099822679731,13
2024-09-19 15:15:23.854,420.0459352123132,102
2024-09-19 15:15:23.871,418.00861648901065,1002
2024-09-19 15:15:24.086,419.9431001426022,997
2024-09-19 15:15:24.242,419.98349151542783,996
2024-09-19 15:15:24.340,419.9582673994345,14
2024-09-19 15:15:24.353,420.0206113380094,96
2024-09-19 15:15:24.400,419.9825945861908,103
2024-09-19 15:15:24.435,419.96679904789966,103
2024-09-19 15:15:24.506,419.9587576398964,1005
2024-09-19 15:15:24.549,419.987332857856,11
2024-09-19 15:15:24.557,419.9786364846613,15
2024-09-19 15:15:24.599,419.9634271665505,10
2024-09-19 15:15:24.837,420.0319196752289,997
2024-09-19 15:15:25.026,419.9443942674192,97
2024-09-19 15:15:25.061,419.95663348245415,103
2024-09-19 15:15:25.336,419.9489793502397,7
2024-09-19 15:15:25.403,419.95940340156096,100
2024-09-19 15:15:25.471,419.9608071085087,103
2024-09-19 15:15:25.478,419.94140881491705,11
2024-09-19 15:15:25.527,419.96781296007873,99
2024-09-19 15:15:25.542,419.9708534024197,995
2024-09-19 15:15:25.603,419.9256959970076,103
2024-09-19 15:15:25.629,41.997142130458194,97
2024-09-19 15:15:25.630,419.9595174486377,96
2024-09-19 15:15:25.660,419.9616136051958,104
2024-09-19 15:15:25.776,419.9161992655331,9
2024-09-19 15:15:25.845,419.96699757863024,1001
2024-09-19 15:15:25.917,419.9533921869872,15
2024-09-19 15:15:25.957,419.94305637853626,11
2024-09-19 15:15:27.033,419.83251803510655,7
2024-09-19 15:15:27.051,419.8899197088665,105
2024-09-19 15:15:27.085,419.8453356780824,8
2024-09-19 15:15:27.140,,101
2024-09-19 15:15:27.184,419.8353742563703,998
2024-09-19 15:15:27.200,419.839654143408,1001
2024-09-19 15:15:27.251,419.84261684491736,100
2024-09-19 15:15:27.286,419.84548492640937,96
2024-09-19 15:15:27.316,419.85074289408766,1004
2024-09-19 15:15:27.316,419.8882929162533,10
2024-09-19 15:15:27.380,,998
2024-09-19 15:15:27.512,419.832691313893,996
2024-09-19 15:15:27.517,419.8488103298716,11
2024-09-19 15:15:27.524,419.8678143118559,14
2024-09-19 15:15:27.532,419.8691264157677,100
2024-09-19 15:15:27.587,419.8774713110984,997
2024-09-19 15:15:27.618,419.82782851642895,995
2024-09-19 15:15:27.630,419.8278741300896,1000
2024-09-19 15:15:27.715,419.8683707286492,1002
2024-09-19 15:15:27.739,419.8801176097574,15
2024-09-19 15:15:27.813,419.863795488798,8
2024-09-19 15:15:27.825,419.8468282544877,14
2024-09-19 15:15:27.857,419.84839247886384,101
2024-09-19 15:15:27.881,419.89041996911385,103
2024-09-19 15:15:27.885,419.8598592674612,97
2024-09-19 15:15:27.898,419.8750987951823,10
2024-09-19 15:15:27.908,419.8588994611666,98
2024-09-19 15:15:27.935,419.8571161887961,10
2024-09-19 15:15:27.968,419.8617266611712,8
2024-09-19 15:15:27.995,419.9037453170133,95
2024-09-19 15:15:28.068,419.87210857091713,1004
2024-09-19 15:15:28.106,419.8805885764589,101
2024-09-19 15:15:28.116,419.8561386873383,1001
2024-09-19 15:15:28.144,419.8183801137895,996
2024-09-19 15:15:28.147,419.8429048843483,101
2024-09-19 15:15:28.206,419.851086466358,101
2024-09-19 15:15:28.223,419.8497858324143,13
2024-09-19 15:15:28.285,419.8485500237937,95
2024-09-19 15:15:28.287,419.8498170533173,12
2024-09-19 15:15:28.436,419.840086570504,104
2024-09-19 15:15:28.450,419.89842475186407,13
2024-09-19 15:15:28.493,419.8659010675484,15
2024-09-19 15:15:28.766,41.98478884134177,1005
2024-09-19 15:15:28.819,419.85086975434615,11
2024-09-19 15:15:28.862,-419.8257390151548,103
2024-09-19 15:15:28.881,419.8319445457258,97
2024-09-19 15:15:28.955,419.8820590272131,15
2024-09-19 15:15:28.988,419.84739067365047,14
2024-09-19 15:15:29.158,419.80162724581766,7
2024-09-19 15:15:29.296,419.7841305467625,104
2024-09-19 15:15:29.502,419.7802694520215,12
2024-09-19 15:15:29.654,419.8022476624105,101
2024-09-19 15:15:29.720,419.7872631763337,8
2024-09-19 15:15:29.759,419.8001987598536,103
2024-09-19 15:15:29.833,419.7964421928834,11
2024-09-19 15:15:29.862,419.76981498795806,999
2024-09-19 15:15:30.167,419.8192785469238,997
2024-09-19 15:15:30.178,419.83020431111055,12
2024-09-19 15:15:30.276,419.8251089128736,997
2024-09-19 15:15:30.313,419.8201148018897,104
2024-09-19 15:15:30.382,419.81638555775424,96
2024-09-19 15:15:30.496,419.8385540261123,11
2024-09-19 15:15:30.553,419.81303023841775,1001
2024-09-19 15:15:30.690,419.801059713804,11
2024-09-19 15:15:30.776,419.8194428635523,98
2024-09-19 15:15:30.908,419.8119975814507,7
2024-09-19 15:15:30.994,419.82108170618136,5
2024-09-19 15:15:31.021,41.98291132684558,1002
2024-09-19 15:15:31.024,419.8090194835214,1001
2024-09-19 15:15:31.127,419.8227612417041,12
2024-09-19 15:15:31.146,419.8433276105462,996
2024-09-19 15:15:31.189,419.8203406841557,1001
2024-09-19 15:15:31.190,419.8284026705482,1002
2024-09-19 15:15:31.231,419.8246093424466,1001
2024-09-19 15:15:31.276,419.8031168932336,102
2024-09-19 15:15:31.333,419.8297158386795,99
2024-09-19 15:15:31.340,419.8196606745509,1001
2024-09-19 15:15:31.372,419.82813725653887,102
2024-09-19 15:15:31.393,419.8399891862694,7
2024-09-19 15:15:31.439,419.8163373616546,13
2024-09-19 15:15:31.451,419.8324419678685,5
2024-09-19 15:15:31.496,419.8306138028287,996
2024-09-19 15:15:31.496,419.8347156800816,10
2024-09-19 15:15:31.543,419.8109150108861,15
2024-09-19 15:15:31.562,41.98090110366996,1003
2024-09-19 15:15:31.624,419.8229811621762,103
2024-09-19 15:15:31.654,419.8223753275428,9
2024-09-19 15:15:31.691,419.7976468772754,100
2024-09-19 15:15:31.787,419.8233707814477,997
2024-09-19 15:15:31.816,419.842591756504,95
2024-09-19 15:15:31.880,419.855827101122,9
2024-09-19 15:15:31.891,419.8245763997893,12
2024-09-19 15:15:31.902,419.8156881266632,10
2024-09-19 15:15:31.905,419.8424126949319,6
2024-09-19 15:15:31.926,419.8392339433791,996
2024-09-19 15:15:31.965,419.85755536535527,97
2024-09-19 15:15:32.039,419.8938271047229,95
2024-09-19 15:15:32.046,419.8865296475975,7
2024-09-19 15:15:32.081,419.88374442580727,1000
2024-09-19 15:15:32.177,419.9090441654389,95
2024-09-19 15:15:32.190,419.8697475106263,1005
2024-09-19 15:15:32.207,419.902438219051,13
2024-09-19 15:15:32.237,419.9020504059495,1005
2024-09-19 15:15:32.245,419.8765408585045,100
2024-09-19 15:15:32.275,419.9037039103838,997
2024-09-19 15:15:32.283,419.8763609102208,998
2024-09-19 15:15:32.301,419.8794219600195,14
2024-09-19 15:15:32.310,419.8894912145579,995
2024-09-19 15:15:32.386,419.947045722811,1001
2024-09-19 15:15:32.388,419.8904620289801,1002
2024-09-19 15:15:32.391,419.952249265793,8
2024-09-19 15:15:32.431,419.8703351374954,97
2024-09-19 15:15:32.582,419.90256164803816,6
2024-09-19 15:15:32.587,419.9589913138598,5
2024-09-19 15:15:32.609,419.84182757919433,96
2024-09-19 15:15:32.617,419.8440530611622,8
2024-09-19 15:15:32.871,419.949061084046,98
2024-09-19 15:15:32.890,419.9088862771677,1005
2024-09-19 15:15:32.902,419.8472602660668,10
2024-09-19 15:15:32.912,419.8645494050834,96
2024-09-19 15:15:32.949,419.85776583208127,6
2024-09-19 15:15:32.964,419.8965330236362,1001
2024-09-19 15:15:32.973,-419.8810287894312,104
2024-09-19 15:15:33.184,419.9498246143029,100
2024-09-19 15:15:33.357,419.9413825667235,1005
2024-09-19 15:15:33.537,419.9443468178037,12
2024-09-19 15:15:33.654,419.957585506347,14
2024-09-19 15:15:34.029,419.94676532310206,11
2024-09-19 15:15:34.162,419.9450848578939,998
2024-09-19 15:15:34.183,41.99595158924501,999
2024-09-19 15:15:34.294,419.9353708521313,105
2024-09-19 15:15:34.539,419.9419167917424,95
2024-09-19 15:15:34.541,419.93319712274206,995
2024-09-19 15:15:34.559,419.95564358230536,998
2024-09-19 15:15:34.567,419.9431415992377,104
2024-09-19 15:15:34.585,419.956105941976,995
2024-09-19 15:15:34.600,419.9193968557311,1003
2024-09-19 15:15:34.733,419.95381713903663,996
2024-09-19 15:15:34.868,419.9627897860672,1004
2024-09-19 15:15:34.895,419.93352930737984,101
2024-09-19 15:15:34.911,419.9641713646328,96
2024-09-19 15:15:34.969,419.9512887525908,13
2024-09-19 15:15:35.025,41.99348422341919,11
2024-09-19 15:15:35.293,419.9347649330946,1002
2024-09-19 15:15:36.040,419.9558117412666,102
2024-09-19 15:15:36.078,419.96254948310457,1004
2024-09-19 15:15:36.096,419.9485130104192,14
2024-09-19 15:15:36.226,419.96802953964345,13
2024-09-19 15:15:36.260,419.9661510054841,1000
2024-09-19 15:15:36.262,419.94537106798526,6
2024-09-19 15:15:36.304,419.9794456195162,996
2024-09-19 15:15:36.368,419.9742499138508,1004
2024-09-19 15:15:36.428,419.9861408284597,997
2024-09-19 15:15:36.432,419.9345249576508,6
2024-09-19 15:15:36.490,419.9525334859776,95
2024-09-19 15:15:36.504,419.967528403337,15
2024-09-19 15:15:36.508,419.9711357834659,96
2024-09-19 15:15:36.550,419.9734050387778,6
2024-09-19 15:15:36.595,419.9725620609556,98
2024-09-19 15:15:36.650,419.9631393616865,1004
2024-09-19 15:15:36.655,419.9649909070071,103
2024-09-19 15:15:36.663,419.96310691638814,10
2024-09-19 15:15:36.706,419.9858468426141,1000
2024-09-19 15:15:36.731,419.97936407712746,14
2024-09-19 15:15:36.821,419.9589045224981,99
2024-09-19 15:15:36.905,419.9866079192817,9
2024-09-19 15:15:36.940,419.9506947559323,15
2024-09-19 15:15:36.952,419.9687190128356,1005
2024-09-19 15:15:36.957,419.9699979362516,995
2024-09-19 15:15:36.974,419.9614646336016,997
2024-09-19 15:15:37.031,419.993955977141,995
2024-09-19 15:15:37.135,419.99485700235664,1001
2024-09-19 15:15:37.378,419.99168866520273,5
2024-09-19 15:15:37.568,419.9690254631269,9
2024-09-19 15:15:37.595,419.9648372075081,100
2024-09-19 15:15:38.022,420.0122797795816,105
2024-09-19 15:15:38.046,420.03450276648186,1004
2024-09-19 15:15:38.047,420.0074728988039,103
2024-09-19 15:15:38.118,420.0358355848181,99
2024-09-19 15:15:38.153,420.0225397703044,102
2024-09-19 15:15:38.158,420.0293037981983,1005
2024-09-19 15:15:38.204,420.0754275471463,100
2024-09-19 15:15:38.214,420.0962599464115,1000
2024-09-19 15:15:38.215,420.0676832099939,15
2024-09-19 15:15:38.271,420.0825754580951,9
2024-09-19 15:15:38.288,420.0346743563925,15
2024-09-19 15:15:38.352,420.0481847813292,1005
2024-09-19 15:15:38.388,420.03303041905343,7
2024-09-19 15:15:38.390,42.00451923565856,1004
2024-09-19 15:15:38.397,420.05742916233146,12
2024-09-19 15:15:38.470,420.02453825113,995
2024-09-19 15:15:38.472,420.07447903472473,10
2024-09-19 15:15:38.491,420.05375717287694,1001
2024-09-19 15:15:38.495,419.9993961686071,998
2024-09-19 15:15:38.500,420.10556274606495,105
2024-09-19 15:15:38.559,420.0609892951701,98
2024-09-19 15:15:38.567,420.0167258159146,1001
2024-09-19 15:15:38.567,420.0685857417542,998
2024-09-19 15:15:38.674,420.0610202333199,5
2024-09-19 15:15:38.755,420.1128247925959,6
2024-09-19 15:15:38.774,420.0763180904729,97
2024-09-19 15:15:38.917,419.9953054915622,97
2024-09-19 15:15:38.940,420.0618683248238,102
2024-09-19 15:15:39.050,419.9883988267935,96
2024-09-19 15:15:39.062,419.9901884232691,997
2024-09-19 15:15:39.080,420.0026643783229,100
2024-09-19 15:15:39.099,419.9832083359462,996
2024-09-19 15:15:39.105,419.981084995692,100
2024-09-19 15:15:39.127,420.0120059721496,105
2024-09-19 15:15:39.194,420.02052708928096,6
2024-09-19 15:15:39.250,420.0188413665592,1002
2024-09-19 15:15:39.291,419.9850681390346,7
2024-09-19 15:15:39.320,420.0062970488789,95
2024-09-19 15:15:39.350,419.9889676689461,999
2024-09-19 15:15:39.375,419.978303079824,998
2024-09-19 15:15:39.394,420.0002012551155,5
2024-09-19 15:15:39.539,419.9998336595684,100
2024-09-19 15:15:39.581,420.004449437081,1000
2024-09-19 15:15:39.606,419.99841503894856,14
2024-09-19 15:15:39.649,419.9907406573864,1003
2024-09-19 15:15:39.655,419.9723966369478,96
2024-09-19 15:15:39.671,419.99025902409977,1005
2024-09-19 15:15:39.683,420.02038613001673,998
2024-09-19 15:15:39.709,420.05415060599086,1003
2024-09-19 15:15:39.710,419.9787394601845,100
2024-09-19 15:15:39.724,420.0316834904214,102
2024-09-19 15:15:39.726,420.0088959565733,8
2024-09-19 15:15:39.762,420.0740543762009,7
2024-09-19 15:15:39.766,419.98142323876857,104
2024-09-19 15:15:39.844,419.97241007463714,11
2024-09-19 15:15:39.859,419.9784871936646,11
2024-09-19 15:15:39.908,419.9981360208093,104
2024-09-19 15:15:39.995,419.9967832164121,104
2024-09-19 15:15:40.789,420.05818564570086,98
2024-09-19 15:15:40.847,420.0623575733813,1000
2024-09-19 15:15:41.021,420.0657606221812,1003
2024-09-19 15:15:41.074,420.05643511556445,12
2024-09-19 15:15:41.075,42.00806305411282,9
2024-09-19 15:15:41.184,420.0969993746201,15
2024-09-19 15:15:41.198,420.0994792325016,1004
2024-09-19 15:15:41.199,420.0899414819991,98
2024-09-19 15:15:41.221,420.070442286931,13
2024-09-19 15:15:41.272,420.0874463880968,104
2024-09-19 15:15:41.291,420.081202037395,6
2024-09-19 15:15:41.369,420.06151222383966,104
2024-09-19 15:15:41.403,420.0562532223093,6
2024-09-19 15:15:41.423,420.0519101052855,998
2024-09-19 15:15:41.424,420.0790507372653,998
2024-09-19 15:15:41.448,420.04825677355865,105
2024-09-19 15:15:41.487,420.05992880306974,105
2024-09-19 15:15:41.518,420.0612497566353,7
2024-09-19 15:15:41.536,420.0612028478556,11
2024-09-19 15:15:41.590,420.0418663023876,1004
2024-09-19 15:15:41.681,420.07471024507896,5
2024-09-19 15:15:41.697,420.0801852918636,12
2024-09-19 15:15:41.819,42.00805593480575,100
2024-09-19 15:15:41.835,420.0700956612173,96
2024-09-19 15:15:41.843,420.0737533687578,1005
2024-09-19 15:15:41.861,420.0547602435881,100
2024-09-19 15:15:41.926,420.060056984679,104
2024-09-19 15:15:42.129,419.966727107874,998
2024-09-19 15:15:42.174,420.0200607533629,1002
2024-09-19 15:15:42.226,419.8930287371002,103
2024-09-19 15:15:42.301,420.0295040775584,1002
2024-09-19 15:15:42.314,420.0235134661064,97
2024-09-19 15:15:42.331,419.9248895108928,995
2024-09-19 15:15:42.375,419.9863864208373,998
2024-09-19 15:15:42.406,420.04297450492953,97
2024-09-19 15:15:42.429,420.02700576728944,1000
2024-09-19 15:15:42.432,419.9269547889921,97
2024-09-19 15:15:42.456,420.03341153276654,1005
2024-09-19 15:15:42.538,420.0458387580149,10
2024-09-19 15:15:42.546,,12
2024-09-19 15:15:42.583,420.06446775728,1001
2024-09-19 15:15:42.593,419.9024299139484,100
2024-09-19 15:15:42.646,419.9619344785799,96
2024-09-19 15:15:42.762,419.9462336960647,105
2024-09-19 15:15:42.823,419.9120558490823,1001
2024-09-19 15:15:42.877,419.9109707417192,15
2024-09-19 15:15:42.927,419.95171571099706,998
2024-09-19 15:15:42.949,420.0249355918375,5
2024-09-19 15:15:43.178,419.9255495797968,105
2024-09-19 15:15:43.224,419.89141936944486,995
2024-09-19 15:15:43.491,419.8978719477431,997
2024-09-19 15:15:43.797,419.8973397731198,999
2024-09-19 15:15:44.002,419.9175573667693,997
2024-09-19 15:15:44.067,419.9400163145617,102
2024-09-19 15:15:44.077,419.9450147954179,15
2024-09-19 15:15:44.203,419.944240114293,1001
2024-09-19 15:15:44.258,419.93030093188855,99
2024-09-19 15:15:44.306,419.9171557146163,1004
2024-09-19 15:15:44.503,419.940584008965,998
2024-09-19 15:15:44.578,419.94130484366593,998
2024-09-19 15:15:44.660,419.9305257661677,104
2024-09-19 15:15:44.671,419.9070866817848,7
2024-09-19 15:15:44.675,419.9514754131093,105
2024-09-19 15:15:44.749,419.9420169082098,97
2024-09-19 15:15:44.750,419.97043808821206,996
2024-09-19 15:15:44.795,41.99194064369669,13
2024-09-19 15:15:44.798,419.92370922345424,11
2024-09-19 15:15:44.807,419.9335897549007,98
2024-09-19 15:15:44.813,419.9345313110734,100
2024-09-19 15:15:44.885,41.99260617221765,95
2024-09-19 15:15:44.886,419.9236404388831,104
2024-09-19 15:15:44.978,419.9154755508544,997
2024-09-19 15:15:45.003,420.0412888655216,9
2024-09-19 15:15:45.091,420.0418621845511,101
2024-09-19 15:15:45.151,420.0213132328448,104
2024-09-19 15:15:45.187,419.9830531909227,102
2024-09-19 15:15:45.265,419.9850693100237,99
2024-09-19 15:15:45.320,419.9851556367331,996
2024-09-19 15:15:45.334,420.014717463529,1004
2024-09-19 15:15:45.349,420.013632133043,996
2024-09-19 15:15:45.392,419.9910583515739,6
2024-09-19 15:15:45.434,420.0080643087148,13
2024-09-19 15:15:45.552,420.00942895079214,997
2024-09-19 15:15:45.592,419.9857252368481,104
2024-09-19 15:15:45.604,420.0135369320146,999
2024-09-19 15:15:45.628,419.9913940059049,99
2024-09-19 15:15:45.629,420.0384900984274,14
2024-09-19 15:15:45.630,420.01766971715216,104
2024-09-19 15:15:45.645,419.9980570584426,103
2024-09-19 15:15:45.728,420.0207579413931,9
2024-09-19 15:15:45.787,420.01113592109,99
2024-09-19 15:15:45.817,420.00090961461416,105
2024-09-19 15:15:45.883,419.9864685310185,103
2024-09-19 15:15:45.892,420.00700821995065,95
2024-09-19 15:15:45.946,419.9861709341725,99
2024-09-19 15:15:45.977,419.9851531107609,6
2024-09-19 15:15:45.995,420.0086771364841,98
2024-09-19 15:15:46.128,419.9423104022627,100
2024-09-19 15:15:46.136,419.9485791340011,15
2024-09-19 15:15:46.265,419.94534496883176,999
2024-09-19 15:15:46.284,419.9380241562709,101
2024-09-19 15:15:46.427,419.9400417853239,10
2024-09-19 15:15:46.440,419.97367065051816,105
2024-09-19 15:15:46.451,419.9970407742204,1003
2024-09-19 15:15:46.468,419.9445172975762,96
2024-09-19 15:15:46.602,419.975931284256,100
2024-09-19 15:15:46.683,419.9947285218015,1003
2024-09-19 15:15:46.832,419.9302950301538,104
2024-09-19 15:15:46.979,419.95653638666784,13
2024-09-19 15:15:47.056,419.9412941832885,98
2024-09-19 15:15:47.175,419.9824889103135,7
2024-09-19 15:15:47.198,419.9165142223048,1005
2024-09-19 15:15:47.248,419.9458065582559,98
2024-09-19 15:15:47.315,41.99770639626075,103
2024-09-19 15:15:47.317,419.93592736088505,95
2024-09-19 15:15:47.351,419.971069845278,14
2024-09-19 15:15:47.392,419.957873374544,98
2024-09-19 15:15:47.467,419.9287983195599,96
2024-09-19 15:15:47.484,419.9488397239173,1005
2024-09-19 15:15:47.511,419.90642169872496,1002
2024-09-19 15:15:47.650,419.9573319115463,104
2024-09-19 15:15:47.650,419.94732523780647,9
2024-09-19 15:15:47.842,419.96280214878607,6
2024-09-19 15:15:47.848,419.9814175984757,96
2024-09-19 15:15:47.884,419.94355900156864,998
2024-09-19 15:15:47.945,419.9365741103192,105
2024-09-19 15:15:47.964,419.9581183231018,14
2024-09-19 15:15:48.018,419.9728336962331,13
2024-09-19 15:15:48.078,419.9585802986588,1001
2024-09-19 15:15:48.108,419.9532041588468,95
2024-09-19 15:15:48.111,419.9355207476629,105
2024-09-19 15:15:48.207,419.9709630292235,105
2024-09-19 15:15:48.209,419.92595084088265,997
2024-09-19 15:15:48.311,419.9232251659397,1000
2024-09-19 15:15:48.329,419.936670430938,1005
2024-09-19 15:15:48.333,419.97770535706167,97
2024-09-19 15:15:48.403,419.95871411499326,995
2024-09-19 15:15:48.467,419.98068412076776,996
2024-09-19 15:15:48.510,419.9350859222673,1004
2024-09-19 15:15:48.516,419.976010652878,1003
2024-09-19 15:15:48.574,419.9842714208932,97
2024-09-19 15:15:48.678,419.986090338869,9
2024-09-19 15:15:48.689,419.9376836872856,102
2024-09-19 15:15:48.729,419.97728382943376,99
2024-09-19 15:15:48.764,419.9797790028605,12
2024-09-19 15:15:48.780,419.93860807382526,99
2024-09-19 15:15:48.852,419.9205973480732,105
2024-09-19 15:15:48.875,419.9458977382765,95
2024-09-19 15:15:48.971,419.9659529946644,103
2024-09-19 15:15:48.987,419.94661366215,104
2024-09-19 15:15:49.115,420.0578088180703,12
2024-09-19 15:15:49.157,420.0095306311819,14
2024-09-19 15:15:49.208,419.9789969127904,996
2024-09-19 15:15:49.216,420.0323388479803,15
2024-09-19 15:15:49.264,420.0395270745316,995
2024-09-19 15:15:49.282,419.9939542217317,1003
2024-09-19 15:15:49.298,419.9623889005347,14
2024-09-19 15:15:49.302,420.0407740710911,96
2024-09-19 15:15:49.457,420.0380754045356,95
2024-09-19 15:15:49.551,419.98633497425374,1002
2024-09-19 15:15:49.660,420.0561166607315,15
2024-09-19 15:15:49.667,419.96443082957006,9
2024-09-19 15:15:49.718,420.0356069563898,1005
2024-09-19 15:15:49.879,420.0379580104509,997
2024-09-19 15:15:49.889,419.9861764747583,1005
2024-09-19 15:15:49.910,420.04053359553086,999
2024-09-19 15:15:49.990,419.9815710191834,1001
2024-09-19 15:15:49.991,420.04316646743234,10
2024-09-19 15:15:50.018,420.0418038360536,8
2024-09-19 15:15:50.048,-420.0460483622329,103
2024-09-19 15:15:50.153,420.046944457426,10
2024-09-19 15:15:50.190,420.0754834354773,996
2024-09-19 15:15:50.190,420.02657002123016,100
2024-09-19 15:15:50.303,420.0417928548183,14
2024-09-19 15:15:50.317,420.0592020205395,103
2024-09-19 15:15:50.384,420.0403638387657,6
2024-09-19 15:15:50.397,420.0712495309105,1003
2024-09-19 15:15:50.414,420.0653786488485,999
2024-09-19 15:15:50.485,420.01656738308,14
2024-09-19 15:15:50.754,420.0420081665704,104
2024-09-19 15:15:50.863,420.0330272507376,103
2024-09-19 15:15:50.896,420.06256274386,99
2024-09-19 15:15:51.025,419.9661708077769,1005
2024-09-19 15:15:51.057,420.0365716107882,9
2024-09-19 15:15:51.092,420.011671970498,10
2024-09-19 15:15:51.118,420.0386169220076,9
2024-09-19 15:15:51.146,420.011633348408,102
2024-09-19 15:15:51.168,419.9932349895712,1001
2024-09-19 15:15:51.213,420.0297327164646,8
2024-09-19 15:15:51.290,419.973347141296,105
2024-09-19 15:15:51.293,420.0211685935959,101
2024-09-19 15:15:51.341,420.0442500471614,8
2024-09-19 15:15:51.447,420.03547987072056,998
2024-09-19 15:15:51.470,419.9914480266568,95
2024-09-19 15:15:51.493,419.97352801765015,1002
2024-09-19 15:15:51.499,420.0366436967953,95
2024-09-19 15:15:51.643,420.01147740333806,1000
2024-09-19 15:15:51.657,419.972754020773,1005
2024-09-19 15:15:51.693,420.0293611929621,104
2024-09-19 15:15:51.725,419.9970021239979,99
2024-09-19 15:15:51.736,420.0119706304694,103
2024-09-19 15:15:51.738,419.9892163511314,105
2024-09-19 15:15:51.793,420.03620101001286,1003
2024-09-19 15:15:51.850,420.0399019193978,10
2024-09-19 15:15:51.879,420.0261708662916,104
2024-09-19 15:15:51.917,420.02438190984174,7
2024-09-19 15:15:51.918,420.0203290010636,95
2024-09-19 15:15:52.012,419.9899504890131,13
2024-09-19 15:15:52.081,420.02045580118033,10
2024-09-19 15:15:52.230,420.0643919262455,105
2024-09-19 15:15:52.269,419.9751674299358,10
2024-09-19 15:15:52.287,420.0188619000056,96
2024-09-19 15:15:52.305,419.9817918097513,12
2024-09-19 15:15:52.327,419.9924589077319,1001
2024-09-19 15:15:52.338,419.9772550633192,1001
2024-09-19 15:15:52.435,419.99027880543167,1001
2024-09-19 15:15:52.514,419.9940263739259,996
2024-09-19 15:15:52.532,420.0410327779725,5
2024-09-19 15:15:52.550,420.0111593465657,1004
2024-09-19 15:15:52.569,420.0050997118893,6
2024-09-19 15:15:52.629,420.0126962637082,8
2024-09-19 15:15:52.649,420.0042125876364,997
2024-09-19 15:15:52.688,420.0405950551843,11
2024-09-19 15:15:52.728,419.9945050572771,8
2024-09-19 15:15:52.733,419.9864012977689,999
2024-09-19 15:15:52.770,419.99722438403927,11
2024-09-19 15:15:52.781,419.9981297839051,103
2024-09-19 15:15:52.839,420.0006753215105,7
2024-09-19 15:15:52.861,420.0723045129179,105
2024-09-19 15:15:52.898,419.97740844584246,996
2024-09-19 15:15:52.917,420.0519099782061,8
2024-09-19 15:15:52.947,420.0088907408897,12
2024-09-19 15:15:53.343,420.03066527878207,6
2024-09-19 15:15:53.353,420.0419256066804,995
2024-09-19 15:15:53.575,420.1203436893082,101
2024-09-19 15:15:53.609,420.03789253452726,103
2024-09-19 15:15:53.798,418.1513481136941,13
2024-09-19 15:15:53.967,420.119731057052,995
2024-09-19 15:15:53.999,420.0675769510698,10
2024-09-19 15:15:54.103,420.1437700943094,103
2024-09-19 15:15:54.216,420.1351449869808,8
2024-09-19 15:15:54.387,420.1311909543408,995
2024-09-19 15:15:54.495,420.13359159254594,102
2024-09-19 15:15:54.537,420.1297306138188,102
2024-09-19 15:15:54.592,420.1376064085844,96
2024-09-19 15:15:54.623,420.1511445440778,1000
2024-09-19 15:15:54.737,420.1531184983765,103
2024-09-19 15:15:54.772,420.1253923130947,11
2024-09-19 15:15:54.784,420.1192861121448,104
2024-09-19 15:15:54.841,420.1434024551043,996
2024-09-19 15:15:54.945,420.1512337110287,15
2024-09-19 15:15:55.034,420.15091030207685,102
2024-09-19 15:15:55.045,420.0770589465728,14
2024-09-19 15:15:55.130,420.0776959944157,10
2024-09-19 15:15:55.170,420.1362245805998,98
2024-09-19 15:15:55.199,420.0656041376372,998
2024-09-19 15:15:55.201,420.0779072111843,997
2024-09-19 15:15:55.220,420.0957970646649,14
2024-09-19 15:15:55.246,420.0887170862826,15
2024-09-19 15:15:55.249,420.0775890668757,11
2024-09-19 15:15:55.253,420.0920577890252,8
2024-09-19 15:15:55.437,420.075126575269,1003
2024-09-19 15:15:55.449,420.0395509672685,999
2024-09-19 15:15:55.457,420.1029098380848,997
2024-09-19 15:15:55.527,420.0890631943541,1003
2024-09-19 15:15:55.530,420.0627193387014,100
2024-09-19 15:15:55.593,420.0540089585396,14
2024-09-19 15:15:55.753,420.09475753316,997
2024-09-19 15:15:55.970,420.10534847482177,1002
2024-09-19 15:15:55.973,420.0758033428591,8
2024-09-19 15:15:56.041,418.2037647951049,995
2024-09-19 15:15:56.520,420.0498813060175,6
2024-09-19 15:15:57.011,420.00077021736814,1003
2024-09-19 15:15:57.210,420.02293739914177,101
2024-09-19 15:15:57.213,419.9956215130861,12
2024-09-19 15:15:57.242,420.0234805258255,98
2024-09-19 15:15:57.252,420.021258788551,1000
2024-09-19 15:15:57.300,420.0033719476962,97
2024-09-19 15:15:57.385,420.03230237276415,7
2024-09-19 15:15:57.409,418.17330899944943,9
2024-09-19 15:15:57.430,420.0238944149645,1002
2024-09-19 15:15:57.484,420.0209616915831,98
2024-09-19 15:15:57.533,420.0206199822709,105
2024-09-19 15:15:57.536,420.0377023144509,105
2024-09-19 15:15:57.587,-420.04495316148,1005
2024-09-19 15:15:57.607,419.995608387723,999
2024-09-19 15:15:57.735,419.9756205531878,98
2024-09-19 15:15:57.776,419.987247561869,996
2024-09-19 15:15:57.841,419.9942447270692,101
2024-09-19 15:15:57.854,420.01990484409305,995
2024-09-19 15:15:57.910,420.0019729687836,1003
2024-09-19 15:15:57.910,420.0426006708526,15
2024-09-19 15:15:57.919,420.03426315101296,6
2024-09-19 15:15:57.927,420.0039356830596,104
2024-09-19 15:15:57.930,42.0044318049017,96
2024-09-19 15:15:57.958,420.0323758945434,97
2024-09-19 15:15:57.963,420.01075083095634,1004
2024-09-19 15:15:57.991,420.00685793940863,7
2024-09-19 15:15:58.094,420.0657990611217,6
2024-09-19 15:15:58.136,420.0246623432327,13
2024-09-19 15:15:58.216,42.00612959391418,105
2024-09-19 15:15:58.286,420.0425793397383,1004
2024-09-19 15:15:58.402,420.02599188198974,13
2024-09-19 15:15:58.440,420.0786402995863,103
2024-09-19 15:15:58.546,420.06186877626936,98
2024-09-19 15:15:58.631,420.0635523006964,9
2024-09-19 15:15:58.675,420.0604403317096,100
2024-09-19 15:15:58.682,420.0712102326559,1003
2024-09-19 15:15:58.777,420.0131846534223,10
2024-09-19 15:15:58.837,420.0686481158469,1002
2024-09-19 15:15:58.872,420.0840276509634,102
2024-09-19 15:15:58.883,420.0657858515449,96
2024-09-19 15:15:58.908,420.0313745594194,11
2024-09-19 15:15:58.947,420.0435944933354,6
2024-09-19 15:15:58.986,420.0196623374396,95
2024-09-19 15:15:59.122,420.0118713190533,997
2024-09-19 15:15:59.218,420.0312517146396,1003
2024-09-19 15:15:59.285,420.03049448465697,95
2024-09-19 15:15:59.342,420.0418351531076,995
2024-09-19 15:15:59.391,420.0355096565328,102
2024-09-19 15:15:59.432,420.0263760473957,96
2024-09-19 15:15:59.501,420.0268860666168,95
2024-09-19 15:15:59.521,420.0299141606927,1005
2024-09-19 15:15:59.637,420.0463848652478,104
2024-09-19 15:15:59.652,420.0303369800573,14
2024-09-19 15:15:59.685,420.0406051555645,102
2024-09-19 15:15:59.718,420.0307019514703,11
2024-09-19 15:15:59.719,420.0157189281826,96
2024-09-19 15:15:59.793,420.0403226269444,5
2024-09-19 15:15:59.902,420.0240725741747,105
2024-09-19 15:15:59.909,420.0257211989582,1003
2024-09-19 15:15:59.948,420.0275832734863,1002
