Timestamp,Price,Size
2024-09-20 10:31:00.019,423.2456252333668,98
2024-09-20 10:31:00.040,42.325749882404864,6
2024-09-20 10:31:00.258,423.2430294108056,14
2024-09-20 10:31:00.274,423.2700513142598,98
2024-09-20 10:31:00.390,423.2531199544824,1003
2024-09-20 10:31:00.391,423.27015879623593,99
2024-09-20 10:31:00.613,42.32627508689084,998
2024-09-20 10:31:00.862,423.2407281478038,99
2024-09-20 10:31:00.866,423.2939202448376,7
2024-09-20 10:31:00.891,423.2834285555053,95
2024-09-20 10:31:01.002,423.2958536877617,1002
2024-09-20 10:31:01.216,423.26518680002863,8
2024-09-20 10:31:01.243,423.2694453893898,103
2024-09-20 10:31:01.391,423.28144251592096,102
2024-09-20 10:31:01.526,423.294271065664,100
2024-09-20 10:31:01.586,423.28324865067447,15
2024-09-20 10:31:01.701,423.2866439583942,101
2024-09-20 10:31:01.735,423.2773795735922,998
2024-09-20 10:31:01.801,423.2848337090267,99
2024-09-20 10:31:01.802,423.2651867257138,1003
2024-09-20 10:31:01.826,423.2899094748147,998
2024-09-20 10:31:01.882,423.287220473016,105
2024-09-20 10:31:02.021,423.27811930650654,5
2024-09-20 10:31:02.026,423.2471870351032,12
2024-09-20 10:31:02.035,423.349724981388,103
2024-09-20 10:31:02.061,423.356316969129,996
2024-09-20 10:31:02.228,423.2966111851926,1000
2024-09-20 10:31:02.255,423.31705971792735,104
2024-09-20 10:31:02.301,423.3347851223327,998
2024-09-20 10:31:02.321,423.2457628366877,7
2024-09-20 10:31:02.326,423.3202847832962,996
2024-09-20 10:31:02.333,423.32256939209935,104
2024-09-20 10:31:02.351,423.2851284502577,1000
2024-09-20 10:31:02.365,423.343865811861,98
2024-09-20 10:31:02.377,423.33469561557183,8
2024-09-20 10:31:02.383,,14
2024-09-20 10:31:02.402,423.2539685616867,997
2024-09-20 10:31:02.477,423.3319505014711,5
2024-09-20 10:31:02.508,423.3462375822493,996
2024-09-20 10:31:02.530,423.25109714191865,101
2024-09-20 10:31:02.537,423.34690821561145,14
2024-09-20 10:31:02.549,423.2801858183857,8
2024-09-20 10:31:02.601,423.3235616673062,100
2024-09-20 10:31:02.626,423.2544186061771,12
2024-09-20 10:31:02.650,423.2414983176215,98
2024-09-20 10:31:02.661,423.3486857091657,99
2024-09-20 10:31:02.735,423.2875144609047,97
2024-09-20 10:31:02.832,423.32671901478113,1005
2024-09-20 10:31:02.840,423.2929735608879,1000
2024-09-20 10:31:02.868,423.2507994775281,1004
2024-09-20 10:31:02.946,423.3165002053553,99
2024-09-20 10:31:02.950,-423.3255261756067,102
2024-09-20 10:31:03.022,423.32031093778426,100
2024-09-20 10:31:03.062,423.3984109628436,1002
2024-09-20 10:31:03.085,,1001
2024-09-20 10:31:03.094,423.3871888953233,998
2024-09-20 10:31:03.133,423.3656429273789,97
2024-09-20 10:31:03.332,423.361664751525,9
2024-09-20 10:31:03.391,423.3373029577139,1004
2024-09-20 10:31:03.413,423.3760258164352,999
2024-09-20 10:31:03.523,423.3813427684565,97
2024-09-20 10:31:03.562,423.3194524132017,12
2024-09-20 10:31:03.631,423.3605229634926,14
2024-09-20 10:31:03.656,423.337328784284,6
2024-09-20 10:31:03.740,423.3275273380562,102
2024-09-20 10:31:03.900,423.35385103826223,8
2024-09-20 10:31:04.022,423.29940897346944,1002
2024-09-20 10:31:04.101,423.35374996762425,997
2024-09-20 10:31:04.110,423.3516681424193,997
2024-09-20 10:31:04.191,423.3684768796624,1005
2024-09-20 10:31:04.215,423.3614230283059,15
2024-09-20 10:31:04.239,423.3550252518804,9
2024-09-20 10:31:04.247,423.3525327101268,10
2024-09-20 10:31:04.276,423.3045524201366,1005
2024-09-20 10:31:04.282,423.29771349889705,997
2024-09-20 10:31:04.341,423.4028340458792,7
2024-09-20 10:31:04.343,423.30251248668907,1005
2024-09-20 10:31:04.412,423.344189808261,996
2024-09-20 10:31:04.430,423.3528030167116,1004
2024-09-20 10:31:04.447,423.350806294486,996
2024-09-20 10:31:04.451,423.31714600423726,15
2024-09-20 10:31:04.455,423.3552241620735,96
2024-09-20 10:31:04.544,423.3711432204366,11
2024-09-20 10:31:04.647,423.29079171781393,7
2024-09-20 10:31:04.648,423.3056393661796,100
2024-09-20 10:31:04.659,423.3544724831108,11
2024-09-20 10:31:04.735,423.3880263342653,996
2024-09-20 10:31:04.755,423.39547384695527,12
2024-09-20 10:31:04.898,423.3055814368316,95
2024-09-20 10:31:04.948,423.3942263560554,8
2024-09-20 10:31:04.997,423.3045865452243,999
2024-09-20 10:31:05.067,423.2136139049574,15
2024-09-20 10:31:05.084,423.2894594995449,1001
2024-09-20 10:31:05.101,423.2185064267159,96
2024-09-20 10:31:05.104,423.25695573093833,1001
2024-09-20 10:31:05.145,423.2205894176495,1000
2024-09-20 10:31:05.273,423.2440798991677,1004
2024-09-20 10:31:05.291,423.2196602370976,99
2024-09-20 10:31:05.326,423.2852528088152,95
2024-09-20 10:31:05.330,-423.22805225544914,103
2024-09-20 10:31:05.373,423.2388505030658,998
2024-09-20 10:31:05.465,423.2953777122496,12
2024-09-20 10:31:05.487,423.234992004742,1004
2024-09-20 10:31:05.507,423.2522620057928,14
2024-09-20 10:31:05.577,423.2080177314224,1000
2024-09-20 10:31:05.581,423.2525043270526,1001
2024-09-20 10:31:05.632,423.30009936061793,15
2024-09-20 10:31:05.713,423.2598477244806,7
2024-09-20 10:31:05.723,423.26280668468894,103
2024-09-20 10:31:05.740,423.2192135902242,11
2024-09-20 10:31:05.743,423.2573305169096,1001
2024-09-20 10:31:05.953,423.2195232757968,14
2024-09-20 10:31:05.976,423.2409959660748,12
2024-09-20 10:31:06.125,423.27903999959847,1000
2024-09-20 10:31:06.370,423.2653342813221,101
2024-09-20 10:31:07.035,423.2317560286271,103
2024-09-20 10:31:07.071,423.2402771753228,11
2024-09-20 10:31:07.106,423.2430539220853,15
2024-09-20 10:31:07.152,423.25161054566206,9
2024-09-20 10:31:07.159,423.25187243236417,104
2024-09-20 10:31:07.202,423.2793720037015,101
2024-09-20 10:31:07.228,423.32385495285104,98
2024-09-20 10:31:07.242,423.2542662068325,1001
2024-09-20 10:31:07.266,423.29985589743467,9
2024-09-20 10:31:07.346,423.34001283668914,102
2024-09-20 10:31:07.383,423.2762025810953,996
2024-09-20 10:31:07.406,423.2833031187584,101
2024-09-20 10:31:07.456,423.3338261395341,99
2024-09-20 10:31:07.502,423.2851923273663,1003
2024-09-20 10:31:07.539,423.3322969063564,7
2024-09-20 10:31:07.816,423.2520899831609,996
2024-09-20 10:31:07.895,423.2848884920163,998
2024-09-20 10:31:07.939,423.3044531922391,14
2024-09-20 10:31:08.082,423.3222429965481,996
2024-09-20 10:31:08.114,423.3365811655715,1005
2024-09-20 10:31:08.121,423.3071468142577,105
2024-09-20 10:31:08.158,423.2888767267308,13
2024-09-20 10:31:08.243,423.3496183407141,6
2024-09-20 10:31:08.275,423.2666381923272,10
2024-09-20 10:31:08.322,423.3326368513414,98
2024-09-20 10:31:08.332,423.3376865103447,6
2024-09-20 10:31:08.342,423.3377932283771,7
2024-09-20 10:31:08.364,423.3348902914569,101
2024-09-20 10:31:08.388,423.3294282745855,105
2024-09-20 10:31:08.415,423.326039054682,104
2024-09-20 10:31:08.444,423.3532695813543,6
2024-09-20 10:31:08.469,423.31918929659366,1005
2024-09-20 10:31:08.480,423.27966242870366,9
2024-09-20 10:31:08.546,,10
2024-09-20 10:31:08.614,423.339990908558,99
2024-09-20 10:31:08.646,423.3678603293713,97
2024-09-20 10:31:08.657,423.3796332292741,5
2024-09-20 10:31:08.688,423.3258583561165,995
2024-09-20 10:31:08.699,423.2823627192833,999
2024-09-20 10:31:08.714,423.3398326846141,1002
2024-09-20 10:31:08.835,423.2899465502478,99
2024-09-20 10:31:08.837,423.33940238326943,996
2024-09-20 10:31:08.900,423.3552360734203,97
2024-09-20 10:31:08.911,423.3495503512963,99
2024-09-20 10:31:08.934,423.3764128273804,102
2024-09-20 10:31:08.943,423.2800718894363,14
2024-09-20 10:31:08.978,423.3771861628018,1004
2024-09-20 10:31:08.988,423.2809462141362,1000
2024-09-20 10:31:09.053,423.2402901711856,6
2024-09-20 10:31:09.087,423.2264542237442,1001
2024-09-20 10:31:09.110,423.2309315413227,13
2024-09-20 10:31:09.232,423.2788732515745,12
2024-09-20 10:31:09.233,423.2707225578271,9
2024-09-20 10:31:09.252,423.2498915316608,96
2024-09-20 10:31:09.336,423.2272728109105,7
2024-09-20 10:31:09.421,423.2543192479913,1001
2024-09-20 10:31:09.461,423.2352978765929,104
2024-09-20 10:31:09.527,423.23831709775897,1004
2024-09-20 10:31:09.602,423.2412086203189,998
2024-09-20 10:31:09.608,423.22941836418727,1003
2024-09-20 10:31:09.625,423.2330060049368,97
2024-09-20 10:31:09.714,423.23940115353287,9
2024-09-20 10:31:09.736,423.23426949481103,997
2024-09-20 10:31:09.753,423.2160245071234,105
2024-09-20 10:31:09.758,423.2267412673318,1004
2024-09-20 10:31:09.864,423.2488677968091,105
2024-09-20 10:31:10.104,423.2510284404896,103
2024-09-20 10:31:10.114,423.2556026631028,105
2024-09-20 10:31:10.126,423.23003064704096,999
2024-09-20 10:31:10.138,423.2823964935114,1001
2024-09-20 10:31:10.166,423.2406156220071,105
2024-09-20 10:31:10.225,423.30202319552046,6
2024-09-20 10:31:10.230,423.2181054269072,98
2024-09-20 10:31:10.311,423.301886379552,100
2024-09-20 10:31:10.386,423.2441775691104,95
2024-09-20 10:31:10.401,423.22836743566575,1002
2024-09-20 10:31:10.402,423.2504541784547,996
2024-09-20 10:31:10.409,423.29283682126703,10
2024-09-20 10:31:10.465,423.2386222213964,10
2024-09-20 10:31:10.513,423.25253374786894,98
2024-09-20 10:31:10.540,423.239575566198,101
2024-09-20 10:31:10.638,423.2182963194019,101
2024-09-20 10:31:10.676,423.230289886474,1004
2024-09-20 10:31:10.804,423.3216810881034,6
2024-09-20 10:31:10.812,423.22050455253634,999
2024-09-20 10:31:10.824,423.2677687541788,5
2024-09-20 10:31:10.895,423.3443476972852,1004
2024-09-20 10:31:10.991,,100
2024-09-20 10:31:11.063,423.2996394500392,1005
2024-09-20 10:31:11.079,423.3275113753261,5
2024-09-20 10:31:11.110,423.31466752192375,13
2024-09-20 10:31:11.191,423.3307018081524,12
2024-09-20 10:31:11.247,423.3159610030664,1002
2024-09-20 10:31:11.376,423.3211976595569,12
2024-09-20 10:31:11.478,423.3240536013801,12
2024-09-20 10:31:11.483,423.3164961818717,1005
2024-09-20 10:31:11.658,423.31745100826384,10
2024-09-20 10:31:11.695,423.3250708510869,97
2024-09-20 10:31:11.769,423.3106862948535,1003
2024-09-20 10:31:11.919,423.2868383867552,99
2024-09-20 10:31:11.965,423.3332936678,104
2024-09-20 10:31:12.376,423.2872249560169,7
2024-09-20 10:31:12.424,423.2989500465864,100
2024-09-20 10:31:13.121,423.2857724510653,99
2024-09-20 10:31:13.132,423.3048007992221,10
2024-09-20 10:31:13.149,423.30289647589234,5
2024-09-20 10:31:13.171,423.26947522254846,105
2024-09-20 10:31:13.655,423.3038003096944,15
2024-09-20 10:31:13.728,423.2838172982734,101
2024-09-20 10:31:13.808,423.26713602212914,6
2024-09-20 10:31:14.082,423.2680931567286,100
2024-09-20 10:31:14.186,423.3020526658755,998
2024-09-20 10:31:14.215,423.3092919375964,97
2024-09-20 10:31:14.290,423.3381635080905,1005
2024-09-20 10:31:14.416,423.3402653630239,103
2024-09-20 10:31:14.477,423.3007531759615,7
2024-09-20 10:31:14.614,423.322257436199,105
2024-09-20 10:31:14.898,423.28000777366486,96
2024-09-20 10:31:14.919,423.32838557298646,98
2024-09-20 10:31:15.033,423.28671436020414,7
2024-09-20 10:31:15.204,423.2496755297158,7
2024-09-20 10:31:15.369,423.27100309278165,8
2024-09-20 10:31:15.403,423.2527881438273,95
2024-09-20 10:31:15.463,423.27456564944526,998
2024-09-20 10:31:15.479,423.27910821572857,98
2024-09-20 10:31:15.883,423.2851672418646,15
2024-09-20 10:31:15.952,423.2732717371301,104
2024-09-20 10:31:16.021,423.24499738852006,104
2024-09-20 10:31:16.043,423.2169248419074,999
2024-09-20 10:31:16.092,423.2045412129639,105
2024-09-20 10:31:16.111,423.2276113686933,1003
2024-09-20 10:31:16.112,423.2104685299688,5
2024-09-20 10:31:16.166,423.2401269429006,1002
2024-09-20 10:31:16.187,423.2333282746525,14
2024-09-20 10:31:16.212,423.2105657064121,11
2024-09-20 10:31:16.276,423.1920128397024,98
2024-09-20 10:31:16.281,423.19696206464505,996
2024-09-20 10:31:16.364,423.2323165265997,1004
2024-09-20 10:31:16.369,423.2330838850576,102
2024-09-20 10:31:16.450,,1002
2024-09-20 10:31:16.514,423.2337648795942,7
2024-09-20 10:31:16.534,423.2321079165003,1002
2024-09-20 10:31:16.574,423.22267179166414,1000
2024-09-20 10:31:16.614,423.2305581570052,1003
2024-09-20 10:31:16.631,423.228256535572,100
2024-09-20 10:31:16.692,423.2300821338373,99
2024-09-20 10:31:16.702,423.2346518438571,12
2024-09-20 10:31:16.738,423.2218076942988,98
2024-09-20 10:31:16.740,423.2134178642873,9
2024-09-20 10:31:16.768,423.2295477044359,102
2024-09-20 10:31:16.804,423.2407525495132,10
2024-09-20 10:31:16.879,423.2387456453674,10
2024-09-20 10:31:17.271,423.1191767845582,13
2024-09-20 10:31:17.273,423.243598093497,5
2024-09-20 10:31:17.298,423.1480914117013,14
2024-09-20 10:31:17.302,423.1989491583074,1003
2024-09-20 10:31:17.339,423.1821911734088,1004
2024-09-20 10:31:17.351,423.1621686286885,103
2024-09-20 10:31:17.358,423.1583985550042,7
2024-09-20 10:31:17.389,423.1677912624821,1005
2024-09-20 10:31:17.477,423.18268226628106,1000
2024-09-20 10:31:17.491,423.146258993847,15
2024-09-20 10:31:17.496,423.1705638997235,8
2024-09-20 10:31:17.582,42.3122624373904,9
2024-09-20 10:31:17.598,423.18813160008114,97
2024-09-20 10:31:17.632,423.1237357221533,1002
2024-09-20 10:31:17.668,42.31286288931759,1003
2024-09-20 10:31:17.696,423.1426928636094,99
2024-09-20 10:31:17.700,423.1778021737296,1003
2024-09-20 10:31:17.746,423.1199368602889,10
2024-09-20 10:31:17.800,423.1568759697051,97
2024-09-20 10:31:17.864,423.1230452516001,100
2024-09-20 10:31:17.907,423.1192775786434,11
2024-09-20 10:31:17.935,423.1866134506977,1005
2024-09-20 10:31:18.064,423.1413229839477,996
2024-09-20 10:31:18.094,423.150169977682,997
2024-09-20 10:31:18.111,42.31202706871839,1005
2024-09-20 10:31:18.208,423.138626186767,13
2024-09-20 10:31:18.319,423.1359642795661,95
2024-09-20 10:31:18.321,423.1343307606576,105
2024-09-20 10:31:18.388,423.1635571770117,95
2024-09-20 10:31:18.405,423.14710670694535,105
2024-09-20 10:31:18.476,423.1347078355691,1000
2024-09-20 10:31:18.582,423.1266327983554,14
2024-09-20 10:31:18.824,423.1382132643714,996
2024-09-20 10:31:18.839,423.1643749054184,998
2024-09-20 10:31:18.884,-423.13391037671056,104
2024-09-20 10:31:19.072,423.145796985266,6
2024-09-20 10:31:19.076,423.1445747259507,998
2024-09-20 10:31:19.109,423.1751886192887,1004
2024-09-20 10:31:19.253,423.13813719170736,1004
2024-09-20 10:31:19.277,423.1421411073155,104
2024-09-20 10:31:19.341,423.1589539904908,999
2024-09-20 10:31:19.346,423.157572562857,12
2024-09-20 10:31:19.348,423.16651529771065,100
2024-09-20 10:31:19.372,423.1486592382476,105
2024-09-20 10:31:19.422,423.12685465161184,1003
2024-09-20 10:31:19.462,423.172868330604,997
2024-09-20 10:31:19.499,423.1283485293133,14
2024-09-20 10:31:19.504,423.1436006035162,99
2024-09-20 10:31:19.514,42.31595934959413,997
2024-09-20 10:31:19.515,423.1766634171432,95
2024-09-20 10:31:19.552,423.2039373117345,998
2024-09-20 10:31:19.615,423.14354234245127,102
2024-09-20 10:31:19.657,423.1485476415024,98
2024-09-20 10:31:19.693,423.21579109257937,97
2024-09-20 10:31:19.695,423.18564983943537,1005
2024-09-20 10:31:19.731,423.1428803947087,998
2024-09-20 10:31:19.850,423.2147417317508,99
2024-09-20 10:31:19.944,423.1506165822924,11
2024-09-20 10:31:20.009,423.2242487742738,995
2024-09-20 10:31:20.081,423.1996045988345,96
2024-09-20 10:31:20.100,423.216130443148,10
2024-09-20 10:31:20.146,423.1977255112855,96
2024-09-20 10:31:20.454,423.1985604043034,1000
2024-09-20 10:31:20.558,423.2081169517887,97
2024-09-20 10:31:20.646,423.2333791047161,5
2024-09-20 10:31:20.788,423.2124034925128,100
2024-09-20 10:31:21.127,423.2026021837834,104
2024-09-20 10:31:21.705,423.2119567833532,997
2024-09-20 10:31:21.711,423.2055730804982,96
2024-09-20 10:31:22.073,423.2425175152633,104
2024-09-20 10:31:22.261,423.1625308313944,6
2024-09-20 10:31:22.295,423.2114518552584,13
2024-09-20 10:31:22.399,423.2407852383328,997
2024-09-20 10:31:22.511,423.1775991533779,999
2024-09-20 10:31:22.544,423.1967856030168,101
2024-09-20 10:31:22.633,423.1827492090088,96
2024-09-20 10:31:22.673,423.2388271227593,102
2024-09-20 10:31:22.681,423.2178593333192,1001
2024-09-20 10:31:22.816,423.16996093001006,103
2024-09-20 10:31:22.856,423.1882337115085,15
2024-09-20 10:31:23.010,423.1877969986031,97
2024-09-20 10:31:23.049,423.18198189752974,1002
2024-09-20 10:31:23.106,423.19399552054233,1004
2024-09-20 10:31:23.187,423.1566366884455,7
2024-09-20 10:31:23.219,423.1856894869478,105
2024-09-20 10:31:23.287,423.23875365903,995
2024-09-20 10:31:23.364,423.2167051187956,105
2024-09-20 10:31:23.435,423.1386229621799,9
2024-09-20 10:31:23.461,423.2471790315201,10
2024-09-20 10:31:23.486,423.2113494226577,96
2024-09-20 10:31:23.533,423.2110130937592,7
2024-09-20 10:31:23.545,423.1833674385226,6
2024-09-20 10:31:23.574,,998
2024-09-20 10:31:23.713,423.2050228194372,96
2024-09-20 10:31:23.747,423.2113066075181,999
2024-09-20 10:31:23.811,423.2154354505267,996
2024-09-20 10:31:23.931,423.19156308494377,997
2024-09-20 10:31:24.014,423.13706654032376,97
2024-09-20 10:31:24.047,423.13825696682574,96
2024-09-20 10:31:24.069,423.1344415757495,101
2024-09-20 10:31:24.085,42.31414280146859,104
2024-09-20 10:31:24.114,423.1342789044163,6
2024-09-20 10:31:24.127,423.1643568877681,98
2024-09-20 10:31:24.131,-423.1413900325676,98
2024-09-20 10:31:24.195,423.1689644688946,6
2024-09-20 10:31:24.243,423.1718480564144,1000
2024-09-20 10:31:24.246,423.1312727147079,100
2024-09-20 10:31:24.345,423.1388353651976,97
2024-09-20 10:31:24.417,423.1538852955822,105
2024-09-20 10:31:24.477,423.1800845008075,104
2024-09-20 10:31:24.511,42.31692566682246,1001
2024-09-20 10:31:24.516,423.2033906408129,99
2024-09-20 10:31:24.642,423.1754717052081,12
2024-09-20 10:31:24.686,423.1364704527753,102
2024-09-20 10:31:24.741,423.13351849643055,98
2024-09-20 10:31:24.807,423.1638561840698,999
2024-09-20 10:31:24.848,423.1548228544627,98
2024-09-20 10:31:24.914,423.11935547580674,102
2024-09-20 10:31:24.959,423.1711845875048,5
2024-09-20 10:31:24.968,423.1825293230582,10
2024-09-20 10:31:26.143,423.1584324350263,15
2024-09-20 10:31:26.189,423.1208367315224,95
2024-09-20 10:31:26.218,423.1724429048256,104
2024-09-20 10:31:26.221,423.1501257004377,5
2024-09-20 10:31:26.358,423.1420060973433,999
2024-09-20 10:31:26.545,423.12104068969705,98
2024-09-20 10:31:26.550,423.1226320212201,95
2024-09-20 10:31:26.647,423.1569456348773,102
2024-09-20 10:31:26.659,423.1635937329955,15
2024-09-20 10:31:26.744,423.1423139127148,105
2024-09-20 10:31:26.747,423.1710463922602,102
2024-09-20 10:31:26.914,423.1221909744323,105
2024-09-20 10:31:27.038,423.1144836706424,97
2024-09-20 10:31:27.054,423.1699770246245,5
2024-09-20 10:31:27.109,423.1108158845777,99
2024-09-20 10:31:27.139,423.15726028425416,1002
2024-09-20 10:31:27.176,423.1840109616423,995
2024-09-20 10:31:27.189,423.1543931108365,102
2024-09-20 10:31:27.204,423.1817193918569,99
2024-09-20 10:31:27.208,423.1746282081083,95
2024-09-20 10:31:27.287,423.1644598379392,996
2024-09-20 10:31:27.324,423.1180272493783,12
2024-09-20 10:31:27.328,423.16188210881086,12
2024-09-20 10:31:27.330,423.1433214022839,1000
2024-09-20 10:31:27.414,423.1445592095417,102
2024-09-20 10:31:27.431,423.1034023680062,998
2024-09-20 10:31:27.431,423.153570719284,14
2024-09-20 10:31:27.457,423.1665955552436,9
2024-09-20 10:31:27.466,423.1382550855872,10
2024-09-20 10:31:27.495,423.1126677425491,14
2024-09-20 10:31:27.515,423.1213320602536,15
2024-09-20 10:31:27.583,423.14044586989417,7
2024-09-20 10:31:27.599,423.1079020204601,1004
2024-09-20 10:31:27.622,423.16039697242593,100
2024-09-20 10:31:27.633,423.1695038792527,95
2024-09-20 10:31:27.681,423.17768665417873,99
2024-09-20 10:31:27.764,423.1814619972712,97
2024-09-20 10:31:27.800,423.1242790324947,12
2024-09-20 10:31:27.899,423.1687598932296,100
2024-09-20 10:31:27.940,423.1647113877227,5
2024-09-20 10:31:27.970,423.1121738330646,102
2024-09-20 10:31:27.998,423.1226393302333,15
2024-09-20 10:31:28.142,423.0691753094212,1003
2024-09-20 10:31:28.280,423.096506923279,95
2024-09-20 10:31:28.312,423.0859707343957,995
2024-09-20 10:31:28.388,423.0987812864621,103
2024-09-20 10:31:28.403,423.08103760531424,1004
2024-09-20 10:31:28.408,423.10520609776887,97
2024-09-20 10:31:28.455,423.0846892626534,105
2024-09-20 10:31:28.676,423.108602890828,96
2024-09-20 10:31:28.963,423.09093783251166,14
2024-09-20 10:31:30.246,423.09271670506615,104
2024-09-20 10:31:30.597,423.098691250764,14
2024-09-20 10:31:30.958,423.0947325594557,105
2024-09-20 10:31:31.040,423.0889248916562,6
2024-09-20 10:31:31.413,423.0910077679951,6
2024-09-20 10:31:31.458,423.0785832516929,96
2024-09-20 10:31:31.663,423.0947010236508,5
2024-09-20 10:31:31.705,423.1153526538029,103
2024-09-20 10:31:31.745,423.05683388297047,1000
2024-09-20 10:31:31.784,423.1038702239399,1001
2024-09-20 10:31:31.832,423.1072666338936,1003
2024-09-20 10:31:31.919,423.0909113983235,15
2024-09-20 10:31:32.091,423.0751855767034,13
2024-09-20 10:31:32.767,423.0720761808123,1003
2024-09-20 10:31:33.024,422.9801468127645,1005
2024-09-20 10:31:33.029,423.01108091691566,100
2024-09-20 10:31:33.050,422.9701351638841,7
2024-09-20 10:31:33.091,422.9533575477164,102
2024-09-20 10:31:33.101,-422.9598091851228,99
2024-09-20 10:31:33.155,422.979971586747,100
2024-09-20 10:31:33.177,422.9903578251198,1005
2024-09-20 10:31:33.243,422.9619282453001,104
2024-09-20 10:31:33.309,422.9900284180672,5
2024-09-20 10:31:33.327,422.988246732654,95
2024-09-20 10:31:33.361,422.940108050201,103
2024-09-20 10:31:33.399,422.9754222529353,99
2024-09-20 10:31:33.428,422.95402285030366,9
2024-09-20 10:31:33.508,423.06793728267104,1001
2024-09-20 10:31:33.510,422.9644448141014,13
2024-09-20 10:31:33.553,422.9579797644359,1005
2024-09-20 10:31:33.562,423.0095443222386,96
2024-09-20 10:31:33.583,423.0587958195444,5
2024-09-20 10:31:33.716,423.0518123869472,1004
2024-09-20 10:31:33.750,422.9930617673949,1004
2024-09-20 10:31:33.784,422.9397299297826,999
2024-09-20 10:31:33.911,422.985129114232,95
2024-09-20 10:31:33.925,422.9444763508508,14
2024-09-20 10:31:33.957,422.96231507616426,13
2024-09-20 10:31:33.969,422.99723279580826,11
2024-09-20 10:31:34.272,422.9618160537679,8
2024-09-20 10:31:34.303,,103
2024-09-20 10:31:34.303,422.938658765454,6
2024-09-20 10:31:34.410,422.95124441363976,95
2024-09-20 10:31:34.454,422.9540785807646,998
2024-09-20 10:31:34.495,422.9368575702641,15
2024-09-20 10:31:34.523,422.9343148280087,96
2024-09-20 10:31:34.570,422.9397042250089,105
2024-09-20 10:31:34.631,422.9506714210624,1001
2024-09-20 10:31:34.656,422.941116164417,7
2024-09-20 10:31:34.692,422.93656909925176,1000
2024-09-20 10:31:34.778,422.94604573902393,995
2024-09-20 10:31:34.880,422.9378146941463,1000
2024-09-20 10:31:34.889,422.9481773633333,1005
2024-09-20 10:31:34.999,422.96693915179424,14
2024-09-20 10:31:35.026,423.0102228854676,100
2024-09-20 10:31:35.101,422.9975642980754,10
2024-09-20 10:31:35.150,423.00666374059296,1001
2024-09-20 10:31:35.263,423.0100787799471,9
2024-09-20 10:31:35.301,423.00372519321184,999
2024-09-20 10:31:35.306,-423.0061773398463,15
2024-09-20 10:31:35.377,423.0339396863,1000
2024-09-20 10:31:35.441,423.02389210361065,100
2024-09-20 10:31:35.477,423.0094605388434,100
2024-09-20 10:31:35.490,423.035904638015,1003
2024-09-20 10:31:35.601,423.0191669516665,97
2024-09-20 10:31:35.612,422.9712777496203,9
2024-09-20 10:31:35.700,422.98411748375577,100
2024-09-20 10:31:35.723,422.9894985522034,7
2024-09-20 10:31:35.769,423.02582824001246,102
2024-09-20 10:31:35.865,423.01893787624726,1000
2024-09-20 10:31:35.898,422.9952031142995,1003
2024-09-20 10:31:36.098,422.9521708067628,999
2024-09-20 10:31:36.108,422.9330793895775,999
2024-09-20 10:31:36.138,422.9470896043671,104
2024-09-20 10:31:36.196,422.945098913442,6
2024-09-20 10:31:36.232,422.9288169763275,95
2024-09-20 10:31:36.352,422.9224129265733,98
2024-09-20 10:31:36.371,422.956801498907,999
2024-09-20 10:31:36.414,422.968329376654,5
2024-09-20 10:31:36.432,422.95570340082605,95
2024-09-20 10:31:36.448,422.9410818592796,99
2024-09-20 10:31:36.497,422.93175309644,995
2024-09-20 10:31:36.525,422.9658413996388,9
2024-09-20 10:31:36.525,422.9588769802879,95
2024-09-20 10:31:36.532,422.9292233351241,12
2024-09-20 10:31:36.707,423.0260100315576,14
2024-09-20 10:31:36.774,42.29214246904827,8
2024-09-20 10:31:36.788,-422.955409046773,1003
2024-09-20 10:31:36.803,422.9169167929713,99
2024-09-20 10:31:36.822,422.939064799374,98
2024-09-20 10:31:36.851,422.9895112907092,1005
2024-09-20 10:31:36.902,422.9315832437548,995
2024-09-20 10:31:36.907,422.947917318509,9
2024-09-20 10:31:36.928,-422.9569234358232,1005
2024-09-20 10:31:36.979,422.9553850415334,102
2024-09-20 10:31:37.085,423.0178494284509,9
2024-09-20 10:31:37.127,423.0211435689486,7
2024-09-20 10:31:37.248,423.0068434877728,96
2024-09-20 10:31:37.256,423.0457731592268,7
2024-09-20 10:31:37.276,423.0207142389879,98
2024-09-20 10:31:37.531,423.0151650791836,1001
2024-09-20 10:31:37.593,422.9934510576731,1003
2024-09-20 10:31:37.611,423.0270378923271,96
2024-09-20 10:31:37.668,423.01933266864506,999
2024-09-20 10:31:37.816,422.9712056117488,96
2024-09-20 10:31:37.969,422.9912540051833,104
2024-09-20 10:31:38.034,422.9069335598028,7
2024-09-20 10:31:38.110,422.8838058647385,6
2024-09-20 10:31:38.183,422.9061513263212,101
2024-09-20 10:31:38.219,422.93021154724215,96
2024-09-20 10:31:38.225,422.9355372575373,14
2024-09-20 10:31:38.249,422.9953843591468,15
2024-09-20 10:31:38.267,422.8937191081656,15
2024-09-20 10:31:38.322,422.91602072343886,103
2024-09-20 10:31:38.325,422.87837903571614,1001
2024-09-20 10:31:38.328,422.9041166903998,997
2024-09-20 10:31:38.393,422.92475834901046,14
2024-09-20 10:31:38.411,422.8873065995629,998
2024-09-20 10:31:38.423,422.9947113611205,13
2024-09-20 10:31:38.500,422.8905033999796,98
2024-09-20 10:31:38.521,422.8806857977463,9
2024-09-20 10:31:38.539,422.9147736501114,995
2024-09-20 10:31:38.559,422.8759941961493,1005
2024-09-20 10:31:38.623,422.9792155795189,6
2024-09-20 10:31:38.782,422.9148582699824,12
2024-09-20 10:31:38.823,422.9063512865059,997
2024-09-20 10:31:38.838,422.9972086085781,95
2024-09-20 10:31:38.845,422.87100470149846,1003
2024-09-20 10:31:38.886,423.0293235938018,10
2024-09-20 10:31:38.902,422.9602715698716,102
2024-09-20 10:31:38.964,422.9568422692265,1000
2024-09-20 10:31:38.984,422.8761844916581,103
2024-09-20 10:31:38.997,422.9712819689976,104
2024-09-20 10:31:39.059,-422.83929119769647,12
2024-09-20 10:31:39.068,422.8558824887522,11
2024-09-20 10:31:39.090,422.8392375215485,1004
2024-09-20 10:31:39.096,422.8595548704384,98
2024-09-20 10:31:39.097,422.825813821046,10
2024-09-20 10:31:39.106,42.28782352497759,7
2024-09-20 10:31:39.140,422.832109432504,998
2024-09-20 10:31:39.270,422.8286344070002,103
2024-09-20 10:31:39.270,422.8261787194061,5
2024-09-20 10:31:39.387,422.8417774601794,102
2024-09-20 10:31:39.399,422.8623098311448,996
2024-09-20 10:31:39.434,422.8284420081831,13
2024-09-20 10:31:39.462,422.8673046820789,1003
2024-09-20 10:31:39.484,422.8885971084633,11
2024-09-20 10:31:39.646,422.835750560031,8
2024-09-20 10:31:39.662,-422.8261841681016,6
2024-09-20 10:31:39.668,-422.85969796745854,104
2024-09-20 10:31:39.691,422.8618057651439,1001
2024-09-20 10:31:39.705,422.88404002862126,996
2024-09-20 10:31:39.795,422.8818628618165,7
2024-09-20 10:31:39.817,422.8488868085512,999
2024-09-20 10:31:39.879,422.8588924903628,101
2024-09-20 10:31:39.904,422.8561671338356,1003
2024-09-20 10:31:39.938,422.8079126955005,103
2024-09-20 10:31:39.940,422.8356818794507,6
2024-09-20 10:31:39.974,422.82540160748886,99
2024-09-20 10:31:39.991,422.83586955696944,102
2024-09-20 10:31:40.054,422.771173102518,103
2024-09-20 10:31:40.078,422.70807704974,997
2024-09-20 10:31:40.080,422.810755390916,1005
2024-09-20 10:31:40.120,42.27026899505342,1000
2024-09-20 10:31:40.161,422.82895924656754,95
2024-09-20 10:31:40.191,422.68306114358495,1001
2024-09-20 10:31:40.199,422.8129382667746,9
2024-09-20 10:31:40.261,422.71803376395854,995
2024-09-20 10:31:40.332,422.7007780533011,12
2024-09-20 10:31:40.392,422.693025564105,1005
2024-09-20 10:31:40.425,422.78332972730425,104
2024-09-20 10:31:40.429,422.8301338696224,1002
2024-09-20 10:31:40.465,422.6694638520622,11
2024-09-20 10:31:40.520,422.6776182052812,1003
2024-09-20 10:31:40.563,422.66733260758417,97
2024-09-20 10:31:40.586,422.68383165253385,100
2024-09-20 10:31:40.763,422.7513668240561,102
2024-09-20 10:31:40.810,422.6884227026266,995
2024-09-20 10:31:40.930,422.68092097824535,15
2024-09-20 10:31:40.998,422.7121125507746,95
2024-09-20 10:31:41.071,422.681114221624,7
2024-09-20 10:31:41.132,422.67060509667385,999
2024-09-20 10:31:41.155,422.7152570431908,104
2024-09-20 10:31:41.235,422.657846319257,8
2024-09-20 10:31:41.460,422.6584451866024,1000
2024-09-20 10:31:41.478,422.6475626486799,12
2024-09-20 10:31:41.487,422.71494853652007,12
2024-09-20 10:31:41.508,422.7170386972268,7
2024-09-20 10:31:41.637,422.6967619474725,1001
2024-09-20 10:31:41.662,422.6925215603847,1003
2024-09-20 10:31:41.673,422.68232034494014,1004
2024-09-20 10:31:41.714,422.6694928384848,105
2024-09-20 10:31:41.742,422.6803128893525,14
2024-09-20 10:31:41.771,422.6745671285743,102
2024-09-20 10:31:41.784,422.6880686908727,1005
2024-09-20 10:31:41.853,422.6618739352439,96
2024-09-20 10:31:41.886,422.68577742620073,98
2024-09-20 10:31:42.032,422.6885629168292,1001
2024-09-20 10:31:42.114,422.6622967177621,95
2024-09-20 10:31:42.373,422.6630449980141,101
2024-09-20 10:31:42.423,422.6640343505724,96
2024-09-20 10:31:42.464,422.6745138234005,104
2024-09-20 10:31:42.597,422.6935625346815,9
2024-09-20 10:31:42.696,422.6745407140772,997
2024-09-20 10:31:42.834,422.65812900640566,1000
2024-09-20 10:31:43.025,422.54864791943294,102
2024-09-20 10:31:43.061,422.5486214547396,9
2024-09-20 10:31:43.081,422.5958728596009,95
2024-09-20 10:31:43.100,422.6127653357924,99
2024-09-20 10:31:43.113,422.5614609190785,104
2024-09-20 10:31:43.122,422.59148757729895,13
2024-09-20 10:31:43.213,422.53350195436457,15
2024-09-20 10:31:43.298,422.53332638967,1001
2024-09-20 10:31:43.299,422.56462688368526,11
2024-09-20 10:31:43.388,422.5741732388221,999
2024-09-20 10:31:43.418,422.6649310472234,6
2024-09-20 10:31:43.545,422.5574534320063,1004
2024-09-20 10:31:43.581,422.5442501949831,98
2024-09-20 10:31:43.637,422.5702282360882,997
2024-09-20 10:31:43.639,422.64787547472673,1002
2024-09-20 10:31:43.688,422.5462026857284,7
2024-09-20 10:31:43.762,422.607396710962,103
2024-09-20 10:31:43.768,422.5832909749592,1000
2024-09-20 10:31:43.796,422.56102849464605,5
2024-09-20 10:31:43.904,422.6393973260928,95
2024-09-20 10:31:43.910,422.5873913003608,97
2024-09-20 10:31:43.949,422.5693921823375,999
2024-09-20 10:31:43.985,422.64775192884514,96
2024-09-20 10:31:44.009,422.6197285035364,104
2024-09-20 10:31:44.014,422.6501948037233,97
2024-09-20 10:31:44.020,422.57811273621866,98
2024-09-20 10:31:44.056,422.6334385198173,11
2024-09-20 10:31:44.089,422.6486513603956,8
2024-09-20 10:31:44.266,422.656806868013,1000
2024-09-20 10:31:44.300,422.5879211560794,1002
2024-09-20 10:31:44.421,422.6398602766637,14
2024-09-20 10:31:44.423,422.6425598355716,1000
2024-09-20 10:31:44.449,422.5959046549863,995
2024-09-20 10:31:44.494,422.5586195374517,95
2024-09-20 10:31:44.561,422.632603699641,5
2024-09-20 10:31:44.643,422.5769075261843,996
2024-09-20 10:31:44.644,422.6429647715898,9
2024-09-20 10:31:44.648,422.64179716348383,95
2024-09-20 10:31:44.742,422.5651402299167,996
2024-09-20 10:31:44.771,422.5835298828188,12
2024-09-20 10:31:44.776,422.5749610248795,1001
2024-09-20 10:31:44.963,422.6737966471089,14
2024-09-20 10:31:45.084,422.65201245513134,1002
2024-09-20 10:31:45.133,422.65599189459215,1004
2024-09-20 10:31:45.134,422.6365335054147,1005
2024-09-20 10:31:45.167,,13
2024-09-20 10:31:45.182,422.6334238026189,8
2024-09-20 10:31:45.183,422.6962296318254,13
2024-09-20 10:31:45.237,422.6396599528388,7
2024-09-20 10:31:45.293,422.6977299744631,99
2024-09-20 10:31:45.307,422.63924140662334,96
2024-09-20 10:31:45.324,422.65901669783744,1005
2024-09-20 10:31:45.375,422.65451630456806,99
2024-09-20 10:31:45.409,422.63002222136015,1000
2024-09-20 10:31:45.414,422.6428196809577,96
2024-09-20 10:31:45.426,422.688407801283,998
2024-09-20 10:31:45.436,422.6843430117669,96
2024-09-20 10:31:45.437,422.7175303144355,95
2024-09-20 10:31:45.451,422.6947210798994,999
2024-09-20 10:31:45.455,422.6184662504227,103
2024-09-20 10:31:45.507,422.63919791744905,6
2024-09-20 10:31:45.533,422.6442153751945,1004
2024-09-20 10:31:45.581,422.69714841539775,1000
2024-09-20 10:31:45.632,422.69217873553856,1003
2024-09-20 10:31:45.670,422.6289552503906,6
2024-09-20 10:31:45.809,422.6238480432784,105
2024-09-20 10:31:45.883,422.6670782292932,95
2024-09-20 10:31:46.054,422.7019465636826,15
2024-09-20 10:31:46.587,422.7066825603029,996
2024-09-20 10:31:46.893,422.7057039015711,9
2024-09-20 10:31:46.942,422.7073058059205,103
2024-09-20 10:31:47.135,422.7376038993578,95
2024-09-20 10:31:47.214,422.7505848057328,98
2024-09-20 10:31:47.222,422.6977366807986,104
2024-09-20 10:31:47.258,422.73461575536334,101
2024-09-20 10:31:47.393,422.74912678317054,999
2024-09-20 10:31:47.454,422.6932477646933,5
2024-09-20 10:31:47.517,-422.73909442265017,95
2024-09-20 10:31:47.519,422.7460672210884,104
2024-09-20 10:31:47.630,422.7456610002978,102
2024-09-20 10:31:47.639,422.7386519038919,99
2024-09-20 10:31:47.670,422.77439605904914,95
2024-09-20 10:31:47.682,422.6871889250703,1003
2024-09-20 10:31:47.687,422.7061619607433,1005
2024-09-20 10:31:47.730,422.69299308201823,12
2024-09-20 10:31:47.737,422.7597130269659,96
2024-09-20 10:31:47.740,422.7010255393944,998
2024-09-20 10:31:47.794,422.736251200025,13
2024-09-20 10:31:47.808,422.7322926030176,1000
2024-09-20 10:31:47.851,422.7051522036791,15
2024-09-20 10:31:47.854,422.6873620770691,1004
2024-09-20 10:31:47.880,422.7094040998115,999
2024-09-20 10:31:47.894,422.7376615178315,1004
2024-09-20 10:31:47.910,422.7479826844701,100
2024-09-20 10:31:47.932,422.7470926965839,997
2024-09-20 10:31:47.936,422.731990532282,5
2024-09-20 10:31:47.970,422.7432491103112,1004
2024-09-20 10:31:48.062,422.7540354624748,1000
2024-09-20 10:31:48.105,422.7312435708166,96
2024-09-20 10:31:48.204,422.8200693418266,998
2024-09-20 10:31:48.233,422.7719108410422,1000
2024-09-20 10:31:48.277,422.7677834563824,999
2024-09-20 10:31:48.277,422.7522277532916,102
2024-09-20 10:31:48.281,422.77107823852174,5
2024-09-20 10:31:48.303,422.7480022048677,12
2024-09-20 10:31:48.315,422.7443924321366,95
2024-09-20 10:31:48.322,422.7472404555364,95
2024-09-20 10:31:48.394,422.7946677207343,9
2024-09-20 10:31:48.400,422.7978241503156,100
2024-09-20 10:31:48.430,422.7865503928989,996
2024-09-20 10:31:48.446,422.7389660129341,10
2024-09-20 10:31:48.465,422.8065986152968,103
2024-09-20 10:31:48.492,422.75310941049776,996
2024-09-20 10:31:48.515,422.74180398394105,13
2024-09-20 10:31:48.638,422.7915562288147,101
2024-09-20 10:31:48.665,422.81070087709617,97
2024-09-20 10:31:48.682,422.8071429036343,12
2024-09-20 10:31:48.689,422.7490010410447,995
2024-09-20 10:31:48.716,422.79657200909134,8
2024-09-20 10:31:48.793,422.7598313166671,103
2024-09-20 10:31:48.816,422.7799091748028,1004
2024-09-20 10:31:48.904,422.7542104301602,999
2024-09-20 10:31:48.923,422.78861185210735,10
2024-09-20 10:31:48.924,422.76652877391234,105
2024-09-20 10:31:49.078,422.7698035030946,1004
2024-09-20 10:31:49.361,422.767768367773,1002
2024-09-20 10:31:49.373,422.7749549900842,1004
2024-09-20 10:31:49.647,422.7611475673748,10
2024-09-20 10:31:50.229,422.7625230992737,995
2024-09-20 10:31:50.564,422.7802694999512,95
2024-09-20 10:31:50.593,422.7796220640871,95
2024-09-20 10:31:50.697,422.7541731945998,13
2024-09-20 10:31:50.726,422.77110875362143,101
2024-09-20 10:31:50.912,422.7657636755397,14
2024-09-20 10:31:51.453,422.7505832145914,13
2024-09-20 10:31:51.674,422.7538129293938,1004
2024-09-20 10:31:51.713,422.7459052723234,1003
2024-09-20 10:31:51.721,422.7512140695741,104
2024-09-20 10:31:51.826,422.73144775755577,8
2024-09-20 10:31:51.931,422.7517599711929,5
2024-09-20 10:31:52.022,422.6493869666752,99
2024-09-20 10:31:52.102,422.6698970028625,102
2024-09-20 10:31:52.217,422.702102407786,103
2024-09-20 10:31:52.233,422.6304166476327,103
2024-09-20 10:31:52.368,422.6790705655153,7
2024-09-20 10:31:52.443,422.6981798308922,1005
2024-09-20 10:31:52.527,-422.707294256186,1005
2024-09-20 10:31:52.542,422.71294686053216,1002
2024-09-20 10:31:52.579,422.6789758142356,101
2024-09-20 10:31:52.587,422.6886678973328,1002
2024-09-20 10:31:52.620,422.6621679781508,997
2024-09-20 10:31:52.710,422.6982792400506,1001
2024-09-20 10:31:52.728,422.69059107672166,1000
2024-09-20 10:31:52.756,422.6598140984718,7
2024-09-20 10:31:52.793,422.6992761024011,1003
2024-09-20 10:31:52.865,422.69161578349,104
2024-09-20 10:31:52.890,422.6819441271239,97
2024-09-20 10:31:52.974,422.72296961145867,101
2024-09-20 10:31:53.015,422.59520466872215,9
2024-09-20 10:31:53.060,422.58527209865576,6
2024-09-20 10:31:53.115,422.6182582510331,13
2024-09-20 10:31:53.130,422.6009510404916,10
2024-09-20 10:31:53.147,422.6122282991674,7
2024-09-20 10:31:53.200,422.61495408110375,1002
2024-09-20 10:31:53.217,422.6336682372754,5
2024-09-20 10:31:53.247,422.60115164385024,997
2024-09-20 10:31:53.328,422.62554652460216,97
2024-09-20 10:31:53.422,422.6097428456606,996
2024-09-20 10:31:53.528,,101
2024-09-20 10:31:53.549,422.605134222673,1001
2024-09-20 10:31:53.632,422.591185193295,96
2024-09-20 10:31:53.673,422.6000571409588,996
2024-09-20 10:31:53.709,422.6220928918007,1001
2024-09-20 10:31:53.721,422.65044621188827,96
2024-09-20 10:31:53.792,422.6030973161885,7
2024-09-20 10:31:53.794,422.5968414091285,1002
2024-09-20 10:31:53.855,422.625175854933,1003
2024-09-20 10:31:53.897,422.6105644009962,10
2024-09-20 10:31:53.963,422.61199389133327,1002
2024-09-20 10:31:54.002,422.70059290526666,95
2024-09-20 10:31:54.023,422.65957173096416,1003
2024-09-20 10:31:54.039,422.6946293309461,95
2024-09-20 10:31:54.074,422.70615724963096,5
2024-09-20 10:31:54.149,42.26366499089608,999
2024-09-20 10:31:54.201,422.6069924399646,100
2024-09-20 10:31:54.435,422.61274335461553,1001
2024-09-20 10:31:54.446,422.6236078217558,102
2024-09-20 10:31:54.450,422.6220672178601,997
2024-09-20 10:31:54.500,422.6209179574368,10
2024-09-20 10:31:54.543,422.6184644698304,105
2024-09-20 10:31:54.544,422.6319975312928,98
2024-09-20 10:31:54.546,422.6318532824413,6
2024-09-20 10:31:54.667,422.6058416531233,998
2024-09-20 10:31:54.690,422.6633937777797,11
2024-09-20 10:31:54.705,422.6966323268512,998
2024-09-20 10:31:54.744,422.6701238491944,15
2024-09-20 10:31:54.762,422.607834606097,101
2024-09-20 10:31:54.764,422.6684482048249,14
2024-09-20 10:31:54.815,422.62511479269904,99
2024-09-20 10:31:54.963,422.6827062882498,99
2024-09-20 10:31:55.068,422.6635623082599,13
2024-09-20 10:31:55.219,422.6785126486855,105
2024-09-20 10:31:55.234,422.6706736664315,99
2024-09-20 10:31:55.254,422.64220053394496,99
2024-09-20 10:31:55.276,422.6450897447219,997
2024-09-20 10:31:55.294,422.6887498307343,100
2024-09-20 10:31:55.331,,96
2024-09-20 10:31:55.393,422.6276755563966,11
2024-09-20 10:31:55.418,422.6555075257953,999
2024-09-20 10:31:55.439,422.6297357745093,100
2024-09-20 10:31:55.474,422.6309087297524,102
2024-09-20 10:31:55.549,,99
2024-09-20 10:31:55.621,422.66708119891246,100
2024-09-20 10:31:55.670,422.6524445227651,11
2024-09-20 10:31:55.748,422.61814966827,105
2024-09-20 10:31:55.858,422.6312083325846,103
2024-09-20 10:31:55.937,422.6517463496592,15
2024-09-20 10:31:56.052,422.71714883753486,1002
2024-09-20 10:31:56.086,422.67842547467706,999
2024-09-20 10:31:56.093,422.7077970707543,1002
2024-09-20 10:31:56.172,422.7068315356761,15
2024-09-20 10:31:56.252,422.7274578280876,102
2024-09-20 10:31:56.441,422.7001344125932,1003
2024-09-20 10:31:56.459,422.7373887025308,101
2024-09-20 10:31:56.462,422.6974061584361,999
2024-09-20 10:31:56.517,422.71754091431256,1002
2024-09-20 10:31:56.523,422.71542328424033,14
2024-09-20 10:31:56.637,422.72075580963934,13
2024-09-20 10:31:56.830,422.7001256430186,100
2024-09-20 10:31:56.949,422.72047993169343,104
2024-09-20 10:31:56.973,422.7346737488544,9
2024-09-20 10:31:57.013,422.7389806939103,6
2024-09-20 10:31:57.066,422.7564430458713,1004
2024-09-20 10:31:57.154,422.655243225056,15
2024-09-20 10:31:57.184,422.7001075704088,1001
2024-09-20 10:31:57.186,422.71580766149947,1004
2024-09-20 10:31:57.254,422.72290334603775,14
2024-09-20 10:31:57.289,422.7457775300747,11
2024-09-20 10:31:57.306,422.6914383614154,98
2024-09-20 10:31:57.312,422.6553343905704,996
2024-09-20 10:31:57.333,422.6967240897143,102
2024-09-20 10:31:57.356,422.75627378676126,13
2024-09-20 10:31:57.391,422.6857045918019,1004
2024-09-20 10:31:57.413,422.6675830005563,11
2024-09-20 10:31:57.534,42.27553190232649,1004
2024-09-20 10:31:57.586,422.7331131751525,102
2024-09-20 10:31:57.593,422.7002495138387,1004
2024-09-20 10:31:57.636,422.69987896561366,97
2024-09-20 10:31:57.662,422.6806700574561,1000
2024-09-20 10:31:57.687,,999
2024-09-20 10:31:57.802,422.6905380548994,998
2024-09-20 10:31:57.807,422.6762629820884,95
2024-09-20 10:31:57.809,422.7452704143249,1004
2024-09-20 10:31:57.819,422.7122496256624,12
2024-09-20 10:31:57.863,422.7151539055449,101
2024-09-20 10:31:57.920,422.72340670574215,105
2024-09-20 10:31:57.944,422.6536152742744,103
2024-09-20 10:31:57.966,422.7519191128764,997
2024-09-20 10:31:57.972,422.7279368921435,105
2024-09-20 10:31:59.541,422.7429182159979,1002
2024-09-20 10:31:59.605,422.711572171572,102
2024-09-20 10:31:59.875,422.7518418381901,7
2024-09-20 10:31:59.912,422.7350933029032,11
2024-09-20 10:31:59.953,422.7531565893584,1000
2024-09-20 10:31:59.993,422.7126756866345,100
