Timestamp,Price,Size
2024-09-19 13:47:00.139,421.15331689053016,7
2024-09-19 13:47:00.191,421.1606283647807,998
2024-09-19 13:47:00.222,421.12110972243113,11
2024-09-19 13:47:00.321,421.1397821023938,998
2024-09-19 13:47:00.338,421.1498037718451,5
2024-09-19 13:47:00.341,421.1505118665696,1002
2024-09-19 13:47:00.570,421.1336588980159,6
2024-09-19 13:47:00.656,421.1552335210524,105
2024-09-19 13:47:00.733,421.1555986990194,101
2024-09-19 13:47:00.832,421.13567713292537,104
2024-09-19 13:47:00.972,421.1530318941074,1000
2024-09-19 13:47:01.139,421.1579344838535,12
2024-09-19 13:47:01.184,421.1595647378866,1003
2024-09-19 13:47:01.320,421.16784042938576,10
2024-09-19 13:47:01.433,421.1810233557365,995
2024-09-19 13:47:01.619,421.1722259009362,12
2024-09-19 13:47:01.682,421.1596344771198,96
2024-09-19 13:47:01.740,421.1790526911296,5
2024-09-19 13:47:01.929,421.1469225577508,103
2024-09-19 13:47:01.939,421.19159754725393,8
2024-09-19 13:47:02.069,421.1935301626417,8
2024-09-19 13:47:02.198,421.1644742957344,9
2024-09-19 13:47:02.210,421.1489598164618,12
2024-09-19 13:47:02.261,421.1445412645766,14
2024-09-19 13:47:02.320,421.1394977115163,103
2024-09-19 13:47:02.343,421.1437781145376,9
2024-09-19 13:47:02.377,421.1199590979935,1002
2024-09-19 13:47:02.383,421.1448589317383,1005
2024-09-19 13:47:02.383,421.1419888762891,1004
2024-09-19 13:47:02.393,421.1586824956769,5
2024-09-19 13:47:02.627,421.18669693886426,7
2024-09-19 13:47:02.640,42.12006648498535,6
2024-09-19 13:47:02.703,421.1600285095238,100
2024-09-19 13:47:02.716,421.154966086295,98
2024-09-19 13:47:02.764,421.14243330484726,7
2024-09-19 13:47:02.776,421.15581067457583,95
2024-09-19 13:47:02.779,421.1737005319915,14
2024-09-19 13:47:02.783,421.1469763091986,11
2024-09-19 13:47:02.793,421.15749611740006,103
2024-09-19 13:47:03.032,421.20352702752126,6
2024-09-19 13:47:03.058,421.2390279923916,1000
2024-09-19 13:47:03.082,421.1870932441678,1001
2024-09-19 13:47:03.100,421.242109282949,9
2024-09-19 13:47:03.108,421.1595147424185,8
2024-09-19 13:47:03.128,421.167961337788,95
2024-09-19 13:47:03.137,421.22508701258,15
2024-09-19 13:47:03.228,421.2025028372128,8
2024-09-19 13:47:03.255,421.1684832042413,105
2024-09-19 13:47:03.319,421.20529285198455,95
2024-09-19 13:47:03.364,421.20482474119154,1000
2024-09-19 13:47:03.374,421.1719872490234,102
2024-09-19 13:47:03.375,421.20459041058047,12
2024-09-19 13:47:03.443,421.2165737282602,11
2024-09-19 13:47:03.477,421.2131926305871,99
2024-09-19 13:47:03.519,-421.1807977905992,14
2024-09-19 13:47:03.554,421.1832824865713,14
2024-09-19 13:47:03.577,421.2140955740104,7
2024-09-19 13:47:03.612,421.2086687685256,103
2024-09-19 13:47:03.658,421.1457420542852,1002
2024-09-19 13:47:03.670,421.2110175389421,102
2024-09-19 13:47:03.800,421.18523848488,101
2024-09-19 13:47:03.869,421.2084326578616,97
2024-09-19 13:47:03.896,421.1433628685352,101
2024-09-19 13:47:03.905,421.1848270189774,12
2024-09-19 13:47:03.937,421.1501780447282,98
2024-09-19 13:47:04.072,421.1869728215065,1005
2024-09-19 13:47:04.108,421.1856811394609,10
2024-09-19 13:47:04.169,421.177147538671,14
2024-09-19 13:47:04.212,421.1534354401559,7
2024-09-19 13:47:04.272,421.1866839078925,96
2024-09-19 13:47:04.318,421.1367376428927,104
2024-09-19 13:47:04.362,421.18246365679465,99
2024-09-19 13:47:04.384,421.1673146158498,9
2024-09-19 13:47:04.389,421.145078121347,99
2024-09-19 13:47:04.518,421.1831445987036,997
2024-09-19 13:47:04.570,421.1769675197318,5
2024-09-19 13:47:04.592,421.199756219729,97
2024-09-19 13:47:04.596,421.1849389766418,10
2024-09-19 13:47:04.711,421.1753638218606,104
2024-09-19 13:47:04.878,421.170022194788,996
2024-09-19 13:47:04.890,421.1426407572814,12
2024-09-19 13:47:04.935,421.1836595212853,15
2024-09-19 13:47:04.936,421.1552972563229,7
2024-09-19 13:47:04.976,421.1671090173859,15
2024-09-19 13:47:04.981,421.1430776121254,99
2024-09-19 13:47:05.020,421.0973896993143,104
2024-09-19 13:47:05.045,421.1359307712888,5
2024-09-19 13:47:05.073,421.1091358742266,996
2024-09-19 13:47:05.082,421.1421628591437,1004
2024-09-19 13:47:05.130,421.1199123649398,5
2024-09-19 13:47:05.286,421.09055079990543,1003
2024-09-19 13:47:05.315,-421.1006288011078,103
2024-09-19 13:47:05.384,421.1252601299781,98
2024-09-19 13:47:05.384,421.1335931059951,999
2024-09-19 13:47:05.530,421.0790862904563,1004
2024-09-19 13:47:05.676,421.1186004574561,995
2024-09-19 13:47:05.703,421.1198747140237,103
2024-09-19 13:47:05.799,421.114918908858,5
2024-09-19 13:47:05.911,421.1110168632864,1001
2024-09-19 13:47:06.770,421.1152604067273,997
2024-09-19 13:47:06.935,421.09738117436297,100
2024-09-19 13:47:07.014,421.0735924317887,100
2024-09-19 13:47:07.029,421.0094036324549,1002
2024-09-19 13:47:07.061,421.1071971305119,6
2024-09-19 13:47:07.066,421.0180088695299,1002
2024-09-19 13:47:07.080,421.1015013892248,100
2024-09-19 13:47:07.083,421.10199105136,5
2024-09-19 13:47:07.124,421.0899113752078,996
2024-09-19 13:47:07.128,421.1117051305261,7
2024-09-19 13:47:07.294,421.12552983642354,998
2024-09-19 13:47:07.296,421.0136512309355,1001
2024-09-19 13:47:07.300,421.05649748219537,999
2024-09-19 13:47:07.321,421.0967454170035,101
2024-09-19 13:47:07.358,421.11703336661225,15
2024-09-19 13:47:07.374,421.1556155079975,8
2024-09-19 13:47:07.432,421.1217441688274,1003
2024-09-19 13:47:07.466,421.1152176020095,10
2024-09-19 13:47:07.499,420.9953119487584,13
2024-09-19 13:47:07.560,421.0057812959384,10
2024-09-19 13:47:07.565,421.0404522947477,1000
2024-09-19 13:47:07.614,421.1057406113635,104
2024-09-19 13:47:07.655,421.097724616614,996
2024-09-19 13:47:07.708,421.0540791485506,997
2024-09-19 13:47:07.719,421.1022290281005,998
2024-09-19 13:47:07.741,421.1164420163688,995
2024-09-19 13:47:07.744,421.10451815243766,14
2024-09-19 13:47:07.844,421.0942123782816,97
2024-09-19 13:47:07.850,421.0459756147397,1003
2024-09-19 13:47:07.869,,13
2024-09-19 13:47:07.906,421.1258089390189,8
2024-09-19 13:47:08.043,,100
2024-09-19 13:47:08.057,420.9836850340765,997
2024-09-19 13:47:08.073,420.9739911296999,1002
2024-09-19 13:47:08.181,420.9664673115043,14
2024-09-19 13:47:08.273,420.9750573815247,103
2024-09-19 13:47:08.276,420.9694586270536,15
2024-09-19 13:47:08.401,420.9792025710156,99
2024-09-19 13:47:08.456,420.9897038987237,96
2024-09-19 13:47:08.497,421.0052384696135,996
2024-09-19 13:47:08.519,421.0040769324901,1004
2024-09-19 13:47:08.541,420.97845836902087,100
2024-09-19 13:47:08.586,420.9692742446428,9
2024-09-19 13:47:08.589,420.9842154107558,998
2024-09-19 13:47:08.610,420.9651132940306,999
2024-09-19 13:47:08.635,420.9701529691515,97
2024-09-19 13:47:08.646,420.9678589736096,13
2024-09-19 13:47:08.675,420.9559143014347,996
2024-09-19 13:47:08.710,420.9705752675968,5
2024-09-19 13:47:08.804,420.9830714267376,8
2024-09-19 13:47:08.847,420.94908467138174,6
2024-09-19 13:47:08.852,420.99476778074336,105
2024-09-19 13:47:08.905,420.9793055789536,1003
2024-09-19 13:47:08.933,420.9822847786074,9
2024-09-19 13:47:09.030,420.9601612114141,104
2024-09-19 13:47:09.087,420.94585779925353,14
2024-09-19 13:47:09.147,420.9495346317602,96
2024-09-19 13:47:09.207,420.94278836854863,5
2024-09-19 13:47:09.230,420.9389105787649,104
2024-09-19 13:47:09.465,420.9667533698473,998
2024-09-19 13:47:09.488,420.95260228142536,98
2024-09-19 13:47:09.557,420.93515002477176,1000
2024-09-19 13:47:09.559,420.9385195175821,99
2024-09-19 13:47:09.639,420.9402377605118,9
2024-09-19 13:47:09.653,420.9386998348994,1003
2024-09-19 13:47:09.866,420.9474574483386,9
2024-09-19 13:47:09.971,420.9670423381909,96
2024-09-19 13:47:09.999,,98
2024-09-19 13:47:10.077,420.9020421520163,13
2024-09-19 13:47:10.102,420.9034647503861,1002
2024-09-19 13:47:10.206,420.922166098318,10
2024-09-19 13:47:10.231,420.9435577525896,101
2024-09-19 13:47:10.269,420.9342916137687,101
2024-09-19 13:47:10.298,420.9141646029231,99
2024-09-19 13:47:10.320,420.9160884190984,1000
2024-09-19 13:47:10.343,420.8777004437168,6
2024-09-19 13:47:10.369,420.9258928197993,10
2024-09-19 13:47:10.425,420.8933589408673,15
2024-09-19 13:47:10.481,420.8953346298544,15
2024-09-19 13:47:10.632,420.9330601622808,8
2024-09-19 13:47:10.752,420.9264139406863,10
2024-09-19 13:47:10.781,420.9296557660764,6
2024-09-19 13:47:10.797,420.91354958731625,95
2024-09-19 13:47:10.875,420.9074274879303,99
2024-09-19 13:47:11.019,420.95979718246366,11
2024-09-19 13:47:11.027,420.9786484694967,12
2024-09-19 13:47:11.064,420.986096194953,100
2024-09-19 13:47:11.066,,96
2024-09-19 13:47:11.070,420.974957805605,1004
2024-09-19 13:47:11.096,421.01267810475935,96
2024-09-19 13:47:11.112,421.0255568556941,998
2024-09-19 13:47:11.116,420.996047624908,96
2024-09-19 13:47:11.172,421.0196435892722,998
2024-09-19 13:47:11.221,421.0078040048122,1000
2024-09-19 13:47:11.237,421.0034875756064,8
2024-09-19 13:47:11.252,420.97369170352135,996
2024-09-19 13:47:11.275,421.05035116034986,104
2024-09-19 13:47:11.354,421.0136218362727,14
2024-09-19 13:47:11.354,420.98868256652594,1004
2024-09-19 13:47:11.444,421.0117381095757,100
2024-09-19 13:47:11.473,420.9689314274763,104
2024-09-19 13:47:11.474,420.9967478176378,5
2024-09-19 13:47:11.600,-421.02603912185407,998
2024-09-19 13:47:11.627,421.0047271021408,99
2024-09-19 13:47:11.628,421.03512351204057,96
2024-09-19 13:47:11.640,421.025724721655,9
2024-09-19 13:47:11.685,42.1018951208706,98
2024-09-19 13:47:11.753,420.9378731701451,100
2024-09-19 13:47:11.779,420.98207160355264,1004
2024-09-19 13:47:11.784,421.01222769728383,11
2024-09-19 13:47:11.969,421.0120057703832,999
2024-09-19 13:47:11.977,420.9788299361086,13
2024-09-19 13:47:12.017,421.0464381547739,1005
2024-09-19 13:47:12.136,421.0259000679076,101
2024-09-19 13:47:12.257,421.0452605901903,10
2024-09-19 13:47:12.317,421.0234391956319,95
2024-09-19 13:47:12.381,421.0616828293268,1004
2024-09-19 13:47:12.414,421.04836508425086,998
2024-09-19 13:47:12.422,421.0660359374549,13
2024-09-19 13:47:12.438,421.0641118458751,1001
2024-09-19 13:47:12.482,421.0510783544332,10
2024-09-19 13:47:12.540,421.066007445774,12
2024-09-19 13:47:12.583,421.0572000818139,13
2024-09-19 13:47:12.629,421.0227438974672,103
2024-09-19 13:47:12.747,421.07300022326086,6
2024-09-19 13:47:12.823,421.0411997253989,997
2024-09-19 13:47:12.831,421.06888024727056,5
2024-09-19 13:47:13.619,421.0444181588544,100
2024-09-19 13:47:15.107,420.97846472599184,1003
2024-09-19 13:47:15.162,420.9866160753289,105
2024-09-19 13:47:15.170,420.9831571127835,10
2024-09-19 13:47:15.222,420.99435932387945,999
2024-09-19 13:47:15.355,420.98229353749247,15
2024-09-19 13:47:15.380,421.0161802110639,1003
2024-09-19 13:47:15.387,421.0087512461163,104
2024-09-19 13:47:15.397,420.9749170670138,9
2024-09-19 13:47:15.423,420.9633592799303,96
2024-09-19 13:47:15.478,420.9879621161863,998
2024-09-19 13:47:15.499,420.9764635082605,995
2024-09-19 13:47:15.522,420.9934849258442,100
2024-09-19 13:47:15.551,420.999845252136,1000
2024-09-19 13:47:15.648,420.973035600204,105
2024-09-19 13:47:15.707,420.99613760734417,100
2024-09-19 13:47:15.734,421.01590849536666,12
2024-09-19 13:47:15.813,421.01966880592425,14
2024-09-19 13:47:15.928,420.9383998789588,12
2024-09-19 13:47:15.966,420.96945518568486,95
2024-09-19 13:47:15.992,42.0982594762481,1004
2024-09-19 13:47:16.002,420.9471499228808,105
2024-09-19 13:47:16.020,-420.9525797274517,105
2024-09-19 13:47:16.044,420.92113796144326,101
2024-09-19 13:47:16.080,420.9060072189076,9
2024-09-19 13:47:16.220,420.8660463886708,999
2024-09-19 13:47:16.225,420.904320264307,96
2024-09-19 13:47:16.226,420.88366741535657,996
2024-09-19 13:47:16.340,420.8909016827943,1004
2024-09-19 13:47:16.345,420.8948696059777,10
2024-09-19 13:47:16.390,420.9396316698287,1003
2024-09-19 13:47:16.420,420.9138603001126,99
2024-09-19 13:47:16.471,420.8883199471184,104
2024-09-19 13:47:16.477,420.92301062583215,15
2024-09-19 13:47:16.573,420.8752545853829,1002
2024-09-19 13:47:16.601,420.8954671477949,98
2024-09-19 13:47:16.608,420.904313682174,9
2024-09-19 13:47:16.633,420.8864586236714,101
2024-09-19 13:47:16.702,420.8856518962253,998
2024-09-19 13:47:16.707,420.8930170572016,11
2024-09-19 13:47:16.727,420.9460303743842,105
2024-09-19 13:47:16.749,420.9730959166175,12
2024-09-19 13:47:16.803,420.92355067699015,1001
2024-09-19 13:47:16.836,420.89956517323327,1005
2024-09-19 13:47:16.840,420.884344569526,1001
2024-09-19 13:47:16.860,420.92734746886936,999
2024-09-19 13:47:16.884,420.9024848359125,995
2024-09-19 13:47:16.892,420.9240171072603,8
2024-09-19 13:47:16.910,420.9023281437985,1001
2024-09-19 13:47:16.935,420.8978778987501,7
2024-09-19 13:47:16.978,420.93719487470906,1000
2024-09-19 13:47:17.323,420.8887222259572,96
2024-09-19 13:47:17.748,420.91411397276426,5
2024-09-19 13:47:17.960,420.8989073122276,103
2024-09-19 13:47:18.007,420.88013555471787,1005
2024-09-19 13:47:18.047,420.83936169148967,1002
2024-09-19 13:47:18.056,420.8467413233938,7
2024-09-19 13:47:18.063,420.8405322442108,1002
2024-09-19 13:47:18.064,420.831462912324,1005
2024-09-19 13:47:18.073,420.8468731014247,104
2024-09-19 13:47:18.093,420.85179044077984,998
2024-09-19 13:47:18.119,420.86024654566006,999
2024-09-19 13:47:18.137,420.8346513081635,7
2024-09-19 13:47:18.161,420.850365264278,14
2024-09-19 13:47:18.387,420.84633017453285,1005
2024-09-19 13:47:18.416,420.880238677728,100
2024-09-19 13:47:18.437,420.83955742779017,1005
2024-09-19 13:47:18.454,420.8329714945172,12
2024-09-19 13:47:18.456,420.84757427850286,104
2024-09-19 13:47:18.477,420.8561517992618,1000
2024-09-19 13:47:18.545,420.8415702960865,1003
2024-09-19 13:47:18.553,420.8452360998969,100
2024-09-19 13:47:18.586,420.8631755771376,103
2024-09-19 13:47:18.663,420.8376822843607,1000
2024-09-19 13:47:18.697,420.8562013383208,7
2024-09-19 13:47:18.712,420.83315611444976,10
2024-09-19 13:47:18.760,420.8727272917869,15
2024-09-19 13:47:18.767,420.8503968439638,13
2024-09-19 13:47:18.770,420.8373835434396,997
2024-09-19 13:47:19.006,420.8167882694133,97
2024-09-19 13:47:19.176,420.8138277301565,7
2024-09-19 13:47:19.265,420.8288046970355,102
2024-09-19 13:47:19.341,420.8138506481991,998
2024-09-19 13:47:19.369,420.844029719177,95
2024-09-19 13:47:19.398,420.83529901776967,1001
2024-09-19 13:47:19.400,420.8261997901288,100
2024-09-19 13:47:19.419,420.8269188931666,100
2024-09-19 13:47:19.425,420.8370139473094,101
2024-09-19 13:47:19.463,420.8171292986321,12
2024-09-19 13:47:19.668,420.80171950463887,997
2024-09-19 13:47:19.674,420.8494206085208,6
2024-09-19 13:47:19.772,420.8096635801211,96
2024-09-19 13:47:19.811,420.8422108033671,1001
2024-09-19 13:47:19.967,42.08412575393589,104
2024-09-19 13:47:20.146,-420.805591103283,1001
2024-09-19 13:47:20.509,420.81032600933327,101
2024-09-19 13:47:20.687,420.7925054068948,10
2024-09-19 13:47:20.699,420.79992295526273,8
2024-09-19 13:47:20.847,420.8129565972756,10
2024-09-19 13:47:20.919,420.7948364560263,105
2024-09-19 13:47:21.044,420.77416567795774,96
2024-09-19 13:47:21.154,420.7197399575186,1003
2024-09-19 13:47:21.159,420.74775622167294,15
2024-09-19 13:47:21.174,420.7283092050324,995
2024-09-19 13:47:21.182,420.81590212047024,1002
2024-09-19 13:47:21.199,420.74364102075606,6
2024-09-19 13:47:21.208,420.78634084258186,10
2024-09-19 13:47:21.267,420.7760209996137,1002
2024-09-19 13:47:21.345,420.7284646464532,12
2024-09-19 13:47:21.435,420.7530586497212,99
2024-09-19 13:47:21.438,420.7363452548712,1001
2024-09-19 13:47:21.468,420.7362120178621,99
2024-09-19 13:47:21.484,420.7667576978928,1001
2024-09-19 13:47:21.539,42.07352436895314,997
2024-09-19 13:47:21.558,420.8084531650262,103
2024-09-19 13:47:21.582,420.7574593243179,95
2024-09-19 13:47:21.596,420.8212876951493,15
2024-09-19 13:47:21.652,420.7901331863449,104
2024-09-19 13:47:21.741,420.74412498749,1003
2024-09-19 13:47:21.777,420.7469974759189,999
2024-09-19 13:47:21.792,420.74426506562565,101
2024-09-19 13:47:21.793,420.73433728299415,1003
2024-09-19 13:47:21.808,420.7980205912981,11
2024-09-19 13:47:21.855,420.72370287061545,998
2024-09-19 13:47:22.112,420.74669781896927,102
2024-09-19 13:47:22.379,420.7469953025912,103
2024-09-19 13:47:22.793,420.76173658661975,1000
2024-09-19 13:47:22.889,420.7571965298204,102
2024-09-19 13:47:23.076,420.7101868343663,997
2024-09-19 13:47:23.255,420.744403794333,99
2024-09-19 13:47:23.345,420.6748899746178,99
2024-09-19 13:47:23.346,420.6423523455842,100
2024-09-19 13:47:23.354,420.69830639482495,995
2024-09-19 13:47:23.359,420.7328723136467,999
2024-09-19 13:47:23.361,420.6911847676127,7
2024-09-19 13:47:23.369,420.7305476414947,995
2024-09-19 13:47:23.433,420.6661013535006,10
2024-09-19 13:47:23.437,420.6687005885792,999
2024-09-19 13:47:23.445,420.7350788379756,5
2024-09-19 13:47:23.570,420.7453365035034,1003
2024-09-19 13:47:23.576,420.67740854173417,15
2024-09-19 13:47:23.578,420.6550607583023,11
2024-09-19 13:47:23.743,420.72815090736776,12
2024-09-19 13:47:23.805,420.7009507732431,8
2024-09-19 13:47:23.881,420.65452666714754,100
2024-09-19 13:47:23.921,420.6521852040411,9
2024-09-19 13:47:23.928,420.6297308928377,998
2024-09-19 13:47:23.939,420.6784664793471,99
2024-09-19 13:47:23.958,420.6464588119106,996
2024-09-19 13:47:23.965,420.68328600765017,1002
2024-09-19 13:47:24.012,420.6563819276724,95
2024-09-19 13:47:24.140,420.65330791713313,999
2024-09-19 13:47:24.301,420.6638944863017,12
2024-09-19 13:47:25.044,420.6116129545488,996
2024-09-19 13:47:25.166,420.6201186916069,996
2024-09-19 13:47:25.211,420.64072409103017,995
2024-09-19 13:47:25.268,420.5948526696098,9
2024-09-19 13:47:25.401,420.608192781922,1003
2024-09-19 13:47:25.401,420.6252491209955,1000
2024-09-19 13:47:25.440,420.58356237818896,1002
2024-09-19 13:47:25.453,420.65900175273816,997
2024-09-19 13:47:25.487,420.59567215793663,1005
2024-09-19 13:47:25.494,420.621552786349,10
2024-09-19 13:47:25.526,420.6537277753195,1001
2024-09-19 13:47:25.641,420.6585180836565,1001
2024-09-19 13:47:25.659,420.6059401736927,12
2024-09-19 13:47:25.763,420.6439399325485,100
2024-09-19 13:47:25.768,420.5992652819389,8
2024-09-19 13:47:25.952,420.6323818527205,97
2024-09-19 13:47:25.954,420.6539804852744,9
2024-09-19 13:47:25.991,420.588211759465,999
2024-09-19 13:47:25.994,420.6580251643797,996
2024-09-19 13:47:26.003,42.05671031823053,98
2024-09-19 13:47:26.112,420.5319523228773,12
2024-09-19 13:47:26.309,420.5860895717288,1002
2024-09-19 13:47:26.322,420.5755618942128,98
2024-09-19 13:47:26.374,420.5497203239754,1005
2024-09-19 13:47:26.419,420.4595749540314,5
2024-09-19 13:47:26.439,420.5560517658956,997
2024-09-19 13:47:26.609,420.5670377541504,998
2024-09-19 13:47:26.617,420.58093612438296,103
2024-09-19 13:47:26.635,42.05581875174323,998
2024-09-19 13:47:26.713,420.5223949436154,1004
2024-09-19 13:47:26.812,420.4949524540285,8
2024-09-19 13:47:26.818,420.5089710115223,104
2024-09-19 13:47:26.821,420.5716297554624,1004
2024-09-19 13:47:26.849,420.5204130705808,1001
2024-09-19 13:47:26.866,420.50551779984255,102
2024-09-19 13:47:26.872,420.4653842451726,996
2024-09-19 13:47:26.896,420.5357475985798,100
2024-09-19 13:47:26.993,420.4805016769077,999
2024-09-19 13:47:27.000,420.493075445831,13
2024-09-19 13:47:27.003,420.4792063026407,8
2024-09-19 13:47:27.031,420.4844119928917,103
2024-09-19 13:47:27.051,420.4901868468532,11
2024-09-19 13:47:27.072,420.4969474423088,11
2024-09-19 13:47:27.083,420.4744636693444,95
2024-09-19 13:47:27.149,420.5071336177239,1005
2024-09-19 13:47:27.170,420.48835780650046,11
2024-09-19 13:47:27.186,-420.48750644071816,1000
2024-09-19 13:47:27.250,420.4975411908544,13
2024-09-19 13:47:27.260,420.47008598391,998
2024-09-19 13:47:27.263,420.468036491279,1000
2024-09-19 13:47:27.381,420.4905137622733,7
2024-09-19 13:47:27.414,-420.4887369752013,103
2024-09-19 13:47:27.423,420.4807553477761,997
2024-09-19 13:47:27.497,420.49283037925136,7
2024-09-19 13:47:27.530,420.478044110379,1001
2024-09-19 13:47:27.541,420.51148512745874,1004
2024-09-19 13:47:27.561,420.496522924015,999
2024-09-19 13:47:27.580,420.4716078952703,1002
2024-09-19 13:47:27.585,420.4968008805545,7
2024-09-19 13:47:27.606,420.4762948089069,98
2024-09-19 13:47:27.670,420.49984031792377,7
2024-09-19 13:47:27.729,420.465697613721,96
2024-09-19 13:47:27.752,420.4595466753841,15
2024-09-19 13:47:27.799,420.4921787360759,999
2024-09-19 13:47:27.908,420.5060298138542,14
2024-09-19 13:47:27.918,420.49000355862114,98
2024-09-19 13:47:28.452,420.4582394990064,9
2024-09-19 13:47:28.497,420.4869836772655,103
2024-09-19 13:47:28.537,420.4820084189655,14
2024-09-19 13:47:28.943,420.4801222280407,14
2024-09-19 13:47:29.019,420.4770269201828,12
2024-09-19 13:47:29.070,420.4787126846311,1003
2024-09-19 13:47:29.271,420.4768620900598,99
2024-09-19 13:47:29.303,420.4741134926211,103
2024-09-19 13:47:29.741,420.46830986458303,999
2024-09-19 13:47:29.903,420.48341641257406,104
2024-09-19 13:47:29.905,420.4854155914528,95
2024-09-19 13:47:30.029,420.46151412173367,5
2024-09-19 13:47:30.072,42.047529123589726,105
2024-09-19 13:47:30.099,420.4729906465384,8
2024-09-19 13:47:30.106,420.444660349409,1003
2024-09-19 13:47:30.112,420.479075749318,15
2024-09-19 13:47:30.114,420.47724212155606,12
2024-09-19 13:47:30.140,420.4694095634479,1005
2024-09-19 13:47:30.142,420.43948429134406,100
2024-09-19 13:47:30.294,420.4308650677359,996
2024-09-19 13:47:30.323,420.4688032907808,7
2024-09-19 13:47:30.421,420.4683008408386,104
2024-09-19 13:47:30.604,420.48883665488,5
2024-09-19 13:47:30.609,420.4815465998006,12
2024-09-19 13:47:30.643,420.4435644791434,998
2024-09-19 13:47:30.658,420.46054370870985,999
2024-09-19 13:47:30.705,420.4581240953021,14
2024-09-19 13:47:30.804,420.4398619106338,13
2024-09-19 13:47:30.854,420.4693220332837,1005
2024-09-19 13:47:30.881,420.44980114825296,15
2024-09-19 13:47:31.063,420.505653369068,996
2024-09-19 13:47:31.073,420.5070999197003,9
2024-09-19 13:47:31.108,420.5251851555768,1001
2024-09-19 13:47:31.205,420.4897330291797,1002
2024-09-19 13:47:31.213,420.4788077054275,1002
2024-09-19 13:47:31.339,420.5013671602073,9
2024-09-19 13:47:31.366,420.4897919548201,1003
2024-09-19 13:47:31.408,420.50706193794775,10
2024-09-19 13:47:31.411,420.5043540953093,98
2024-09-19 13:47:31.466,420.459569602891,95
2024-09-19 13:47:31.533,-420.4843433931483,100
2024-09-19 13:47:31.548,420.4845009867497,5
2024-09-19 13:47:31.601,420.4652163961033,104
2024-09-19 13:47:31.680,420.5125695238176,996
2024-09-19 13:47:31.716,420.53446086884406,10
2024-09-19 13:47:31.846,420.5528347467561,11
2024-09-19 13:47:31.912,420.5112392059562,98
2024-09-19 13:47:31.936,420.5210060291852,15
2024-09-19 13:47:31.956,420.5361626175588,99
2024-09-19 13:47:31.965,420.4861631522157,12
2024-09-19 13:47:31.972,420.5298365772197,1001
2024-09-19 13:47:31.976,420.47031763415066,1005
2024-09-19 13:47:32.035,420.4896831214755,102
2024-09-19 13:47:32.087,420.5137571989998,99
2024-09-19 13:47:32.319,420.50519679676336,1002
2024-09-19 13:47:32.380,420.49445077568896,104
2024-09-19 13:47:32.468,420.4855895583423,95
2024-09-19 13:47:32.530,420.5073262813102,98
2024-09-19 13:47:32.648,420.503169417871,5
2024-09-19 13:47:32.848,420.4818322132503,15
2024-09-19 13:47:33.102,420.4831010308133,104
2024-09-19 13:47:33.201,420.4798778000972,95
2024-09-19 13:47:33.233,420.48873942295177,11
2024-09-19 13:47:33.772,420.4711168447532,997
2024-09-19 13:47:33.903,420.4813974794184,12
2024-09-19 13:47:34.006,420.5044346964028,95
2024-09-19 13:47:34.064,,102
2024-09-19 13:47:34.136,420.48420000649736,95
2024-09-19 13:47:35.213,420.479065400142,11
2024-09-19 13:47:35.601,420.5080961242816,96
2024-09-19 13:47:35.755,420.5082444898387,1001
2024-09-19 13:47:35.964,420.50411808411206,14
2024-09-19 13:47:36.031,420.514043794179,1004
2024-09-19 13:47:36.194,420.4906065659764,10
2024-09-19 13:47:36.244,420.49756542366094,5
2024-09-19 13:47:36.568,420.51688317316285,6
2024-09-19 13:47:36.612,420.4959945673679,100
2024-09-19 13:47:36.662,420.5006639383506,98
2024-09-19 13:47:36.821,420.5108081580596,12
2024-09-19 13:47:37.010,420.4948811034984,995
2024-09-19 13:47:37.064,420.48467879933474,15
2024-09-19 13:47:37.197,420.4887972718206,100
2024-09-19 13:47:37.211,420.50976565848094,14
2024-09-19 13:47:37.218,420.476994681982,99
2024-09-19 13:47:37.235,420.4943731557055,104
2024-09-19 13:47:37.387,-420.5070252254697,100
2024-09-19 13:47:37.469,420.4962448559063,1002
2024-09-19 13:47:37.513,420.4557894692077,103
2024-09-19 13:47:37.566,420.4706444456961,1000
2024-09-19 13:47:37.600,420.4888223964997,15
2024-09-19 13:47:37.610,420.46352296490255,103
2024-09-19 13:47:37.620,420.4666948368754,14
2024-09-19 13:47:37.841,420.45899648815816,12
2024-09-19 13:47:37.864,420.4815014544173,996
2024-09-19 13:47:37.867,420.51401599518726,13
2024-09-19 13:47:37.873,420.4672659188161,13
2024-09-19 13:47:37.962,420.4637958769802,96
2024-09-19 13:47:37.996,420.4682465684071,999
2024-09-19 13:47:38.005,420.5228407749928,15
2024-09-19 13:47:38.046,420.4971323540109,98
2024-09-19 13:47:38.224,420.5082125770376,995
2024-09-19 13:47:38.262,420.49014919209054,7
2024-09-19 13:47:38.317,420.4753238929637,102
2024-09-19 13:47:38.336,420.5018627216571,100
2024-09-19 13:47:38.407,420.4772691901381,97
2024-09-19 13:47:38.448,420.5404209452647,1005
2024-09-19 13:47:38.558,420.4804950241519,1001
2024-09-19 13:47:38.566,420.4799096702616,98
2024-09-19 13:47:38.925,420.5200097685243,100
2024-09-19 13:47:38.936,420.47937393275873,12
2024-09-19 13:47:39.353,420.5377914709599,97
2024-09-19 13:47:39.390,420.5042566054881,7
2024-09-19 13:47:39.980,,1001
2024-09-19 13:47:40.066,420.5100015004157,1003
2024-09-19 13:47:40.140,420.517820367241,997
2024-09-19 13:47:40.636,420.5039775465579,6
2024-09-19 13:47:40.638,420.5254492173302,95
2024-09-19 13:47:40.678,420.50785987745286,6
2024-09-19 13:47:40.697,420.510824217325,998
2024-09-19 13:47:41.005,420.5439816551383,1003
2024-09-19 13:47:41.055,420.5332781514194,997
2024-09-19 13:47:41.095,420.5406315736951,995
2024-09-19 13:47:41.145,420.55359651506666,95
2024-09-19 13:47:41.166,-420.5507636554967,12
2024-09-19 13:47:41.276,420.555531256705,103
2024-09-19 13:47:41.305,420.510261724502,96
2024-09-19 13:47:41.330,420.5076793818696,1000
2024-09-19 13:47:41.336,420.531210900728,98
2024-09-19 13:47:41.355,420.5161352455697,105
2024-09-19 13:47:41.397,420.5217707166983,97
2024-09-19 13:47:41.409,420.54905481962425,99
2024-09-19 13:47:41.436,420.5130129530872,1003
2024-09-19 13:47:41.522,420.5550424029259,5
2024-09-19 13:47:41.542,420.5144636797149,105
2024-09-19 13:47:41.580,420.52491594152207,1002
2024-09-19 13:47:41.600,420.5174170657765,103
2024-09-19 13:47:41.738,420.5043290139088,96
2024-09-19 13:47:41.810,420.5104327910779,15
2024-09-19 13:47:41.902,420.52047002296473,6
2024-09-19 13:47:41.995,420.50607060461954,98
2024-09-19 13:47:43.047,420.5602179270076,7
2024-09-19 13:47:43.055,420.56461691659007,99
2024-09-19 13:47:43.080,420.56904293468784,8
2024-09-19 13:47:43.107,420.56695859724266,1002
2024-09-19 13:47:43.134,420.5615510670824,13
2024-09-19 13:47:43.161,420.55418626243977,6
2024-09-19 13:47:43.202,420.5654024138517,5
2024-09-19 13:47:43.271,420.5609384402191,1001
2024-09-19 13:47:43.291,420.5527087218054,1003
2024-09-19 13:47:43.298,420.5710007427365,100
2024-09-19 13:47:43.356,420.5740613018365,998
2024-09-19 13:47:43.375,420.5732885580831,95
2024-09-19 13:47:43.398,420.5591965658899,13
2024-09-19 13:47:43.478,420.5689438884093,100
2024-09-19 13:47:43.488,420.5938150590871,10
2024-09-19 13:47:43.601,420.56713593064654,999
2024-09-19 13:47:43.607,420.5747662984865,12
2024-09-19 13:47:43.669,420.577069061596,10
2024-09-19 13:47:43.691,420.5638824687922,9
2024-09-19 13:47:43.713,420.5789383212629,7
2024-09-19 13:47:43.723,420.5629827510151,105
2024-09-19 13:47:43.787,420.53306197949297,997
2024-09-19 13:47:43.795,420.5770523489784,15
2024-09-19 13:47:43.804,420.5633776468089,14
2024-09-19 13:47:43.829,420.5677874750932,13
2024-09-19 13:47:43.897,420.5507373997178,101
2024-09-19 13:47:43.901,420.5698786058037,100
2024-09-19 13:47:43.912,420.5568553571622,101
2024-09-19 13:47:43.912,420.55605017736974,15
2024-09-19 13:47:43.931,420.58049529600487,1004
2024-09-19 13:47:44.135,420.5555218702344,105
2024-09-19 13:47:44.177,420.55081096118585,996
2024-09-19 13:47:44.182,420.5693750566129,9
2024-09-19 13:47:44.217,420.54252770845545,104
2024-09-19 13:47:44.255,420.5394441573853,1000
2024-09-19 13:47:44.310,420.5553159477257,99
2024-09-19 13:47:44.383,420.5775265585128,101
2024-09-19 13:47:44.880,420.5429089526791,105
2024-09-19 13:47:45.022,420.4995614191101,1003
2024-09-19 13:47:45.063,420.5230684753385,6
2024-09-19 13:47:45.073,420.5676761054988,105
2024-09-19 13:47:45.085,420.53935396018665,1003
2024-09-19 13:47:45.092,420.5529335415969,101
2024-09-19 13:47:45.107,420.5386722602879,998
2024-09-19 13:47:45.126,420.54869418990273,100
2024-09-19 13:47:45.167,420.5429171914602,995
2024-09-19 13:47:45.222,420.5192018925431,95
2024-09-19 13:47:45.319,420.5171847255265,1003
2024-09-19 13:47:45.335,420.5602797175435,9
2024-09-19 13:47:45.378,420.5491777139572,9
2024-09-19 13:47:45.417,420.5339688839153,8
2024-09-19 13:47:45.484,420.5594852494186,12
2024-09-19 13:47:45.523,420.5378007929686,1000
2024-09-19 13:47:45.564,420.5529800004757,8
2024-09-19 13:47:45.651,420.5019205499586,100
2024-09-19 13:47:45.699,420.5732269492858,1002
2024-09-19 13:47:45.728,,1000
2024-09-19 13:47:45.744,420.5267004590391,1003
2024-09-19 13:47:45.753,420.5598496427068,13
2024-09-19 13:47:45.754,420.5332701720517,998
2024-09-19 13:47:45.777,420.5683099825809,14
2024-09-19 13:47:45.868,420.5137584250222,13
2024-09-19 13:47:45.868,420.5223244541186,97
2024-09-19 13:47:45.883,420.5123226894028,995
2024-09-19 13:47:45.957,420.5752252605673,96
2024-09-19 13:47:45.967,420.5168293041871,101
2024-09-19 13:47:46.330,420.52231646608345,7
2024-09-19 13:47:46.366,420.511406064015,1002
2024-09-19 13:47:46.723,420.4981598618137,98
2024-09-19 13:47:46.990,420.52639352115966,10
2024-09-19 13:47:47.056,420.5198189729889,105
2024-09-19 13:47:47.081,420.5283665637938,10
2024-09-19 13:47:47.284,420.521149180582,11
2024-09-19 13:47:47.295,420.5279755546328,96
2024-09-19 13:47:47.650,42.05243014822192,104
2024-09-19 13:47:47.767,420.534883783443,1002
2024-09-19 13:47:47.782,420.4882145463055,1002
2024-09-19 13:47:47.863,420.4939176167081,101
2024-09-19 13:47:47.942,420.5432608595424,5
2024-09-19 13:47:48.023,420.5846384034977,96
2024-09-19 13:47:48.095,420.5762747213604,1002
2024-09-19 13:47:48.121,420.5806210058339,996
2024-09-19 13:47:48.160,420.59105643911886,100
2024-09-19 13:47:48.169,420.53508170516056,105
2024-09-19 13:47:48.213,420.5888400626075,1004
2024-09-19 13:47:48.392,420.57032659886016,97
2024-09-19 13:47:48.415,420.57663964689993,1004
2024-09-19 13:47:48.438,420.5707727072624,96
2024-09-19 13:47:48.952,420.5793568759897,95
2024-09-19 13:47:49.156,420.6493677510714,11
2024-09-19 13:47:49.400,420.6375926964,998
2024-09-19 13:47:49.489,420.59971423931023,998
2024-09-19 13:47:49.547,420.6048856690148,14
2024-09-19 13:47:49.588,420.6470849992028,1004
2024-09-19 13:47:49.610,420.5869149137404,14
2024-09-19 13:47:49.652,420.5891890423211,998
2024-09-19 13:47:49.720,420.5904759674278,101
2024-09-19 13:47:49.737,420.5789949996376,7
2024-09-19 13:47:49.829,420.606554570458,99
2024-09-19 13:47:49.850,420.6112077621476,8
2024-09-19 13:47:49.852,420.6494377566236,10
2024-09-19 13:47:49.853,420.6349289145154,100
2024-09-19 13:47:49.897,420.6573444273816,1002
2024-09-19 13:47:49.903,420.6309949463835,13
2024-09-19 13:47:49.955,420.57965020014194,1000
2024-09-19 13:47:49.956,420.58094074973314,12
2024-09-19 13:47:50.308,420.6934524155079,1005
2024-09-19 13:47:50.399,420.6701291594703,95
2024-09-19 13:47:50.737,420.6541553855306,8
2024-09-19 13:47:50.773,420.6643366246611,15
2024-09-19 13:47:51.048,420.7005102955114,1003
2024-09-19 13:47:51.060,420.7000692333945,1003
2024-09-19 13:47:51.074,420.7058928978402,103
2024-09-19 13:47:51.085,420.6975896141035,101
2024-09-19 13:47:51.099,420.7039233584102,6
2024-09-19 13:47:51.203,420.7009616163712,99
2024-09-19 13:47:51.317,420.6934682928154,13
2024-09-19 13:47:51.322,420.7055004829456,8
2024-09-19 13:47:51.347,420.6871938421269,11
2024-09-19 13:47:51.347,420.7021172419389,105
2024-09-19 13:47:51.391,420.6831917104773,105
2024-09-19 13:47:51.485,420.7168455449074,104
2024-09-19 13:47:51.542,420.6966036732911,12
2024-09-19 13:47:51.577,420.69533475000446,1004
2024-09-19 13:47:51.597,420.7099566924935,999
2024-09-19 13:47:51.599,420.6886949841079,97
2024-09-19 13:47:51.618,420.70480106256633,99
2024-09-19 13:47:51.640,420.7072951984826,95
2024-09-19 13:47:51.764,420.7049686907599,997
2024-09-19 13:47:51.805,420.7021396312688,100
2024-09-19 13:47:51.819,420.7050080485514,104
2024-09-19 13:47:51.904,420.6751640754631,105
2024-09-19 13:47:51.995,420.6849385987488,15
2024-09-19 13:47:52.026,420.6854628779102,6
2024-09-19 13:47:52.089,420.7127992902334,104
2024-09-19 13:47:52.112,420.7328660657598,97
2024-09-19 13:47:52.230,420.6649505278467,101
2024-09-19 13:47:52.283,420.7208397445626,5
2024-09-19 13:47:52.432,420.706161780845,95
2024-09-19 13:47:52.562,420.7074360929077,5
2024-09-19 13:47:52.568,420.6817819133575,7
2024-09-19 13:47:52.638,420.6934253166122,12
2024-09-19 13:47:52.639,420.68011891010207,105
2024-09-19 13:47:52.669,420.72464350736885,102
2024-09-19 13:47:52.677,420.66831739311687,5
2024-09-19 13:47:52.756,420.72589556545967,102
2024-09-19 13:47:52.779,420.6768436859219,104
2024-09-19 13:47:52.800,420.7069896446854,102
2024-09-19 13:47:52.802,420.6603092423391,95
2024-09-19 13:47:52.889,420.7055760819992,995
2024-09-19 13:47:52.921,420.7046658242005,11
2024-09-19 13:47:52.972,420.7323459110086,996
2024-09-19 13:47:52.982,420.6611004655359,11
2024-09-19 13:47:53.157,420.7157349973445,997
2024-09-19 13:47:53.194,420.675453321861,995
2024-09-19 13:47:53.233,420.6808700810116,96
2024-09-19 13:47:53.343,420.63098605690016,11
2024-09-19 13:47:53.369,420.69888588470536,99
2024-09-19 13:47:53.385,420.7080952009083,96
2024-09-19 13:47:53.404,420.62817498877,101
2024-09-19 13:47:53.419,420.6934694483761,996
2024-09-19 13:47:53.501,420.6403948484237,14
2024-09-19 13:47:53.539,420.7030753340404,95
2024-09-19 13:47:53.571,420.6662611857631,99
2024-09-19 13:47:53.588,420.6977276888332,103
2024-09-19 13:47:53.608,420.72636463186745,997
2024-09-19 13:47:53.692,420.6396357881428,5
2024-09-19 13:47:53.700,420.649936830648,1005
2024-09-19 13:47:53.706,420.6469490391857,1004
2024-09-19 13:47:53.738,420.65719467939806,14
2024-09-19 13:47:53.812,420.6396705543695,13
2024-09-19 13:47:53.855,420.7068893742232,105
2024-09-19 13:47:53.932,420.67479897934095,10
2024-09-19 13:47:53.932,420.66537216501496,98
2024-09-19 13:47:53.940,420.6703883240201,10
2024-09-19 13:47:54.048,420.6106564857976,98
2024-09-19 13:47:54.050,420.6661323199928,1005
2024-09-19 13:47:54.057,420.67544540835456,99
2024-09-19 13:47:54.132,420.6715127417041,98
2024-09-19 13:47:54.380,420.6537557938221,97
2024-09-19 13:47:54.383,420.6147751737565,8
2024-09-19 13:47:54.418,420.62153194741416,101
2024-09-19 13:47:54.474,420.6710147784926,1000
2024-09-19 13:47:54.503,420.7027301577855,998
2024-09-19 13:47:54.503,420.6645632930882,6
2024-09-19 13:47:54.552,420.65360394289024,14
2024-09-19 13:47:54.582,420.6863887976534,95
2024-09-19 13:47:54.590,420.6397445740224,1003
2024-09-19 13:47:54.602,420.6195386155245,996
2024-09-19 13:47:54.623,420.6288763551894,11
2024-09-19 13:47:54.675,420.67774921199424,97
2024-09-19 13:47:54.676,420.61004671016207,15
2024-09-19 13:47:54.744,420.6130060107204,5
2024-09-19 13:47:54.922,420.6449697151058,8
2024-09-19 13:47:54.958,420.65805385563135,7
2024-09-19 13:47:55.616,420.6108897401177,998
2024-09-19 13:47:55.859,,100
2024-09-19 13:47:55.957,420.6012354059975,104
2024-09-19 13:47:56.032,420.5698191544865,99
2024-09-19 13:47:56.154,420.59986493038224,997
2024-09-19 13:47:56.156,420.5802625248193,995
2024-09-19 13:47:56.179,420.5856604480349,15
2024-09-19 13:47:56.209,420.5359067247391,100
2024-09-19 13:47:56.210,420.54364115015,1000
2024-09-19 13:47:56.246,420.58111735044247,99
2024-09-19 13:47:56.309,420.5478901146498,5
2024-09-19 13:47:56.326,420.5763697049944,5
2024-09-19 13:47:56.354,420.60260758627294,995
2024-09-19 13:47:56.424,420.5980133059362,997
2024-09-19 13:47:56.452,420.5823370389784,12
2024-09-19 13:47:56.460,420.6614977044092,9
2024-09-19 13:47:56.497,420.6536762832173,997
2024-09-19 13:47:56.509,420.59602256309546,9
2024-09-19 13:47:56.543,420.5904314859254,15
2024-09-19 13:47:56.592,420.56474910779616,7
2024-09-19 13:47:56.613,420.5861784674656,8
2024-09-19 13:47:56.620,420.5901451749575,98
2024-09-19 13:47:56.671,420.62850203551375,97
2024-09-19 13:47:56.692,420.6032363740272,5
2024-09-19 13:47:56.829,420.5704228570472,105
2024-09-19 13:47:56.837,420.5721366342476,96
2024-09-19 13:47:56.875,420.6489649103429,8
2024-09-19 13:47:56.962,420.601588472658,6
2024-09-19 13:47:57.009,420.6899463206792,5
2024-09-19 13:47:57.059,420.6882201515624,995
2024-09-19 13:47:57.153,420.7168972275242,5
2024-09-19 13:47:57.183,420.7121314514499,98
2024-09-19 13:47:57.246,420.68345708937954,5
2024-09-19 13:47:57.251,420.61391646813337,99
2024-09-19 13:47:57.354,420.6906962659347,12
2024-09-19 13:47:57.427,420.673053779804,6
2024-09-19 13:47:57.445,420.71369171985873,100
2024-09-19 13:47:57.481,420.6809292372192,104
2024-09-19 13:47:57.521,420.6563674988279,9
2024-09-19 13:47:57.609,420.6936251502242,103
2024-09-19 13:47:57.617,420.70560399545406,96
2024-09-19 13:47:57.691,420.6402783369171,101
2024-09-19 13:47:57.701,420.70815874524914,99
2024-09-19 13:47:57.792,420.70188027496215,12
2024-09-19 13:47:57.891,420.66126037302354,9
2024-09-19 13:47:57.949,420.636060610182,7
2024-09-19 13:47:58.171,420.61000548099423,10
2024-09-19 13:47:58.281,420.60913257310017,5
2024-09-19 13:47:58.324,420.6170552236832,100
2024-09-19 13:47:58.376,420.6231764681119,1005
2024-09-19 13:47:58.394,420.6284499640815,15
2024-09-19 13:47:58.503,420.6187995284623,103
2024-09-19 13:47:58.576,420.6533263436009,101
2024-09-19 13:47:58.676,420.5906934638724,98
2024-09-19 13:47:58.765,420.6238134029485,12
2024-09-19 13:47:58.766,420.6106351929708,9
2024-09-19 13:47:58.795,420.6275627018858,7
2024-09-19 13:47:58.795,420.6021941922226,5
2024-09-19 13:47:58.833,420.6368295059274,999
2024-09-19 13:47:58.963,420.60146817036593,95
2024-09-19 13:47:58.993,420.6481846433136,1000
2024-09-19 13:47:59.589,420.6406274604452,997
