Timestamp,Price,Size
2024-09-16 11:35:00.062,417.1545077689676,5
2024-09-16 11:35:00.882,417.1765365348992,1002
2024-09-16 11:35:01.011,417.2320988830014,95
2024-09-16 11:35:01.102,417.2277516717159,998
2024-09-16 11:35:01.115,,6
2024-09-16 11:35:01.217,417.2102152678759,104
2024-09-16 11:35:01.241,417.2508334132225,995
2024-09-16 11:35:01.266,417.2092520292391,996
2024-09-16 11:35:01.409,417.2191329494937,13
2024-09-16 11:35:01.456,417.20666367844206,101
2024-09-16 11:35:01.474,417.2477583287245,99
2024-09-16 11:35:01.521,417.216445261272,1005
2024-09-16 11:35:01.542,417.22340044084194,101
2024-09-16 11:35:01.547,417.2454156822265,7
2024-09-16 11:35:01.567,417.170942337561,105
2024-09-16 11:35:01.667,417.1984437666479,1002
2024-09-16 11:35:01.720,417.20788202979423,12
2024-09-16 11:35:01.746,417.22202221456416,104
2024-09-16 11:35:01.752,417.1979286784245,1005
2024-09-16 11:35:01.802,417.22889580249455,1004
2024-09-16 11:35:01.869,417.2376351176599,14
2024-09-16 11:35:01.899,417.2115020813218,998
2024-09-16 11:35:01.949,417.2224904571992,103
2024-09-16 11:35:02.068,417.1933579684053,97
2024-09-16 11:35:02.208,417.1797107404189,102
2024-09-16 11:35:02.305,417.20352040593593,1004
2024-09-16 11:35:02.437,417.2024886903869,999
2024-09-16 11:35:02.729,417.2094870381566,98
2024-09-16 11:35:02.911,417.2146186617353,14
2024-09-16 11:35:02.992,417.1817528329181,996
2024-09-16 11:35:03.013,417.2131589179422,96
2024-09-16 11:35:03.052,417.25277060847367,6
2024-09-16 11:35:03.118,417.2392396577013,5
2024-09-16 11:35:03.136,417.198493698487,101
2024-09-16 11:35:03.245,417.2319663897418,1001
2024-09-16 11:35:03.255,417.2170922151562,103
2024-09-16 11:35:03.360,417.2558317521873,1005
2024-09-16 11:35:03.362,417.2605317849703,997
2024-09-16 11:35:03.401,417.24491934826926,1003
2024-09-16 11:35:03.403,417.23771316225566,997
2024-09-16 11:35:03.478,417.2375313629984,997
2024-09-16 11:35:03.514,417.24849281331024,12
2024-09-16 11:35:03.515,417.25937105118544,101
2024-09-16 11:35:03.554,417.2675718733334,8
2024-09-16 11:35:03.555,417.1921247639819,1002
2024-09-16 11:35:03.565,417.2513054529386,9
2024-09-16 11:35:03.591,417.1890990664485,997
2024-09-16 11:35:03.606,417.26129126442135,1004
2024-09-16 11:35:03.611,,104
2024-09-16 11:35:03.639,417.2782629678371,104
2024-09-16 11:35:03.687,417.2223708500297,95
2024-09-16 11:35:03.693,417.22725065305855,103
2024-09-16 11:35:03.714,417.2278126455497,1002
2024-09-16 11:35:04.077,417.2711806657258,995
2024-09-16 11:35:04.157,417.23028311498126,995
2024-09-16 11:35:04.197,417.262014302284,1001
2024-09-16 11:35:04.295,417.2539587072207,996
2024-09-16 11:35:04.333,417.2622203894696,14
2024-09-16 11:35:04.546,417.2296909557268,12
2024-09-16 11:35:04.705,417.2655714378093,10
2024-09-16 11:35:04.728,,97
2024-09-16 11:35:04.741,417.2759461677501,6
2024-09-16 11:35:04.790,417.2311698594005,101
2024-09-16 11:35:04.856,417.27368385424336,998
2024-09-16 11:35:04.879,417.26601241059416,7
2024-09-16 11:35:04.939,417.2451435922842,14
2024-09-16 11:35:04.945,417.22671607840056,14
2024-09-16 11:35:05.072,417.231087591798,13
2024-09-16 11:35:05.364,417.2295275949154,1003
2024-09-16 11:35:05.407,417.2300980441518,1002
2024-09-16 11:35:05.486,417.2081641689956,10
2024-09-16 11:35:05.633,417.2440006993182,9
2024-09-16 11:35:05.815,417.2684118171343,8
2024-09-16 11:35:05.855,417.2456415142592,95
2024-09-16 11:35:05.860,417.2118945287007,95
2024-09-16 11:35:05.913,417.2314591331273,1000
2024-09-16 11:35:05.928,417.2159359835982,98
2024-09-16 11:35:06.025,417.1289130468045,1002
2024-09-16 11:35:06.031,417.12668514734816,998
2024-09-16 11:35:06.050,417.133581330464,105
2024-09-16 11:35:06.058,417.1385067197272,7
2024-09-16 11:35:06.063,417.1103531556441,13
2024-09-16 11:35:06.108,417.2088990094488,995
2024-09-16 11:35:06.109,,10
2024-09-16 11:35:06.140,417.2065218696509,10
2024-09-16 11:35:06.140,417.1284237916378,103
2024-09-16 11:35:06.223,417.12848364706304,96
2024-09-16 11:35:06.302,417.1314131709178,14
2024-09-16 11:35:06.335,417.1173205504696,1003
2024-09-16 11:35:06.377,417.1434362433222,15
2024-09-16 11:35:06.379,417.2160803046104,8
2024-09-16 11:35:06.474,417.2137264457899,11
2024-09-16 11:35:06.521,417.1971683790597,98
2024-09-16 11:35:06.525,417.19777508388,101
2024-09-16 11:35:06.564,417.13892451028113,104
2024-09-16 11:35:06.615,417.1441990600797,996
2024-09-16 11:35:06.621,417.2194104766211,9
2024-09-16 11:35:06.655,417.1166486264204,98
2024-09-16 11:35:06.669,417.10814689519685,103
2024-09-16 11:35:06.743,417.15220784862174,104
2024-09-16 11:35:06.803,417.13485483258336,1003
2024-09-16 11:35:06.818,417.2365412516732,104
2024-09-16 11:35:06.822,417.21908608219326,97
2024-09-16 11:35:06.869,417.1637281384736,99
2024-09-16 11:35:06.878,-417.14018528862766,102
2024-09-16 11:35:06.916,417.12399735502464,101
2024-09-16 11:35:06.990,417.14333170227366,15
2024-09-16 11:35:07.021,417.1277154788634,104
2024-09-16 11:35:07.106,417.1306284797228,996
2024-09-16 11:35:07.171,417.15877225810726,95
2024-09-16 11:35:07.351,417.18420272863926,12
2024-09-16 11:35:07.351,417.1524674034336,6
2024-09-16 11:35:07.362,417.1395560921717,99
2024-09-16 11:35:07.670,417.1231496075978,11
2024-09-16 11:35:07.921,417.1095005708193,996
2024-09-16 11:35:08.081,417.19352939281913,14
2024-09-16 11:35:08.227,417.1864399536486,999
2024-09-16 11:35:08.537,417.2069981411112,8
2024-09-16 11:35:08.743,417.1879645787296,97
2024-09-16 11:35:08.760,417.1772999695808,1004
2024-09-16 11:35:08.990,417.2015634327249,96
2024-09-16 11:35:09.136,417.14245749502976,997
2024-09-16 11:35:09.146,417.1670055069081,103
2024-09-16 11:35:09.176,417.1911715040656,11
2024-09-16 11:35:09.187,417.1869527331783,1000
2024-09-16 11:35:09.192,417.1560164760441,99
2024-09-16 11:35:09.204,417.170021852493,104
2024-09-16 11:35:09.225,417.1557429529045,100
2024-09-16 11:35:09.429,417.1776744018381,15
2024-09-16 11:35:09.433,417.17198970881503,11
2024-09-16 11:35:09.587,417.1839665761197,9
2024-09-16 11:35:09.590,417.1919233894598,102
2024-09-16 11:35:09.903,417.1802810897938,103
2024-09-16 11:35:10.367,417.155398081054,9
2024-09-16 11:35:11.270,417.1541617612797,1004
2024-09-16 11:35:11.337,417.1359628605958,5
2024-09-16 11:35:11.472,417.1309950117351,1004
2024-09-16 11:35:11.748,417.1650582923186,995
2024-09-16 11:35:11.794,417.1357098294732,97
2024-09-16 11:35:11.889,417.16808183531526,6
2024-09-16 11:35:11.964,417.1542873798992,102
2024-09-16 11:35:12.118,417.1118183676945,1005
2024-09-16 11:35:12.166,417.1179154291439,10
2024-09-16 11:35:12.441,417.11129855491936,1002
2024-09-16 11:35:12.446,417.158736138423,996
2024-09-16 11:35:12.707,,98
2024-09-16 11:35:12.811,417.1517155697008,8
2024-09-16 11:35:13.024,417.1340640142001,995
2024-09-16 11:35:13.029,417.1164169294261,13
2024-09-16 11:35:13.105,417.1079822161876,998
2024-09-16 11:35:13.227,417.0803187308081,15
2024-09-16 11:35:13.273,417.10567605057366,103
2024-09-16 11:35:13.284,417.1170625753271,5
2024-09-16 11:35:13.285,417.1281898222383,105
2024-09-16 11:35:13.287,417.1002148953878,102
2024-09-16 11:35:13.309,417.1401384933289,10
2024-09-16 11:35:13.328,417.1162680096415,98
2024-09-16 11:35:13.335,417.128950695392,6
2024-09-16 11:35:13.350,417.121850959952,11
2024-09-16 11:35:13.410,417.1497953796975,1002
2024-09-16 11:35:13.473,-417.13410462857627,103
2024-09-16 11:35:13.485,417.1442276482632,999
2024-09-16 11:35:13.508,417.1394498886364,13
2024-09-16 11:35:13.679,417.1260730109816,1002
2024-09-16 11:35:13.757,417.1236255103182,9
2024-09-16 11:35:13.796,417.08327241361343,999
2024-09-16 11:35:13.836,417.117609510293,1001
2024-09-16 11:35:13.858,417.1344880842682,99
2024-09-16 11:35:13.943,417.13348858368806,1000
2024-09-16 11:35:13.972,417.1113620027105,8
2024-09-16 11:35:14.138,417.100836843244,102
2024-09-16 11:35:14.161,417.13758142094,15
2024-09-16 11:35:14.171,417.1174436393012,105
2024-09-16 11:35:14.206,-417.1347010911376,998
2024-09-16 11:35:14.220,417.1339107350352,103
2024-09-16 11:35:14.351,417.1115961458233,997
2024-09-16 11:35:14.467,417.1459891803719,998
2024-09-16 11:35:14.545,417.1180521077405,998
2024-09-16 11:35:14.615,417.1031037375815,7
2024-09-16 11:35:14.726,417.1253913799913,5
2024-09-16 11:35:14.936,417.1005762452776,1000
2024-09-16 11:35:15.027,417.1128104878733,5
2024-09-16 11:35:15.028,417.1243947528342,100
2024-09-16 11:35:15.031,417.1453028944282,11
2024-09-16 11:35:15.135,417.1500622732899,1002
2024-09-16 11:35:15.274,417.141844222417,5
2024-09-16 11:35:15.376,417.1485208711034,100
2024-09-16 11:35:15.384,417.15360915446985,996
2024-09-16 11:35:15.518,417.105104165696,96
2024-09-16 11:35:15.538,417.1570760176053,105
2024-09-16 11:35:15.561,417.1138940630078,15
2024-09-16 11:35:15.565,417.135523807106,104
2024-09-16 11:35:15.685,417.1695516296588,1004
2024-09-16 11:35:15.699,417.10561324179247,1001
2024-09-16 11:35:15.758,417.11325323267846,1004
2024-09-16 11:35:15.825,417.1473374570984,103
2024-09-16 11:35:15.834,417.1676761914081,101
2024-09-16 11:35:15.921,417.14991946463846,1001
2024-09-16 11:35:15.981,417.1505524789049,1004
2024-09-16 11:35:16.146,417.13557854227537,99
2024-09-16 11:35:16.195,417.16422727533626,104
2024-09-16 11:35:16.441,417.1722274297143,14
2024-09-16 11:35:16.730,417.1360629225,14
2024-09-16 11:35:16.755,417.1232801356873,1001
2024-09-16 11:35:16.857,417.1106533784428,97
2024-09-16 11:35:17.007,417.1186530157356,96
2024-09-16 11:35:17.026,417.1731875469744,10
2024-09-16 11:35:17.036,417.1580346361975,996
2024-09-16 11:35:17.077,417.15272959803326,105
2024-09-16 11:35:17.107,417.17049765375856,11
2024-09-16 11:35:17.256,417.1204046920084,1003
2024-09-16 11:35:17.476,417.1099491127916,1002
2024-09-16 11:35:17.485,417.1311406197091,102
2024-09-16 11:35:17.839,417.1251467136568,5
2024-09-16 11:35:18.012,417.0786682624373,996
2024-09-16 11:35:18.120,417.0827821563146,99
2024-09-16 11:35:18.127,417.07788781227583,97
2024-09-16 11:35:18.206,417.0706552281894,11
2024-09-16 11:35:18.213,417.1095026560784,97
2024-09-16 11:35:18.259,417.1148310275575,10
2024-09-16 11:35:18.301,417.11389418660445,1004
2024-09-16 11:35:18.349,417.0596725115917,11
2024-09-16 11:35:18.361,417.1265390093441,104
2024-09-16 11:35:18.375,417.1020414810357,12
2024-09-16 11:35:18.454,417.1042353112741,96
2024-09-16 11:35:18.467,417.0941163116132,13
2024-09-16 11:35:18.529,417.1101155967866,6
2024-09-16 11:35:18.534,417.10337830407343,1002
2024-09-16 11:35:18.550,417.0608354176613,997
2024-09-16 11:35:18.663,417.097189779995,101
2024-09-16 11:35:18.698,417.0892532266989,997
2024-09-16 11:35:18.712,417.0679172093791,997
2024-09-16 11:35:18.722,417.09069716150856,1004
2024-09-16 11:35:18.766,417.1104911934598,13
2024-09-16 11:35:18.836,417.10496711121385,100
2024-09-16 11:35:18.901,417.099896265451,104
2024-09-16 11:35:18.907,417.0939811597876,96
2024-09-16 11:35:18.927,417.1143697741853,995
2024-09-16 11:35:18.957,417.0851968827762,103
2024-09-16 11:35:18.960,417.0887364947727,1004
2024-09-16 11:35:18.988,417.1068524694738,102
2024-09-16 11:35:18.993,417.1104632545262,11
2024-09-16 11:35:19.007,41.70686684925178,96
2024-09-16 11:35:19.066,417.0304753098999,97
2024-09-16 11:35:19.104,417.05102602988507,98
2024-09-16 11:35:19.198,417.0733385752464,1002
2024-09-16 11:35:19.216,417.0331907169296,101
2024-09-16 11:35:19.255,416.9912065832961,1002
2024-09-16 11:35:19.266,,101
2024-09-16 11:35:19.299,417.0595393073148,5
2024-09-16 11:35:19.333,417.0680990955928,97
2024-09-16 11:35:19.453,417.0787874639193,1005
2024-09-16 11:35:19.496,417.0164869210956,98
2024-09-16 11:35:19.515,417.0122670367818,99
2024-09-16 11:35:19.518,417.0417020541456,997
2024-09-16 11:35:19.536,417.000610715496,1005
2024-09-16 11:35:19.566,417.0877044661236,99
2024-09-16 11:35:19.585,417.0719742212858,1004
2024-09-16 11:35:19.641,417.0574990343258,7
2024-09-16 11:35:19.758,417.0739150923388,997
2024-09-16 11:35:19.789,417.0567202572182,1004
2024-09-16 11:35:19.874,417.0570493683198,995
2024-09-16 11:35:19.919,417.0985730401779,1001
2024-09-16 11:35:19.945,417.0148015790011,103
2024-09-16 11:35:19.964,417.0190744367052,998
2024-09-16 11:35:19.983,417.05043180695895,98
2024-09-16 11:35:20.016,417.05164981943295,9
2024-09-16 11:35:20.039,,102
2024-09-16 11:35:20.135,417.05681644326944,98
2024-09-16 11:35:20.209,417.0668220473188,9
2024-09-16 11:35:20.219,416.9574662173388,1005
2024-09-16 11:35:20.245,416.9961702637006,5
2024-09-16 11:35:20.334,417.0620766542182,95
2024-09-16 11:35:20.425,417.000383329405,95
2024-09-16 11:35:20.506,417.06025963133067,12
2024-09-16 11:35:20.553,417.0130586380061,1003
2024-09-16 11:35:20.660,416.9450295524609,9
2024-09-16 11:35:20.711,416.96362430845033,95
2024-09-16 11:35:20.825,417.0600484224854,7
2024-09-16 11:35:20.927,417.0450819180554,8
2024-09-16 11:35:20.952,417.0590153024841,11
2024-09-16 11:35:21.323,416.96478606300457,103
2024-09-16 11:35:21.618,416.9629315246524,8
2024-09-16 11:35:22.000,416.9578574930607,10
2024-09-16 11:35:22.009,416.95354383813617,7
2024-09-16 11:35:22.029,416.9436556880496,5
2024-09-16 11:35:22.083,416.9743659020301,1000
2024-09-16 11:35:22.121,416.95664933928754,995
2024-09-16 11:35:22.123,416.965971955638,5
2024-09-16 11:35:22.229,416.9615953941221,99
2024-09-16 11:35:22.257,416.9454747114807,1001
2024-09-16 11:35:22.260,416.9841091984829,5
2024-09-16 11:35:22.383,416.9855993081568,15
2024-09-16 11:35:22.401,416.9418965103757,9
2024-09-16 11:35:22.436,416.9405618720239,99
2024-09-16 11:35:22.471,416.9477804091176,13
2024-09-16 11:35:22.484,416.9667395678688,1000
2024-09-16 11:35:22.494,416.96490278113146,103
2024-09-16 11:35:22.513,416.9641998094232,104
2024-09-16 11:35:22.520,416.97468021136746,95
2024-09-16 11:35:22.573,416.9415180471081,995
2024-09-16 11:35:22.628,416.9414354195972,15
2024-09-16 11:35:22.672,416.9503537158956,9
2024-09-16 11:35:22.674,416.9624867649396,97
2024-09-16 11:35:22.682,416.938544754402,97
2024-09-16 11:35:22.716,416.9594784029712,997
2024-09-16 11:35:22.772,416.95619962330176,101
2024-09-16 11:35:22.930,416.94076128327737,99
2024-09-16 11:35:22.940,416.96459272830606,1001
2024-09-16 11:35:22.941,416.9498954688835,5
2024-09-16 11:35:22.944,416.9445255467608,997
2024-09-16 11:35:22.947,416.9664165568605,995
2024-09-16 11:35:23.008,416.9369027786997,98
2024-09-16 11:35:23.326,416.9517921679089,101
2024-09-16 11:35:23.430,416.9404475701997,9
2024-09-16 11:35:23.669,416.9472417069191,999
2024-09-16 11:35:23.720,416.9379582502963,1000
2024-09-16 11:35:23.775,416.9508562127581,102
2024-09-16 11:35:23.783,416.94732245483726,1001
2024-09-16 11:35:23.862,416.9340925738272,6
2024-09-16 11:35:23.864,416.9491396829513,996
2024-09-16 11:35:24.012,416.8966469701877,1005
2024-09-16 11:35:24.782,416.8999533952114,1002
2024-09-16 11:35:24.782,416.8635532628019,8
2024-09-16 11:35:24.855,416.9202472622046,104
2024-09-16 11:35:24.888,416.8887668838863,1004
2024-09-16 11:35:25.029,416.86455002753394,1005
2024-09-16 11:35:25.134,416.8543190662231,1004
2024-09-16 11:35:25.160,416.8677121397666,105
2024-09-16 11:35:25.218,416.8595200953124,13
2024-09-16 11:35:25.274,416.8724553495804,1005
2024-09-16 11:35:25.298,416.8933361573564,10
2024-09-16 11:35:25.411,416.87132446445145,1000
2024-09-16 11:35:25.468,416.84884151452985,105
2024-09-16 11:35:25.525,416.852892194518,995
2024-09-16 11:35:25.628,416.8987472371917,12
2024-09-16 11:35:25.647,416.8466314487271,10
2024-09-16 11:35:25.713,416.89207650684494,8
2024-09-16 11:35:25.770,416.8727323550683,99
2024-09-16 11:35:25.782,416.86380192760856,998
2024-09-16 11:35:25.797,416.8349495894084,1001
2024-09-16 11:35:25.930,416.8955185137082,13
2024-09-16 11:35:25.954,416.8409845982424,10
2024-09-16 11:35:26.018,416.88264424746734,98
2024-09-16 11:35:26.119,416.8720563206159,100
2024-09-16 11:35:26.335,416.84123165999046,96
2024-09-16 11:35:26.372,416.8993994145961,105
2024-09-16 11:35:26.402,416.85194983892416,999
2024-09-16 11:35:26.407,416.835464698194,11
2024-09-16 11:35:26.422,416.8798244396093,8
2024-09-16 11:35:26.530,416.8286364471536,1004
2024-09-16 11:35:26.557,416.9017133356801,95
2024-09-16 11:35:26.568,416.919579456647,1002
2024-09-16 11:35:26.651,416.9144678130206,104
2024-09-16 11:35:26.659,416.8813865815473,1003
2024-09-16 11:35:26.762,416.888639248116,999
2024-09-16 11:35:26.821,416.83969375474265,9
2024-09-16 11:35:26.823,416.9032167618844,102
2024-09-16 11:35:26.859,416.9075316186836,997
2024-09-16 11:35:26.945,-416.8838945960716,996
2024-09-16 11:35:27.140,416.90095775549617,1002
2024-09-16 11:35:27.803,416.92303632709474,1005
2024-09-16 11:35:27.983,416.8903809232755,99
2024-09-16 11:35:27.993,416.93904762506105,15
2024-09-16 11:35:28.019,416.9221172298788,103
2024-09-16 11:35:28.023,416.9405281326916,995
2024-09-16 11:35:28.036,416.9296408944778,6
2024-09-16 11:35:28.119,,14
2024-09-16 11:35:28.150,416.9943874275909,7
2024-09-16 11:35:28.336,416.8924149690262,101
2024-09-16 11:35:28.359,416.9114264067737,1000
2024-09-16 11:35:28.466,416.9801728865566,12
2024-09-16 11:35:28.498,417.007344071842,998
2024-09-16 11:35:28.537,416.9100564378249,1001
2024-09-16 11:35:28.550,416.9650281976499,995
2024-09-16 11:35:28.616,416.9757245564023,102
2024-09-16 11:35:28.617,416.96267211390034,7
2024-09-16 11:35:28.700,416.9756305423625,8
2024-09-16 11:35:28.752,416.9348914311112,5
2024-09-16 11:35:28.765,416.9111831449857,105
2024-09-16 11:35:28.846,416.92498238613786,15
2024-09-16 11:35:28.858,416.9450113914856,12
2024-09-16 11:35:28.988,416.9323113902519,103
2024-09-16 11:35:29.034,416.86252592045895,9
2024-09-16 11:35:29.054,416.8904400919169,8
2024-09-16 11:35:29.057,416.8789813569753,6
2024-09-16 11:35:29.081,416.8647062446759,1000
2024-09-16 11:35:29.108,416.8648562261622,1004
2024-09-16 11:35:29.124,416.8594605161276,96
2024-09-16 11:35:29.127,416.9018008804445,8
2024-09-16 11:35:29.255,41.68855078387335,10
2024-09-16 11:35:29.267,416.87825747665534,14
2024-09-16 11:35:29.280,416.8864422454872,11
2024-09-16 11:35:29.318,416.875766507178,996
2024-09-16 11:35:29.324,416.8832793992949,15
2024-09-16 11:35:29.422,416.87122478184097,6
2024-09-16 11:35:29.439,416.874065301127,14
2024-09-16 11:35:29.444,416.8901623061955,102
2024-09-16 11:35:29.449,416.8818799080776,1001
2024-09-16 11:35:29.450,416.8663717767712,1004
2024-09-16 11:35:29.491,416.88893853494574,7
2024-09-16 11:35:29.526,416.87256881163546,11
2024-09-16 11:35:29.558,416.8682623041906,1005
2024-09-16 11:35:29.644,416.907232212814,98
2024-09-16 11:35:29.718,416.8882455501255,1004
2024-09-16 11:35:29.728,416.8873040852728,103
2024-09-16 11:35:29.743,-416.8956722963024,13
2024-09-16 11:35:29.744,416.8715615863144,1003
2024-09-16 11:35:29.854,416.8583405297754,997
2024-09-16 11:35:29.885,416.8652047471642,999
2024-09-16 11:35:30.050,416.8548178487218,6
2024-09-16 11:35:30.130,416.8633547002746,8
2024-09-16 11:35:30.377,416.8399628121753,14
2024-09-16 11:35:30.409,416.8544501174718,1003
2024-09-16 11:35:30.598,416.8563493525968,9
2024-09-16 11:35:30.752,416.8613907207185,14
2024-09-16 11:35:31.048,416.8406740063277,12
2024-09-16 11:35:31.121,416.83967892794345,995
2024-09-16 11:35:31.171,416.8383800565091,102
2024-09-16 11:35:31.174,416.7058243626824,999
2024-09-16 11:35:31.231,416.7742934747785,10
2024-09-16 11:35:31.251,416.7263275919463,103
2024-09-16 11:35:31.255,416.75116877322574,999
2024-09-16 11:35:31.356,416.7141277924167,996
2024-09-16 11:35:31.388,416.690269476172,12
2024-09-16 11:35:31.402,416.841428785628,105
2024-09-16 11:35:31.449,416.8422579132638,11
2024-09-16 11:35:31.451,416.8075027773836,98
2024-09-16 11:35:31.478,416.8359808120651,996
2024-09-16 11:35:31.519,416.8505509063432,997
2024-09-16 11:35:31.523,416.7574684450226,15
2024-09-16 11:35:31.561,416.83947108525166,100
2024-09-16 11:35:31.577,416.820507344888,8
2024-09-16 11:35:31.611,416.7715344699884,1000
2024-09-16 11:35:31.624,,13
2024-09-16 11:35:31.655,416.78901468750666,1000
2024-09-16 11:35:31.657,416.8600493291398,13
2024-09-16 11:35:31.679,416.81676312548257,1001
2024-09-16 11:35:31.736,416.8353137544364,999
2024-09-16 11:35:31.922,416.6984012911855,99
2024-09-16 11:35:31.974,416.7109796429053,6
2024-09-16 11:35:31.998,416.7789523092394,103
2024-09-16 11:35:32.520,416.7055645658195,13
2024-09-16 11:35:33.062,416.7070402138885,1000
2024-09-16 11:35:33.180,416.6994944883203,95
2024-09-16 11:35:33.278,416.69081258691057,997
2024-09-16 11:35:33.390,416.7031926449203,999
2024-09-16 11:35:33.465,416.7049566515198,103
2024-09-16 11:35:33.466,416.7224766065781,103
2024-09-16 11:35:33.566,416.71413570543217,99
2024-09-16 11:35:33.766,416.7128527203002,102
2024-09-16 11:35:33.881,416.7013229185202,14
2024-09-16 11:35:33.982,416.7074472227651,95
2024-09-16 11:35:34.047,416.83150246318985,15
2024-09-16 11:35:34.084,416.7548997810871,998
2024-09-16 11:35:34.093,416.7615124514331,14
2024-09-16 11:35:34.105,416.7866616186328,104
2024-09-16 11:35:34.109,416.7051562234509,995
2024-09-16 11:35:34.160,416.7790216616597,9
2024-09-16 11:35:34.168,416.8031287550704,95
2024-09-16 11:35:34.179,416.7565888502991,1004
2024-09-16 11:35:34.260,416.7569449038624,101
2024-09-16 11:35:34.338,416.7236921330836,6
2024-09-16 11:35:34.340,416.7509525225632,1002
2024-09-16 11:35:34.346,416.7596540052238,104
2024-09-16 11:35:34.365,416.7158769090787,996
2024-09-16 11:35:34.372,416.81200502751807,997
2024-09-16 11:35:34.441,416.7948330956254,101
2024-09-16 11:35:34.444,416.763117534406,98
2024-09-16 11:35:34.522,416.8050458431187,995
2024-09-16 11:35:34.528,416.8214879723077,98
2024-09-16 11:35:34.563,416.8292425822882,7
2024-09-16 11:35:34.610,416.7804340788756,105
2024-09-16 11:35:34.630,416.77369982506633,1003
2024-09-16 11:35:34.648,416.7769310872958,95
2024-09-16 11:35:34.670,416.7709496670765,103
2024-09-16 11:35:34.720,416.784199261517,1000
2024-09-16 11:35:34.732,416.7518668009402,1001
2024-09-16 11:35:34.866,416.75949496930656,9
2024-09-16 11:35:34.925,416.7098241386123,99
2024-09-16 11:35:34.946,416.71880231273406,5
2024-09-16 11:35:34.998,416.8006807967382,1003
2024-09-16 11:35:35.092,416.82554890273485,15
2024-09-16 11:35:35.119,416.830181564517,999
2024-09-16 11:35:35.307,416.8210489197504,11
2024-09-16 11:35:35.414,416.8003587426619,996
2024-09-16 11:35:35.518,416.8131965302682,10
2024-09-16 11:35:35.542,416.82748859529096,5
2024-09-16 11:35:35.556,416.80256190558833,14
2024-09-16 11:35:35.631,416.8255384404055,99
2024-09-16 11:35:35.760,416.828840388636,998
2024-09-16 11:35:35.767,416.8239810207551,6
2024-09-16 11:35:35.831,416.8170101868224,9
2024-09-16 11:35:35.956,416.8304433220065,8
2024-09-16 11:35:36.052,416.8095559448543,97
2024-09-16 11:35:36.101,416.8460165107141,99
2024-09-16 11:35:36.234,416.8410131906005,999
2024-09-16 11:35:36.234,416.8356977937263,1003
2024-09-16 11:35:36.298,416.80316903376064,102
2024-09-16 11:35:36.322,416.8219157338822,996
2024-09-16 11:35:36.365,416.8252513342595,15
2024-09-16 11:35:36.392,416.8301205577535,7
2024-09-16 11:35:36.404,416.8258621962405,96
2024-09-16 11:35:36.470,416.82649442917335,98
2024-09-16 11:35:36.571,416.85610242883297,998
2024-09-16 11:35:36.573,416.8414274113264,5
2024-09-16 11:35:36.608,416.8461810254808,102
2024-09-16 11:35:36.617,416.83233144946905,1003
2024-09-16 11:35:36.744,416.8465177967431,998
2024-09-16 11:35:36.753,416.8203665151266,1002
2024-09-16 11:35:36.787,416.8627270569266,1002
2024-09-16 11:35:36.826,416.8133567880975,1000
2024-09-16 11:35:36.898,416.8202856053474,7
2024-09-16 11:35:36.921,416.8297935356472,9
2024-09-16 11:35:36.953,416.8133174876758,1005
2024-09-16 11:35:36.994,416.8453688469052,997
2024-09-16 11:35:37.418,416.82854717688906,1002
2024-09-16 11:35:37.673,416.818212997352,1000
2024-09-16 11:35:37.746,416.8247650772012,1003
2024-09-16 11:35:37.940,416.8256898324005,13
2024-09-16 11:35:38.128,416.8291459676427,103
2024-09-16 11:35:38.130,416.8634919746596,97
2024-09-16 11:35:38.161,416.87207752162783,1005
2024-09-16 11:35:38.163,416.8464450042201,6
2024-09-16 11:35:38.201,416.8336768987052,14
2024-09-16 11:35:38.207,416.8388963740391,1005
2024-09-16 11:35:38.229,-416.8428488735029,101
2024-09-16 11:35:38.237,416.8591528620335,999
2024-09-16 11:35:38.291,416.86149841240456,104
2024-09-16 11:35:38.299,416.8438986645135,13
2024-09-16 11:35:38.307,416.8370347994533,104
2024-09-16 11:35:38.327,416.8246841242446,105
2024-09-16 11:35:38.338,416.83542945789264,1000
2024-09-16 11:35:38.362,416.8546826872033,13
2024-09-16 11:35:38.389,416.8687899274217,1000
2024-09-16 11:35:38.417,416.86891697836745,13
2024-09-16 11:35:38.578,416.8636671279513,999
2024-09-16 11:35:38.620,416.8550309278883,11
2024-09-16 11:35:38.672,416.8219953640193,1001
2024-09-16 11:35:38.764,416.83923872067015,100
2024-09-16 11:35:38.766,416.849889057299,101
2024-09-16 11:35:38.814,416.8586807854318,14
2024-09-16 11:35:38.867,416.8679430446142,1005
2024-09-16 11:35:38.894,416.8446386161233,11
2024-09-16 11:35:38.898,416.84767143081,15
2024-09-16 11:35:38.938,416.8771374577697,104
2024-09-16 11:35:38.965,416.8490678071425,8
2024-09-16 11:35:38.980,416.855520061828,12
2024-09-16 11:35:38.988,416.8471900639716,7
2024-09-16 11:35:39.118,416.8904317681425,105
2024-09-16 11:35:39.138,416.8950352537741,8
2024-09-16 11:35:39.508,416.8788168358485,1002
2024-09-16 11:35:39.676,416.8854609359093,1003
2024-09-16 11:35:39.818,416.875963111716,1004
2024-09-16 11:35:40.022,416.8812353592413,12
2024-09-16 11:35:40.035,416.8117140789103,11
2024-09-16 11:35:40.051,416.8746240226778,101
2024-09-16 11:35:40.099,416.8343468046534,99
2024-09-16 11:35:40.099,416.7988845236296,95
2024-09-16 11:35:40.101,416.8073105832662,10
2024-09-16 11:35:40.188,-416.844083149553,102
2024-09-16 11:35:40.266,416.8771996570094,13
2024-09-16 11:35:40.419,416.871025597097,97
2024-09-16 11:35:40.487,416.8661003944919,11
2024-09-16 11:35:40.515,416.8328389290561,100
2024-09-16 11:35:40.620,416.8648647903453,1000
2024-09-16 11:35:40.650,416.8236917809828,998
2024-09-16 11:35:40.673,416.8417973827842,9
2024-09-16 11:35:40.682,416.8223390980417,5
2024-09-16 11:35:40.732,416.80577276204536,6
2024-09-16 11:35:40.750,416.8062727804895,15
2024-09-16 11:35:40.819,416.8066107500738,997
2024-09-16 11:35:40.820,416.8246640197664,102
2024-09-16 11:35:40.820,416.83407235724087,998
2024-09-16 11:35:40.840,416.8131442680144,1004
2024-09-16 11:35:40.881,416.8790636597104,1005
2024-09-16 11:35:41.061,416.872751427164,100
2024-09-16 11:35:41.064,416.87714040601065,1001
2024-09-16 11:35:41.107,-416.8919445886562,1002
2024-09-16 11:35:41.184,416.8726114165187,998
2024-09-16 11:35:41.189,,96
2024-09-16 11:35:41.258,416.8850019781165,1001
2024-09-16 11:35:41.260,416.8911342230397,1001
2024-09-16 11:35:41.319,416.84620035973006,14
2024-09-16 11:35:41.393,416.8721858334409,1004
2024-09-16 11:35:41.425,416.89310409150175,1004
2024-09-16 11:35:41.458,416.8823127109348,9
2024-09-16 11:35:41.463,416.9078685999342,1001
2024-09-16 11:35:41.525,416.8807004795826,997
2024-09-16 11:35:41.596,416.8151743410064,998
2024-09-16 11:35:41.689,416.88456406847126,102
2024-09-16 11:35:41.692,416.8197886962834,7
2024-09-16 11:35:41.825,416.82005388892526,14
2024-09-16 11:35:41.852,416.8887659320705,13
2024-09-16 11:35:41.857,416.8284584228055,98
2024-09-16 11:35:41.948,416.8422630583117,10
2024-09-16 11:35:41.961,416.8193937201268,101
2024-09-16 11:35:41.985,416.8740842154194,1002
2024-09-16 11:35:41.999,416.8876111742937,97
2024-09-16 11:35:41.999,416.88879477265215,1001
2024-09-16 11:35:42.070,416.9048193176763,998
2024-09-16 11:35:42.073,416.8794919523787,13
2024-09-16 11:35:42.076,416.9056827327932,6
2024-09-16 11:35:42.219,416.91871786459086,14
2024-09-16 11:35:42.231,416.90532029911617,1000
2024-09-16 11:35:42.237,416.9102944764442,103
2024-09-16 11:35:42.315,416.9281553880415,9
2024-09-16 11:35:42.315,416.8997786215043,995
2024-09-16 11:35:42.318,416.9029867810805,96
2024-09-16 11:35:42.354,416.86988963498834,96
2024-09-16 11:35:42.379,416.8822122625247,1001
2024-09-16 11:35:42.391,416.9190343573452,11
2024-09-16 11:35:42.400,416.9065293057313,996
2024-09-16 11:35:42.530,416.9406934436499,13
2024-09-16 11:35:42.562,-416.94375632242526,104
2024-09-16 11:35:42.586,416.9137454896243,15
2024-09-16 11:35:42.604,416.8690463802769,1000
2024-09-16 11:35:42.610,416.9218513891371,998
2024-09-16 11:35:42.641,416.9090379874201,12
2024-09-16 11:35:42.643,416.897813425485,996
2024-09-16 11:35:42.701,416.8748318619456,1003
2024-09-16 11:35:42.713,416.94943437736606,9
2024-09-16 11:35:42.749,416.878265354998,1000
2024-09-16 11:35:42.805,416.9084878682048,104
2024-09-16 11:35:42.819,416.8911432898592,99
2024-09-16 11:35:42.824,416.9164710947744,11
2024-09-16 11:35:42.866,416.8830662972014,15
2024-09-16 11:35:42.963,,14
2024-09-16 11:35:43.074,416.9492442691183,99
2024-09-16 11:35:43.253,416.9132140547813,995
2024-09-16 11:35:43.259,416.91380516796414,998
2024-09-16 11:35:43.283,416.9199996585207,9
2024-09-16 11:35:43.319,416.9005339147503,97
2024-09-16 11:35:43.471,416.9143042521852,105
2024-09-16 11:35:43.501,416.9563359715677,13
2024-09-16 11:35:43.515,416.93406870186686,998
2024-09-16 11:35:43.530,416.92081163648015,7
2024-09-16 11:35:43.654,416.94230261692405,100
2024-09-16 11:35:43.668,416.89550952245855,1000
2024-09-16 11:35:43.794,416.95916731557736,96
2024-09-16 11:35:43.900,416.9219813118832,97
2024-09-16 11:35:44.012,,102
2024-09-16 11:35:44.026,416.9506462566959,95
2024-09-16 11:35:44.037,416.92431222311234,103
2024-09-16 11:35:44.116,416.9561753546019,8
2024-09-16 11:35:44.159,416.9396764364234,13
2024-09-16 11:35:44.361,416.97201409341176,95
2024-09-16 11:35:44.438,416.9854336996148,1004
2024-09-16 11:35:44.657,416.96853018172817,97
2024-09-16 11:35:44.772,416.94031280297327,11
2024-09-16 11:35:44.855,416.9397189345988,1002
2024-09-16 11:35:44.872,416.9376935997103,999
2024-09-16 11:35:45.485,416.980151096091,96
2024-09-16 11:35:45.861,416.99127193249217,104
2024-09-16 11:35:45.928,417.0108430133053,9
2024-09-16 11:35:46.002,417.03533792033977,98
2024-09-16 11:35:46.005,417.0439722172534,12
2024-09-16 11:35:46.010,417.0593512311526,1005
2024-09-16 11:35:46.027,417.0565324954378,15
2024-09-16 11:35:46.104,417.0510447777834,101
2024-09-16 11:35:46.108,417.00068281961455,95
2024-09-16 11:35:46.118,417.050922681541,105
2024-09-16 11:35:46.154,417.0757145366521,1000
2024-09-16 11:35:46.159,417.0218755113871,8
2024-09-16 11:35:46.189,416.9951156778116,996
2024-09-16 11:35:46.199,417.05594483305407,100
2024-09-16 11:35:46.224,417.00448409212055,13
2024-09-16 11:35:46.287,417.0402305881959,1002
2024-09-16 11:35:46.465,417.0067152209053,15
2024-09-16 11:35:46.480,417.0245720538092,101
2024-09-16 11:35:46.560,417.0094453995169,101
2024-09-16 11:35:46.571,417.0166178447853,996
2024-09-16 11:35:46.591,417.022349726732,1005
2024-09-16 11:35:46.712,417.0385098556825,6
2024-09-16 11:35:46.724,417.0068329392212,14
2024-09-16 11:35:46.749,417.0012885890232,102
2024-09-16 11:35:46.785,416.9997042413535,102
2024-09-16 11:35:46.809,417.0116731042042,999
2024-09-16 11:35:46.829,417.0009369407279,12
2024-09-16 11:35:46.873,417.0480737604085,12
2024-09-16 11:35:46.876,417.0256068438568,97
2024-09-16 11:35:46.924,417.048364318988,103
2024-09-16 11:35:46.933,417.0089687525717,99
2024-09-16 11:35:47.047,417.0282554483911,1005
2024-09-16 11:35:47.090,417.0490743895827,1001
2024-09-16 11:35:47.164,417.0898502964687,1004
2024-09-16 11:35:47.296,417.0655358899521,7
2024-09-16 11:35:47.351,417.0572769728442,15
2024-09-16 11:35:47.358,417.0549129331582,1003
2024-09-16 11:35:47.360,417.0602746845949,6
2024-09-16 11:35:47.414,417.0362955980802,7
2024-09-16 11:35:47.464,417.0616874955052,995
2024-09-16 11:35:47.468,417.062621622547,9
2024-09-16 11:35:47.473,417.0224298543261,104
2024-09-16 11:35:47.514,417.04325252657713,6
2024-09-16 11:35:47.596,417.0963467564423,1003
2024-09-16 11:35:47.677,417.0448758896931,97
2024-09-16 11:35:47.683,417.0619991715407,1005
2024-09-16 11:35:47.759,417.072078548156,6
2024-09-16 11:35:47.759,417.0662828640675,1003
2024-09-16 11:35:47.768,417.0597353454808,101
2024-09-16 11:35:47.774,417.0751601221391,9
2024-09-16 11:35:47.800,417.059273284486,12
2024-09-16 11:35:47.839,417.0302493979122,1003
2024-09-16 11:35:47.966,417.0602530642138,1001
2024-09-16 11:35:48.231,417.05363009101467,8
2024-09-16 11:35:48.453,417.064956579189,11
2024-09-16 11:35:48.603,417.0718737024794,1005
2024-09-16 11:35:48.867,417.0718591250093,5
2024-09-16 11:35:48.964,417.05800558540017,95
2024-09-16 11:35:49.055,417.0530784062471,9
2024-09-16 11:35:49.180,417.0122200660144,95
2024-09-16 11:35:49.354,-417.0381189896499,1000
2024-09-16 11:35:49.393,417.02125733442193,1002
2024-09-16 11:35:49.629,417.02479182946206,999
2024-09-16 11:35:49.840,417.0395820127391,11
2024-09-16 11:35:49.865,417.0488042868045,14
2024-09-16 11:35:49.885,417.01877301860907,5
2024-09-16 11:35:49.930,417.016868203096,997
2024-09-16 11:35:50.118,417.03729370444654,11
2024-09-16 11:35:50.246,417.0331796306703,99
2024-09-16 11:35:50.285,417.04526708718913,1002
2024-09-16 11:35:50.325,417.02423302099606,101
2024-09-16 11:35:50.341,417.0365086314129,103
2024-09-16 11:35:50.571,417.0414177754973,13
2024-09-16 11:35:50.668,417.0314804556537,13
2024-09-16 11:35:50.687,417.0532683241855,103
2024-09-16 11:35:50.687,416.9927823478885,999
2024-09-16 11:35:50.756,417.0377255276532,103
2024-09-16 11:35:50.783,417.0404569825864,98
2024-09-16 11:35:50.808,417.0407614815218,104
2024-09-16 11:35:50.845,417.0136305971821,996
2024-09-16 11:35:50.885,417.0089240856864,6
2024-09-16 11:35:50.914,417.0459614673788,12
2024-09-16 11:35:50.964,417.0447876371816,11
2024-09-16 11:35:50.970,417.0435080944928,95
2024-09-16 11:35:51.063,417.0819379164647,10
2024-09-16 11:35:51.067,417.0941771476132,102
2024-09-16 11:35:51.324,417.12030840014177,10
2024-09-16 11:35:51.332,417.1308277656119,5
2024-09-16 11:35:51.369,417.12653115604047,104
2024-09-16 11:35:51.483,417.0578490925366,105
2024-09-16 11:35:51.508,417.1164445571688,103
2024-09-16 11:35:51.518,417.0797271690808,999
2024-09-16 11:35:51.590,417.0891827878028,996
2024-09-16 11:35:51.674,417.0859993509196,101
2024-09-16 11:35:51.696,417.1215145950213,995
2024-09-16 11:35:51.716,417.0927658506117,97
2024-09-16 11:35:51.821,417.08610613489,14
2024-09-16 11:35:51.864,417.1197371485121,6
2024-09-16 11:35:52.498,417.1253107988217,96
2024-09-16 11:35:52.701,417.1632247943545,1005
2024-09-16 11:35:52.750,417.1414146271196,10
2024-09-16 11:35:52.784,417.17742233507056,7
2024-09-16 11:35:52.839,417.15177967888326,98
2024-09-16 11:35:52.851,417.1249148676754,15
2024-09-16 11:35:52.942,417.145935131258,96
2024-09-16 11:35:53.024,417.1682848207354,1002
2024-09-16 11:35:53.025,417.1809564593233,5
2024-09-16 11:35:53.115,417.1748400721757,101
2024-09-16 11:35:53.119,417.1865296045706,12
2024-09-16 11:35:53.124,417.1948434977113,9
2024-09-16 11:35:53.152,417.16948680670487,1004
2024-09-16 11:35:53.186,417.18900338859714,999
2024-09-16 11:35:53.196,417.19684573293193,14
2024-09-16 11:35:53.199,417.1751052632645,12
2024-09-16 11:35:53.231,417.188083501149,7
2024-09-16 11:35:53.267,417.1577692497293,101
2024-09-16 11:35:53.277,417.1675475405695,5
2024-09-16 11:35:53.461,417.1636684002001,6
2024-09-16 11:35:53.470,417.1582852297423,15
2024-09-16 11:35:53.590,417.1744533425036,15
2024-09-16 11:35:53.601,417.1453302673016,105
2024-09-16 11:35:53.703,417.2087587136247,999
2024-09-16 11:35:53.739,417.1667164687127,8
2024-09-16 11:35:53.757,417.2018309600845,996
2024-09-16 11:35:53.768,417.167732737273,1000
2024-09-16 11:35:53.774,417.1449919713301,103
2024-09-16 11:35:53.778,417.17475478341606,96
2024-09-16 11:35:53.958,417.2079670611122,996
2024-09-16 11:35:53.961,417.1728620114046,105
2024-09-16 11:35:53.990,417.1958666393191,105
2024-09-16 11:35:54.142,417.2035119718432,96
2024-09-16 11:35:54.318,417.1795603141591,8
2024-09-16 11:35:54.389,417.1877187730462,1003
2024-09-16 11:35:54.407,417.18244275227136,100
2024-09-16 11:35:54.408,417.18519564457534,13
2024-09-16 11:35:54.424,417.1731814417641,9
2024-09-16 11:35:54.851,417.18173372899406,15
2024-09-16 11:35:54.856,417.1896377016627,95
2024-09-16 11:35:55.600,417.2147376241107,997
2024-09-16 11:35:55.717,417.2222326540684,1000
2024-09-16 11:35:55.900,417.2083210973979,100
2024-09-16 11:35:55.947,417.214002981999,102
2024-09-16 11:35:56.080,417.2225191488142,1000
2024-09-16 11:35:56.126,417.18849253908354,10
2024-09-16 11:35:56.239,417.23147133655294,1002
2024-09-16 11:35:56.376,417.1919491211263,5
2024-09-16 11:35:56.660,417.2119926661257,96
2024-09-16 11:35:56.672,,10
2024-09-16 11:35:56.864,417.1849413435132,104
2024-09-16 11:35:56.948,417.1994263611638,104
2024-09-16 11:35:56.958,417.2347575101304,11
2024-09-16 11:35:57.221,417.2441007292988,12
2024-09-16 11:35:57.225,417.2516926258725,105
2024-09-16 11:35:57.261,417.2498460070789,98
2024-09-16 11:35:57.350,417.2231621167156,1004
2024-09-16 11:35:57.352,-417.2435449016652,999
2024-09-16 11:35:57.360,417.2400707888674,97
2024-09-16 11:35:57.365,417.287958437633,95
2024-09-16 11:35:57.473,417.24342408798304,996
2024-09-16 11:35:57.480,417.2341186049811,101
2024-09-16 11:35:57.489,417.2470002073699,998
2024-09-16 11:35:57.534,417.2297844427845,996
2024-09-16 11:35:57.549,417.26190394742537,1004
2024-09-16 11:35:57.605,417.24415321265184,8
2024-09-16 11:35:57.631,417.2571954049841,98
2024-09-16 11:35:57.672,417.2447251533965,15
2024-09-16 11:35:57.760,417.2465693900404,9
2024-09-16 11:35:57.777,417.2647102936672,99
2024-09-16 11:35:58.198,417.3081183927825,11
2024-09-16 11:35:58.255,417.2886454706178,9
2024-09-16 11:35:58.361,417.3294445175644,997
2024-09-16 11:35:58.404,417.3041121884037,996
2024-09-16 11:35:58.639,417.30074584283614,1004
2024-09-16 11:35:59.006,417.3779623698407,97
2024-09-16 11:35:59.076,417.3830293513112,105
2024-09-16 11:35:59.133,417.380863117752,104
2024-09-16 11:35:59.200,417.3710426001408,100
2024-09-16 11:35:59.217,417.38323148243785,1003
2024-09-16 11:35:59.259,417.3750855268576,996
2024-09-16 11:35:59.570,417.3883161867141,1002
2024-09-16 11:35:59.605,417.38680458401655,99
2024-09-16 11:35:59.670,417.3757095877938,995
2024-09-16 11:35:59.741,417.3853078826256,1001
2024-09-16 11:35:59.832,417.3758475112706,12
2024-09-16 11:35:59.841,417.3451795006335,15
2024-09-16 11:35:59.881,417.3861209743183,103
2024-09-16 11:35:59.945,417.36396724500577,997
2024-09-16 11:35:59.968,417.3817546797232,97
