Timestamp,Price,Size
2024-09-17 10:27:00.086,414.122931459868,996
2024-09-17 10:27:00.116,414.1535963710033,10
2024-09-17 10:27:00.132,414.1202036935082,101
2024-09-17 10:27:00.136,414.102335667826,105
2024-09-17 10:27:00.144,414.12846123625735,1002
2024-09-17 10:27:00.179,414.1066692589898,102
2024-09-17 10:27:00.280,414.1621402598503,96
2024-09-17 10:27:00.291,414.115050593625,5
2024-09-17 10:27:00.329,414.1099928114468,13
2024-09-17 10:27:00.380,414.11592430286447,102
2024-09-17 10:27:00.574,414.115577260061,1004
2024-09-17 10:27:00.656,414.12527132886936,1001
2024-09-17 10:27:00.918,414.1131046179768,104
2024-09-17 10:27:00.934,414.11337518455167,11
2024-09-17 10:27:00.935,414.1484508611272,999
2024-09-17 10:27:00.936,414.0999017971632,99
2024-09-17 10:27:02.067,414.0703103582834,10
2024-09-17 10:27:02.218,414.07575097003934,1001
2024-09-17 10:27:02.482,414.0677982054881,11
2024-09-17 10:27:02.639,414.0570511480229,98
2024-09-17 10:27:02.765,414.07249964584446,1001
2024-09-17 10:27:02.834,414.07945857443246,15
2024-09-17 10:27:02.856,414.0733310620586,1002
2024-09-17 10:27:02.897,414.0892971904448,105
2024-09-17 10:27:02.998,414.0888471870408,7
2024-09-17 10:27:03.007,414.0967382554095,95
2024-09-17 10:27:03.041,414.1225086201765,13
2024-09-17 10:27:03.082,414.0826513220286,97
2024-09-17 10:27:03.099,414.08466265826894,101
2024-09-17 10:27:03.117,414.0781788849296,9
2024-09-17 10:27:03.337,414.1131872043441,995
2024-09-17 10:27:03.365,414.08819123198833,95
2024-09-17 10:27:03.437,414.09890880110765,98
2024-09-17 10:27:03.509,414.12247272605487,95
2024-09-17 10:27:03.517,414.1249176693715,103
2024-09-17 10:27:03.562,414.092031833469,103
2024-09-17 10:27:03.660,414.1264698009122,98
2024-09-17 10:27:03.685,414.1048579326632,100
2024-09-17 10:27:03.708,414.14671042621694,10
2024-09-17 10:27:03.733,414.0715703071344,1004
2024-09-17 10:27:03.747,414.0856276325436,14
2024-09-17 10:27:03.769,414.1182272440536,97
2024-09-17 10:27:03.809,414.0781420865271,98
2024-09-17 10:27:03.847,414.1152128888932,102
2024-09-17 10:27:03.899,414.13106518041184,105
2024-09-17 10:27:03.902,414.1122466669201,996
2024-09-17 10:27:03.987,414.1205929513431,999
2024-09-17 10:27:04.110,414.1416369119998,1000
2024-09-17 10:27:04.134,414.1142638169181,14
2024-09-17 10:27:04.227,414.150061568317,1004
2024-09-17 10:27:04.329,414.1222084990577,998
2024-09-17 10:27:04.527,414.1261592816463,95
2024-09-17 10:27:04.536,414.1146376425064,11
2024-09-17 10:27:04.543,414.0889357529577,99
2024-09-17 10:27:04.600,414.13879270256353,1003
2024-09-17 10:27:04.609,414.11404404970506,1003
2024-09-17 10:27:04.635,414.0930921724824,5
2024-09-17 10:27:04.709,414.12857182503416,1002
2024-09-17 10:27:04.713,414.076776129879,12
2024-09-17 10:27:04.847,414.0944882625189,998
2024-09-17 10:27:04.878,414.13857187429016,1004
2024-09-17 10:27:04.968,414.1072942798077,6
2024-09-17 10:27:05.078,414.05152965794,105
2024-09-17 10:27:05.098,414.04264811375776,1003
2024-09-17 10:27:05.114,414.06012719867687,103
2024-09-17 10:27:05.151,413.98222643289927,96
2024-09-17 10:27:05.166,414.0554830429272,13
2024-09-17 10:27:05.226,413.9926588934684,95
2024-09-17 10:27:05.408,414.04133388821566,8
2024-09-17 10:27:05.429,414.034747349903,5
2024-09-17 10:27:05.444,414.036063036451,97
2024-09-17 10:27:05.481,414.0520085582149,13
2024-09-17 10:27:05.497,414.0413871470343,98
2024-09-17 10:27:05.528,414.0580264945264,1000
2024-09-17 10:27:05.546,41.40586456798472,10
2024-09-17 10:27:05.597,414.0248413859386,11
2024-09-17 10:27:05.741,414.045775680118,99
2024-09-17 10:27:05.786,414.07088294116295,99
2024-09-17 10:27:05.813,414.0562432115312,1003
2024-09-17 10:27:05.818,414.0344919642244,996
2024-09-17 10:27:05.818,413.970064847085,995
2024-09-17 10:27:05.838,414.0650227010694,11
2024-09-17 10:27:05.839,414.0434879740667,12
2024-09-17 10:27:05.841,414.0035288917276,8
2024-09-17 10:27:05.849,413.9889935058453,12
2024-09-17 10:27:05.911,414.02244251167167,9
2024-09-17 10:27:05.924,414.0345116017255,7
2024-09-17 10:27:05.968,414.0603378975926,102
2024-09-17 10:27:06.053,414.0791213928996,100
2024-09-17 10:27:06.090,414.0422630920138,997
2024-09-17 10:27:06.115,414.0120398039261,1005
2024-09-17 10:27:06.128,414.00651586394696,10
2024-09-17 10:27:06.139,414.0383215896418,102
2024-09-17 10:27:06.177,414.0009232167933,9
2024-09-17 10:27:06.211,414.0077897987625,999
2024-09-17 10:27:06.220,414.0679120540054,999
2024-09-17 10:27:06.226,413.98990826643296,97
2024-09-17 10:27:06.231,414.0724408895597,998
2024-09-17 10:27:06.262,414.0610264547237,98
2024-09-17 10:27:06.304,414.023988443002,95
2024-09-17 10:27:06.408,414.0516177201068,997
2024-09-17 10:27:06.472,414.0267213877479,999
2024-09-17 10:27:06.577,413.9995467802388,103
2024-09-17 10:27:06.595,414.0567541932131,7
2024-09-17 10:27:06.621,414.057256286768,8
2024-09-17 10:27:06.645,413.9781664850994,103
2024-09-17 10:27:06.757,413.9869163474197,11
2024-09-17 10:27:06.822,413.9906752582903,15
2024-09-17 10:27:06.880,414.0021923352563,997
2024-09-17 10:27:06.986,414.0053178152846,97
2024-09-17 10:27:07.103,414.0934189890187,105
2024-09-17 10:27:07.110,414.094349639113,1005
2024-09-17 10:27:07.127,414.0536703315851,96
2024-09-17 10:27:07.141,414.0897032306808,996
2024-09-17 10:27:07.144,413.9885013069754,1001
2024-09-17 10:27:07.335,41.39901482009969,9
2024-09-17 10:27:07.379,413.9897792041154,95
2024-09-17 10:27:07.430,414.098318232529,13
2024-09-17 10:27:07.485,413.9828459272827,995
2024-09-17 10:27:07.568,414.10679106524407,14
2024-09-17 10:27:07.574,414.0198569348713,995
2024-09-17 10:27:07.685,414.1006091432984,996
2024-09-17 10:27:07.717,414.1135919818553,12
2024-09-17 10:27:07.790,414.0866494759427,99
2024-09-17 10:27:07.792,414.129355628006,997
2024-09-17 10:27:07.839,414.005515777874,1004
2024-09-17 10:27:07.876,414.0316192949332,15
2024-09-17 10:27:07.956,414.0863713405999,6
2024-09-17 10:27:08.060,414.1352796920853,5
2024-09-17 10:27:08.074,414.1119160833852,997
2024-09-17 10:27:08.189,414.10003240439454,1000
2024-09-17 10:27:08.215,414.0960472334559,996
2024-09-17 10:27:08.296,414.18251734084447,1004
2024-09-17 10:27:08.398,414.1513582269221,1003
2024-09-17 10:27:08.461,414.1951645813178,998
2024-09-17 10:27:08.486,414.086078123713,98
2024-09-17 10:27:08.487,414.11375599806746,100
2024-09-17 10:27:08.509,414.127023407037,96
2024-09-17 10:27:08.511,414.1953976769096,1000
2024-09-17 10:27:08.512,414.1179993306244,11
2024-09-17 10:27:08.562,414.173187728243,995
2024-09-17 10:27:08.563,414.1044723632446,15
2024-09-17 10:27:08.612,414.2097364907965,100
2024-09-17 10:27:08.624,414.12327719478907,7
2024-09-17 10:27:08.630,414.1163318918651,12
2024-09-17 10:27:08.648,414.1803492515916,8
2024-09-17 10:27:08.656,414.1958876556135,98
2024-09-17 10:27:08.718,414.0950118702988,98
2024-09-17 10:27:08.734,414.17594039097,995
2024-09-17 10:27:08.927,414.13317524821167,103
2024-09-17 10:27:08.960,414.0988067936987,97
2024-09-17 10:27:09.113,414.2129402589671,999
2024-09-17 10:27:09.113,414.2040071815706,102
2024-09-17 10:27:09.127,41.424519142591485,14
2024-09-17 10:27:09.164,414.2610309724439,103
2024-09-17 10:27:09.198,414.2092219446974,8
2024-09-17 10:27:09.227,414.2465074378828,1001
2024-09-17 10:27:09.248,414.2309990425873,1004
2024-09-17 10:27:09.286,414.2249949575472,98
2024-09-17 10:27:09.347,414.218847296701,100
2024-09-17 10:27:09.351,414.21327363653336,13
2024-09-17 10:27:09.458,414.2322509760373,1000
2024-09-17 10:27:09.604,414.2183856983957,6
2024-09-17 10:27:09.649,414.2478493729802,1000
2024-09-17 10:27:09.663,414.2255826862835,1002
2024-09-17 10:27:09.673,414.2565168173242,95
2024-09-17 10:27:09.692,414.2596522902472,10
2024-09-17 10:27:09.700,414.21922667075467,98
2024-09-17 10:27:09.704,414.21973246029455,995
2024-09-17 10:27:09.747,414.2275569313703,1005
2024-09-17 10:27:09.756,41.42515572990828,998
2024-09-17 10:27:09.796,414.2516172636454,104
2024-09-17 10:27:09.815,414.2493497656983,1000
2024-09-17 10:27:09.841,414.2335155611007,1003
2024-09-17 10:27:09.966,414.2096870952978,10
2024-09-17 10:27:10.072,414.2179317946679,999
2024-09-17 10:27:10.199,414.2506025698378,7
2024-09-17 10:27:11.013,414.1560484368434,1000
2024-09-17 10:27:11.113,414.1700960765271,97
2024-09-17 10:27:11.132,414.2124940452912,998
2024-09-17 10:27:11.164,414.1394985273021,105
2024-09-17 10:27:11.199,414.1846086470856,99
2024-09-17 10:27:11.228,414.1839548839778,105
2024-09-17 10:27:11.228,414.1619357719099,9
2024-09-17 10:27:11.247,414.19625164336816,1005
2024-09-17 10:27:11.271,414.1692251316222,10
2024-09-17 10:27:11.321,414.1353930033921,1003
2024-09-17 10:27:11.340,414.1713472029708,15
2024-09-17 10:27:11.417,414.1923920810856,10
2024-09-17 10:27:11.423,414.15131901695054,13
2024-09-17 10:27:11.430,414.1723396338961,102
2024-09-17 10:27:11.506,414.1608378013906,1001
2024-09-17 10:27:11.513,414.1869893073553,1003
2024-09-17 10:27:11.558,414.1267413082667,1002
2024-09-17 10:27:11.572,414.196693901725,999
2024-09-17 10:27:11.677,414.1449256549034,7
2024-09-17 10:27:11.692,414.1682331924765,104
2024-09-17 10:27:11.760,414.21797107553647,1002
2024-09-17 10:27:11.769,414.2284586041985,11
2024-09-17 10:27:11.773,414.1588729132905,999
2024-09-17 10:27:11.817,414.1617380209646,103
2024-09-17 10:27:11.886,414.1661935511555,9
2024-09-17 10:27:11.922,414.17435187764426,9
2024-09-17 10:27:11.993,41.41647943413824,103
2024-09-17 10:27:12.002,414.1562970945519,102
2024-09-17 10:27:12.035,414.140846286228,13
2024-09-17 10:27:12.180,414.1303797293257,105
2024-09-17 10:27:12.337,414.1553430828135,99
2024-09-17 10:27:12.399,414.1567158752655,997
2024-09-17 10:27:12.565,414.1530704675059,11
2024-09-17 10:27:12.589,-414.1238064870313,97
2024-09-17 10:27:12.832,414.1548662127118,104
2024-09-17 10:27:12.866,414.1673654709346,999
2024-09-17 10:27:12.927,414.148852716486,102
2024-09-17 10:27:13.391,414.1660332623279,1001
2024-09-17 10:27:13.628,414.1675216153353,1004
2024-09-17 10:27:14.126,414.2018623027096,998
2024-09-17 10:27:14.177,414.2039166706959,10
2024-09-17 10:27:14.272,414.161898177324,998
2024-09-17 10:27:14.290,414.1990227194029,996
2024-09-17 10:27:14.405,414.1955641004304,99
2024-09-17 10:27:14.456,414.1684577305763,105
2024-09-17 10:27:14.526,41.42069243546167,97
2024-09-17 10:27:14.645,414.1758104564236,997
2024-09-17 10:27:14.676,414.20180138960006,14
2024-09-17 10:27:14.742,41.420286335102304,104
2024-09-17 10:27:14.765,414.2028812256288,995
2024-09-17 10:27:14.867,414.1943954067762,11
2024-09-17 10:27:14.913,414.20263943073365,1001
2024-09-17 10:27:15.038,414.1546024980127,96
2024-09-17 10:27:15.100,414.1947070064829,98
2024-09-17 10:27:15.173,414.1753205675642,1002
2024-09-17 10:27:15.200,414.1864245895115,12
2024-09-17 10:27:15.243,414.14561872504896,105
2024-09-17 10:27:15.446,414.2171787175468,8
2024-09-17 10:27:15.560,414.1860963974266,15
2024-09-17 10:27:15.685,414.20523825245743,998
2024-09-17 10:27:15.692,,15
2024-09-17 10:27:15.797,414.22907017909984,995
2024-09-17 10:27:15.799,414.2163950183106,8
2024-09-17 10:27:15.835,414.23102042872017,105
2024-09-17 10:27:15.842,414.1655698922238,13
2024-09-17 10:27:15.931,414.1971947778664,95
2024-09-17 10:27:16.154,414.2863864061137,95
2024-09-17 10:27:16.200,414.3022039423916,95
2024-09-17 10:27:16.247,414.2714451096667,1003
2024-09-17 10:27:16.301,414.2829408141464,9
2024-09-17 10:27:16.314,414.2855679848861,996
2024-09-17 10:27:16.509,414.2685001328472,9
2024-09-17 10:27:16.680,414.2496035080754,1005
2024-09-17 10:27:16.693,414.2942919368775,1001
2024-09-17 10:27:16.727,414.2907496747857,7
2024-09-17 10:27:16.730,414.2295624723753,1002
2024-09-17 10:27:16.733,414.26201400032176,6
2024-09-17 10:27:16.820,414.2531427699781,999
2024-09-17 10:27:16.847,414.25955665947066,105
2024-09-17 10:27:16.862,414.2659826486124,102
2024-09-17 10:27:16.918,414.2197380996666,103
2024-09-17 10:27:16.940,414.27112826041633,101
2024-09-17 10:27:17.025,414.2816744708792,1003
2024-09-17 10:27:17.173,414.257404775528,1001
2024-09-17 10:27:17.225,414.2785563099196,10
2024-09-17 10:27:17.273,414.2754691382826,100
2024-09-17 10:27:17.646,414.301192605613,9
2024-09-17 10:27:17.700,414.259851593145,1001
2024-09-17 10:27:18.019,414.2401650018672,7
2024-09-17 10:27:18.090,414.2602294155124,100
2024-09-17 10:27:18.134,414.2890637848262,8
2024-09-17 10:27:18.186,414.2741334975823,11
2024-09-17 10:27:18.235,,15
2024-09-17 10:27:18.266,414.275920703597,15
2024-09-17 10:27:18.320,414.2818825359355,1000
2024-09-17 10:27:18.447,414.3125372536928,105
2024-09-17 10:27:18.480,414.270261154039,98
2024-09-17 10:27:18.492,414.2672454760647,102
2024-09-17 10:27:18.497,414.28254009447744,101
2024-09-17 10:27:18.520,414.25101972383175,1001
2024-09-17 10:27:18.542,414.29461720111846,8
2024-09-17 10:27:18.583,414.3086819849002,95
2024-09-17 10:27:18.833,414.2889866409195,104
2024-09-17 10:27:18.882,414.2764287845122,7
2024-09-17 10:27:18.892,414.2486100067325,15
2024-09-17 10:27:18.910,414.2731739760914,1005
2024-09-17 10:27:19.011,414.1949286952376,10
2024-09-17 10:27:19.013,414.21329201557074,105
2024-09-17 10:27:19.691,414.22628061141495,996
2024-09-17 10:27:19.691,414.22816845536624,105
2024-09-17 10:27:19.828,414.2078030736835,103
2024-09-17 10:27:19.903,414.24233105933126,997
2024-09-17 10:27:20.367,414.1698281478763,9
2024-09-17 10:27:20.919,414.18527935604016,99
2024-09-17 10:27:20.995,414.1781602633709,1000
2024-09-17 10:27:21.130,414.0734376595525,1002
2024-09-17 10:27:21.143,414.1110448365964,1004
2024-09-17 10:27:21.148,414.1665732400269,1001
2024-09-17 10:27:21.158,414.103164191029,1000
2024-09-17 10:27:21.171,414.16578657781184,101
2024-09-17 10:27:21.197,414.08657426909474,97
2024-09-17 10:27:21.238,414.1284252821516,998
2024-09-17 10:27:21.248,414.0663157005971,101
2024-09-17 10:27:21.263,414.1635249961792,15
2024-09-17 10:27:21.278,414.08828273477474,6
2024-09-17 10:27:21.299,414.1903667705552,998
2024-09-17 10:27:21.326,414.18142617644673,102
2024-09-17 10:27:21.340,414.1491285036471,14
2024-09-17 10:27:21.347,414.15820466596017,996
2024-09-17 10:27:21.429,414.1815422281474,105
2024-09-17 10:27:21.448,414.0755301620419,12
2024-09-17 10:27:21.557,414.0996918721007,13
2024-09-17 10:27:21.571,414.1162663162364,1003
2024-09-17 10:27:21.610,414.13019059708967,15
2024-09-17 10:27:21.621,414.158557608833,103
2024-09-17 10:27:21.635,414.19606662778006,6
2024-09-17 10:27:21.774,414.1774899595902,1004
2024-09-17 10:27:21.905,414.09028698438624,1004
2024-09-17 10:27:21.956,414.08869840164056,1000
2024-09-17 10:27:22.033,414.0724724141691,99
2024-09-17 10:27:22.096,414.10496631100233,9
2024-09-17 10:27:22.325,414.0884176377511,6
2024-09-17 10:27:22.349,414.0876952950191,96
2024-09-17 10:27:22.365,414.087453077099,104
2024-09-17 10:27:22.487,414.0800032714175,98
2024-09-17 10:27:22.918,414.0842341442468,10
2024-09-17 10:27:23.006,414.07656969686303,5
2024-09-17 10:27:23.072,414.134601887289,12
2024-09-17 10:27:23.097,414.1309506086663,1003
2024-09-17 10:27:23.120,414.1618279262078,96
2024-09-17 10:27:23.128,414.10730003106187,7
2024-09-17 10:27:23.218,414.1822257120545,1002
2024-09-17 10:27:23.229,41.41502938849317,103
2024-09-17 10:27:23.259,414.0778292227981,1000
2024-09-17 10:27:23.411,414.1152949116066,9
2024-09-17 10:27:23.464,414.1325154154495,97
2024-09-17 10:27:23.465,414.1599817009672,1003
2024-09-17 10:27:23.492,414.1334697931078,7
2024-09-17 10:27:23.513,414.1710487998232,997
2024-09-17 10:27:23.521,414.1117504589633,5
2024-09-17 10:27:23.654,414.14098355007,96
2024-09-17 10:27:23.702,414.1114699255277,97
2024-09-17 10:27:23.714,414.1719580073293,14
2024-09-17 10:27:23.777,414.0877043970343,105
2024-09-17 10:27:23.794,414.0949501055395,5
2024-09-17 10:27:23.920,414.1618749397226,8
2024-09-17 10:27:24.031,414.0820678627897,103
2024-09-17 10:27:24.032,414.1144429669336,15
2024-09-17 10:27:24.053,414.0892256770125,997
2024-09-17 10:27:24.165,414.11715302448215,6
2024-09-17 10:27:24.265,414.1118508779417,97
2024-09-17 10:27:24.270,414.0926925218771,14
2024-09-17 10:27:24.416,414.1199626508625,100
2024-09-17 10:27:24.480,414.11896734506894,101
2024-09-17 10:27:24.497,414.0950033281549,995
2024-09-17 10:27:24.618,414.0991048830269,1001
2024-09-17 10:27:24.671,414.10424045444034,100
2024-09-17 10:27:24.675,414.085824253676,7
2024-09-17 10:27:24.778,414.0767738054541,11
2024-09-17 10:27:24.803,414.0867610928943,99
2024-09-17 10:27:24.930,414.1073782962855,6
2024-09-17 10:27:25.028,414.052347607348,995
2024-09-17 10:27:25.228,414.0916851740368,13
2024-09-17 10:27:25.355,414.0463782997202,7
2024-09-17 10:27:25.414,414.0909250233215,7
2024-09-17 10:27:25.421,414.06146692605085,99
2024-09-17 10:27:25.441,414.09223766988407,11
2024-09-17 10:27:25.464,414.0621727601197,101
2024-09-17 10:27:25.489,41.40670380926756,7
2024-09-17 10:27:25.490,414.108068340916,101
2024-09-17 10:27:25.659,414.1077036760786,1002
2024-09-17 10:27:25.735,414.0819545284022,998
2024-09-17 10:27:25.821,414.04209707720617,14
2024-09-17 10:27:25.984,414.0622366106307,9
2024-09-17 10:27:26.001,414.0487065458887,98
2024-09-17 10:27:26.105,414.0607077049694,97
2024-09-17 10:27:26.121,414.07658459593614,98
2024-09-17 10:27:26.160,414.08344954684657,13
2024-09-17 10:27:26.201,414.0363382436752,1005
2024-09-17 10:27:26.222,414.0780012127262,95
2024-09-17 10:27:26.257,414.0578507224184,99
2024-09-17 10:27:26.381,414.0679082355148,6
2024-09-17 10:27:26.398,414.0551104469283,103
2024-09-17 10:27:26.476,414.03981418349736,103
2024-09-17 10:27:26.508,414.0617864126432,1001
2024-09-17 10:27:26.690,414.0708375394444,101
2024-09-17 10:27:26.774,414.0458385081408,100
2024-09-17 10:27:26.833,414.0819927612811,5
2024-09-17 10:27:26.845,414.0354304145807,99
2024-09-17 10:27:26.906,414.066266903769,999
2024-09-17 10:27:26.925,414.06669101926695,995
2024-09-17 10:27:26.984,414.0496040918429,8
2024-09-17 10:27:27.018,414.1161376765899,996
2024-09-17 10:27:27.019,414.0846734738236,999
2024-09-17 10:27:27.154,414.1375724882423,1004
2024-09-17 10:27:27.216,414.1080598841356,15
2024-09-17 10:27:27.232,414.09534774063616,1003
2024-09-17 10:27:27.245,414.12028243683926,99
2024-09-17 10:27:27.353,414.1397008317049,997
2024-09-17 10:27:27.382,414.1224993405082,7
2024-09-17 10:27:27.414,414.1078964565888,103
2024-09-17 10:27:27.416,414.1338965836289,9
2024-09-17 10:27:27.444,414.1392586949864,101
2024-09-17 10:27:27.477,414.14066155900144,1003
2024-09-17 10:27:27.553,414.1022572130373,7
2024-09-17 10:27:27.642,-414.1186160903591,105
2024-09-17 10:27:27.648,414.1317876646884,1005
2024-09-17 10:27:27.676,414.1217736818279,9
2024-09-17 10:27:27.684,414.08897247096905,995
2024-09-17 10:27:27.687,414.1242466454258,14
2024-09-17 10:27:27.757,414.1082259031302,1004
2024-09-17 10:27:27.782,414.1201456583359,1005
2024-09-17 10:27:27.809,414.0972413278756,1002
2024-09-17 10:27:27.831,414.1047275058966,101
2024-09-17 10:27:27.900,414.10181919624654,13
2024-09-17 10:27:27.951,414.0944714695409,13
2024-09-17 10:27:28.028,414.1156276063123,105
2024-09-17 10:27:28.033,414.1400853067148,100
2024-09-17 10:27:28.100,414.1165980991192,999
2024-09-17 10:27:28.112,414.112264392654,1005
2024-09-17 10:27:28.267,414.1217925632801,1001
2024-09-17 10:27:28.333,414.12461068518553,1004
2024-09-17 10:27:28.370,41.409202992936486,996
2024-09-17 10:27:28.502,414.11290416604913,105
2024-09-17 10:27:28.512,414.1154472933887,15
2024-09-17 10:27:28.531,414.1316959402105,95
2024-09-17 10:27:28.544,414.1328710779544,12
2024-09-17 10:27:28.571,414.1177550135016,13
2024-09-17 10:27:28.788,414.1166705057104,999
2024-09-17 10:27:28.950,414.09498325020246,10
2024-09-17 10:27:29.108,414.1051752028628,104
2024-09-17 10:27:29.171,414.1190522013589,1002
2024-09-17 10:27:29.174,-414.1241955387968,996
2024-09-17 10:27:29.246,414.12673180317904,96
2024-09-17 10:27:29.329,414.1121588962813,15
2024-09-17 10:27:29.448,414.1386306546506,9
2024-09-17 10:27:30.039,414.08296042806217,1003
2024-09-17 10:27:30.162,414.11281802681407,1000
2024-09-17 10:27:30.679,414.0938449534736,999
2024-09-17 10:27:30.962,414.1154077974215,15
2024-09-17 10:27:31.005,414.1098936300937,1005
2024-09-17 10:27:31.046,414.0387395988563,998
2024-09-17 10:27:31.171,414.1047184989206,1002
2024-09-17 10:27:31.197,414.09890661716406,98
2024-09-17 10:27:31.209,414.0840211711567,7
2024-09-17 10:27:31.251,414.09538122004585,8
2024-09-17 10:27:31.265,414.0716574608031,1002
2024-09-17 10:27:31.276,414.0427975881802,6
2024-09-17 10:27:31.370,414.09702734179655,9
2024-09-17 10:27:31.417,414.0795272368093,12
2024-09-17 10:27:31.462,414.0320822747808,1001
2024-09-17 10:27:31.508,414.0398144353877,998
2024-09-17 10:27:31.543,414.0852175341335,103
2024-09-17 10:27:31.557,414.0115129197072,1001
2024-09-17 10:27:31.645,414.0823012505134,7
2024-09-17 10:27:31.658,414.05865200830925,100
2024-09-17 10:27:31.696,414.0830921859423,11
2024-09-17 10:27:31.720,414.11234447537424,101
2024-09-17 10:27:31.723,414.0986396921551,997
2024-09-17 10:27:31.796,414.06255730585207,12
2024-09-17 10:27:31.812,414.095729874524,9
2024-09-17 10:27:31.818,414.0036954504755,1005
2024-09-17 10:27:32.072,414.0250661808293,99
2024-09-17 10:27:32.073,414.0325606534418,995
2024-09-17 10:27:32.119,414.0328428950216,14
2024-09-17 10:27:32.201,414.0477377437452,7
2024-09-17 10:27:32.214,414.068973020598,999
2024-09-17 10:27:32.363,414.0366528063844,95
2024-09-17 10:27:32.442,414.0120328509975,999
2024-09-17 10:27:32.532,414.036049663802,998
2024-09-17 10:27:32.600,414.0483993416739,998
2024-09-17 10:27:32.915,414.0491722885295,8
2024-09-17 10:27:33.166,414.0728931183248,14
2024-09-17 10:27:33.171,414.0614171531213,10
2024-09-17 10:27:33.220,414.0638709657368,101
2024-09-17 10:27:33.460,414.08384004968593,9
2024-09-17 10:27:33.841,414.0829886271304,5
2024-09-17 10:27:33.907,414.0777957909162,997
2024-09-17 10:27:33.974,414.10285993499673,102
2024-09-17 10:27:33.979,-414.0912672064493,999
2024-09-17 10:27:33.999,414.0765548590906,98
2024-09-17 10:27:34.049,414.1194196716735,99
2024-09-17 10:27:34.094,414.107753841385,96
2024-09-17 10:27:34.116,414.1005811037372,1003
2024-09-17 10:27:34.135,414.1593712456053,11
2024-09-17 10:27:34.179,414.12552494812405,12
2024-09-17 10:27:34.189,414.1142719089349,103
2024-09-17 10:27:34.224,414.0988777525988,14
2024-09-17 10:27:34.229,414.1254410257321,997
2024-09-17 10:27:34.263,414.1080681092902,1001
2024-09-17 10:27:34.275,414.12129318202034,9
2024-09-17 10:27:34.279,414.1222311259497,6
2024-09-17 10:27:34.353,414.1197411400074,995
2024-09-17 10:27:34.360,414.11459604154487,1001
2024-09-17 10:27:34.391,414.1330219779094,12
2024-09-17 10:27:34.422,414.10993382851126,95
2024-09-17 10:27:34.425,414.10732816134606,103
2024-09-17 10:27:34.445,414.12185936183903,105
2024-09-17 10:27:34.453,414.13689755792257,7
2024-09-17 10:27:34.582,414.1129521822981,98
2024-09-17 10:27:34.808,414.1343460364741,7
2024-09-17 10:27:34.848,414.1004283590312,8
2024-09-17 10:27:34.866,414.1453374423632,101
2024-09-17 10:27:34.969,414.1066542523144,101
2024-09-17 10:27:35.047,414.1714411645972,97
2024-09-17 10:27:35.175,414.1807503751575,9
2024-09-17 10:27:35.249,414.18186763180375,1001
2024-09-17 10:27:35.353,414.17912383285983,103
2024-09-17 10:27:35.398,414.1782431057946,1000
2024-09-17 10:27:35.453,414.1623550089734,996
2024-09-17 10:27:35.474,414.1719095782664,104
2024-09-17 10:27:35.474,414.1757304419559,996
2024-09-17 10:27:35.575,414.1822792458806,103
2024-09-17 10:27:35.713,414.1947467705036,95
2024-09-17 10:27:35.830,414.2036981955599,103
2024-09-17 10:27:35.884,414.1898196169521,96
2024-09-17 10:27:35.899,414.18441567924094,99
2024-09-17 10:27:35.923,414.1607580109661,101
2024-09-17 10:27:35.923,414.17271120954746,96
2024-09-17 10:27:35.928,414.1963057942824,99
2024-09-17 10:27:35.930,414.1763412795116,6
2024-09-17 10:27:35.931,-414.1802796989499,96
2024-09-17 10:27:35.941,414.1752650420406,998
2024-09-17 10:27:35.973,414.1723215516281,8
2024-09-17 10:27:36.102,414.1285312948167,12
2024-09-17 10:27:36.141,414.1265612085122,97
2024-09-17 10:27:36.201,414.1626567845242,1003
2024-09-17 10:27:36.203,414.10872083363375,1002
2024-09-17 10:27:36.204,414.1358853279555,1005
2024-09-17 10:27:36.275,414.1813172376339,96
2024-09-17 10:27:36.282,414.1263534003565,95
2024-09-17 10:27:36.299,414.16513957903226,1005
2024-09-17 10:27:36.349,414.151809956447,1001
2024-09-17 10:27:36.373,414.1066140191549,998
2024-09-17 10:27:36.384,414.11213315044085,7
2024-09-17 10:27:36.440,414.145168730269,12
2024-09-17 10:27:36.456,414.1447913885311,98
2024-09-17 10:27:36.458,414.1791172465305,14
2024-09-17 10:27:36.459,414.1449094342581,98
2024-09-17 10:27:36.542,41.410046933863136,11
2024-09-17 10:27:36.574,414.1553279519522,14
2024-09-17 10:27:36.637,414.082353886603,12
2024-09-17 10:27:36.637,414.10813432951466,96
2024-09-17 10:27:36.958,414.1107609346247,5
2024-09-17 10:27:36.962,414.10628768228446,7
2024-09-17 10:27:37.091,414.1223314831928,15
2024-09-17 10:27:37.202,414.1486677784132,103
2024-09-17 10:27:37.236,414.1416611092861,1003
2024-09-17 10:27:37.449,414.133872243569,101
2024-09-17 10:27:37.450,414.1503971649612,7
2024-09-17 10:27:37.462,414.1279639607597,1004
2024-09-17 10:27:37.480,414.1366937913106,12
2024-09-17 10:27:37.501,414.1233200842639,105
2024-09-17 10:27:37.505,414.1609971785622,105
2024-09-17 10:27:37.512,414.1474771042129,15
2024-09-17 10:27:37.540,414.135512145866,996
2024-09-17 10:27:37.571,414.1350584554347,1004
2024-09-17 10:27:37.591,414.12587058442193,999
2024-09-17 10:27:37.679,414.159113633102,7
2024-09-17 10:27:37.680,414.1466093914341,1003
2024-09-17 10:27:37.719,414.140117797248,12
2024-09-17 10:27:37.720,414.1256958551793,997
2024-09-17 10:27:37.731,414.1349406313168,1000
2024-09-17 10:27:37.775,414.1166059242396,99
2024-09-17 10:27:37.782,414.1426004814687,996
2024-09-17 10:27:37.802,414.1514728775627,99
2024-09-17 10:27:37.831,414.1373826120288,101
2024-09-17 10:27:37.881,414.1368800289592,98
2024-09-17 10:27:37.942,414.1295645162031,103
2024-09-17 10:27:37.969,414.1546301452461,9
2024-09-17 10:27:37.974,414.1243871738679,997
2024-09-17 10:27:38.028,414.11566867265,1005
2024-09-17 10:27:38.278,414.13265162244994,14
2024-09-17 10:27:38.452,414.12953097603526,10
2024-09-17 10:27:38.680,414.1413545902832,95
2024-09-17 10:27:38.793,414.0983652022674,96
2024-09-17 10:27:38.867,414.1084199275318,11
2024-09-17 10:27:38.946,414.1382722062891,98
2024-09-17 10:27:38.946,414.1231017115077,5
2024-09-17 10:27:40.071,414.1213108672916,95
2024-09-17 10:27:40.137,414.1547743279195,996
2024-09-17 10:27:40.235,414.131051402763,100
2024-09-17 10:27:40.361,414.1280379741585,996
2024-09-17 10:27:40.423,414.1457203178779,15
2024-09-17 10:27:40.497,414.1268750293685,105
2024-09-17 10:27:40.513,414.1102442101434,12
2024-09-17 10:27:40.525,414.13852528311713,103
2024-09-17 10:27:40.525,414.1387038061751,12
2024-09-17 10:27:40.551,,1004
2024-09-17 10:27:40.584,414.1222694542037,98
2024-09-17 10:27:40.593,414.13381195563954,6
2024-09-17 10:27:40.596,414.1310769538014,1002
2024-09-17 10:27:40.616,414.1362396904176,104
2024-09-17 10:27:40.666,414.108023835785,97
2024-09-17 10:27:40.690,414.1380753653664,100
2024-09-17 10:27:40.701,414.12859970748127,97
2024-09-17 10:27:40.759,414.1443310373281,97
2024-09-17 10:27:40.956,414.1174821248086,14
2024-09-17 10:27:42.112,414.1851267868477,8
2024-09-17 10:27:42.188,414.1861490938372,15
2024-09-17 10:27:42.559,41.42096917107271,100
2024-09-17 10:27:42.670,414.1972040039285,102
2024-09-17 10:27:42.710,414.1891605544333,999
2024-09-17 10:27:42.777,414.21582962283713,1003
2024-09-17 10:27:42.787,414.1432208726414,1005
2024-09-17 10:27:43.404,414.1719909197788,97
2024-09-17 10:27:43.768,414.1931370781726,1001
2024-09-17 10:27:44.885,414.18986205344834,100
2024-09-17 10:27:45.021,414.1789285132912,995
2024-09-17 10:27:45.077,414.1611946192465,998
2024-09-17 10:27:45.081,414.1752697764661,13
2024-09-17 10:27:45.101,414.1565541274638,997
2024-09-17 10:27:45.105,414.1617611908952,98
2024-09-17 10:27:45.110,414.1564738572956,1005
2024-09-17 10:27:45.132,414.1557368687661,1004
2024-09-17 10:27:45.134,414.1588160375686,1004
2024-09-17 10:27:45.189,414.1811415908256,105
2024-09-17 10:27:45.253,414.1829463587381,13
2024-09-17 10:27:45.276,414.1423781927245,10
2024-09-17 10:27:45.286,414.2026363348341,96
2024-09-17 10:27:45.329,414.1568977792062,100
2024-09-17 10:27:45.470,414.1528952238597,997
2024-09-17 10:27:45.555,414.1737409885986,14
2024-09-17 10:27:45.589,414.1582892251921,6
2024-09-17 10:27:45.650,414.19838773757726,1003
2024-09-17 10:27:45.656,414.1642551825858,102
2024-09-17 10:27:45.738,414.1673436163607,15
2024-09-17 10:27:45.786,414.1763783032821,14
2024-09-17 10:27:45.791,414.2064672836879,1002
2024-09-17 10:27:45.805,414.16005211601646,999
2024-09-17 10:27:45.856,414.1649953706319,104
2024-09-17 10:27:45.865,414.15547771256985,14
2024-09-17 10:27:45.865,414.1459499400254,999
2024-09-17 10:27:45.938,414.1628651184906,996
2024-09-17 10:27:45.983,414.177888303376,12
2024-09-17 10:27:45.987,414.1631366165784,96
2024-09-17 10:27:46.005,414.1675681671601,1000
2024-09-17 10:27:46.757,414.16352891518034,997
2024-09-17 10:27:46.963,414.1661302694833,10
2024-09-17 10:27:47.008,414.1322776484157,5
2024-09-17 10:27:47.088,414.16131445276056,100
2024-09-17 10:27:47.165,414.112127143397,11
2024-09-17 10:27:47.248,414.1282624377432,8
2024-09-17 10:27:47.274,414.1268179394884,997
2024-09-17 10:27:47.303,414.138886269338,997
2024-09-17 10:27:47.308,414.14749516516713,998
2024-09-17 10:27:47.334,414.117064503082,1002
2024-09-17 10:27:47.377,414.1467616901989,1001
2024-09-17 10:27:47.397,414.1325444532016,11
2024-09-17 10:27:47.452,414.1316856068817,13
2024-09-17 10:27:47.485,414.1458800519144,998
2024-09-17 10:27:47.517,414.1182522434466,102
2024-09-17 10:27:47.521,414.1223999905023,999
2024-09-17 10:27:47.554,414.15527556606463,97
2024-09-17 10:27:47.588,414.1174126371854,105
2024-09-17 10:27:47.592,414.14741696664487,8
2024-09-17 10:27:47.612,414.1499660772004,996
2024-09-17 10:27:47.620,414.1346906253898,98
2024-09-17 10:27:47.713,414.1260466138076,103
2024-09-17 10:27:47.714,414.1263182264706,14
2024-09-17 10:27:47.765,414.12757975669257,95
2024-09-17 10:27:47.819,414.1472652214258,6
2024-09-17 10:27:47.853,414.1307121547555,6
2024-09-17 10:27:47.913,414.1493480493005,1003
2024-09-17 10:27:47.935,414.13340781507287,5
2024-09-17 10:27:48.052,414.1478346639281,1000
2024-09-17 10:27:48.105,414.1669454817176,12
2024-09-17 10:27:48.346,414.1495513294184,100
2024-09-17 10:27:48.520,414.1780620270048,13
2024-09-17 10:27:48.588,414.1784419756103,997
2024-09-17 10:27:48.613,414.1873549226653,97
2024-09-17 10:27:48.625,414.1445866411602,7
2024-09-17 10:27:48.678,414.1592449127712,95
2024-09-17 10:27:48.682,414.1834512826797,1002
2024-09-17 10:27:48.684,414.1784421837877,97
2024-09-17 10:27:48.740,414.1654617351871,7
2024-09-17 10:27:48.816,414.1286161091982,6
2024-09-17 10:27:48.823,414.1474520565095,998
2024-09-17 10:27:48.833,414.1450513736792,6
2024-09-17 10:27:48.853,414.1841475433663,13
2024-09-17 10:27:48.858,414.1467838391232,102
2024-09-17 10:27:48.861,414.17755537036135,9
2024-09-17 10:27:48.928,414.1421585861457,996
2024-09-17 10:27:49.029,414.2202396212895,1001
2024-09-17 10:27:49.037,414.2257557234556,11
2024-09-17 10:27:49.294,414.20650007047135,1005
2024-09-17 10:27:49.298,414.2121420052279,10
2024-09-17 10:27:49.309,414.2055329655752,1004
2024-09-17 10:27:49.586,,98
2024-09-17 10:27:49.845,414.2168496958812,100
2024-09-17 10:27:49.871,414.1833028086374,100
2024-09-17 10:27:49.954,414.1930300586927,99
2024-09-17 10:27:49.968,414.1964635252409,100
2024-09-17 10:27:50.030,414.2293072098099,98
2024-09-17 10:27:50.211,414.2181286896428,9
2024-09-17 10:27:50.759,414.2285386843018,96
2024-09-17 10:27:50.797,414.199305665065,1003
2024-09-17 10:27:51.035,414.22999681578045,10
2024-09-17 10:27:51.042,,102
2024-09-17 10:27:51.118,414.2296780605331,1002
2024-09-17 10:27:51.121,414.23550604392295,95
2024-09-17 10:27:51.182,414.21551021286456,5
2024-09-17 10:27:51.189,414.1891441143399,105
2024-09-17 10:27:51.217,414.22204341648455,12
2024-09-17 10:27:51.227,414.22513332155694,100
2024-09-17 10:27:51.374,414.2384967385624,95
2024-09-17 10:27:51.415,414.2007704476713,15
2024-09-17 10:27:51.425,414.20919556650136,9
2024-09-17 10:27:51.427,414.1915178093568,14
2024-09-17 10:27:51.473,414.2182423182532,8
2024-09-17 10:27:51.497,414.2227810374079,997
2024-09-17 10:27:51.547,414.2010220297003,95
2024-09-17 10:27:51.591,414.1871939527948,5
2024-09-17 10:27:51.660,414.2261693984234,97
2024-09-17 10:27:51.707,414.2046981710824,99
2024-09-17 10:27:51.720,-414.19168481993006,11
2024-09-17 10:27:51.740,414.23372652177005,995
2024-09-17 10:27:51.758,414.1896735207473,996
2024-09-17 10:27:51.775,414.2259709727831,1005
2024-09-17 10:27:51.827,414.2160924426368,14
2024-09-17 10:27:51.862,414.2365194446343,95
2024-09-17 10:27:51.876,414.2196528651543,101
2024-09-17 10:27:51.908,414.2121337007546,99
2024-09-17 10:27:51.942,414.1925833074963,9
2024-09-17 10:27:51.960,414.2298654919508,999
2024-09-17 10:27:51.977,414.21911418726734,12
2024-09-17 10:27:51.991,414.2085351268668,996
2024-09-17 10:27:52.026,414.2609270898071,1005
2024-09-17 10:27:52.029,414.3245073877386,9
2024-09-17 10:27:52.037,414.22884610060055,99
2024-09-17 10:27:52.103,414.2261911199606,9
2024-09-17 10:27:52.106,414.2786303842397,1002
2024-09-17 10:27:52.163,414.2949540375666,997
2024-09-17 10:27:52.243,414.2386108410352,1004
2024-09-17 10:27:52.275,,15
2024-09-17 10:27:52.279,414.26204456556496,102
2024-09-17 10:27:52.336,414.25652966806217,13
2024-09-17 10:27:52.346,414.26467794225135,15
2024-09-17 10:27:52.365,414.2902816493741,99
2024-09-17 10:27:52.398,414.2289601138396,101
2024-09-17 10:27:52.451,414.2787327907191,999
2024-09-17 10:27:52.532,414.2338322099986,997
2024-09-17 10:27:52.536,414.2288826661667,9
2024-09-17 10:27:52.552,414.243151193853,1002
2024-09-17 10:27:52.566,414.2303637613282,100
2024-09-17 10:27:52.568,414.2310227311549,98
2024-09-17 10:27:52.660,414.2765182587128,105
2024-09-17 10:27:52.699,414.24439696109926,96
2024-09-17 10:27:52.727,414.2757457371764,1003
2024-09-17 10:27:52.791,,1000
2024-09-17 10:27:52.824,414.2519949841346,1003
2024-09-17 10:27:52.839,414.2729315930419,998
2024-09-17 10:27:52.897,41.429450784730335,103
2024-09-17 10:27:52.916,414.2620079048453,99
2024-09-17 10:27:52.982,414.2936944936304,96
2024-09-17 10:27:53.144,414.32001336631015,1005
2024-09-17 10:27:53.174,414.3166851821028,5
2024-09-17 10:27:53.189,414.3890828317254,10
2024-09-17 10:27:53.233,414.3724978487148,103
2024-09-17 10:27:53.328,414.33055772823,99
2024-09-17 10:27:53.391,414.4122784791027,1003
2024-09-17 10:27:53.418,414.3979731073424,1002
2024-09-17 10:27:53.507,414.3942147432872,998
2024-09-17 10:27:53.539,414.3992033395733,1001
2024-09-17 10:27:53.588,414.3966480691317,998
2024-09-17 10:27:53.654,414.35729803980496,105
2024-09-17 10:27:53.671,414.3776853765094,1002
2024-09-17 10:27:53.704,414.3268181564175,1001
2024-09-17 10:27:53.735,414.390385849262,100
2024-09-17 10:27:53.738,414.3941024928435,998
2024-09-17 10:27:53.758,414.333650794812,13
2024-09-17 10:27:53.773,414.3712372276303,1003
2024-09-17 10:27:53.876,414.4222941192127,95
2024-09-17 10:27:53.904,414.40480291739135,995
2024-09-17 10:27:53.927,414.40737384540125,997
2024-09-17 10:27:53.946,414.382680395498,95
2024-09-17 10:27:53.956,414.329620727589,101
2024-09-17 10:27:53.976,414.33069986293657,12
2024-09-17 10:27:54.005,414.3552125865348,997
2024-09-17 10:27:54.221,414.3536623828652,15
2024-09-17 10:27:54.402,414.3441300621804,1004
2024-09-17 10:27:54.525,414.35720765143344,95
2024-09-17 10:27:54.540,414.3607515776433,100
2024-09-17 10:27:54.724,414.3590355147903,1002
2024-09-17 10:27:54.878,414.3638305069222,97
2024-09-17 10:27:54.899,414.3260577337906,96
2024-09-17 10:27:54.991,414.3579195677996,1004
2024-09-17 10:27:55.021,414.3364244025901,5
2024-09-17 10:27:55.032,414.3120642035993,995
2024-09-17 10:27:55.050,414.3036864039972,1003
2024-09-17 10:27:55.147,414.32906350267245,997
2024-09-17 10:27:55.186,414.34671558202825,998
2024-09-17 10:27:55.214,414.3059774615744,1000
2024-09-17 10:27:55.262,414.35758458377074,999
2024-09-17 10:27:55.306,414.3100775294363,102
2024-09-17 10:27:55.311,414.35582842330086,1002
2024-09-17 10:27:55.508,414.3416341253593,15
2024-09-17 10:27:55.542,414.27646298536473,1004
2024-09-17 10:27:55.559,414.26051203941455,95
2024-09-17 10:27:55.599,414.3214974104693,103
2024-09-17 10:27:55.600,414.32778095588094,9
2024-09-17 10:27:55.604,414.3152026071298,1000
2024-09-17 10:27:55.631,414.28633399831006,104
2024-09-17 10:27:55.642,414.281807895708,5
2024-09-17 10:27:55.744,414.3133425296066,96
2024-09-17 10:27:55.779,414.3254962312582,1002
2024-09-17 10:27:55.861,414.3649735910345,1004
2024-09-17 10:27:55.924,414.32328582241377,102
2024-09-17 10:27:55.939,414.2675274800139,99
2024-09-17 10:27:55.969,41.43608212740558,95
2024-09-17 10:27:56.085,414.22679061219753,1000
2024-09-17 10:27:56.132,414.205812106064,100
2024-09-17 10:27:56.144,414.2645916629995,999
2024-09-17 10:27:56.357,414.2025032360526,996
2024-09-17 10:27:56.358,414.2026163631402,9
2024-09-17 10:27:56.366,414.2747559228407,100
2024-09-17 10:27:56.384,414.2751633027029,105
2024-09-17 10:27:56.417,414.1999151263093,8
2024-09-17 10:27:56.422,414.1890627597839,98
2024-09-17 10:27:56.428,414.1782237527331,1001
2024-09-17 10:27:56.518,414.20261283228746,9
2024-09-17 10:27:56.536,414.1970340195781,997
2024-09-17 10:27:56.572,414.1741982250501,998
2024-09-17 10:27:56.606,414.1828877312409,8
2024-09-17 10:27:56.620,414.232939842579,102
2024-09-17 10:27:56.660,414.1908603662729,999
2024-09-17 10:27:56.691,414.25975359010965,12
2024-09-17 10:27:56.717,414.1847264647994,95
2024-09-17 10:27:56.745,414.1653860543008,99
2024-09-17 10:27:56.771,414.25520853705416,5
2024-09-17 10:27:56.858,414.1948278489374,13
2024-09-17 10:27:56.912,414.2560974568688,101
2024-09-17 10:27:56.931,414.173531815284,14
2024-09-17 10:27:56.947,414.2639431810949,10
2024-09-17 10:27:56.965,414.1804881947943,12
2024-09-17 10:27:56.987,414.2071166039519,1001
2024-09-17 10:27:57.033,414.1855010467908,13
2024-09-17 10:27:57.096,414.1909671294449,996
2024-09-17 10:27:57.181,414.2035097781576,96
2024-09-17 10:27:57.225,414.1908468010153,995
2024-09-17 10:27:57.256,414.1650960206132,96
2024-09-17 10:27:57.276,414.2161993992725,95
2024-09-17 10:27:57.383,414.17681997914514,1004
2024-09-17 10:27:57.442,414.18516018844633,7
2024-09-17 10:27:57.464,414.1773555189775,1001
2024-09-17 10:27:57.501,414.1814272566697,12
2024-09-17 10:27:57.528,414.213321966589,995
2024-09-17 10:27:57.531,414.19447007005294,6
2024-09-17 10:27:57.575,414.1848249518636,15
2024-09-17 10:27:57.684,414.16393836551663,10
2024-09-17 10:27:57.747,414.2186918112062,98
2024-09-17 10:27:57.870,414.2026433731961,995
2024-09-17 10:27:57.893,414.1782955649589,998
2024-09-17 10:27:57.919,414.173353423172,13
2024-09-17 10:27:57.942,414.1803081466375,5
2024-09-17 10:27:57.984,414.1652597207596,1002
2024-09-17 10:27:57.990,414.1684027883473,1005
2024-09-17 10:27:58.016,414.2212297119075,103
2024-09-17 10:27:58.153,414.2129821105479,1001
2024-09-17 10:27:58.175,414.1992659475573,10
2024-09-17 10:27:58.476,414.221912149921,995
2024-09-17 10:27:58.843,414.2076869602106,12
2024-09-17 10:27:58.878,414.2277250219204,99
2024-09-17 10:27:58.904,414.1967033225879,5
2024-09-17 10:27:59.186,414.2356038134644,11
2024-09-17 10:27:59.198,414.2309983785656,996
2024-09-17 10:27:59.219,414.22217276973856,1005
2024-09-17 10:27:59.308,414.2030270355244,13
2024-09-17 10:27:59.320,414.19487640357374,99
2024-09-17 10:27:59.372,414.2326621344641,6
2024-09-17 10:27:59.380,414.2030902228933,998
2024-09-17 10:27:59.675,414.2254719997042,1005
2024-09-17 10:27:59.791,414.2431978503411,105
2024-09-17 10:27:59.865,414.22422894120615,1004
2024-09-17 10:27:59.911,414.2206635371927,8
2024-09-17 10:27:59.987,414.218776772119,1001
