Timestamp,Price,Size
2024-09-17 09:36:00.055,417.6006523876099,13
2024-09-17 09:36:00.088,417.5856711382961,5
2024-09-17 09:36:00.100,417.61217280974097,96
2024-09-17 09:36:00.135,417.6181035371234,998
2024-09-17 09:36:00.171,417.57353294613137,101
2024-09-17 09:36:00.198,417.5629476344127,1004
2024-09-17 09:36:00.218,417.6165244325197,1002
2024-09-17 09:36:00.300,417.563619671133,1005
2024-09-17 09:36:00.341,417.62193570943487,102
2024-09-17 09:36:00.392,417.6047061629301,101
2024-09-17 09:36:00.500,417.595886505918,103
2024-09-17 09:36:00.533,417.5745256509104,1002
2024-09-17 09:36:00.667,417.575761694555,1001
2024-09-17 09:36:00.743,417.5581039939411,12
2024-09-17 09:36:00.763,417.5741640024097,5
2024-09-17 09:36:00.795,417.56606486744585,11
2024-09-17 09:36:00.804,417.5759944485824,101
2024-09-17 09:36:00.825,-417.56704494803495,5
2024-09-17 09:36:00.830,417.5247436921448,8
2024-09-17 09:36:00.916,417.5753191960772,5
2024-09-17 09:36:00.933,417.5553960981076,96
2024-09-17 09:36:01.009,417.5502834033355,1000
2024-09-17 09:36:01.055,417.55297389215065,103
2024-09-17 09:36:01.059,417.5609742965726,11
2024-09-17 09:36:01.066,417.5500052817706,97
2024-09-17 09:36:01.082,417.56058131757214,11
2024-09-17 09:36:01.082,417.58825349912246,13
2024-09-17 09:36:01.214,417.613674630107,9
2024-09-17 09:36:01.301,417.58142499092514,10
2024-09-17 09:36:01.346,417.5566410428997,8
2024-09-17 09:36:01.359,417.5685373502715,11
2024-09-17 09:36:01.373,417.6032373608205,1002
2024-09-17 09:36:01.392,417.5570769579305,100
2024-09-17 09:36:01.401,417.5385927186194,1003
2024-09-17 09:36:01.414,417.55421113902497,10
2024-09-17 09:36:01.450,417.6149094175128,13
2024-09-17 09:36:01.508,417.5476125381746,1000
2024-09-17 09:36:01.617,417.5463354273194,15
2024-09-17 09:36:01.646,417.58538423532775,6
2024-09-17 09:36:01.774,417.5992246735776,1004
2024-09-17 09:36:01.782,417.5220036158236,5
2024-09-17 09:36:01.854,417.5412623917981,997
2024-09-17 09:36:01.965,417.5404524023966,95
2024-09-17 09:36:02.052,417.58885047519294,999
2024-09-17 09:36:02.103,417.5718174935973,15
2024-09-17 09:36:02.135,417.61733848880095,1001
2024-09-17 09:36:02.248,417.58784995240126,96
2024-09-17 09:36:02.304,417.5703837289798,95
2024-09-17 09:36:02.358,417.5698938593631,1005
2024-09-17 09:36:02.515,417.5883672838455,997
2024-09-17 09:36:02.710,417.629971141431,97
2024-09-17 09:36:02.803,417.6181964982211,98
2024-09-17 09:36:02.813,417.6179723553783,998
2024-09-17 09:36:02.840,417.5919305740976,15
2024-09-17 09:36:03.045,417.60081197968975,10
2024-09-17 09:36:03.109,,1005
2024-09-17 09:36:03.178,417.6377231453309,14
2024-09-17 09:36:03.197,417.6361305347126,104
2024-09-17 09:36:03.222,417.66611284253895,105
2024-09-17 09:36:03.228,417.6429425684029,1001
2024-09-17 09:36:03.277,417.60628429423485,996
2024-09-17 09:36:03.369,417.6413758495519,12
2024-09-17 09:36:03.385,417.6160335543015,7
2024-09-17 09:36:03.398,417.642155708803,15
2024-09-17 09:36:03.501,417.67190967412176,1001
2024-09-17 09:36:03.504,417.6084718898429,101
2024-09-17 09:36:03.551,417.651009080988,10
2024-09-17 09:36:03.587,417.6656265261354,5
2024-09-17 09:36:03.607,417.6424765108976,1000
2024-09-17 09:36:03.723,417.6745097112998,1001
2024-09-17 09:36:03.731,417.5953765920685,105
2024-09-17 09:36:03.762,417.650330784238,12
2024-09-17 09:36:03.777,417.63556799437504,999
2024-09-17 09:36:03.831,417.66271909163567,1005
2024-09-17 09:36:03.845,417.60778542610814,999
2024-09-17 09:36:03.873,417.6052449571058,103
2024-09-17 09:36:03.935,417.59226778044,14
2024-09-17 09:36:03.973,417.6478416577073,104
2024-09-17 09:36:04.018,417.61221239963993,103
2024-09-17 09:36:04.086,417.600323545698,7
2024-09-17 09:36:04.092,417.608252173708,104
2024-09-17 09:36:04.107,417.6066350207384,98
2024-09-17 09:36:04.304,417.60466389602,9
2024-09-17 09:36:04.696,417.6067506239252,12
2024-09-17 09:36:04.773,417.599916941118,5
2024-09-17 09:36:04.889,417.6132190175016,15
2024-09-17 09:36:04.979,417.58936625887947,15
2024-09-17 09:36:04.985,417.6135175757629,995
2024-09-17 09:36:05.031,417.6521839314325,1001
2024-09-17 09:36:05.102,417.64735683080767,5
2024-09-17 09:36:05.139,417.60342329923935,998
2024-09-17 09:36:05.237,417.61729496081,10
2024-09-17 09:36:05.320,417.6388234090315,1003
2024-09-17 09:36:05.453,417.62644609420784,95
2024-09-17 09:36:05.480,417.63089604975886,104
2024-09-17 09:36:05.510,417.64720357419344,5
2024-09-17 09:36:05.515,417.6246851194178,5
2024-09-17 09:36:05.612,417.6271536408432,995
2024-09-17 09:36:05.654,417.65374100546336,998
2024-09-17 09:36:05.693,417.6187767205069,999
2024-09-17 09:36:05.696,417.62143097110174,97
2024-09-17 09:36:05.751,417.6216597823196,1003
2024-09-17 09:36:05.776,417.6469538287393,1001
2024-09-17 09:36:05.971,417.63944649501263,9
2024-09-17 09:36:06.000,417.6614246828016,104
2024-09-17 09:36:06.019,417.6867891069193,13
2024-09-17 09:36:06.022,417.662015996064,998
2024-09-17 09:36:06.032,417.6828498238386,1002
2024-09-17 09:36:06.076,417.665751958261,998
2024-09-17 09:36:06.141,417.662406160808,15
2024-09-17 09:36:06.166,417.6591069346842,104
2024-09-17 09:36:06.235,417.6824626167584,7
2024-09-17 09:36:06.270,417.66199181645,101
2024-09-17 09:36:06.337,417.649063807033,1002
2024-09-17 09:36:06.356,417.6622807521393,10
2024-09-17 09:36:06.381,417.6400974450312,1003
2024-09-17 09:36:06.477,417.63932742532,1002
2024-09-17 09:36:06.521,417.6453035195681,98
2024-09-17 09:36:06.558,417.6603650246517,8
2024-09-17 09:36:06.603,417.6527549813128,1000
2024-09-17 09:36:06.910,417.6798432083475,997
2024-09-17 09:36:06.956,,13
2024-09-17 09:36:06.970,417.6741655465652,95
2024-09-17 09:36:06.995,417.6541374092238,997
2024-09-17 09:36:07.042,417.66484262761554,11
2024-09-17 09:36:07.079,417.7335111925941,6
2024-09-17 09:36:07.131,417.6529803154864,6
2024-09-17 09:36:07.134,417.696785021134,1005
2024-09-17 09:36:07.247,417.7854956371089,1003
2024-09-17 09:36:07.309,417.70236131532414,102
2024-09-17 09:36:07.415,417.6863227717883,5
2024-09-17 09:36:07.479,417.66526414492034,105
2024-09-17 09:36:07.554,417.7899239122204,9
2024-09-17 09:36:07.610,417.7120866623348,98
2024-09-17 09:36:07.674,417.7725850528149,104
2024-09-17 09:36:07.686,417.69745847613126,1001
2024-09-17 09:36:07.765,417.7548447656562,11
2024-09-17 09:36:07.836,417.6713400578532,95
2024-09-17 09:36:08.125,417.790942742843,997
2024-09-17 09:36:08.133,417.7785896800393,15
2024-09-17 09:36:08.229,417.7859417155793,1004
2024-09-17 09:36:08.677,417.7897481562985,98
2024-09-17 09:36:08.681,417.80516641585336,12
2024-09-17 09:36:08.734,417.7931021872557,102
2024-09-17 09:36:08.869,417.7957418593925,104
2024-09-17 09:36:08.871,417.7920388435174,105
2024-09-17 09:36:08.881,417.7918290887965,1003
2024-09-17 09:36:09.206,417.818728546918,11
2024-09-17 09:36:09.532,417.8272808856695,105
2024-09-17 09:36:10.015,417.7805306065703,11
2024-09-17 09:36:10.055,417.7925305568197,15
2024-09-17 09:36:10.129,417.6595617120564,95
2024-09-17 09:36:10.135,417.677466342672,1003
2024-09-17 09:36:10.148,417.7341633370513,9
2024-09-17 09:36:10.183,417.7845365540823,6
2024-09-17 09:36:10.199,417.7321398677203,6
2024-09-17 09:36:10.279,417.6942777344665,1002
2024-09-17 09:36:10.324,417.74026733983686,98
2024-09-17 09:36:10.377,417.7296314643965,997
2024-09-17 09:36:10.383,417.8073907834138,15
2024-09-17 09:36:10.413,417.7291707005437,5
2024-09-17 09:36:10.472,417.7249798708941,1001
2024-09-17 09:36:10.481,417.7801362804294,101
2024-09-17 09:36:10.484,417.7265978736352,1003
2024-09-17 09:36:10.536,417.7687700753075,95
2024-09-17 09:36:10.591,417.69899278285385,13
2024-09-17 09:36:10.735,417.8094994558293,11
2024-09-17 09:36:10.786,417.7633456508054,995
2024-09-17 09:36:10.817,417.6877522839963,103
2024-09-17 09:36:10.919,417.7625169943413,97
2024-09-17 09:36:10.977,417.7957965180379,15
2024-09-17 09:36:11.039,417.67233129899154,14
2024-09-17 09:36:11.058,417.66892368084274,1001
2024-09-17 09:36:11.086,417.6487288766459,11
2024-09-17 09:36:11.127,417.63498548844666,7
2024-09-17 09:36:11.151,417.6773192144079,996
2024-09-17 09:36:11.203,417.6300996803097,8
2024-09-17 09:36:11.303,417.67283035034814,998
2024-09-17 09:36:11.307,417.65771349720967,996
2024-09-17 09:36:11.354,417.643964233344,997
2024-09-17 09:36:11.389,417.6611181478424,1001
2024-09-17 09:36:11.458,417.6520465047697,100
2024-09-17 09:36:11.467,417.6886773749176,101
2024-09-17 09:36:11.492,417.6393609209209,97
2024-09-17 09:36:11.619,417.651138983992,998
2024-09-17 09:36:11.635,417.62920092262254,13
2024-09-17 09:36:11.675,417.6466429920517,15
2024-09-17 09:36:11.812,417.7024764174448,998
2024-09-17 09:36:11.832,417.6636718073848,9
2024-09-17 09:36:11.882,417.6693400207717,103
2024-09-17 09:36:12.013,417.6104552628515,11
2024-09-17 09:36:12.045,417.5806729553227,99
2024-09-17 09:36:12.232,417.59805360975577,99
2024-09-17 09:36:12.286,417.60192606972026,1002
2024-09-17 09:36:12.303,417.58015289450304,98
2024-09-17 09:36:12.350,417.63191493529945,95
2024-09-17 09:36:12.363,417.6458584459188,9
2024-09-17 09:36:12.423,417.6559470822836,95
2024-09-17 09:36:12.632,417.6510910845005,98
2024-09-17 09:36:12.676,417.6502868343191,997
2024-09-17 09:36:12.734,417.61906716624566,12
2024-09-17 09:36:12.754,417.6564941388921,999
2024-09-17 09:36:12.782,417.6129714674904,99
2024-09-17 09:36:12.799,417.61349215780575,103
2024-09-17 09:36:12.836,417.6314361629803,7
2024-09-17 09:36:12.856,417.65581137614026,15
2024-09-17 09:36:12.931,417.5972300430127,97
2024-09-17 09:36:12.939,417.6007887820897,1004
2024-09-17 09:36:12.993,417.6714175128985,1001
2024-09-17 09:36:13.019,417.59637867572536,15
2024-09-17 09:36:13.065,417.5556092919379,99
2024-09-17 09:36:13.067,417.5372352893921,105
2024-09-17 09:36:13.074,417.5656797568225,1002
2024-09-17 09:36:13.099,417.5239409493,1000
2024-09-17 09:36:13.141,417.5602656599695,995
2024-09-17 09:36:13.161,417.56634032470976,996
2024-09-17 09:36:13.397,417.5367611520114,95
2024-09-17 09:36:13.425,417.50799610045175,1000
2024-09-17 09:36:13.429,417.5619772270064,9
2024-09-17 09:36:13.430,417.5948379784864,12
2024-09-17 09:36:13.458,417.5566991736581,996
2024-09-17 09:36:13.459,417.5117440685816,996
2024-09-17 09:36:13.497,417.55622985956654,15
2024-09-17 09:36:13.529,417.59606535425326,96
2024-09-17 09:36:13.534,417.5044631051979,11
2024-09-17 09:36:13.558,417.5314740122797,6
2024-09-17 09:36:13.561,417.54521803543577,100
2024-09-17 09:36:13.753,417.5245350647825,1001
2024-09-17 09:36:13.786,417.55255208952696,105
2024-09-17 09:36:13.802,417.56001345643705,105
2024-09-17 09:36:13.823,417.5469658866278,10
2024-09-17 09:36:13.824,417.5622889248612,995
2024-09-17 09:36:13.826,417.4899198543309,999
2024-09-17 09:36:13.869,417.6109709277037,998
2024-09-17 09:36:13.942,417.5467455416239,7
2024-09-17 09:36:13.962,417.5139897953598,104
2024-09-17 09:36:13.991,417.6025355227778,97
2024-09-17 09:36:14.082,417.6115950444531,1000
2024-09-17 09:36:14.142,417.5980187949072,1003
2024-09-17 09:36:14.199,417.5777308995358,7
2024-09-17 09:36:14.215,417.5726846113474,1000
2024-09-17 09:36:14.488,417.6067260033881,100
2024-09-17 09:36:14.551,417.56876917321,999
2024-09-17 09:36:14.567,417.5777723191426,13
2024-09-17 09:36:14.606,417.5790308219639,104
2024-09-17 09:36:14.736,417.6029277985497,14
2024-09-17 09:36:14.749,417.5767510317353,1005
2024-09-17 09:36:14.942,417.6088894994497,100
2024-09-17 09:36:17.119,417.5908248292625,14
2024-09-17 09:36:17.140,417.5992266979124,105
2024-09-17 09:36:17.195,417.6075719211527,95
2024-09-17 09:36:17.278,417.6258530546642,15
2024-09-17 09:36:17.451,417.5634078539746,997
2024-09-17 09:36:17.534,417.6039018215794,1001
2024-09-17 09:36:17.578,417.5798435786989,105
2024-09-17 09:36:17.767,417.58510472044986,13
2024-09-17 09:36:17.929,417.5719402910696,1001
2024-09-17 09:36:18.021,417.54964180921934,98
2024-09-17 09:36:18.057,417.50704472874094,97
2024-09-17 09:36:18.075,417.5192608871822,7
2024-09-17 09:36:18.099,417.5923019240546,101
2024-09-17 09:36:18.143,417.52248352715935,998
2024-09-17 09:36:18.210,417.5740509830794,100
2024-09-17 09:36:18.265,417.5067752312549,13
2024-09-17 09:36:18.318,417.60731079738457,100
2024-09-17 09:36:18.409,417.5775352693526,997
2024-09-17 09:36:18.475,417.6081449134239,100
2024-09-17 09:36:18.592,417.5352282339565,996
2024-09-17 09:36:18.608,417.5959070777715,97
2024-09-17 09:36:18.678,417.6044046438448,1005
2024-09-17 09:36:18.702,417.516900532816,1003
2024-09-17 09:36:18.759,417.61010681678624,104
2024-09-17 09:36:18.803,417.5635562062456,1002
2024-09-17 09:36:19.037,417.5692649018599,103
2024-09-17 09:36:19.175,417.5554305178254,6
2024-09-17 09:36:19.334,417.5573292884983,98
2024-09-17 09:36:19.392,417.56996352250496,1004
2024-09-17 09:36:19.415,417.528128591796,98
2024-09-17 09:36:19.450,417.5732113581831,10
2024-09-17 09:36:19.569,417.55339135338136,9
2024-09-17 09:36:19.605,417.5645931749534,11
2024-09-17 09:36:19.617,417.5388860584697,5
2024-09-17 09:36:19.655,417.54487356103294,7
2024-09-17 09:36:19.722,417.5691190583641,6
2024-09-17 09:36:19.842,417.5566049729285,103
2024-09-17 09:36:19.995,417.5500335981958,11
2024-09-17 09:36:19.995,417.5592579149805,96
2024-09-17 09:36:20.059,417.5504320661928,1000
2024-09-17 09:36:21.062,417.5462606648847,11
2024-09-17 09:36:21.269,417.54856573646725,11
2024-09-17 09:36:21.277,417.57287420651386,1001
2024-09-17 09:36:21.348,417.5556159901447,9
2024-09-17 09:36:21.428,417.5762732542336,7
2024-09-17 09:36:21.440,417.5450974663573,7
2024-09-17 09:36:21.475,417.5498262708792,96
2024-09-17 09:36:21.577,417.5488096743618,1005
2024-09-17 09:36:21.622,417.54180015014526,1000
2024-09-17 09:36:21.719,417.5722222621338,6
2024-09-17 09:36:21.724,417.55474719098765,10
2024-09-17 09:36:21.734,417.54821427364845,13
2024-09-17 09:36:21.755,417.53984485157486,12
2024-09-17 09:36:21.771,417.532159773733,8
2024-09-17 09:36:21.867,417.5312424583456,14
2024-09-17 09:36:21.902,417.5439769576828,1004
2024-09-17 09:36:22.152,417.5374683024613,12
2024-09-17 09:36:22.627,417.5781019918007,999
2024-09-17 09:36:22.651,417.53154472145366,99
2024-09-17 09:36:22.693,417.5509555802809,97
2024-09-17 09:36:22.732,417.5415182046935,998
2024-09-17 09:36:22.773,417.53160792955936,998
2024-09-17 09:36:22.850,417.5402887681815,99
2024-09-17 09:36:23.018,417.6529524175512,997
2024-09-17 09:36:23.056,417.589573641225,102
2024-09-17 09:36:23.073,417.63940947079806,997
2024-09-17 09:36:23.119,417.63637631538825,101
2024-09-17 09:36:23.138,417.6487338319688,1005
2024-09-17 09:36:23.160,417.5943102103672,9
2024-09-17 09:36:23.211,417.6531396420541,104
2024-09-17 09:36:23.220,417.6452833609064,1001
2024-09-17 09:36:23.453,417.608061460384,103
2024-09-17 09:36:23.459,417.659787061612,1005
2024-09-17 09:36:23.511,417.6447961450312,11
2024-09-17 09:36:23.513,417.6594985695588,5
2024-09-17 09:36:23.554,417.5951298437109,995
2024-09-17 09:36:23.615,417.6504529684775,12
2024-09-17 09:36:23.837,417.58723396282977,997
2024-09-17 09:36:23.844,417.6512956135211,7
2024-09-17 09:36:23.915,417.59669506521067,998
2024-09-17 09:36:23.978,417.583641569747,998
2024-09-17 09:36:23.984,417.58789046313433,97
2024-09-17 09:36:24.022,417.6108763475007,996
2024-09-17 09:36:24.164,417.63554338902287,10
2024-09-17 09:36:24.343,417.5901465653936,997
2024-09-17 09:36:24.362,417.6233320345464,103
2024-09-17 09:36:24.363,417.59043832804366,997
2024-09-17 09:36:24.419,417.6227679323075,1004
2024-09-17 09:36:24.421,417.6052875877685,8
2024-09-17 09:36:24.438,417.618664934314,104
2024-09-17 09:36:24.512,417.6041940218829,1005
2024-09-17 09:36:24.547,417.6169281704167,9
2024-09-17 09:36:24.599,417.6362771516825,12
2024-09-17 09:36:24.601,417.6491954656327,95
2024-09-17 09:36:24.711,417.6455642317742,99
2024-09-17 09:36:24.731,417.6378559884326,96
2024-09-17 09:36:24.742,417.616667503921,97
2024-09-17 09:36:24.807,417.6054946904719,101
2024-09-17 09:36:24.837,-417.64014080029455,101
2024-09-17 09:36:24.913,417.649292817896,11
2024-09-17 09:36:24.913,417.6232699947517,1004
2024-09-17 09:36:24.959,417.6445508011796,105
2024-09-17 09:36:24.995,417.6178919687334,15
2024-09-17 09:36:25.020,417.5450356199188,9
2024-09-17 09:36:25.052,417.58383699935786,15
2024-09-17 09:36:25.054,417.5148465715506,1000
2024-09-17 09:36:25.168,417.55873814599255,1003
2024-09-17 09:36:25.209,417.53588087726695,997
2024-09-17 09:36:25.226,417.6033922988858,10
2024-09-17 09:36:25.232,417.54955670082086,7
2024-09-17 09:36:25.421,417.5977002386352,995
2024-09-17 09:36:25.490,,99
2024-09-17 09:36:25.515,417.5415012439574,11
2024-09-17 09:36:25.519,417.5383398585636,996
2024-09-17 09:36:25.545,417.5726519375369,1002
2024-09-17 09:36:25.569,417.5092037754583,14
2024-09-17 09:36:25.584,417.6147375090685,8
2024-09-17 09:36:25.609,417.5147975450193,998
2024-09-17 09:36:25.625,417.59781465044335,105
2024-09-17 09:36:25.669,417.5184345992394,13
2024-09-17 09:36:25.693,417.4880668858757,95
2024-09-17 09:36:25.710,-417.5718935167138,9
2024-09-17 09:36:25.812,417.5563227937973,1005
2024-09-17 09:36:25.855,417.5735923002521,996
2024-09-17 09:36:25.876,417.583355131152,95
2024-09-17 09:36:25.913,417.55676966426375,100
2024-09-17 09:36:25.918,417.55447651912505,103
2024-09-17 09:36:25.922,417.5121712739369,103
2024-09-17 09:36:26.094,417.51631720125727,999
2024-09-17 09:36:26.096,417.5046604627559,998
2024-09-17 09:36:26.116,417.5116694146478,14
2024-09-17 09:36:26.116,417.5111058716078,1002
2024-09-17 09:36:26.165,417.5185696259078,99
2024-09-17 09:36:26.279,417.5101969537745,1002
2024-09-17 09:36:26.291,417.54385985980326,1003
2024-09-17 09:36:26.342,417.51606015719153,10
2024-09-17 09:36:26.359,417.5036945494319,1002
2024-09-17 09:36:26.458,417.5016800401642,100
2024-09-17 09:36:26.464,417.5282531553624,1001
2024-09-17 09:36:26.492,417.5040677055277,1003
2024-09-17 09:36:26.497,417.5287774372621,1002
2024-09-17 09:36:26.504,417.5275259864912,104
2024-09-17 09:36:26.532,417.5195718473779,1002
2024-09-17 09:36:26.552,417.50779895145433,14
2024-09-17 09:36:26.622,417.5354204750672,98
2024-09-17 09:36:26.623,417.5581107102085,95
2024-09-17 09:36:26.703,417.4945129778939,13
2024-09-17 09:36:26.798,417.5031507539729,95
2024-09-17 09:36:26.842,417.51307654296033,99
2024-09-17 09:36:26.861,417.53152576789495,1001
2024-09-17 09:36:26.883,417.53314722353,1001
2024-09-17 09:36:26.946,417.5024026872068,1003
2024-09-17 09:36:26.971,417.5071360448822,999
2024-09-17 09:36:27.072,417.5578511457901,102
2024-09-17 09:36:27.154,417.5345059348128,15
2024-09-17 09:36:27.326,417.52508283856673,7
2024-09-17 09:36:27.327,417.5433899179496,97
2024-09-17 09:36:27.472,417.5583130006199,8
2024-09-17 09:36:27.710,417.5383290838681,10
2024-09-17 09:36:27.780,417.5689047887468,100
2024-09-17 09:36:27.865,417.55938138439046,98
2024-09-17 09:36:28.029,41.75502434839666,11
2024-09-17 09:36:28.093,417.5527975206713,103
2024-09-17 09:36:28.095,417.5789522289926,5
2024-09-17 09:36:28.143,417.5708569192143,102
2024-09-17 09:36:28.180,417.5685329984739,8
2024-09-17 09:36:28.337,417.5668715040308,99
2024-09-17 09:36:28.351,417.57808376307497,996
2024-09-17 09:36:28.398,417.5530069582249,997
2024-09-17 09:36:28.531,417.5270513100293,97
2024-09-17 09:36:28.549,417.5776269252932,1003
2024-09-17 09:36:28.568,417.5729031114296,10
2024-09-17 09:36:28.602,417.58072954153545,98
2024-09-17 09:36:28.650,417.55726910908817,13
2024-09-17 09:36:28.717,417.5409747028604,101
2024-09-17 09:36:28.830,417.5836058141233,1000
2024-09-17 09:36:28.903,417.5616564693743,1001
2024-09-17 09:36:28.941,417.581955304936,6
2024-09-17 09:36:28.957,417.5749595066725,1001
2024-09-17 09:36:28.980,417.5733292208677,103
2024-09-17 09:36:28.980,417.5842511928557,1001
2024-09-17 09:36:29.032,417.606488676964,101
2024-09-17 09:36:29.094,417.6399964560776,13
2024-09-17 09:36:29.191,417.61348314834703,8
2024-09-17 09:36:29.221,417.58809849538966,8
2024-09-17 09:36:29.266,417.57169864952937,100
2024-09-17 09:36:29.273,417.6196619506411,996
2024-09-17 09:36:29.279,417.56777663535,8
2024-09-17 09:36:29.300,417.6174281135332,98
2024-09-17 09:36:29.306,417.6254112760588,1002
2024-09-17 09:36:29.313,417.55147234687854,1003
2024-09-17 09:36:29.341,417.6068186653068,1002
2024-09-17 09:36:29.343,417.573544262044,15
2024-09-17 09:36:29.373,417.62835244372064,7
2024-09-17 09:36:29.404,417.647509061316,11
2024-09-17 09:36:29.420,417.5655512898687,995
2024-09-17 09:36:29.432,417.5882053933929,996
2024-09-17 09:36:29.514,417.6208707192762,996
2024-09-17 09:36:29.563,,99
2024-09-17 09:36:29.566,417.5646620847986,999
2024-09-17 09:36:29.573,417.60973719286005,15
2024-09-17 09:36:29.584,417.5920078611088,96
2024-09-17 09:36:29.588,417.6117028710104,995
2024-09-17 09:36:29.590,417.6087253032486,1001
2024-09-17 09:36:29.621,417.6271107851748,12
2024-09-17 09:36:29.659,417.53548730380567,15
2024-09-17 09:36:29.730,417.63776641516256,6
2024-09-17 09:36:29.775,417.57227395525695,96
2024-09-17 09:36:29.820,417.57885839282784,95
2024-09-17 09:36:29.830,417.64226600717177,6
2024-09-17 09:36:29.927,417.627199725361,99
2024-09-17 09:36:30.042,417.57608310455015,14
2024-09-17 09:36:30.083,417.579396965527,1000
2024-09-17 09:36:30.156,417.5802626441943,10
2024-09-17 09:36:30.174,417.596965124804,995
2024-09-17 09:36:30.291,417.59575546080254,6
2024-09-17 09:36:30.326,417.5904873167326,1003
2024-09-17 09:36:30.360,417.59146011778535,96
2024-09-17 09:36:30.386,417.5898517352152,98
2024-09-17 09:36:30.408,417.5948727149199,1000
2024-09-17 09:36:30.434,417.5806247251279,96
2024-09-17 09:36:30.490,417.5923699786856,1000
2024-09-17 09:36:30.498,417.60371967549855,97
2024-09-17 09:36:30.605,417.57963469604994,95
2024-09-17 09:36:30.623,417.5683170816628,95
2024-09-17 09:36:30.711,417.58987726107966,1005
2024-09-17 09:36:30.754,417.6006095879381,999
2024-09-17 09:36:30.783,417.5859389024153,7
2024-09-17 09:36:30.827,417.5960584545903,13
2024-09-17 09:36:30.985,,97
2024-09-17 09:36:31.103,417.5943394393021,1005
2024-09-17 09:36:31.141,417.5361129390788,999
2024-09-17 09:36:31.152,417.54618166365367,995
2024-09-17 09:36:31.259,417.57419159365816,995
2024-09-17 09:36:31.284,417.56464106358953,1000
2024-09-17 09:36:31.290,417.5275186184288,1002
2024-09-17 09:36:31.306,417.5304806141277,998
2024-09-17 09:36:31.344,417.5800099758924,997
2024-09-17 09:36:31.358,417.5273448067193,1004
2024-09-17 09:36:31.376,417.5735662092911,104
2024-09-17 09:36:31.499,417.5910860644298,996
2024-09-17 09:36:31.541,417.5594414293302,5
2024-09-17 09:36:31.544,417.5224238331868,998
2024-09-17 09:36:31.544,417.53992539849565,10
2024-09-17 09:36:31.570,417.5932755928736,11
2024-09-17 09:36:31.582,417.5798633760187,97
2024-09-17 09:36:31.587,417.5208173201736,5
2024-09-17 09:36:31.588,417.58153403306943,1004
2024-09-17 09:36:31.642,417.57430132946496,13
2024-09-17 09:36:31.668,417.5466442972901,8
2024-09-17 09:36:31.773,417.563727128806,95
2024-09-17 09:36:31.792,417.555252304812,995
2024-09-17 09:36:31.812,417.5441400831824,12
2024-09-17 09:36:31.866,417.6004165297798,11
2024-09-17 09:36:31.894,417.5403456126909,996
2024-09-17 09:36:31.913,417.5253177788148,96
2024-09-17 09:36:31.914,417.5141109907328,7
2024-09-17 09:36:31.926,417.56122838960977,96
2024-09-17 09:36:31.936,417.5193142259682,95
2024-09-17 09:36:31.987,417.51018373220217,103
2024-09-17 09:36:32.123,417.5273804482082,997
2024-09-17 09:36:32.139,417.5543271103504,999
2024-09-17 09:36:32.250,417.5207070293873,1001
2024-09-17 09:36:32.333,417.5180792139266,997
2024-09-17 09:36:32.390,417.536769313017,103
2024-09-17 09:36:32.473,417.5603533285861,96
2024-09-17 09:36:32.578,417.53416042466057,995
2024-09-17 09:36:32.868,417.5383146696525,996
2024-09-17 09:36:32.949,417.5351547056887,1000
2024-09-17 09:36:32.993,417.52207648445415,96
2024-09-17 09:36:33.467,417.5434333156191,105
2024-09-17 09:36:33.539,417.538126092693,97
2024-09-17 09:36:33.679,417.5734218895311,11
2024-09-17 09:36:33.983,417.5426511658382,997
2024-09-17 09:36:34.000,41.75307141169467,1001
2024-09-17 09:36:34.051,417.5473783198024,96
2024-09-17 09:36:34.150,417.52138079481927,5
2024-09-17 09:36:34.158,417.53451904811,9
2024-09-17 09:36:34.163,417.5023742715709,10
2024-09-17 09:36:34.176,417.5598415247314,95
2024-09-17 09:36:34.335,417.5322910404204,14
2024-09-17 09:36:34.389,417.50956345760943,10
2024-09-17 09:36:34.409,417.55504804583273,996
2024-09-17 09:36:34.477,417.5289472569232,13
2024-09-17 09:36:34.530,417.5320250576513,101
2024-09-17 09:36:34.592,417.549540142249,1001
2024-09-17 09:36:34.597,417.5519547329761,995
2024-09-17 09:36:34.632,417.5616359006798,105
2024-09-17 09:36:34.673,417.5628198751083,8
2024-09-17 09:36:34.755,417.5490006781712,1000
2024-09-17 09:36:34.800,417.5190637297954,103
2024-09-17 09:36:34.808,417.537311495408,96
2024-09-17 09:36:34.889,417.5404948623183,102
2024-09-17 09:36:34.926,417.5404552674019,95
2024-09-17 09:36:34.944,417.5389274452899,96
2024-09-17 09:36:34.974,-417.5632173652163,104
2024-09-17 09:36:34.988,417.5380408211735,11
2024-09-17 09:36:35.002,417.5018774776125,5
2024-09-17 09:36:35.102,417.4543533441665,9
2024-09-17 09:36:35.128,,6
2024-09-17 09:36:35.163,417.54418065929656,6
2024-09-17 09:36:35.231,417.4482039515771,1002
2024-09-17 09:36:35.326,417.51058063603017,100
2024-09-17 09:36:35.368,417.5554289582808,13
2024-09-17 09:36:35.561,41.75313930313078,95
2024-09-17 09:36:35.736,417.474986831253,998
2024-09-17 09:36:35.958,417.43566947623407,95
2024-09-17 09:36:35.978,417.53271917866016,12
2024-09-17 09:36:35.984,417.5521277185393,97
2024-09-17 09:36:35.987,417.5276082615579,996
2024-09-17 09:36:37.103,417.4438474137381,103
2024-09-17 09:36:37.285,417.4209614069353,995
2024-09-17 09:36:37.810,417.4134757599223,100
2024-09-17 09:36:37.847,417.4270635827394,13
2024-09-17 09:36:37.867,417.4323398375087,15
2024-09-17 09:36:37.960,417.43518657263024,14
2024-09-17 09:36:38.067,417.4114155047994,102
2024-09-17 09:36:38.077,417.4069600400666,999
2024-09-17 09:36:38.096,417.45192631384094,103
2024-09-17 09:36:38.131,417.3980061366619,1000
2024-09-17 09:36:38.210,417.3943653900317,12
2024-09-17 09:36:38.262,417.4310534997678,10
2024-09-17 09:36:38.295,417.421352234235,995
2024-09-17 09:36:38.424,417.419014872223,97
2024-09-17 09:36:38.428,417.41220470958535,997
2024-09-17 09:36:38.465,417.4439931114636,96
2024-09-17 09:36:38.491,417.410148875136,12
2024-09-17 09:36:38.558,417.4495213474639,105
2024-09-17 09:36:38.622,417.42374585602585,105
2024-09-17 09:36:38.654,417.3946764557094,12
2024-09-17 09:36:38.746,417.39722293745297,95
2024-09-17 09:36:38.803,417.4137057849042,997
2024-09-17 09:36:38.822,417.394332270027,995
2024-09-17 09:36:38.833,417.43248149115846,1003
2024-09-17 09:36:38.846,417.4231262079924,1002
2024-09-17 09:36:38.851,417.42873786500815,6
2024-09-17 09:36:38.866,417.4106888692474,5
2024-09-17 09:36:38.934,417.4108546123064,998
2024-09-17 09:36:38.938,417.4056259359536,13
2024-09-17 09:36:39.004,417.4127737288998,998
2024-09-17 09:36:39.072,417.3781658576355,5
2024-09-17 09:36:39.560,417.4060798159532,6
2024-09-17 09:36:39.662,417.39537396722426,8
2024-09-17 09:36:39.714,417.386524167075,999
2024-09-17 09:36:39.726,417.4245771360319,15
2024-09-17 09:36:39.765,417.3799296881542,1000
2024-09-17 09:36:39.983,417.3672401114062,8
2024-09-17 09:36:40.082,417.36001606566,1004
2024-09-17 09:36:40.168,417.3497771981972,8
2024-09-17 09:36:40.372,417.37249534341737,102
2024-09-17 09:36:40.591,417.3257278026153,102
2024-09-17 09:36:40.769,417.3626383173213,97
2024-09-17 09:36:40.834,417.3462258174477,998
2024-09-17 09:36:40.914,417.3417244824387,9
2024-09-17 09:36:40.957,417.3627550698971,6
2024-09-17 09:36:40.974,417.3581702094575,104
2024-09-17 09:36:41.011,417.303373066136,999
2024-09-17 09:36:41.019,417.29734929552353,104
2024-09-17 09:36:41.029,417.3069059393378,1002
2024-09-17 09:36:41.140,417.3167066548661,14
2024-09-17 09:36:41.218,417.3122503451557,100
2024-09-17 09:36:41.278,417.344345525142,99
2024-09-17 09:36:41.341,417.29976196549177,1002
2024-09-17 09:36:41.373,417.30791570712313,12
2024-09-17 09:36:41.410,417.3438461836841,1002
2024-09-17 09:36:41.431,417.3496131485887,10
2024-09-17 09:36:41.537,417.311007450073,997
2024-09-17 09:36:41.571,417.2924387601396,104
2024-09-17 09:36:41.586,417.2945496180499,6
2024-09-17 09:36:41.663,,102
2024-09-17 09:36:41.694,417.35593727336527,11
2024-09-17 09:36:41.698,417.2910169237177,1005
2024-09-17 09:36:41.807,417.3086425005072,105
2024-09-17 09:36:41.812,417.31338202172026,15
2024-09-17 09:36:41.824,417.2880344184227,7
2024-09-17 09:36:41.880,417.330171222034,14
2024-09-17 09:36:41.897,417.359044092992,996
2024-09-17 09:36:41.929,417.3237716518412,6
2024-09-17 09:36:41.976,417.30843296921137,1005
2024-09-17 09:36:42.015,417.258797100817,998
2024-09-17 09:36:42.109,417.2890012250805,9
2024-09-17 09:36:42.259,417.29518671716426,98
2024-09-17 09:36:42.403,417.2752151024882,97
2024-09-17 09:36:42.421,417.3013876526287,5
2024-09-17 09:36:42.440,417.28052752080896,1001
2024-09-17 09:36:42.447,417.2842804121526,99
2024-09-17 09:36:42.463,417.27108493786864,7
2024-09-17 09:36:42.470,417.3142100267992,1005
2024-09-17 09:36:42.484,417.2996067753057,999
2024-09-17 09:36:42.505,417.26535206636726,995
2024-09-17 09:36:42.528,417.2636400305432,6
2024-09-17 09:36:42.534,417.3089997822021,99
2024-09-17 09:36:42.539,417.2993402928336,96
2024-09-17 09:36:42.563,417.2837678106992,999
2024-09-17 09:36:42.618,417.3048858367591,100
2024-09-17 09:36:42.619,,998
2024-09-17 09:36:42.650,417.33687731756265,11
2024-09-17 09:36:42.659,417.2934116655958,1000
2024-09-17 09:36:42.737,417.2971845480757,104
2024-09-17 09:36:42.966,417.2819546476592,1000
2024-09-17 09:36:42.976,417.3106282154748,997
2024-09-17 09:36:43.086,417.3447551117377,7
2024-09-17 09:36:43.103,417.3521309101572,105
2024-09-17 09:36:43.226,417.33472710493766,97
2024-09-17 09:36:43.344,417.3443015809247,13
2024-09-17 09:36:43.374,417.3632213674754,99
2024-09-17 09:36:43.505,417.3820698563928,996
2024-09-17 09:36:43.523,417.3193929873304,98
2024-09-17 09:36:43.563,417.3531102100061,1002
2024-09-17 09:36:43.651,417.327329589159,997
2024-09-17 09:36:43.656,417.3231771411844,9
2024-09-17 09:36:43.762,417.3479070862862,97
2024-09-17 09:36:43.796,417.329457731771,999
2024-09-17 09:36:43.811,417.3519859847832,1000
2024-09-17 09:36:43.890,417.31816044527744,1004
2024-09-17 09:36:43.939,417.3250971617746,1005
2024-09-17 09:36:44.033,417.3778362595634,5
2024-09-17 09:36:44.054,417.3791413020645,10
2024-09-17 09:36:44.063,417.3727378080819,5
2024-09-17 09:36:44.073,417.3845035250495,97
2024-09-17 09:36:44.097,417.3765221025823,999
2024-09-17 09:36:44.152,417.42334283276784,98
2024-09-17 09:36:44.154,417.370596050334,6
2024-09-17 09:36:44.274,417.3805988279698,96
2024-09-17 09:36:44.406,417.3750597529723,8
2024-09-17 09:36:44.442,417.38337090410784,1004
2024-09-17 09:36:44.471,417.3929253119316,1003
2024-09-17 09:36:44.476,417.3835222913168,995
2024-09-17 09:36:44.638,417.38497353368655,95
2024-09-17 09:36:44.793,417.3974237232574,12
2024-09-17 09:36:44.820,417.364203566287,101
2024-09-17 09:36:44.865,417.4164383201961,6
2024-09-17 09:36:44.954,417.4042240943389,999
2024-09-17 09:36:44.979,417.38805900949103,997
2024-09-17 09:36:45.966,417.3981292507606,100
2024-09-17 09:36:46.062,417.41374004626806,14
2024-09-17 09:36:46.190,417.3987979777876,996
2024-09-17 09:36:46.193,417.41527299700783,1000
2024-09-17 09:36:46.219,417.4071835571792,11
2024-09-17 09:36:46.334,417.4252775051066,995
2024-09-17 09:36:46.361,417.4030924533711,1004
2024-09-17 09:36:46.368,417.3981330836228,104
2024-09-17 09:36:46.374,417.3824047814777,103
2024-09-17 09:36:46.386,417.3758419671564,998
2024-09-17 09:36:46.486,417.43201574322114,13
2024-09-17 09:36:46.552,417.4047798912111,1004
2024-09-17 09:36:46.600,417.3889214133802,6
2024-09-17 09:36:46.614,417.4022370225712,9
2024-09-17 09:36:46.979,417.4315000694103,11
2024-09-17 09:36:47.080,417.4299706389082,104
2024-09-17 09:36:47.796,417.4274020644781,97
2024-09-17 09:36:48.500,417.4344279237501,996
2024-09-17 09:36:48.664,417.4438638591169,103
2024-09-17 09:36:48.716,417.4288740007834,5
2024-09-17 09:36:49.002,417.4273938763332,13
2024-09-17 09:36:49.008,417.39713333620745,10
2024-09-17 09:36:49.096,417.4248537189857,98
2024-09-17 09:36:49.134,417.4123948578356,15
2024-09-17 09:36:49.136,417.4389468409958,1003
2024-09-17 09:36:49.156,417.41965265896687,13
2024-09-17 09:36:49.198,417.40326655814255,95
2024-09-17 09:36:49.250,417.4169242276261,996
2024-09-17 09:36:49.298,417.4358499842603,96
2024-09-17 09:36:49.304,417.44160137026125,1002
2024-09-17 09:36:49.378,417.3921378150087,98
2024-09-17 09:36:49.442,417.3912771224344,996
2024-09-17 09:36:49.569,417.4270319627108,101
2024-09-17 09:36:49.569,417.39862330537466,97
2024-09-17 09:36:49.606,417.3948192560894,96
2024-09-17 09:36:49.664,417.4219407334666,96
2024-09-17 09:36:49.667,417.416774405632,14
2024-09-17 09:36:49.906,417.4161929889716,96
2024-09-17 09:36:49.973,417.41859454005424,996
2024-09-17 09:36:50.037,-417.3853131452884,14
2024-09-17 09:36:50.061,417.39705948015774,1001
2024-09-17 09:36:50.077,417.36868200655977,101
2024-09-17 09:36:50.106,417.3970109456944,12
2024-09-17 09:36:50.141,417.4102480337127,95
2024-09-17 09:36:50.149,417.4145054645458,96
2024-09-17 09:36:50.242,417.3772272218457,15
2024-09-17 09:36:50.307,417.4193028410514,14
2024-09-17 09:36:50.310,417.3857518135393,95
2024-09-17 09:36:50.435,417.4146241138495,96
2024-09-17 09:36:50.447,417.4124359577233,1002
2024-09-17 09:36:50.465,,1002
2024-09-17 09:36:50.498,417.3739851178887,996
2024-09-17 09:36:50.529,417.3936389134549,96
2024-09-17 09:36:50.679,417.3671373154804,102
2024-09-17 09:36:50.693,417.3783497810854,998
2024-09-17 09:36:50.730,417.3538507995254,1003
2024-09-17 09:36:50.889,-417.3969002063928,1003
2024-09-17 09:36:50.897,417.40701755746215,97
2024-09-17 09:36:50.995,417.3760187675791,14
2024-09-17 09:36:51.003,417.3943558806629,1002
2024-09-17 09:36:51.023,417.4142877051981,998
2024-09-17 09:36:51.027,417.3952947639828,1002
2024-09-17 09:36:51.093,417.4240083273701,5
2024-09-17 09:36:51.095,417.40756010762095,998
2024-09-17 09:36:51.114,417.4064666995744,14
2024-09-17 09:36:51.200,417.39818342277846,15
2024-09-17 09:36:51.211,417.3756266239612,101
2024-09-17 09:36:51.262,417.4115204388973,999
2024-09-17 09:36:51.267,417.4003480075799,995
2024-09-17 09:36:51.275,417.38942279059376,14
2024-09-17 09:36:51.311,417.4152417144888,995
2024-09-17 09:36:51.329,417.42511546220766,15
2024-09-17 09:36:51.349,417.38310576639685,12
2024-09-17 09:36:51.418,417.39435058583,7
2024-09-17 09:36:51.423,41.74093688714374,97
2024-09-17 09:36:51.444,417.424050449985,995
2024-09-17 09:36:51.459,417.3914409374382,1001
2024-09-17 09:36:51.519,417.4151952667268,11
2024-09-17 09:36:51.581,417.4028180725261,1004
2024-09-17 09:36:51.608,417.410653940122,5
2024-09-17 09:36:51.652,417.3747749308701,103
2024-09-17 09:36:51.655,417.413612890877,105
2024-09-17 09:36:51.732,417.41098087697407,105
2024-09-17 09:36:51.747,417.4068317892816,9
2024-09-17 09:36:51.782,,15
2024-09-17 09:36:51.976,417.4127107459822,14
2024-09-17 09:36:52.093,417.4121650093933,998
2024-09-17 09:36:52.496,417.4221044009511,105
2024-09-17 09:36:52.566,417.4013861276651,15
2024-09-17 09:36:52.847,417.3924477004982,97
2024-09-17 09:36:52.900,417.38789573283736,1000
2024-09-17 09:36:52.930,417.4195086885427,10
2024-09-17 09:36:53.046,417.4268546372968,99
2024-09-17 09:36:53.090,417.4105472659709,999
2024-09-17 09:36:53.132,-417.4011365236383,97
2024-09-17 09:36:53.260,417.4301889787369,996
2024-09-17 09:36:53.372,417.36314927765096,97
2024-09-17 09:36:53.408,417.4224509329404,104
2024-09-17 09:36:53.567,417.3911816874553,14
2024-09-17 09:36:53.568,417.42429462969096,1001
2024-09-17 09:36:53.732,417.3945767994404,12
2024-09-17 09:36:53.921,417.4003368815373,1004
2024-09-17 09:36:53.949,417.3810567610861,5
2024-09-17 09:36:54.128,417.3642701175385,995
2024-09-17 09:36:54.222,417.378460226574,105
2024-09-17 09:36:54.248,417.3587917438502,995
2024-09-17 09:36:55.168,417.3715709801619,101
2024-09-17 09:36:55.484,417.3564363699974,995
2024-09-17 09:36:55.568,417.3697240230186,1004
2024-09-17 09:36:55.700,417.36567714039455,995
2024-09-17 09:36:55.755,417.3617326668893,8
2024-09-17 09:36:55.761,417.3611067470601,11
2024-09-17 09:36:55.837,417.3787154685229,10
2024-09-17 09:36:55.867,417.3632311255876,1002
2024-09-17 09:36:55.892,417.37707906534126,15
2024-09-17 09:36:56.352,417.3716312994011,997
2024-09-17 09:36:56.463,417.38506012549465,11
2024-09-17 09:36:56.562,417.39482771896536,13
2024-09-17 09:36:56.813,417.4037737604737,13
2024-09-17 09:36:56.953,417.3877713236169,14
2024-09-17 09:36:57.013,417.3925461718415,96
2024-09-17 09:36:57.023,417.3733151599951,96
2024-09-17 09:36:57.040,417.3784157545941,8
2024-09-17 09:36:57.146,417.3791586912647,15
2024-09-17 09:36:57.162,417.37378253268537,997
2024-09-17 09:36:57.169,417.386018308396,97
2024-09-17 09:36:57.176,417.3703976375379,5
2024-09-17 09:36:57.195,417.3234126299546,100
2024-09-17 09:36:57.219,417.34415183429417,14
2024-09-17 09:36:57.239,417.3946202859806,1004
2024-09-17 09:36:57.326,417.3826152393463,9
2024-09-17 09:36:57.352,417.3702161156937,1003
2024-09-17 09:36:57.372,417.3754394629305,12
2024-09-17 09:36:57.387,417.3897907961368,1004
2024-09-17 09:36:57.419,417.3538425942554,15
2024-09-17 09:36:57.419,417.3985217120526,102
2024-09-17 09:36:57.431,417.4042648776149,1005
2024-09-17 09:36:57.549,417.3874163221716,14
2024-09-17 09:36:57.722,417.3886245868495,103
2024-09-17 09:36:57.808,417.38939772852416,12
2024-09-17 09:36:57.835,417.36417581360223,998
2024-09-17 09:36:57.892,417.3933516706262,105
2024-09-17 09:36:57.927,417.3843491994231,999
2024-09-17 09:36:57.991,417.3469590006768,995
2024-09-17 09:36:58.034,417.33640297809376,998
2024-09-17 09:36:58.081,417.28889045197496,8
2024-09-17 09:36:58.102,417.2967773349638,1002
2024-09-17 09:36:58.125,417.2805935580957,12
2024-09-17 09:36:58.207,417.3077268021622,9
2024-09-17 09:36:58.223,417.31305917824994,11
2024-09-17 09:36:58.240,417.3008776562972,13
2024-09-17 09:36:58.254,417.25997632853824,997
2024-09-17 09:36:58.278,417.3119475300542,11
2024-09-17 09:36:58.338,417.2693371962882,14
2024-09-17 09:36:58.374,417.31355557420704,10
2024-09-17 09:36:58.451,417.28275824141423,13
2024-09-17 09:36:58.559,417.3072139323962,999
2024-09-17 09:36:58.560,417.3330477978628,1001
2024-09-17 09:36:58.567,417.2643875763039,998
2024-09-17 09:36:58.625,417.3031333209285,14
2024-09-17 09:36:58.670,417.2886749525717,999
2024-09-17 09:36:58.672,417.36837587397247,102
2024-09-17 09:36:58.765,417.2985534808013,101
2024-09-17 09:36:58.765,417.3343961180138,5
2024-09-17 09:36:58.777,417.2568368799781,1003
2024-09-17 09:36:58.784,417.2875815047621,12
2024-09-17 09:36:58.787,417.3492178102004,98
2024-09-17 09:36:58.792,417.2847624807016,995
2024-09-17 09:36:58.826,417.2590628114773,104
2024-09-17 09:36:58.948,417.3268904185799,98
2024-09-17 09:36:58.957,417.264121975729,1005
2024-09-17 09:36:58.972,417.27543270523904,100
2024-09-17 09:36:59.049,417.3458161151353,999
2024-09-17 09:36:59.065,417.33773279599,104
2024-09-17 09:36:59.142,417.348020061477,7
2024-09-17 09:36:59.157,417.3576523548745,102
2024-09-17 09:36:59.236,417.3245662135636,1000
2024-09-17 09:36:59.318,417.3736757305758,998
2024-09-17 09:36:59.341,417.3504772149246,10
2024-09-17 09:36:59.390,417.3738046402982,8
2024-09-17 09:36:59.450,417.3564181022254,96
2024-09-17 09:36:59.547,417.3479520495247,999
2024-09-17 09:36:59.588,417.3544807461898,7
2024-09-17 09:36:59.611,417.3613779200674,11
2024-09-17 09:36:59.626,417.3631595080387,1002
2024-09-17 09:36:59.697,417.3593509670459,99
2024-09-17 09:36:59.707,417.3513959313786,101
2024-09-17 09:36:59.740,417.3496855812416,96
2024-09-17 09:36:59.802,417.372268850443,14
2024-09-17 09:36:59.872,417.3610488505433,7
2024-09-17 09:36:59.923,417.3524696581625,13
2024-09-17 09:36:59.977,417.3618689464947,1002
2024-09-17 09:36:59.979,417.3607694597459,102
