Timestamp,Price,Size
2024-09-17 15:52:00.137,-408.1518880694524,1000
2024-09-17 15:52:00.208,408.1566170163995,1001
2024-09-17 15:52:00.301,408.1460361348291,95
2024-09-17 15:52:00.353,408.1527995588185,10
2024-09-17 15:52:00.373,408.14553669971,1004
2024-09-17 15:52:00.391,408.1453012854822,5
2024-09-17 15:52:00.422,408.1470057648706,98
2024-09-17 15:52:00.442,408.1279230608535,12
2024-09-17 15:52:00.780,408.1542186192512,1000
2024-09-17 15:52:01.721,408.158333028197,996
2024-09-17 15:52:01.758,408.1563753136644,98
2024-09-17 15:52:02.085,408.1325052666908,1004
2024-09-17 15:52:02.139,408.1770194010095,101
2024-09-17 15:52:02.162,408.1414459545747,15
2024-09-17 15:52:02.193,408.1603245796968,97
2024-09-17 15:52:02.209,408.1404446077459,11
2024-09-17 15:52:02.247,408.1348074753652,103
2024-09-17 15:52:02.250,408.1458547656243,95
2024-09-17 15:52:02.260,408.1567525383603,95
2024-09-17 15:52:02.269,408.14670402856166,999
2024-09-17 15:52:02.362,408.1629730324279,97
2024-09-17 15:52:02.399,408.1521471024442,1000
2024-09-17 15:52:02.408,408.1322501306559,15
2024-09-17 15:52:02.501,408.1602532441176,97
2024-09-17 15:52:02.507,408.1525171318947,998
2024-09-17 15:52:02.536,408.1817954949125,7
2024-09-17 15:52:02.583,408.15148313130805,95
2024-09-17 15:52:02.629,408.1668647036998,995
2024-09-17 15:52:02.634,408.1600361569808,9
2024-09-17 15:52:02.642,408.132682884759,9
2024-09-17 15:52:02.733,408.15155041217713,101
2024-09-17 15:52:02.760,408.1919741967935,98
2024-09-17 15:52:02.898,408.1577253616852,999
2024-09-17 15:52:02.982,408.1798002188918,105
2024-09-17 15:52:02.995,408.1533053262759,14
2024-09-17 15:52:03.264,408.1244343921365,95
2024-09-17 15:52:04.076,408.1225368577908,95
2024-09-17 15:52:04.137,408.084128070868,101
2024-09-17 15:52:04.160,408.0926313581382,11
2024-09-17 15:52:04.161,408.081736282465,999
2024-09-17 15:52:04.183,408.1110632039562,103
2024-09-17 15:52:04.224,408.11199834199215,97
2024-09-17 15:52:04.294,408.1135071377697,11
2024-09-17 15:52:04.304,408.0994416798876,997
2024-09-17 15:52:04.314,408.0616249063386,95
2024-09-17 15:52:04.334,408.1408819503367,9
2024-09-17 15:52:04.345,408.1427975432125,10
2024-09-17 15:52:04.400,408.1416528303003,1000
2024-09-17 15:52:04.413,408.1102138843178,7
2024-09-17 15:52:04.422,408.09832211642606,1004
2024-09-17 15:52:04.430,415.5310080138957,6
2024-09-17 15:52:04.518,408.1162771557168,5
2024-09-17 15:52:04.525,408.1074494422078,1004
2024-09-17 15:52:04.735,408.0865999938284,97
2024-09-17 15:52:04.762,408.1189799785233,11
2024-09-17 15:52:04.797,408.11040432527386,101
2024-09-17 15:52:04.814,408.1271478214453,1000
2024-09-17 15:52:04.859,408.0990712945703,105
2024-09-17 15:52:04.876,408.10674850697774,1002
2024-09-17 15:52:04.892,408.0961555985244,15
2024-09-17 15:52:04.925,408.1063909052183,9
2024-09-17 15:52:04.937,408.0835004362816,12
2024-09-17 15:52:04.943,408.1332398339424,105
2024-09-17 15:52:05.089,408.07903497481857,9
2024-09-17 15:52:05.120,408.0927918130664,11
2024-09-17 15:52:05.177,408.1174757373576,1001
2024-09-17 15:52:05.290,408.0815208804397,96
2024-09-17 15:52:05.381,408.081386082268,1005
2024-09-17 15:52:05.466,408.1289457461641,7
2024-09-17 15:52:05.486,408.0870292931287,95
2024-09-17 15:52:05.526,408.1023070611285,13
2024-09-17 15:52:05.564,408.0866398894423,997
2024-09-17 15:52:05.586,408.0864145782156,99
2024-09-17 15:52:05.633,408.0835739664315,1002
2024-09-17 15:52:05.825,408.095147552278,103
2024-09-17 15:52:05.846,408.0989661982098,1002
2024-09-17 15:52:06.253,408.0581722562872,101
2024-09-17 15:52:06.295,408.1109087563029,100
2024-09-17 15:52:06.459,408.1252704986464,102
2024-09-17 15:52:06.476,408.0702955772129,1002
2024-09-17 15:52:06.601,408.0951788729144,999
2024-09-17 15:52:06.690,408.0928592231216,100
2024-09-17 15:52:06.700,408.063727803816,102
2024-09-17 15:52:06.770,408.0825109078488,11
2024-09-17 15:52:07.033,40.80622687573082,95
2024-09-17 15:52:07.037,408.07319604641975,99
2024-09-17 15:52:07.081,408.07321778209865,98
2024-09-17 15:52:07.089,407.9763813343277,1002
2024-09-17 15:52:07.151,408.00337620089545,1002
2024-09-17 15:52:07.225,408.0726450785055,1004
2024-09-17 15:52:07.251,408.00258700487785,999
2024-09-17 15:52:07.281,408.0039785014839,105
2024-09-17 15:52:07.372,407.9793111626114,997
2024-09-17 15:52:07.391,407.9965081801494,998
2024-09-17 15:52:07.397,408.09686680271193,11
2024-09-17 15:52:07.406,408.0797122911577,1000
2024-09-17 15:52:07.485,408.10660450481294,1004
2024-09-17 15:52:07.494,408.0853443761147,98
2024-09-17 15:52:07.509,408.0937563351736,14
2024-09-17 15:52:07.601,408.0002272438262,995
2024-09-17 15:52:07.640,408.0158341873002,6
2024-09-17 15:52:07.656,408.05164742984937,997
2024-09-17 15:52:07.707,408.10370481743865,14
2024-09-17 15:52:07.817,408.10707324762825,996
2024-09-17 15:52:07.834,408.009645529337,7
2024-09-17 15:52:07.873,408.0443383245834,9
2024-09-17 15:52:07.916,408.07599460565234,997
2024-09-17 15:52:07.928,408.0626569902743,98
2024-09-17 15:52:07.932,408.0684177970954,996
2024-09-17 15:52:07.959,408.115766241218,10
2024-09-17 15:52:08.025,407.9884751184719,102
2024-09-17 15:52:08.029,408.0070799973765,1004
2024-09-17 15:52:08.272,408.0139729801196,15
2024-09-17 15:52:08.342,407.99666115746544,102
2024-09-17 15:52:08.342,408.0198365956424,1005
2024-09-17 15:52:08.417,407.98163726047005,97
2024-09-17 15:52:08.470,408.00545057102255,95
2024-09-17 15:52:08.588,407.99466476353945,1002
2024-09-17 15:52:08.615,408.0237121210902,105
2024-09-17 15:52:08.657,408.00607945547057,104
2024-09-17 15:52:08.733,408.0084505370987,997
2024-09-17 15:52:08.792,408.0052747739286,14
2024-09-17 15:52:08.834,407.98641527222776,10
2024-09-17 15:52:08.865,407.9994519327932,99
2024-09-17 15:52:08.945,408.0045257963889,101
2024-09-17 15:52:08.965,408.0094992841589,6
2024-09-17 15:52:09.074,407.9501998382997,96
2024-09-17 15:52:09.272,415.59542138806006,103
2024-09-17 15:52:09.975,407.9529926319363,1003
2024-09-17 15:52:09.981,407.9614617576941,997
2024-09-17 15:52:10.024,407.83351627196856,8
2024-09-17 15:52:10.063,415.5682543782064,96
2024-09-17 15:52:10.073,407.859669279277,8
2024-09-17 15:52:10.132,407.89165747920975,996
2024-09-17 15:52:10.136,407.9278152237321,104
2024-09-17 15:52:10.143,407.9388968711647,6
2024-09-17 15:52:10.163,407.8287848986608,1001
2024-09-17 15:52:10.168,407.84939461637,12
2024-09-17 15:52:10.194,407.9153315913582,98
2024-09-17 15:52:10.294,407.85908197781794,15
2024-09-17 15:52:10.309,407.8576595725802,11
2024-09-17 15:52:10.457,407.88283085936894,997
2024-09-17 15:52:10.482,407.8554684418651,13
2024-09-17 15:52:10.510,407.8630105423467,1000
2024-09-17 15:52:10.512,407.9278928546767,99
2024-09-17 15:52:10.517,407.8351200591965,97
2024-09-17 15:52:10.521,407.8336717418658,13
2024-09-17 15:52:10.521,407.8812674863547,14
2024-09-17 15:52:10.570,40.7853464934596,998
2024-09-17 15:52:10.596,407.8955608517162,12
2024-09-17 15:52:10.667,407.9095299633699,1000
2024-09-17 15:52:10.672,407.8573983824806,1004
2024-09-17 15:52:10.775,407.9079164383866,96
2024-09-17 15:52:10.779,407.8613561286296,1001
2024-09-17 15:52:10.798,407.84630210494345,7
2024-09-17 15:52:10.810,407.8869122328346,995
2024-09-17 15:52:10.820,407.84310010792086,1003
2024-09-17 15:52:10.852,407.8555569056074,1002
2024-09-17 15:52:11.006,407.7627552164856,7
2024-09-17 15:52:11.041,40.77715063263218,996
2024-09-17 15:52:11.046,407.7736020589061,5
2024-09-17 15:52:11.074,407.78567346708985,6
2024-09-17 15:52:11.084,407.7650118996469,995
2024-09-17 15:52:11.086,407.8315184461242,1004
2024-09-17 15:52:11.174,407.7679689085706,15
2024-09-17 15:52:11.190,407.7771505360878,999
2024-09-17 15:52:11.195,40.77850881097629,6
2024-09-17 15:52:11.245,407.7741020083769,103
2024-09-17 15:52:11.259,407.7743216988386,1001
2024-09-17 15:52:11.350,407.77270928003526,14
2024-09-17 15:52:11.414,407.79225283622645,96
2024-09-17 15:52:11.453,407.752036098364,5
2024-09-17 15:52:11.468,407.84650463174063,12
2024-09-17 15:52:11.491,407.7604375205543,9
2024-09-17 15:52:11.505,407.7789213242085,6
2024-09-17 15:52:11.517,407.7882334369913,14
2024-09-17 15:52:11.647,407.76409677854855,1003
2024-09-17 15:52:11.671,407.76704755875375,995
2024-09-17 15:52:11.683,407.7922487359842,1003
2024-09-17 15:52:11.778,407.7706834649108,10
2024-09-17 15:52:11.797,407.8396767417193,98
2024-09-17 15:52:11.872,407.83398778938135,1001
2024-09-17 15:52:11.921,40.77886290289803,999
2024-09-17 15:52:12.033,407.768013748005,102
2024-09-17 15:52:12.055,407.78930332261456,99
2024-09-17 15:52:12.060,407.773213254257,1004
2024-09-17 15:52:12.072,407.78098714043807,995
2024-09-17 15:52:12.110,407.74713235552935,96
2024-09-17 15:52:12.155,407.76504350169154,6
2024-09-17 15:52:12.160,407.7968771512896,1004
2024-09-17 15:52:12.190,407.7612958250476,14
2024-09-17 15:52:12.196,407.7622520462973,97
2024-09-17 15:52:12.201,407.7796030426629,8
2024-09-17 15:52:12.211,407.7287768500586,1004
2024-09-17 15:52:12.234,407.785915317007,8
2024-09-17 15:52:12.256,407.758852907157,102
2024-09-17 15:52:12.262,407.7916456902175,96
2024-09-17 15:52:12.288,407.7725318690177,96
2024-09-17 15:52:12.318,407.7353333903205,999
2024-09-17 15:52:12.426,407.7946955861685,6
2024-09-17 15:52:12.464,407.7730648330068,1001
2024-09-17 15:52:12.655,407.7705156147196,98
2024-09-17 15:52:12.714,407.7729073157537,5
2024-09-17 15:52:12.732,407.7399598430973,10
2024-09-17 15:52:12.737,407.77530118366656,14
2024-09-17 15:52:12.759,407.7816894175083,1005
2024-09-17 15:52:12.781,407.7793319561713,13
2024-09-17 15:52:12.810,407.7762960532365,5
2024-09-17 15:52:12.849,407.77358881191753,99
2024-09-17 15:52:12.901,407.7745493672652,15
2024-09-17 15:52:12.996,407.7595996292837,6
2024-09-17 15:52:13.027,407.8011621427749,1004
2024-09-17 15:52:13.078,407.8629074722692,13
2024-09-17 15:52:13.179,407.83341039163713,999
2024-09-17 15:52:13.190,407.8783293551882,7
2024-09-17 15:52:13.274,407.75610197058086,5
2024-09-17 15:52:13.333,-407.8395167264429,97
2024-09-17 15:52:13.383,407.8354328965355,999
2024-09-17 15:52:13.384,407.7803512881882,11
2024-09-17 15:52:13.444,407.80981021043385,103
2024-09-17 15:52:13.522,407.8658943244697,103
2024-09-17 15:52:13.554,407.7644748119597,998
2024-09-17 15:52:13.591,407.8395450974396,9
2024-09-17 15:52:13.637,407.81270804753024,6
2024-09-17 15:52:13.688,407.7968210114901,7
2024-09-17 15:52:13.743,407.7967784353015,10
2024-09-17 15:52:13.759,407.7506991622704,995
2024-09-17 15:52:13.801,407.7743340821372,12
2024-09-17 15:52:13.825,407.7994581772225,7
2024-09-17 15:52:13.846,407.8465676090236,15
2024-09-17 15:52:13.987,407.8123768343123,5
2024-09-17 15:52:14.120,407.8436541086921,10
2024-09-17 15:52:14.160,407.82831724468775,101
2024-09-17 15:52:14.168,-407.8684272210716,14
2024-09-17 15:52:14.207,407.85774124434295,1002
2024-09-17 15:52:14.287,407.86886612631673,9
2024-09-17 15:52:14.311,407.8378772497347,102
2024-09-17 15:52:14.454,407.8189148494002,12
2024-09-17 15:52:14.482,407.8953018488981,15
2024-09-17 15:52:14.485,407.8353664262903,15
2024-09-17 15:52:14.577,407.8437102089915,103
2024-09-17 15:52:14.580,407.8294471855273,1004
2024-09-17 15:52:14.726,407.8758606330244,98
2024-09-17 15:52:14.887,407.8689485075337,104
2024-09-17 15:52:14.950,407.8375160769245,12
2024-09-17 15:52:15.052,407.8349488803196,11
2024-09-17 15:52:15.125,407.8223074061153,101
2024-09-17 15:52:15.128,407.8270055005654,1001
2024-09-17 15:52:15.182,407.8510978748463,999
2024-09-17 15:52:15.209,407.83587890617,1001
2024-09-17 15:52:15.216,407.8517276643823,15
2024-09-17 15:52:15.233,407.833100214561,995
2024-09-17 15:52:15.300,407.866900164814,1003
2024-09-17 15:52:15.324,407.8309506523298,1004
2024-09-17 15:52:15.365,407.8176406679805,6
2024-09-17 15:52:15.449,407.8695441751978,9
2024-09-17 15:52:15.451,407.8470758108202,999
2024-09-17 15:52:16.009,407.8084978105912,101
2024-09-17 15:52:16.078,407.81533959171975,99
2024-09-17 15:52:16.103,407.7708803361689,1001
2024-09-17 15:52:16.116,407.8225114015434,11
2024-09-17 15:52:16.145,407.8277066448562,96
2024-09-17 15:52:16.150,407.82961629017296,105
2024-09-17 15:52:16.168,407.8210680530047,5
2024-09-17 15:52:16.260,407.7652231189461,8
2024-09-17 15:52:16.273,407.8308393591923,995
2024-09-17 15:52:16.277,407.766068045602,1004
2024-09-17 15:52:16.305,407.7602249265965,1002
2024-09-17 15:52:16.371,407.7650282579249,97
2024-09-17 15:52:16.387,407.81998013303706,996
2024-09-17 15:52:16.486,407.75850818104647,9
2024-09-17 15:52:16.530,407.8279963596022,15
2024-09-17 15:52:16.617,407.8283649060975,15
2024-09-17 15:52:16.743,40.77739493092377,1001
2024-09-17 15:52:16.746,407.8360866733095,10
2024-09-17 15:52:16.765,407.808688652561,99
2024-09-17 15:52:16.772,407.82253508859,102
2024-09-17 15:52:16.833,407.8429171121135,103
2024-09-17 15:52:16.835,407.8210036991121,96
2024-09-17 15:52:17.038,407.7768307413616,997
2024-09-17 15:52:17.116,407.73000429319,1003
2024-09-17 15:52:17.132,407.7204036856489,11
2024-09-17 15:52:17.230,407.71797032160407,995
2024-09-17 15:52:17.289,407.7502940318416,8
2024-09-17 15:52:17.305,407.7285509949999,104
2024-09-17 15:52:17.318,40.77497810811355,6
2024-09-17 15:52:17.332,407.76144931869953,100
2024-09-17 15:52:17.362,407.76476010808506,104
2024-09-17 15:52:17.427,407.7673084277761,100
2024-09-17 15:52:17.488,407.7680896152336,103
2024-09-17 15:52:17.497,407.7225782597759,10
2024-09-17 15:52:17.533,407.74652053190056,8
2024-09-17 15:52:17.573,407.755502915711,102
2024-09-17 15:52:17.573,407.7214269202367,1001
2024-09-17 15:52:17.575,407.7571466357505,12
2024-09-17 15:52:17.592,407.7276236489455,8
2024-09-17 15:52:17.608,407.7651933404467,97
2024-09-17 15:52:17.618,407.72568529951207,95
2024-09-17 15:52:17.666,407.7229056373711,1001
2024-09-17 15:52:17.673,407.7646264702666,102
2024-09-17 15:52:17.684,407.7853837568796,1000
2024-09-17 15:52:17.728,407.7307897723733,5
2024-09-17 15:52:17.734,407.7743868295723,998
2024-09-17 15:52:17.814,407.7317435129085,1002
2024-09-17 15:52:17.848,407.74470261553466,1001
2024-09-17 15:52:17.857,407.74575754451786,1002
2024-09-17 15:52:17.865,407.77194000281656,8
2024-09-17 15:52:17.947,407.7238108960031,100
2024-09-17 15:52:17.952,407.7428234682582,98
2024-09-17 15:52:18.068,407.6876417115773,96
2024-09-17 15:52:18.076,407.6877753618514,97
2024-09-17 15:52:18.092,407.686073523255,8
2024-09-17 15:52:18.096,407.686640580332,1003
2024-09-17 15:52:18.121,407.7073822694644,99
2024-09-17 15:52:18.141,407.6817308270965,5
2024-09-17 15:52:18.195,407.7026312055602,1003
2024-09-17 15:52:18.209,407.7077850508765,99
2024-09-17 15:52:18.211,407.69953194331873,1005
2024-09-17 15:52:18.237,407.6778828865801,102
2024-09-17 15:52:18.238,407.6921455493979,101
2024-09-17 15:52:18.282,407.6894137928582,1003
2024-09-17 15:52:18.382,407.6970573149381,995
2024-09-17 15:52:18.405,407.703167088711,101
2024-09-17 15:52:18.425,407.70003018174594,14
2024-09-17 15:52:18.456,407.694786369156,99
2024-09-17 15:52:18.458,407.6921471514599,102
2024-09-17 15:52:18.536,407.6929594926717,104
2024-09-17 15:52:18.577,407.72621103650295,5
2024-09-17 15:52:18.647,407.7083276919261,1001
2024-09-17 15:52:18.718,407.7154274957993,104
2024-09-17 15:52:18.769,407.69956565546295,104
2024-09-17 15:52:18.816,407.6912938485692,998
2024-09-17 15:52:18.816,407.71479522861375,11
2024-09-17 15:52:18.840,407.72532502016895,102
2024-09-17 15:52:18.846,407.6972267537881,10
2024-09-17 15:52:18.873,407.6681138963908,12
2024-09-17 15:52:18.873,407.7277136422868,8
2024-09-17 15:52:18.940,407.6937278460379,7
2024-09-17 15:52:18.948,407.7222503612244,10
2024-09-17 15:52:19.047,407.6676627559,105
2024-09-17 15:52:19.089,407.6705938917863,103
2024-09-17 15:52:19.134,407.6369095144353,102
2024-09-17 15:52:19.205,407.6323533468119,1002
2024-09-17 15:52:19.232,407.68519183651006,995
2024-09-17 15:52:19.298,407.6336818744039,995
2024-09-17 15:52:19.409,407.6401286326599,1004
2024-09-17 15:52:19.495,407.6440316128957,100
2024-09-17 15:52:19.504,407.6417154922027,1003
2024-09-17 15:52:19.504,407.6362344850228,998
2024-09-17 15:52:19.574,407.6621531136203,1004
2024-09-17 15:52:19.587,407.649692400856,14
2024-09-17 15:52:19.658,407.6488166342872,102
2024-09-17 15:52:19.705,407.6765553792627,12
2024-09-17 15:52:19.707,407.6538363052976,104
2024-09-17 15:52:19.787,407.6678773324799,9
2024-09-17 15:52:19.800,407.6752587754269,1005
2024-09-17 15:52:19.867,407.64523732308027,95
2024-09-17 15:52:20.120,407.68309136740254,14
2024-09-17 15:52:20.123,407.7040044772472,99
2024-09-17 15:52:20.235,407.7059048629723,7
2024-09-17 15:52:20.480,407.7134612232102,999
2024-09-17 15:52:20.661,407.7063265864121,1002
2024-09-17 15:52:20.789,407.68967935021215,1002
2024-09-17 15:52:20.970,407.6643540007112,13
2024-09-17 15:52:20.992,407.6735626258816,95
2024-09-17 15:52:21.058,407.6757033933844,8
2024-09-17 15:52:21.097,407.70014509889074,8
2024-09-17 15:52:21.617,407.6801555616168,1000
2024-09-17 15:52:22.077,407.7190382720103,6
2024-09-17 15:52:22.085,407.6873908449248,998
2024-09-17 15:52:22.120,407.6865320086055,13
2024-09-17 15:52:22.187,407.70711843372936,11
2024-09-17 15:52:22.230,407.6532750089427,12
2024-09-17 15:52:22.302,407.64927984169054,995
2024-09-17 15:52:22.311,407.6766593105831,998
2024-09-17 15:52:22.382,407.664383290689,15
2024-09-17 15:52:22.419,407.6427184680092,996
2024-09-17 15:52:22.509,407.6789434086056,1005
2024-09-17 15:52:22.572,407.6960792705734,97
2024-09-17 15:52:22.574,407.71856887256354,98
2024-09-17 15:52:22.583,407.6405634015002,997
2024-09-17 15:52:22.645,407.7216526413904,101
2024-09-17 15:52:22.740,407.6649808718822,1003
2024-09-17 15:52:22.775,407.6977558304823,6
2024-09-17 15:52:22.787,40.76956155456736,10
2024-09-17 15:52:22.875,407.6881917487322,95
2024-09-17 15:52:22.974,407.66209755601375,99
2024-09-17 15:52:22.980,407.6778848854238,1005
2024-09-17 15:52:23.336,407.6785707946111,995
2024-09-17 15:52:23.436,407.6936443475738,95
2024-09-17 15:52:23.489,407.7083120891071,1001
2024-09-17 15:52:23.630,407.6940175947802,100
2024-09-17 15:52:23.697,407.7071177675555,5
2024-09-17 15:52:23.771,407.7008303824674,12
2024-09-17 15:52:23.941,407.6948813145775,6
2024-09-17 15:52:24.046,407.7387180329972,9
2024-09-17 15:52:24.117,407.6980505430319,1005
2024-09-17 15:52:24.118,407.77910378935695,95
2024-09-17 15:52:24.121,407.77873601586464,101
2024-09-17 15:52:24.143,407.74683342642265,1001
2024-09-17 15:52:24.200,407.680080733618,1002
2024-09-17 15:52:24.211,407.74644536240686,1001
2024-09-17 15:52:24.231,407.6720710406812,99
2024-09-17 15:52:24.243,407.7286510563284,105
2024-09-17 15:52:24.249,407.737629130251,1004
2024-09-17 15:52:24.302,407.6671102136833,95
2024-09-17 15:52:24.304,407.69044665991146,12
2024-09-17 15:52:24.323,407.7543392940484,105
2024-09-17 15:52:24.390,407.6755863068962,99
2024-09-17 15:52:24.435,407.7756142506274,9
2024-09-17 15:52:24.446,407.7739493502765,102
2024-09-17 15:52:24.572,407.7568172318596,97
2024-09-17 15:52:24.574,407.7866649329324,7
2024-09-17 15:52:24.586,407.7488744301365,1002
2024-09-17 15:52:24.670,407.7511492557688,996
2024-09-17 15:52:24.724,407.6964376570459,101
2024-09-17 15:52:24.749,407.7485228634975,1000
2024-09-17 15:52:24.756,407.740927798904,13
2024-09-17 15:52:24.807,407.72659463552486,101
2024-09-17 15:52:24.827,407.6889202081551,100
2024-09-17 15:52:24.848,407.7096681523708,998
2024-09-17 15:52:24.869,407.692667798188,13
2024-09-17 15:52:24.894,407.7248064847312,1000
2024-09-17 15:52:24.926,407.75768311973246,97
2024-09-17 15:52:24.957,407.7526156997493,8
2024-09-17 15:52:25.010,407.799406983585,5
2024-09-17 15:52:25.028,407.720451641513,995
2024-09-17 15:52:25.068,407.7500167389918,99
2024-09-17 15:52:25.167,407.7393008690242,6
2024-09-17 15:52:25.261,407.7700260048613,98
2024-09-17 15:52:25.268,407.7897745621908,9
2024-09-17 15:52:25.278,407.73773283231264,12
2024-09-17 15:52:25.278,407.7447178640899,101
2024-09-17 15:52:25.292,407.7537958885472,1000
2024-09-17 15:52:25.363,407.8065635938082,995
2024-09-17 15:52:25.368,407.7769910365538,1004
2024-09-17 15:52:25.378,407.7693589206921,1005
2024-09-17 15:52:25.386,407.7484034676048,995
2024-09-17 15:52:25.475,407.7729444256867,103
2024-09-17 15:52:25.476,407.76060885157307,97
2024-09-17 15:52:25.476,407.7392270688844,99
2024-09-17 15:52:25.512,407.7271061558074,995
2024-09-17 15:52:25.544,407.7690321162485,1005
2024-09-17 15:52:25.627,407.7877940429982,15
2024-09-17 15:52:25.635,407.7480740892448,105
2024-09-17 15:52:25.663,407.7438408520338,5
2024-09-17 15:52:25.688,407.7367155508692,96
2024-09-17 15:52:25.695,407.78129540996,95
2024-09-17 15:52:25.739,407.7839884336111,1002
2024-09-17 15:52:25.889,407.7428055766384,1000
2024-09-17 15:52:25.911,407.7802012320074,100
2024-09-17 15:52:25.935,407.7791510606038,14
2024-09-17 15:52:26.007,407.7177946748144,13
2024-09-17 15:52:26.065,407.7093778626958,995
2024-09-17 15:52:26.100,407.6921114655668,995
2024-09-17 15:52:26.123,407.7600468779079,102
2024-09-17 15:52:26.145,407.72925014707545,100
2024-09-17 15:52:26.268,407.7473525662358,11
2024-09-17 15:52:26.286,407.6876957047838,999
2024-09-17 15:52:26.311,407.70922110387465,104
2024-09-17 15:52:26.314,407.7335014318414,996
2024-09-17 15:52:26.474,407.753986684361,96
2024-09-17 15:52:26.503,407.6929922555179,96
2024-09-17 15:52:26.547,407.72438737500215,97
2024-09-17 15:52:26.739,415.3297991010071,13
2024-09-17 15:52:26.863,407.7067984614907,13
2024-09-17 15:52:26.877,407.7314201789927,6
2024-09-17 15:52:27.035,407.6886532836732,98
2024-09-17 15:52:27.165,407.7228834946453,104
2024-09-17 15:52:27.242,407.6940483402888,1004
2024-09-17 15:52:27.254,407.6822426697501,1000
2024-09-17 15:52:27.454,407.7401100286617,14
2024-09-17 15:52:27.512,407.69319534206807,8
2024-09-17 15:52:27.612,407.6834837495007,1004
2024-09-17 15:52:27.632,407.69615612029054,104
2024-09-17 15:52:27.695,407.7054013857544,15
2024-09-17 15:52:27.700,407.6857607698784,10
2024-09-17 15:52:27.889,407.687601883712,10
2024-09-17 15:52:27.940,407.7534245569208,1001
2024-09-17 15:52:27.982,407.69497186984296,100
2024-09-17 15:52:28.169,407.6955720232763,98
2024-09-17 15:52:28.617,407.7007377555698,1000
2024-09-17 15:52:29.031,407.6726349861924,101
2024-09-17 15:52:29.036,407.7154398893603,101
2024-09-17 15:52:29.102,407.667746160648,104
2024-09-17 15:52:29.184,407.706902732986,1005
2024-09-17 15:52:29.246,407.7491531717023,99
2024-09-17 15:52:29.342,407.719922502114,104
2024-09-17 15:52:29.352,407.7239755104546,96
2024-09-17 15:52:29.406,407.7427757279164,96
2024-09-17 15:52:29.441,407.6588316992252,95
2024-09-17 15:52:29.502,407.72058186735495,12
2024-09-17 15:52:29.526,407.6495373960289,100
2024-09-17 15:52:29.561,407.6919391816551,8
2024-09-17 15:52:29.582,407.66762213526266,101
2024-09-17 15:52:29.590,407.6758501674856,14
2024-09-17 15:52:29.606,407.7163318382805,96
2024-09-17 15:52:29.677,407.70350381647,8
2024-09-17 15:52:29.747,407.6672671784084,995
2024-09-17 15:52:29.878,-407.6539059251149,96
2024-09-17 15:52:29.880,407.7008657158417,1000
2024-09-17 15:52:29.920,407.6927799722965,999
2024-09-17 15:52:29.935,407.69515214091024,102
2024-09-17 15:52:29.958,407.7392564642743,996
2024-09-17 15:52:29.975,407.6636528219631,100
2024-09-17 15:52:30.054,407.6933409324403,10
2024-09-17 15:52:30.078,407.6618200791785,8
2024-09-17 15:52:30.092,407.70041975098593,9
2024-09-17 15:52:30.155,407.7112415905535,6
2024-09-17 15:52:30.156,407.6657266866394,8
2024-09-17 15:52:30.193,407.7021606348299,10
2024-09-17 15:52:30.226,407.6814446527755,104
2024-09-17 15:52:30.234,407.72528981724616,1005
2024-09-17 15:52:30.326,407.70579120220106,7
2024-09-17 15:52:30.348,407.7183575971488,8
2024-09-17 15:52:30.351,407.6980934850537,995
2024-09-17 15:52:30.352,407.690340144113,103
2024-09-17 15:52:30.354,407.7247595409063,95
2024-09-17 15:52:30.394,407.663444339383,1005
2024-09-17 15:52:30.445,407.6764626415827,95
2024-09-17 15:52:30.454,407.66796758496986,97
2024-09-17 15:52:30.483,407.7068437092254,1005
2024-09-17 15:52:30.493,407.7130081229376,1003
2024-09-17 15:52:30.506,407.66861139023257,100
2024-09-17 15:52:30.539,407.6981762267635,1000
2024-09-17 15:52:30.596,407.6782747492357,96
2024-09-17 15:52:30.612,407.70105662407474,1000
2024-09-17 15:52:30.623,407.7178712740029,1005
2024-09-17 15:52:30.630,407.7256932410504,1002
2024-09-17 15:52:30.641,407.6565969189421,98
2024-09-17 15:52:30.735,407.7031005141512,9
2024-09-17 15:52:30.763,407.6632832310067,101
2024-09-17 15:52:30.896,407.7099407108097,6
2024-09-17 15:52:30.951,407.6953025399024,13
2024-09-17 15:52:31.003,407.5607988165054,998
2024-09-17 15:52:31.017,407.5946804258902,1002
2024-09-17 15:52:31.030,407.6503106494159,7
2024-09-17 15:52:31.033,407.52695302667513,105
2024-09-17 15:52:31.059,407.55717840903344,100
2024-09-17 15:52:31.062,407.6340782508386,10
2024-09-17 15:52:31.067,407.6160648653243,13
2024-09-17 15:52:31.081,407.5276830387412,104
2024-09-17 15:52:31.152,407.6159225394032,1004
2024-09-17 15:52:31.225,407.5907521688376,15
2024-09-17 15:52:31.313,407.6301927042817,98
2024-09-17 15:52:31.345,407.6575939459374,7
2024-09-17 15:52:31.363,407.6064960302315,1002
2024-09-17 15:52:31.417,407.5383711271727,11
2024-09-17 15:52:31.435,407.6627636299857,997
2024-09-17 15:52:31.473,407.5677838039721,1001
2024-09-17 15:52:31.567,407.6286754934887,104
2024-09-17 15:52:31.594,407.6159596436331,1004
2024-09-17 15:52:31.645,407.6023495204103,15
2024-09-17 15:52:31.663,407.52321149253527,103
2024-09-17 15:52:31.680,407.62940477588296,15
2024-09-17 15:52:31.682,407.6177960805388,14
2024-09-17 15:52:31.729,407.5474107003017,9
2024-09-17 15:52:31.741,407.6132859377888,103
2024-09-17 15:52:31.786,407.5063805570704,98
2024-09-17 15:52:31.860,407.6320020012196,999
2024-09-17 15:52:31.887,407.5685159094401,99
2024-09-17 15:52:31.931,407.6614503527069,105
2024-09-17 15:52:31.959,40.76203636702165,1001
2024-09-17 15:52:32.021,407.6310576437212,1001
2024-09-17 15:52:32.062,407.6472565400463,7
2024-09-17 15:52:32.068,407.6544172336543,104
2024-09-17 15:52:32.076,407.6427526864933,11
2024-09-17 15:52:32.101,407.60919815274906,995
2024-09-17 15:52:32.264,407.6372938439655,1004
2024-09-17 15:52:32.280,407.6178714900339,14
2024-09-17 15:52:32.301,407.6227004627944,11
2024-09-17 15:52:32.362,407.58619778762977,99
2024-09-17 15:52:32.497,407.5625532983732,95
2024-09-17 15:52:32.515,407.64347120438,103
2024-09-17 15:52:32.523,407.6188658629104,12
2024-09-17 15:52:32.551,407.5690315726352,9
2024-09-17 15:52:32.562,407.6565289118953,104
2024-09-17 15:52:32.581,407.5577602468801,7
2024-09-17 15:52:32.597,407.5926385312828,5
2024-09-17 15:52:32.606,407.62872874345817,997
2024-09-17 15:52:32.651,407.64711142451614,1001
2024-09-17 15:52:32.670,407.5848226411064,104
2024-09-17 15:52:32.732,407.6130298717951,95
2024-09-17 15:52:32.750,407.5971015354763,997
2024-09-17 15:52:32.801,407.6050216755676,1004
2024-09-17 15:52:32.851,407.56422389758313,1002
2024-09-17 15:52:32.857,407.6463537327051,5
2024-09-17 15:52:32.965,407.5892158736234,996
2024-09-17 15:52:32.974,407.5888136067308,95
2024-09-17 15:52:33.002,407.61032595261,15
2024-09-17 15:52:33.007,407.69491772616936,101
2024-09-17 15:52:33.118,407.6194723679482,999
2024-09-17 15:52:33.156,407.6201894209239,1002
2024-09-17 15:52:33.181,407.63986481245433,101
2024-09-17 15:52:33.329,407.6157943062008,12
2024-09-17 15:52:33.364,407.6510532880847,5
2024-09-17 15:52:33.487,407.6274935994554,1000
2024-09-17 15:52:33.489,407.6206110845959,998
2024-09-17 15:52:33.549,407.6349470003536,11
2024-09-17 15:52:33.640,407.6152411811499,9
2024-09-17 15:52:33.704,407.6837418530585,104
2024-09-17 15:52:33.750,407.6203856254145,100
2024-09-17 15:52:33.817,407.6292687623029,101
2024-09-17 15:52:33.881,407.6251262131885,102
2024-09-17 15:52:33.972,407.6190318459629,997
2024-09-17 15:52:34.008,407.73553882205806,95
2024-09-17 15:52:34.304,407.7103957821759,99
2024-09-17 15:52:34.423,407.680070784138,105
2024-09-17 15:52:34.665,407.70895857130085,13
2024-09-17 15:52:34.689,407.71478296311113,1002
2024-09-17 15:52:34.717,407.71709146333205,997
2024-09-17 15:52:34.918,407.69852761342736,10
2024-09-17 15:52:35.013,407.7161448527086,1000
2024-09-17 15:52:35.028,407.6950227335278,100
2024-09-17 15:52:35.056,407.6807039616515,995
2024-09-17 15:52:35.128,407.6948822611739,995
2024-09-17 15:52:35.268,407.6965889330614,97
2024-09-17 15:52:35.331,407.7054941158131,14
2024-09-17 15:52:35.351,407.73359836337903,995
2024-09-17 15:52:35.400,407.7347515718047,100
2024-09-17 15:52:35.434,407.7246214245959,102
2024-09-17 15:52:35.445,407.7283537323041,96
2024-09-17 15:52:35.562,407.7141439965927,1004
2024-09-17 15:52:35.618,407.7227174579001,999
2024-09-17 15:52:35.850,407.7011860337246,6
2024-09-17 15:52:36.015,407.6892505040128,100
2024-09-17 15:52:36.031,407.6722105813965,1005
2024-09-17 15:52:36.162,407.7206791864064,8
2024-09-17 15:52:36.224,407.7101537349496,1003
2024-09-17 15:52:36.333,415.14728618082063,8
2024-09-17 15:52:36.341,407.6710545950618,105
2024-09-17 15:52:36.434,407.7307670595172,1002
2024-09-17 15:52:36.605,407.67501727263385,7
2024-09-17 15:52:36.798,407.730714044916,8
2024-09-17 15:52:36.799,407.7138096562769,102
2024-09-17 15:52:36.817,,5
2024-09-17 15:52:36.835,407.7199991167565,99
2024-09-17 15:52:36.956,407.6936453805682,997
2024-09-17 15:52:36.959,415.1341449618325,1005
2024-09-17 15:52:37.171,407.6859720684938,7
2024-09-17 15:52:37.203,407.6638779935385,100
2024-09-17 15:52:37.379,407.6668896685744,1002
2024-09-17 15:52:37.385,407.6878153853599,998
2024-09-17 15:52:37.397,407.68461246486686,99
2024-09-17 15:52:37.414,407.6774393504967,100
2024-09-17 15:52:37.436,407.6692705764609,103
2024-09-17 15:52:37.553,407.6751594833998,98
2024-09-17 15:52:37.557,407.6712577893525,1002
2024-09-17 15:52:37.566,407.67098141308304,14
2024-09-17 15:52:37.644,407.664232732735,1004
2024-09-17 15:52:37.743,407.6938118699699,104
2024-09-17 15:52:37.991,407.68442154232,12
2024-09-17 15:52:37.996,407.6726239358288,15
2024-09-17 15:52:38.015,407.6530954914389,95
2024-09-17 15:52:38.027,407.6748456657169,12
2024-09-17 15:52:38.131,407.6571971005561,999
2024-09-17 15:52:38.355,407.6750419569226,9
2024-09-17 15:52:38.501,407.6632998337444,99
2024-09-17 15:52:38.506,407.6750012198741,1003
2024-09-17 15:52:38.709,407.69435929897327,995
2024-09-17 15:52:38.711,407.6799990188051,98
2024-09-17 15:52:38.742,407.6882120664632,1004
2024-09-17 15:52:38.858,407.7041582342035,1001
2024-09-17 15:52:39.022,407.5014382510524,95
2024-09-17 15:52:39.030,407.596718619596,96
2024-09-17 15:52:39.163,407.5312080934995,1003
2024-09-17 15:52:39.196,407.5818606718273,997
2024-09-17 15:52:39.323,407.559234050134,104
2024-09-17 15:52:39.335,407.6042545812408,5
2024-09-17 15:52:39.422,407.5188473786093,1004
2024-09-17 15:52:39.486,407.5994887600987,10
2024-09-17 15:52:39.525,407.59254147000553,5
2024-09-17 15:52:39.582,407.5240086024368,96
2024-09-17 15:52:39.609,407.57064934421743,104
2024-09-17 15:52:39.622,407.5812822991482,1003
2024-09-17 15:52:39.642,407.5346596131133,9
2024-09-17 15:52:39.653,407.5917075988502,995
2024-09-17 15:52:39.658,407.6138657257726,7
2024-09-17 15:52:39.660,407.6005174243315,12
2024-09-17 15:52:39.711,407.6423144591524,98
2024-09-17 15:52:39.729,407.5298940456515,7
2024-09-17 15:52:39.738,407.5103537987279,104
2024-09-17 15:52:39.854,407.5254276703166,995
2024-09-17 15:52:39.854,407.58663271085607,9
2024-09-17 15:52:39.867,407.5790493139164,998
2024-09-17 15:52:39.889,407.5993761392571,97
2024-09-17 15:52:39.908,407.6171248438751,101
2024-09-17 15:52:39.919,407.5164897344295,103
2024-09-17 15:52:39.976,407.51983139396543,1005
2024-09-17 15:52:40.096,407.4694492896148,97
2024-09-17 15:52:40.189,407.5173491576465,100
2024-09-17 15:52:40.256,407.4900221025273,102
2024-09-17 15:52:40.337,407.4987272885915,997
2024-09-17 15:52:40.339,407.4930036502388,1001
2024-09-17 15:52:40.376,407.4814696782417,998
2024-09-17 15:52:40.396,407.4807253663441,101
2024-09-17 15:52:40.436,407.48668137880975,1002
2024-09-17 15:52:40.523,407.49564494628856,13
2024-09-17 15:52:40.650,407.4768911514613,1001
2024-09-17 15:52:40.799,407.48205983529465,101
2024-09-17 15:52:40.825,407.4993182911712,96
2024-09-17 15:52:40.972,407.4891194909643,996
2024-09-17 15:52:41.084,407.450721085536,996
2024-09-17 15:52:41.148,407.4654356133024,1001
2024-09-17 15:52:41.218,407.4419111707073,1003
2024-09-17 15:52:41.318,407.4842186478616,1002
2024-09-17 15:52:41.396,407.4690322247251,102
2024-09-17 15:52:41.549,407.440976154584,997
2024-09-17 15:52:41.635,407.4328580972467,13
2024-09-17 15:52:41.652,407.44654870721706,11
2024-09-17 15:52:41.705,407.4337666427783,1005
2024-09-17 15:52:41.840,407.4570116726457,1000
2024-09-17 15:52:41.850,407.4488884520569,102
2024-09-17 15:52:42.077,407.4987390489976,997
2024-09-17 15:52:42.114,407.53481202579286,11
2024-09-17 15:52:42.135,407.5322295133218,95
2024-09-17 15:52:42.164,407.460819156375,6
2024-09-17 15:52:42.166,407.4441629442276,998
2024-09-17 15:52:42.178,407.492616602781,6
2024-09-17 15:52:42.213,407.5226755159016,1005
2024-09-17 15:52:42.238,,102
2024-09-17 15:52:42.409,407.4860313068606,100
2024-09-17 15:52:42.481,407.44341556781626,1005
2024-09-17 15:52:42.555,,1005
2024-09-17 15:52:42.635,407.49104170640464,1005
2024-09-17 15:52:42.648,407.544978675071,8
2024-09-17 15:52:42.666,407.5352297490956,14
2024-09-17 15:52:42.718,407.492777862339,1001
2024-09-17 15:52:42.767,407.4965092255828,14
2024-09-17 15:52:42.783,407.5433367785275,100
2024-09-17 15:52:42.783,407.4892293530539,99
2024-09-17 15:52:42.819,407.4787640998301,98
2024-09-17 15:52:42.885,407.4567420429617,996
2024-09-17 15:52:42.892,-407.5183105169496,999
2024-09-17 15:52:42.937,407.5237763270562,6
2024-09-17 15:52:42.967,407.47055718538496,998
2024-09-17 15:52:42.969,407.475647138114,996
2024-09-17 15:52:42.984,407.5396387349165,104
2024-09-17 15:52:43.002,407.5231029789866,98
2024-09-17 15:52:43.006,407.5335561418826,102
2024-09-17 15:52:43.074,407.52418651888223,13
2024-09-17 15:52:43.088,407.5310316023144,996
2024-09-17 15:52:43.107,407.5647952966896,1000
2024-09-17 15:52:43.140,407.5625335912,1000
2024-09-17 15:52:43.166,407.55097344981976,102
2024-09-17 15:52:43.179,407.56014361078127,15
2024-09-17 15:52:43.213,407.55607769365946,104
2024-09-17 15:52:43.334,407.56139234009765,5
2024-09-17 15:52:43.439,407.5219592521766,9
2024-09-17 15:52:43.442,407.5500228428616,14
2024-09-17 15:52:43.451,407.5672550699559,105
2024-09-17 15:52:43.484,407.4881979379268,995
2024-09-17 15:52:43.519,407.5552350252295,1001
2024-09-17 15:52:43.525,407.5345638051447,13
2024-09-17 15:52:43.626,407.5579283544021,9
2024-09-17 15:52:43.627,407.5601146764297,11
2024-09-17 15:52:43.826,407.5292450190572,997
2024-09-17 15:52:43.834,407.5462241913534,9
2024-09-17 15:52:43.860,407.5257660995953,1002
2024-09-17 15:52:43.882,407.5546962265688,1004
2024-09-17 15:52:43.955,407.54980352703774,15
2024-09-17 15:52:44.056,407.51964474578574,999
2024-09-17 15:52:44.120,407.47526154892057,997
2024-09-17 15:52:44.129,407.5406283194127,102
2024-09-17 15:52:44.139,407.502669368426,1004
2024-09-17 15:52:44.253,407.4856662619039,1002
2024-09-17 15:52:44.328,407.537672507786,995
2024-09-17 15:52:44.386,407.4967640555078,996
2024-09-17 15:52:44.412,407.5600605053085,97
2024-09-17 15:52:44.481,407.48104970184215,8
2024-09-17 15:52:44.504,407.4793395332719,11
2024-09-17 15:52:44.560,407.4977557557331,7
2024-09-17 15:52:44.570,407.51522697894745,1002
2024-09-17 15:52:44.625,407.5425710270212,1002
2024-09-17 15:52:44.632,407.5246825650604,15
2024-09-17 15:52:44.683,407.4897335601568,1004
2024-09-17 15:52:44.710,407.5098577435044,104
2024-09-17 15:52:44.759,407.4934492277072,12
2024-09-17 15:52:44.771,407.5468526976393,104
2024-09-17 15:52:44.821,407.4780490699206,7
2024-09-17 15:52:44.841,407.5072813391959,9
2024-09-17 15:52:44.987,407.5498543557884,6
2024-09-17 15:52:45.028,407.3943651875561,99
2024-09-17 15:52:45.210,407.4645749329464,104
2024-09-17 15:52:45.276,407.43022460941575,95
2024-09-17 15:52:45.292,407.3956628597514,101
2024-09-17 15:52:45.298,407.3989531616634,997
2024-09-17 15:52:45.335,407.457258749202,5
2024-09-17 15:52:45.345,407.4185660296694,1003
2024-09-17 15:52:45.368,407.4751661227505,999
2024-09-17 15:52:45.390,407.4586571939891,9
2024-09-17 15:52:45.393,407.5160150562549,1000
2024-09-17 15:52:45.516,407.44108753481584,7
2024-09-17 15:52:45.522,407.4742065731904,95
2024-09-17 15:52:45.525,407.40547682620735,9
2024-09-17 15:52:45.585,407.46666339339424,1004
2024-09-17 15:52:45.608,407.51270146696606,8
2024-09-17 15:52:45.715,415.0935983484421,1004
2024-09-17 15:52:45.759,407.4857568383308,102
2024-09-17 15:52:45.927,407.5239271210618,100
2024-09-17 15:52:45.934,407.5122257143652,1000
2024-09-17 15:52:45.994,407.5060557651122,100
2024-09-17 15:52:46.303,407.40530929357175,96
2024-09-17 15:52:46.517,407.3898358140891,10
2024-09-17 15:52:46.578,407.3911609484637,5
2024-09-17 15:52:46.582,407.3980909450518,9
2024-09-17 15:52:46.720,407.4070242940398,6
2024-09-17 15:52:46.733,407.39982472004033,1003
2024-09-17 15:52:46.818,407.3959944723832,997
2024-09-17 15:52:46.981,407.40694040172633,1001
2024-09-17 15:52:47.075,407.3895926463496,98
2024-09-17 15:52:47.112,,13
2024-09-17 15:52:47.177,407.4113895584768,1001
2024-09-17 15:52:47.184,407.3926165927599,102
2024-09-17 15:52:47.240,407.4113502133316,9
2024-09-17 15:52:47.289,407.4004495399456,98
2024-09-17 15:52:47.362,407.3848889802045,1003
2024-09-17 15:52:47.412,407.4234957564596,1005
2024-09-17 15:52:47.436,407.3805556538058,11
2024-09-17 15:52:47.450,407.4399904598221,14
2024-09-17 15:52:47.466,407.3753981009128,10
2024-09-17 15:52:47.485,407.41169973092406,12
2024-09-17 15:52:47.492,40.74051151380271,997
2024-09-17 15:52:47.528,407.4166073465779,98
2024-09-17 15:52:47.532,407.414263889042,1000
2024-09-17 15:52:47.553,414.8255656272252,998
2024-09-17 15:52:47.556,407.4079710401948,10
2024-09-17 15:52:47.786,407.41386536545184,8
2024-09-17 15:52:47.806,-407.3988393722792,103
2024-09-17 15:52:47.807,407.3979190684048,1003
2024-09-17 15:52:47.843,407.38197069612505,996
2024-09-17 15:52:47.947,407.4115902565755,996
2024-09-17 15:52:48.002,407.42887341360455,5
2024-09-17 15:52:48.067,407.43522281364017,7
2024-09-17 15:52:48.082,407.4365290023399,1002
2024-09-17 15:52:48.206,407.469295236816,1003
2024-09-17 15:52:48.252,407.454568278627,101
2024-09-17 15:52:48.259,407.4195686182716,1003
2024-09-17 15:52:48.321,407.47805386460647,99
2024-09-17 15:52:48.429,407.4894383483677,1005
2024-09-17 15:52:48.469,407.4436847518283,1000
2024-09-17 15:52:48.680,407.4560136959671,99
2024-09-17 15:52:48.715,407.4246822309365,1002
2024-09-17 15:52:48.854,407.4745221273555,101
2024-09-17 15:52:48.920,-407.4690448764685,995
2024-09-17 15:52:48.968,407.4915600069894,999
2024-09-17 15:52:50.110,407.5361175235177,96
2024-09-17 15:52:50.206,407.49423414460347,1003
2024-09-17 15:52:50.291,407.498249818551,15
2024-09-17 15:52:50.496,407.5065076145138,98
2024-09-17 15:52:50.535,407.5233974139836,10
2024-09-17 15:52:50.592,407.5160775213436,105
2024-09-17 15:52:50.677,407.5021634602188,7
2024-09-17 15:52:50.753,407.49926631432913,1000
2024-09-17 15:52:50.849,407.52322804027233,9
2024-09-17 15:52:50.927,407.49886563142746,100
2024-09-17 15:52:50.986,407.5310256746053,1004
2024-09-17 15:52:51.014,407.5410854368822,101
2024-09-17 15:52:51.179,407.54011107001486,98
2024-09-17 15:52:51.490,407.5456318762252,6
2024-09-17 15:52:51.525,407.5465262096927,997
2024-09-17 15:52:51.555,407.5386792052117,1005
2024-09-17 15:52:53.033,407.6060202105678,13
2024-09-17 15:52:53.046,407.6027047809041,105
2024-09-17 15:52:53.062,407.56248817861456,13
2024-09-17 15:52:53.083,407.5636608756481,996
2024-09-17 15:52:53.112,407.6155692420945,102
2024-09-17 15:52:53.198,40.75483770041985,1002
2024-09-17 15:52:53.211,407.6107524319125,1005
2024-09-17 15:52:53.260,407.6179491381715,1005
2024-09-17 15:52:53.296,407.6011125226291,11
2024-09-17 15:52:53.375,407.54703269148354,11
2024-09-17 15:52:53.577,407.5525543546833,999
2024-09-17 15:52:53.594,407.6068443194612,996
2024-09-17 15:52:53.637,407.5478927723566,1005
2024-09-17 15:52:53.694,407.5881391100043,14
2024-09-17 15:52:53.719,407.6629764065365,1000
2024-09-17 15:52:53.730,407.6104559308869,995
2024-09-17 15:52:53.753,407.6389809917485,1004
2024-09-17 15:52:53.868,407.6462927611172,996
2024-09-17 15:52:53.909,407.5612263315842,1004
2024-09-17 15:52:53.911,407.5648277123472,12
2024-09-17 15:52:53.950,407.5557119115362,96
2024-09-17 15:52:54.049,407.6674927613485,97
2024-09-17 15:52:54.119,407.7022172838061,1002
2024-09-17 15:52:54.147,407.64875800115686,9
2024-09-17 15:52:54.184,407.6812395391219,9
2024-09-17 15:52:54.242,407.6572994290366,101
2024-09-17 15:52:54.367,407.6573230889174,11
2024-09-17 15:52:54.399,407.6571227639251,1005
2024-09-17 15:52:54.448,407.7007839409243,1002
2024-09-17 15:52:54.468,407.6383160152135,95
2024-09-17 15:52:54.477,407.6663938790132,103
2024-09-17 15:52:54.486,407.6968166980541,96
2024-09-17 15:52:54.543,407.6911788515682,13
2024-09-17 15:52:54.580,407.6862721827874,11
2024-09-17 15:52:54.606,407.6566437770272,1005
2024-09-17 15:52:54.684,407.6824472469479,98
2024-09-17 15:52:54.711,407.6475117167854,996
2024-09-17 15:52:54.829,407.6823803754325,100
2024-09-17 15:52:54.926,414.9916140662285,997
2024-09-17 15:52:54.986,407.6758454801694,96
2024-09-17 15:52:55.053,407.7000509769001,1004
2024-09-17 15:52:55.055,407.76011569768497,1005
2024-09-17 15:52:55.161,407.7571413024656,15
2024-09-17 15:52:55.182,407.7762503625676,1002
2024-09-17 15:52:55.219,407.7136872632132,1002
2024-09-17 15:52:55.255,407.7183189202778,12
2024-09-17 15:52:55.316,407.70406770428536,1003
2024-09-17 15:52:55.348,407.7272050448188,998
2024-09-17 15:52:55.365,407.7126913036408,9
2024-09-17 15:52:55.382,407.7560985999296,10
2024-09-17 15:52:55.391,407.7168102786894,8
2024-09-17 15:52:55.474,407.6972371508344,998
2024-09-17 15:52:55.487,407.7067648753946,1004
2024-09-17 15:52:55.546,407.7317653659618,9
2024-09-17 15:52:55.631,407.7726560322121,11
2024-09-17 15:52:55.682,407.77804563459273,8
2024-09-17 15:52:55.694,407.7709370135357,95
2024-09-17 15:52:55.830,407.7604887765672,96
2024-09-17 15:52:55.889,-407.7359154195172,101
2024-09-17 15:52:55.923,407.6945974330927,15
2024-09-17 15:52:55.955,407.6977208824928,997
2024-09-17 15:52:56.018,407.7558426676428,6
2024-09-17 15:52:56.045,407.7680683384984,98
2024-09-17 15:52:56.155,407.7639329989781,99
2024-09-17 15:52:56.173,407.80984251746384,95
2024-09-17 15:52:56.483,407.8111638444565,12
2024-09-17 15:52:56.517,407.7476914534804,996
2024-09-17 15:52:56.519,407.8032262754271,999
2024-09-17 15:52:56.614,407.7374161899907,14
2024-09-17 15:52:56.785,407.7719359627284,12
2024-09-17 15:52:56.789,407.7507440720567,102
2024-09-17 15:52:56.848,407.77617094482986,9
2024-09-17 15:52:56.986,407.7443772919228,100
2024-09-17 15:52:57.026,407.72749923302734,98
2024-09-17 15:52:57.193,407.7382600037583,999
2024-09-17 15:52:57.898,407.761231983015,101
2024-09-17 15:52:57.926,407.7642774021412,9
2024-09-17 15:52:57.928,407.7260173748519,101
2024-09-17 15:52:58.014,407.6964154221762,6
2024-09-17 15:52:58.026,407.7086403850192,11
2024-09-17 15:52:58.153,407.7115352278941,996
2024-09-17 15:52:58.369,407.7084368487265,12
2024-09-17 15:52:58.374,407.7070225387055,100
2024-09-17 15:52:58.409,407.71168835777473,1005
2024-09-17 15:52:58.629,407.7088300769543,1005
2024-09-17 15:52:58.653,407.7094306838651,9
2024-09-17 15:52:58.692,407.7180158759144,10
2024-09-17 15:52:58.764,407.7090581456729,95
2024-09-17 15:52:58.853,407.7064522990217,96
2024-09-17 15:52:58.896,407.7160152358885,98
2024-09-17 15:52:58.926,407.7129804981356,11
2024-09-17 15:52:58.981,407.7093648073964,10
2024-09-17 15:52:59.085,407.80126983484223,103
2024-09-17 15:52:59.100,407.77383128168896,97
2024-09-17 15:52:59.217,407.7709446904415,1000
2024-09-17 15:52:59.299,407.7329388831293,98
2024-09-17 15:52:59.532,407.77930378999423,8
2024-09-17 15:52:59.539,407.7669071479028,12
2024-09-17 15:52:59.609,407.76075105415305,999
2024-09-17 15:52:59.705,407.7633452197336,98
2024-09-17 15:52:59.841,407.72216480468927,1003
2024-09-17 15:52:59.875,407.7679761503271,11
2024-09-17 15:52:59.953,407.79140980549386,104
2024-09-17 15:52:59.979,407.7096841617718,104
