Timestamp,Price,Size
2024-09-20 14:15:00.001,430.73184146586897,5
2024-09-20 14:15:00.055,430.76237611228186,12
2024-09-20 14:15:00.095,430.73823399029015,105
2024-09-20 14:15:00.126,430.7836353794071,99
2024-09-20 14:15:00.161,430.8020514254617,997
2024-09-20 14:15:00.177,430.73570083389,1004
2024-09-20 14:15:00.254,430.7651551516025,996
2024-09-20 14:15:00.265,430.7293658096732,9
2024-09-20 14:15:00.279,430.7399836032768,97
2024-09-20 14:15:00.283,430.8020928240797,100
2024-09-20 14:15:00.365,430.79627620652906,8
2024-09-20 14:15:00.435,430.7651500434199,1005
2024-09-20 14:15:00.459,430.7639463732877,996
2024-09-20 14:15:00.485,430.7485721299981,99
2024-09-20 14:15:00.507,430.7777218619596,7
2024-09-20 14:15:00.513,430.7960467954576,997
2024-09-20 14:15:00.533,430.710589063497,15
2024-09-20 14:15:00.581,430.7855638147943,97
2024-09-20 14:15:00.600,430.73558666108295,6
2024-09-20 14:15:00.652,430.7831976011163,1005
2024-09-20 14:15:00.719,430.75097518068384,12
2024-09-20 14:15:00.731,430.73705560374896,102
2024-09-20 14:15:00.758,430.7488319110758,102
2024-09-20 14:15:00.776,430.7372913836047,996
2024-09-20 14:15:00.838,430.7509257749705,99
2024-09-20 14:15:00.848,430.80137243781024,13
2024-09-20 14:15:00.941,430.722235566334,1005
2024-09-20 14:15:00.957,430.7977240693636,11
2024-09-20 14:15:01.034,430.7574003989467,1003
2024-09-20 14:15:01.182,430.8544517511202,103
2024-09-20 14:15:01.192,430.73893745740673,7
2024-09-20 14:15:01.254,430.75768773403735,1000
2024-09-20 14:15:01.263,430.8541656533471,100
2024-09-20 14:15:01.277,430.85490915753775,102
2024-09-20 14:15:01.323,430.8720320882579,1001
2024-09-20 14:15:01.459,430.8173803669239,100
2024-09-20 14:15:01.465,430.869384152616,98
2024-09-20 14:15:01.572,430.85446545705526,7
2024-09-20 14:15:01.575,430.7606272348604,103
2024-09-20 14:15:01.671,430.85642371758047,1001
2024-09-20 14:15:01.701,430.8441275194372,7
2024-09-20 14:15:01.721,430.8383037719913,14
2024-09-20 14:15:01.729,430.7455427121007,1000
2024-09-20 14:15:01.735,430.7575755048821,105
2024-09-20 14:15:01.745,430.8582927444622,14
2024-09-20 14:15:01.844,430.7464596266624,14
2024-09-20 14:15:01.853,430.7959075101544,1002
2024-09-20 14:15:01.881,430.8789299635008,104
2024-09-20 14:15:01.888,430.85266020303976,95
2024-09-20 14:15:01.903,430.7516759589675,996
2024-09-20 14:15:01.921,430.7759324367913,10
2024-09-20 14:15:02.342,430.8566111356972,996
2024-09-20 14:15:02.524,430.87032203890936,95
2024-09-20 14:15:02.609,430.8530889227009,5
2024-09-20 14:15:02.670,430.8630942016308,104
2024-09-20 14:15:02.681,430.8603118281815,1001
2024-09-20 14:15:02.782,430.8610553285371,996
2024-09-20 14:15:02.884,430.86650260497646,103
2024-09-20 14:15:02.953,430.8560877160379,999
2024-09-20 14:15:03.034,430.85633179129576,995
2024-09-20 14:15:03.043,430.84703168186536,6
2024-09-20 14:15:03.086,430.8791160196461,96
2024-09-20 14:15:03.088,430.86189806911983,101
2024-09-20 14:15:03.106,430.8576032784556,995
2024-09-20 14:15:03.109,430.8697767624042,7
2024-09-20 14:15:03.185,430.83772608076697,95
2024-09-20 14:15:03.207,430.8908424259535,1001
2024-09-20 14:15:03.242,43.08631994257093,99
2024-09-20 14:15:03.248,430.8265862080563,102
2024-09-20 14:15:03.276,430.8724933641431,104
2024-09-20 14:15:03.280,430.8447195934298,105
2024-09-20 14:15:03.385,430.8949076815769,13
2024-09-20 14:15:03.431,430.8791266099284,8
2024-09-20 14:15:03.546,430.8830485291704,104
2024-09-20 14:15:03.593,430.8630910188773,6
2024-09-20 14:15:03.717,430.8815062378492,9
2024-09-20 14:15:03.751,430.86351387262647,10
2024-09-20 14:15:03.785,430.8482672283551,5
2024-09-20 14:15:03.842,430.8796800957589,96
2024-09-20 14:15:03.864,430.86977004736815,98
2024-09-20 14:15:03.886,430.8720700800159,104
2024-09-20 14:15:03.933,430.8545245897701,997
2024-09-20 14:15:04.166,430.8655237152216,11
2024-09-20 14:15:04.187,430.8063575569152,9
2024-09-20 14:15:04.270,430.8421113740544,7
2024-09-20 14:15:04.348,430.8532709840322,997
2024-09-20 14:15:04.554,430.8027690356529,15
2024-09-20 14:15:04.672,430.8247833715249,998
2024-09-20 14:15:04.861,430.818980936752,103
2024-09-20 14:15:04.873,430.83646902305,1002
2024-09-20 14:15:05.066,430.90573543945465,9
2024-09-20 14:15:05.111,430.8936164029898,97
2024-09-20 14:15:05.331,430.8848126443835,105
2024-09-20 14:15:05.465,430.8478151150804,995
2024-09-20 14:15:05.575,430.8783764712047,1002
2024-09-20 14:15:05.600,430.83896074132906,98
2024-09-20 14:15:05.769,430.8497760916848,1002
2024-09-20 14:15:06.030,430.9245277816951,101
2024-09-20 14:15:06.063,430.914009601162,14
2024-09-20 14:15:06.083,430.8621912766169,14
2024-09-20 14:15:06.124,430.94150235968544,95
2024-09-20 14:15:06.212,430.86920104468777,96
2024-09-20 14:15:06.215,430.9285736391465,13
2024-09-20 14:15:06.223,430.9182837037223,105
2024-09-20 14:15:06.233,430.9354889317792,1003
2024-09-20 14:15:06.253,430.92539195861247,99
2024-09-20 14:15:06.270,430.9309764880515,101
2024-09-20 14:15:06.291,430.944528712124,1000
2024-09-20 14:15:06.307,430.9443293664178,102
2024-09-20 14:15:06.316,430.9537010123646,14
2024-09-20 14:15:06.411,430.89230023027727,102
2024-09-20 14:15:06.414,430.8762480032249,7
2024-09-20 14:15:06.428,430.93692160277885,101
2024-09-20 14:15:06.524,430.9098626505676,98
2024-09-20 14:15:06.580,430.91866708574486,98
2024-09-20 14:15:06.618,430.88010473766064,998
2024-09-20 14:15:06.741,430.8586715947463,996
2024-09-20 14:15:06.751,430.9282723313679,97
2024-09-20 14:15:06.765,430.9038289466568,10
2024-09-20 14:15:06.770,430.9174838394551,95
2024-09-20 14:15:06.790,430.876584836677,1000
2024-09-20 14:15:06.809,430.9215734146928,95
2024-09-20 14:15:06.906,430.9461828475802,105
2024-09-20 14:15:06.934,430.9418985830734,999
2024-09-20 14:15:06.967,430.9186291454643,9
2024-09-20 14:15:07.031,430.9080603513184,101
2024-09-20 14:15:07.260,430.90105411860594,104
2024-09-20 14:15:07.315,430.892905163704,1002
2024-09-20 14:15:07.414,430.88166297695545,1001
2024-09-20 14:15:08.163,430.8947978998176,105
2024-09-20 14:15:08.272,430.9615251709395,15
2024-09-20 14:15:08.364,430.95408782516057,14
2024-09-20 14:15:08.370,430.9478200038919,99
2024-09-20 14:15:08.383,430.9693930841266,13
2024-09-20 14:15:08.444,430.9589559708815,995
2024-09-20 14:15:08.485,430.8731970828662,7
2024-09-20 14:15:08.545,430.9710731794225,9
2024-09-20 14:15:08.651,430.9069243552035,96
2024-09-20 14:15:08.672,430.9533273111589,14
2024-09-20 14:15:08.733,430.9562756373711,95
2024-09-20 14:15:08.747,430.9630424243705,14
2024-09-20 14:15:08.774,430.9685838056832,102
2024-09-20 14:15:08.780,,8
2024-09-20 14:15:08.795,430.952764411854,6
2024-09-20 14:15:08.898,430.8835326466141,103
2024-09-20 14:15:08.933,430.9310905548752,11
2024-09-20 14:15:08.948,430.8945007381486,996
2024-09-20 14:15:08.957,430.8926878902017,95
2024-09-20 14:15:08.968,430.9562722302034,998
2024-09-20 14:15:09.087,430.9522553166364,102
2024-09-20 14:15:09.217,430.9301174234696,14
2024-09-20 14:15:09.330,430.9306557315614,1002
2024-09-20 14:15:09.409,430.9303228380728,10
2024-09-20 14:15:09.441,430.9229588417756,1000
2024-09-20 14:15:09.486,430.91949412189854,96
2024-09-20 14:15:09.517,430.92382640752805,999
2024-09-20 14:15:09.540,43.094134080484906,9
2024-09-20 14:15:09.578,430.9206636591832,6
2024-09-20 14:15:09.653,430.8930722246354,8
2024-09-20 14:15:09.693,430.9416363868745,995
2024-09-20 14:15:09.760,430.91477322243577,1004
2024-09-20 14:15:09.771,430.9173400437025,8
2024-09-20 14:15:09.781,430.93316969543486,10
2024-09-20 14:15:09.917,430.93440994229127,11
2024-09-20 14:15:09.952,430.8965851264035,96
2024-09-20 14:15:10.039,430.8850224562902,5
2024-09-20 14:15:10.093,430.8992782532474,99
2024-09-20 14:15:10.129,430.910681928305,996
2024-09-20 14:15:10.136,430.8992178729071,5
2024-09-20 14:15:10.154,430.8800475622642,100
2024-09-20 14:15:10.156,430.88760056760754,1004
2024-09-20 14:15:10.246,430.89575139796506,1001
2024-09-20 14:15:10.263,430.89210397046736,105
2024-09-20 14:15:10.321,430.908501877916,96
2024-09-20 14:15:10.351,430.88183901932985,1000
2024-09-20 14:15:10.357,430.8936690848541,995
2024-09-20 14:15:10.393,430.8922153702807,1001
2024-09-20 14:15:10.415,43.08945583939784,12
2024-09-20 14:15:10.503,430.8920773475672,100
2024-09-20 14:15:10.528,430.8709456075573,8
2024-09-20 14:15:10.582,430.8900707326539,104
2024-09-20 14:15:10.719,430.8903311030921,1005
2024-09-20 14:15:10.763,430.8989676704168,997
2024-09-20 14:15:10.830,430.9077636836221,99
2024-09-20 14:15:10.875,430.90313296948966,6
2024-09-20 14:15:10.901,430.87232083142936,13
2024-09-20 14:15:10.917,430.8976984404888,101
2024-09-20 14:15:10.954,430.8983607020217,8
2024-09-20 14:15:11.033,430.934854233018,6
2024-09-20 14:15:11.075,430.8986594676504,1002
2024-09-20 14:15:11.234,430.8874453430966,9
2024-09-20 14:15:11.286,430.9382373104731,95
2024-09-20 14:15:11.336,430.9311831972046,7
2024-09-20 14:15:11.353,430.90534066331816,98
2024-09-20 14:15:11.462,430.9662115122909,1005
2024-09-20 14:15:11.474,430.8838470379674,99
2024-09-20 14:15:11.479,430.9066042118423,13
2024-09-20 14:15:11.509,430.92471587155416,105
2024-09-20 14:15:11.555,430.8673247668854,1002
2024-09-20 14:15:11.583,430.9327985782674,1003
2024-09-20 14:15:11.592,430.9147466938546,995
2024-09-20 14:15:11.676,430.9241055432408,8
2024-09-20 14:15:11.699,430.9233141618007,5
2024-09-20 14:15:11.709,430.9729833469772,5
2024-09-20 14:15:11.725,430.8876418700465,96
2024-09-20 14:15:11.727,430.8663203454832,101
2024-09-20 14:15:11.736,430.8823170444765,9
2024-09-20 14:15:11.742,430.9693293321063,15
2024-09-20 14:15:11.758,430.8789726997018,1003
2024-09-20 14:15:11.759,430.9306061136329,102
2024-09-20 14:15:11.826,430.8743658839089,102
2024-09-20 14:15:11.850,430.9139504047631,101
2024-09-20 14:15:11.864,430.9331711111689,8
2024-09-20 14:15:11.923,430.8815267266477,996
2024-09-20 14:15:12.002,430.9614248280981,7
2024-09-20 14:15:12.199,430.9765228149875,999
2024-09-20 14:15:12.245,430.96139286619785,14
2024-09-20 14:15:12.259,430.9551640648575,998
2024-09-20 14:15:12.299,-430.9780165537491,6
2024-09-20 14:15:12.323,430.9690507946771,100
2024-09-20 14:15:12.403,430.9577226688796,998
2024-09-20 14:15:12.503,430.9737748826933,1003
2024-09-20 14:15:12.639,430.960223271402,7
2024-09-20 14:15:12.732,430.9623985521976,100
2024-09-20 14:15:12.792,430.95820631526414,102
2024-09-20 14:15:12.816,430.9732085816034,5
2024-09-20 14:15:12.819,430.9575836767839,13
2024-09-20 14:15:12.837,430.96363043409207,10
2024-09-20 14:15:12.923,430.9701386866964,997
2024-09-20 14:15:13.020,430.964795208172,10
2024-09-20 14:15:13.026,430.979950614191,997
2024-09-20 14:15:13.118,430.9851839949173,1000
2024-09-20 14:15:13.133,430.973851937676,1003
2024-09-20 14:15:13.252,430.9677217869601,1001
2024-09-20 14:15:13.357,430.9513804412524,1000
2024-09-20 14:15:13.574,430.9437568762453,102
2024-09-20 14:15:13.638,430.9945819619976,9
2024-09-20 14:15:13.668,430.95549121427536,996
2024-09-20 14:15:13.717,431.0017523471611,101
2024-09-20 14:15:13.745,430.99738051087576,100
2024-09-20 14:15:13.746,430.9988505273696,105
2024-09-20 14:15:13.765,431.00334917549634,99
2024-09-20 14:15:13.792,430.9752014609384,100
2024-09-20 14:15:13.943,430.96403639190754,99
2024-09-20 14:15:13.944,430.9999585755046,101
2024-09-20 14:15:13.955,430.9971222575521,9
2024-09-20 14:15:14.030,430.980089577381,1003
2024-09-20 14:15:14.082,,10
2024-09-20 14:15:14.101,430.9792930364087,1000
2024-09-20 14:15:14.143,430.9725513440343,1000
2024-09-20 14:15:14.156,430.9373480057332,996
2024-09-20 14:15:14.339,430.9764181693151,15
2024-09-20 14:15:14.348,430.9846071695531,103
2024-09-20 14:15:14.373,430.98061431616856,15
2024-09-20 14:15:14.443,430.95452066602553,13
2024-09-20 14:15:14.487,430.977682442812,96
2024-09-20 14:15:14.508,430.9488111571469,999
2024-09-20 14:15:14.568,430.96894155843455,95
2024-09-20 14:15:14.588,430.9642333577564,997
2024-09-20 14:15:14.645,430.97024915656266,96
2024-09-20 14:15:14.648,430.94984564300216,995
2024-09-20 14:15:14.679,430.96741804282885,997
2024-09-20 14:15:14.888,430.9768964815113,997
2024-09-20 14:15:14.957,430.9522367744536,96
2024-09-20 14:15:14.960,430.9775184014418,15
2024-09-20 14:15:14.981,430.96868516829295,14
2024-09-20 14:15:15.360,430.9172588945493,99
2024-09-20 14:15:15.362,430.9083517810492,1004
2024-09-20 14:15:15.784,430.9217863935012,98
2024-09-20 14:15:15.846,430.9260995434234,100
2024-09-20 14:15:15.890,430.917094640922,997
2024-09-20 14:15:16.006,430.9028143770446,7
2024-09-20 14:15:16.035,430.8920841207749,97
2024-09-20 14:15:16.055,430.89433158607073,102
2024-09-20 14:15:16.056,430.9455795088084,8
2024-09-20 14:15:16.058,430.9293585701368,97
2024-09-20 14:15:16.138,430.90320102903166,1002
2024-09-20 14:15:16.202,430.9252614835643,10
2024-09-20 14:15:16.208,430.9112918679058,1000
2024-09-20 14:15:16.306,430.9418495417757,11
2024-09-20 14:15:16.310,430.9428048512599,98
2024-09-20 14:15:16.315,430.9383624803853,1000
2024-09-20 14:15:16.356,430.8992447300007,1001
2024-09-20 14:15:16.450,430.9026736547172,14
2024-09-20 14:15:16.452,430.9331073706308,12
2024-09-20 14:15:16.458,430.9026257434861,1004
2024-09-20 14:15:16.538,430.9098295107033,11
2024-09-20 14:15:16.597,430.9061406758406,13
2024-09-20 14:15:16.629,430.932975553482,98
2024-09-20 14:15:16.664,430.9102556989456,999
2024-09-20 14:15:16.670,430.8910259753632,98
2024-09-20 14:15:16.729,430.9153076612901,1002
2024-09-20 14:15:16.779,430.9317508319624,1005
2024-09-20 14:15:16.791,430.9116568931006,100
2024-09-20 14:15:16.820,430.9096401128148,1002
2024-09-20 14:15:16.912,430.915616715433,15
2024-09-20 14:15:16.927,430.90691278563753,996
2024-09-20 14:15:16.962,430.9090863978475,1005
2024-09-20 14:15:17.137,430.9317868052469,997
2024-09-20 14:15:17.348,430.9328671112558,9
2024-09-20 14:15:17.532,430.87925470496873,100
2024-09-20 14:15:17.556,430.8895797914842,13
2024-09-20 14:15:17.622,430.8871662560816,12
2024-09-20 14:15:17.859,430.91736636028384,11
2024-09-20 14:15:17.871,430.89257566736006,97
2024-09-20 14:15:17.912,43.09198556154999,97
2024-09-20 14:15:17.917,430.88918403806485,103
2024-09-20 14:15:18.024,430.9338120711443,15
2024-09-20 14:15:18.116,430.9402168844526,97
2024-09-20 14:15:18.130,430.947997432265,14
2024-09-20 14:15:18.153,430.9164742959576,1002
2024-09-20 14:15:18.192,430.9431353375415,10
2024-09-20 14:15:18.232,430.9190874460117,997
2024-09-20 14:15:18.267,430.9107605105504,98
2024-09-20 14:15:18.414,430.9204530584756,13
2024-09-20 14:15:18.422,430.93627046545816,95
2024-09-20 14:15:18.436,430.93340907812063,101
2024-09-20 14:15:18.493,430.9252785221267,998
2024-09-20 14:15:18.578,430.9264628460358,102
2024-09-20 14:15:18.665,430.9155279870151,98
2024-09-20 14:15:18.775,430.926586335946,6
2024-09-20 14:15:18.792,430.92235649214336,995
2024-09-20 14:15:18.852,430.9310440795993,96
2024-09-20 14:15:18.954,430.9149640452301,995
2024-09-20 14:15:18.956,430.8922680778084,10
2024-09-20 14:15:18.996,430.9140251539823,1001
2024-09-20 14:15:19.000,430.97349354071815,5
2024-09-20 14:15:19.042,430.9649130508301,105
2024-09-20 14:15:19.066,430.9521314305341,101
2024-09-20 14:15:19.100,430.9362325132355,8
2024-09-20 14:15:19.254,430.9382374089682,8
2024-09-20 14:15:19.359,430.95108933389525,15
2024-09-20 14:15:19.361,430.9326980796735,98
2024-09-20 14:15:19.368,430.9456011857096,11
2024-09-20 14:15:19.424,430.9187846812874,101
2024-09-20 14:15:19.512,430.9659083757913,105
2024-09-20 14:15:19.525,-430.9930568338972,99
2024-09-20 14:15:19.556,430.93016501400047,104
2024-09-20 14:15:19.600,430.9284470174068,1005
2024-09-20 14:15:19.640,430.95364883296895,10
2024-09-20 14:15:19.714,430.9840967594019,1000
2024-09-20 14:15:19.741,430.9306753346931,97
2024-09-20 14:15:19.802,430.9528264599683,96
2024-09-20 14:15:19.804,430.9375198924388,102
2024-09-20 14:15:19.880,430.9889625487031,14
2024-09-20 14:15:19.888,430.9503772953667,102
2024-09-20 14:15:19.937,430.9614655946206,1003
2024-09-20 14:15:19.957,430.96473754554967,9
2024-09-20 14:15:20.016,430.9284802568363,8
2024-09-20 14:15:20.032,430.9058450211156,5
2024-09-20 14:15:20.095,430.9325370755255,7
2024-09-20 14:15:20.291,430.9607899013201,11
2024-09-20 14:15:20.562,430.932537880157,995
2024-09-20 14:15:20.572,430.9385094873727,1001
2024-09-20 14:15:20.594,430.9556050777019,14
2024-09-20 14:15:20.677,430.9472795224097,100
2024-09-20 14:15:20.736,430.9183389686771,103
2024-09-20 14:15:20.797,430.9242074003613,13
2024-09-20 14:15:20.835,430.9291060380688,995
2024-09-20 14:15:20.898,430.9397100801988,8
2024-09-20 14:15:20.923,430.915962473436,997
2024-09-20 14:15:20.931,430.9473196722847,14
2024-09-20 14:15:20.943,430.93243857812257,11
2024-09-20 14:15:21.009,430.9713715617704,7
2024-09-20 14:15:21.035,430.9068127237337,95
2024-09-20 14:15:21.091,430.9599253738298,102
2024-09-20 14:15:21.153,430.9527631691066,1005
2024-09-20 14:15:21.300,430.9520074506335,101
2024-09-20 14:15:21.322,430.9240364149345,1003
2024-09-20 14:15:21.339,430.9077612738757,104
2024-09-20 14:15:21.376,430.8982025968532,13
2024-09-20 14:15:21.470,430.91853940105386,8
2024-09-20 14:15:21.526,430.91265141311015,1004
2024-09-20 14:15:21.549,430.9493166879264,1002
2024-09-20 14:15:21.571,430.9534629621474,996
2024-09-20 14:15:21.621,430.9068438543515,998
2024-09-20 14:15:21.890,430.9293698684665,996
2024-09-20 14:15:21.917,430.91078908686,95
2024-09-20 14:15:21.920,430.9509871403858,1003
2024-09-20 14:15:21.944,430.89344530288827,9
2024-09-20 14:15:21.999,430.9411919162903,98
2024-09-20 14:15:22.347,430.9877865302309,100
2024-09-20 14:15:22.452,430.987807020348,1005
2024-09-20 14:15:22.564,431.0046990150652,7
2024-09-20 14:15:22.664,430.9758510409496,1002
2024-09-20 14:15:22.779,431.0034821463735,996
2024-09-20 14:15:22.834,431.005118065659,997
2024-09-20 14:15:22.969,430.9906422067636,1003
2024-09-20 14:15:23.007,430.9566816906738,1001
2024-09-20 14:15:23.052,430.9714588724632,7
2024-09-20 14:15:23.238,430.9658545642882,8
2024-09-20 14:15:23.324,430.9919416010546,97
2024-09-20 14:15:23.351,430.9879103064464,998
2024-09-20 14:15:23.369,430.9645270867229,95
2024-09-20 14:15:23.412,430.9666745405591,996
2024-09-20 14:15:23.478,43.09836542460212,7
2024-09-20 14:15:23.581,430.9539514364489,1004
2024-09-20 14:15:23.632,430.9693883110218,101
2024-09-20 14:15:23.657,430.9823109472029,1003
2024-09-20 14:15:23.690,430.9828546407104,100
2024-09-20 14:15:23.727,430.9537043337058,104
2024-09-20 14:15:23.860,430.9587185173915,10
2024-09-20 14:15:23.908,430.955087620398,103
2024-09-20 14:15:23.923,430.9598557129417,1005
2024-09-20 14:15:23.945,430.9707812780974,1000
2024-09-20 14:15:24.240,430.9596649484657,995
2024-09-20 14:15:24.536,430.9543653748817,6
2024-09-20 14:15:24.656,430.9700147548459,105
2024-09-20 14:15:24.853,430.9740119991517,10
2024-09-20 14:15:25.001,430.9555956783993,998
2024-09-20 14:15:25.035,430.97482078180326,12
2024-09-20 14:15:25.131,430.9901711441511,12
2024-09-20 14:15:25.175,430.9898532095506,12
2024-09-20 14:15:25.175,430.964430264855,102
2024-09-20 14:15:25.187,431.0128533835023,999
2024-09-20 14:15:25.292,430.9917470875463,996
2024-09-20 14:15:25.336,430.97103542569226,14
2024-09-20 14:15:25.341,430.99699255751074,995
2024-09-20 14:15:25.348,431.0017201245123,1000
2024-09-20 14:15:25.356,430.9801691423292,6
2024-09-20 14:15:25.460,431.003033542277,1002
2024-09-20 14:15:25.468,430.9833641418754,8
2024-09-20 14:15:25.506,430.96079060515297,1003
2024-09-20 14:15:25.525,430.99461033926,995
2024-09-20 14:15:25.526,430.9859213471839,9
2024-09-20 14:15:25.569,431.0067889644704,1004
2024-09-20 14:15:25.626,430.969881295536,1001
2024-09-20 14:15:25.641,430.9609347706266,995
2024-09-20 14:15:25.652,-431.0066529351486,104
2024-09-20 14:15:25.741,431.0118395321066,102
2024-09-20 14:15:25.747,431.0145035337501,101
2024-09-20 14:15:25.751,430.98790338013913,99
2024-09-20 14:15:25.781,430.9740654056152,1001
2024-09-20 14:15:25.813,430.9781373612095,997
2024-09-20 14:15:25.841,430.9897548026445,1005
2024-09-20 14:15:25.960,430.99341062356245,103
2024-09-20 14:15:25.985,430.99627209052886,996
2024-09-20 14:15:26.016,431.0288995060943,104
2024-09-20 14:15:26.050,431.0464355930025,14
2024-09-20 14:15:26.096,430.98330430811217,98
2024-09-20 14:15:26.100,431.03672653886736,1001
2024-09-20 14:15:26.282,431.0249579952377,5
2024-09-20 14:15:26.286,431.0424421785657,101
2024-09-20 14:15:26.434,431.0159810757643,99
2024-09-20 14:15:26.457,431.0399183479539,1000
2024-09-20 14:15:26.599,431.0507982966377,12
2024-09-20 14:15:26.924,431.0495855632443,10
2024-09-20 14:15:26.957,431.0286904741616,1004
2024-09-20 14:15:26.993,431.0150490448745,12
2024-09-20 14:15:27.022,431.0457047016936,5
2024-09-20 14:15:27.079,431.05532459731126,1001
2024-09-20 14:15:27.088,431.0308236103092,7
2024-09-20 14:15:27.098,431.0361993338284,5
2024-09-20 14:15:27.119,431.054856262664,101
2024-09-20 14:15:27.123,431.0294623864828,1002
2024-09-20 14:15:27.182,431.0577282583973,98
2024-09-20 14:15:27.217,431.0662801929683,13
2024-09-20 14:15:27.279,,1002
2024-09-20 14:15:27.294,431.0572788951897,998
2024-09-20 14:15:27.338,431.0706062196997,97
2024-09-20 14:15:27.455,431.0531449800156,1000
2024-09-20 14:15:27.475,431.07071118863615,98
2024-09-20 14:15:27.529,431.0226668210443,1001
2024-09-20 14:15:27.568,431.0499297599971,999
2024-09-20 14:15:27.579,431.0424106820097,98
2024-09-20 14:15:27.599,431.0532141252767,997
2024-09-20 14:15:27.634,431.05608874894574,9
2024-09-20 14:15:27.641,431.0550494247554,7
2024-09-20 14:15:27.664,431.06497722493,95
2024-09-20 14:15:27.698,431.0379852652324,5
2024-09-20 14:15:27.702,431.0389937957018,13
2024-09-20 14:15:27.734,431.0607703662802,1002
2024-09-20 14:15:27.739,431.0705267277685,6
2024-09-20 14:15:27.744,431.074508342944,98
2024-09-20 14:15:27.805,431.04316484932514,12
2024-09-20 14:15:27.840,431.0792730181487,105
2024-09-20 14:15:27.867,431.0652765200938,105
2024-09-20 14:15:27.892,431.0686238302091,1002
2024-09-20 14:15:27.997,431.047762495975,998
2024-09-20 14:15:28.049,431.089568705224,1001
2024-09-20 14:15:28.095,431.1092469762245,14
2024-09-20 14:15:28.138,431.0848273836915,100
2024-09-20 14:15:28.169,431.0665988408008,8
2024-09-20 14:15:28.232,431.096128769657,15
2024-09-20 14:15:28.322,431.0918514938296,1001
2024-09-20 14:15:28.394,431.1057226679297,5
2024-09-20 14:15:28.414,431.1011614401386,103
2024-09-20 14:15:28.425,431.0838070881025,996
2024-09-20 14:15:28.531,431.0594310724751,11
2024-09-20 14:15:28.748,431.0847101613328,96
2024-09-20 14:15:28.780,431.0788992914305,15
2024-09-20 14:15:28.921,431.03597855319134,996
2024-09-20 14:15:28.945,431.0924824677047,13
2024-09-20 14:15:29.021,431.0502484882039,95
2024-09-20 14:15:29.034,431.0353858763711,1004
2024-09-20 14:15:29.069,431.0308894922787,5
2024-09-20 14:15:29.112,431.02740009496335,98
2024-09-20 14:15:29.129,431.06058540048633,98
2024-09-20 14:15:29.130,431.08170627879736,103
2024-09-20 14:15:29.187,431.073584117892,6
2024-09-20 14:15:29.227,431.0688656428223,103
2024-09-20 14:15:29.278,431.0320023087459,10
2024-09-20 14:15:29.363,431.02594947563927,13
2024-09-20 14:15:29.366,431.0357704669928,14
2024-09-20 14:15:29.374,431.0807063448626,11
2024-09-20 14:15:29.387,431.03866900853416,6
2024-09-20 14:15:29.394,431.02236302989775,7
2024-09-20 14:15:29.410,431.0672267845744,99
2024-09-20 14:15:29.456,431.0406156497781,8
2024-09-20 14:15:29.469,431.0310030704836,995
2024-09-20 14:15:29.659,431.0747643139191,1001
2024-09-20 14:15:29.663,431.0566778698444,8
2024-09-20 14:15:29.696,431.0257726857439,5
2024-09-20 14:15:29.718,431.0745682964775,7
2024-09-20 14:15:29.719,431.0803844020775,999
2024-09-20 14:15:29.783,431.0739284989657,8
2024-09-20 14:15:29.854,431.0361735451257,103
2024-09-20 14:15:29.869,431.0719194917381,103
2024-09-20 14:15:29.882,431.0325938946148,104
2024-09-20 14:15:29.935,431.08977256050974,14
2024-09-20 14:15:29.964,431.0369717404519,103
2024-09-20 14:15:29.975,431.0204310957861,999
2024-09-20 14:15:30.128,431.0820058266182,7
2024-09-20 14:15:30.215,431.0699420261217,12
2024-09-20 14:15:30.222,431.05089894678366,101
2024-09-20 14:15:30.486,431.0699445652695,1002
2024-09-20 14:15:30.545,431.0653581149877,996
2024-09-20 14:15:31.157,431.0668729703313,9
2024-09-20 14:15:32.121,431.03681259738113,1001
2024-09-20 14:15:32.131,431.0441886582886,99
2024-09-20 14:15:32.249,431.0499988637515,1001
2024-09-20 14:15:32.315,431.0801041329335,998
2024-09-20 14:15:32.381,431.0426674326884,1002
2024-09-20 14:15:32.391,431.0667165057328,7
2024-09-20 14:15:32.420,431.0386661668359,998
2024-09-20 14:15:32.443,431.0224060833766,101
2024-09-20 14:15:32.494,431.0386498335449,95
2024-09-20 14:15:32.516,431.02224168274506,10
2024-09-20 14:15:32.517,431.0459446090175,1000
2024-09-20 14:15:32.590,431.04217596346126,96
2024-09-20 14:15:32.599,431.0464741536204,14
2024-09-20 14:15:32.634,431.0396274731742,97
2024-09-20 14:15:32.645,431.0548105899057,1005
2024-09-20 14:15:32.650,431.06532570120487,1003
2024-09-20 14:15:32.677,431.0516472534649,101
2024-09-20 14:15:32.757,431.06587835428087,10
2024-09-20 14:15:32.773,431.05174325351817,998
2024-09-20 14:15:32.885,431.04495907157576,101
2024-09-20 14:15:32.912,431.0145078578624,997
2024-09-20 14:15:32.923,431.0619664598496,8
2024-09-20 14:15:33.002,431.0375030081603,95
2024-09-20 14:15:33.006,431.0473758424147,11
2024-09-20 14:15:33.034,431.0317059707306,6
2024-09-20 14:15:33.173,431.0417518358896,998
2024-09-20 14:15:33.284,431.0224463988338,14
2024-09-20 14:15:33.307,431.02375398713895,12
2024-09-20 14:15:33.312,431.0378595064488,6
2024-09-20 14:15:33.323,431.0466663426528,8
2024-09-20 14:15:33.436,431.05021764338727,1003
2024-09-20 14:15:33.497,431.0597391367115,95
2024-09-20 14:15:33.661,431.0373001933602,100
2024-09-20 14:15:33.795,431.0285524199844,98
2024-09-20 14:15:33.930,431.0261003215782,996
2024-09-20 14:15:33.993,431.0066316778242,99
2024-09-20 14:15:34.004,431.0694856838796,7
2024-09-20 14:15:34.034,431.01671494702,12
2024-09-20 14:15:34.036,431.0447130210361,100
2024-09-20 14:15:34.078,431.0195327061918,103
2024-09-20 14:15:34.259,431.0621147324037,1002
2024-09-20 14:15:34.311,431.0713330277343,96
2024-09-20 14:15:34.380,431.0551507996151,997
2024-09-20 14:15:34.402,431.0398646911663,8
2024-09-20 14:15:34.423,431.0656567269172,96
2024-09-20 14:15:34.445,431.05949570942033,13
2024-09-20 14:15:34.462,431.002749991698,10
2024-09-20 14:15:34.511,431.0176144981997,95
2024-09-20 14:15:34.549,431.0498748381369,1004
2024-09-20 14:15:34.597,431.05123160972175,10
2024-09-20 14:15:34.629,431.0323442811639,996
2024-09-20 14:15:34.653,431.03156375852456,1001
2024-09-20 14:15:34.687,431.074264233839,996
2024-09-20 14:15:34.693,431.0255906443243,1000
2024-09-20 14:15:34.696,430.9974574834606,15
2024-09-20 14:15:34.835,431.045705938608,9
2024-09-20 14:15:34.877,431.0511501508034,998
2024-09-20 14:15:34.922,431.09653678756285,997
2024-09-20 14:15:34.928,431.0343454196153,14
2024-09-20 14:15:34.931,431.0394482533752,8
2024-09-20 14:15:34.934,431.0474901090591,105
2024-09-20 14:15:35.128,431.00332284185583,101
2024-09-20 14:15:35.177,431.0003338691815,95
2024-09-20 14:15:35.469,430.9956664663669,999
2024-09-20 14:15:35.566,430.9732555719813,13
2024-09-20 14:15:35.614,430.9812490081706,998
2024-09-20 14:15:35.828,-431.02171063737546,100
2024-09-20 14:15:35.879,431.0324220600956,99
2024-09-20 14:15:35.922,431.0126690171778,11
2024-09-20 14:15:35.937,430.9790957659853,995
2024-09-20 14:15:35.992,431.0318275641585,995
2024-09-20 14:15:36.050,431.0152305173495,103
2024-09-20 14:15:36.276,431.0049832882432,7
2024-09-20 14:15:36.684,431.0030526640069,10
2024-09-20 14:15:36.904,430.9939568890548,1003
2024-09-20 14:15:37.204,431.0289479167926,13
2024-09-20 14:15:37.246,431.00752587013545,8
2024-09-20 14:15:37.268,430.9778186296594,998
2024-09-20 14:15:37.362,431.0075603884077,103
2024-09-20 14:15:37.524,431.02750860005176,103
2024-09-20 14:15:37.611,430.98388299402734,13
2024-09-20 14:15:37.727,430.9938305232147,9
2024-09-20 14:15:37.789,431.003723178436,14
2024-09-20 14:15:37.937,431.004058876777,1001
2024-09-20 14:15:38.060,430.9980722267583,12
2024-09-20 14:15:38.113,430.9846214606318,11
2024-09-20 14:15:38.144,431.0136194254078,999
2024-09-20 14:15:38.183,431.0060416997042,11
2024-09-20 14:15:38.241,431.0244364360563,10
2024-09-20 14:15:38.250,430.9841738057494,97
2024-09-20 14:15:38.257,431.0254708416306,6
2024-09-20 14:15:38.272,431.0056041593844,100
2024-09-20 14:15:38.329,431.0251492068908,98
2024-09-20 14:15:38.468,431.0003444361307,1000
2024-09-20 14:15:38.485,431.01396331827385,7
2024-09-20 14:15:38.525,431.012505157694,104
2024-09-20 14:15:38.529,431.0050639796245,999
2024-09-20 14:15:38.560,430.9912917826447,998
2024-09-20 14:15:38.563,430.9941758650149,9
2024-09-20 14:15:38.598,431.017554529181,9
2024-09-20 14:15:38.643,431.01925995366304,1004
2024-09-20 14:15:38.656,430.9861505544988,14
2024-09-20 14:15:38.657,431.0112568178936,995
2024-09-20 14:15:38.676,431.0031145834208,1003
2024-09-20 14:15:38.729,431.007736717877,6
2024-09-20 14:15:38.863,430.9967050448192,104
2024-09-20 14:15:38.868,431.0102266439744,15
2024-09-20 14:15:38.873,431.0122437555884,7
2024-09-20 14:15:38.886,430.9986834583317,1004
2024-09-20 14:15:38.923,431.0136722728649,11
2024-09-20 14:15:38.988,430.9922215174772,6
2024-09-20 14:15:38.998,431.01516213936713,95
2024-09-20 14:15:39.028,430.9981110055136,14
2024-09-20 14:15:39.090,431.02656962932383,1000
2024-09-20 14:15:39.102,430.9696561868921,9
2024-09-20 14:15:39.116,431.004903014852,1001
2024-09-20 14:15:39.135,430.99836108398216,1003
2024-09-20 14:15:39.157,431.0002005833964,105
2024-09-20 14:15:39.163,430.9935074401026,98
2024-09-20 14:15:39.301,430.9964791198848,8
2024-09-20 14:15:39.322,431.0061162607987,97
2024-09-20 14:15:39.342,431.0188632912101,996
2024-09-20 14:15:39.376,430.9863791288659,1000
2024-09-20 14:15:39.483,431.0219807967968,999
2024-09-20 14:15:39.617,430.9732903861898,95
2024-09-20 14:15:39.635,430.99694432479214,1004
2024-09-20 14:15:39.645,430.9966255498876,998
2024-09-20 14:15:39.771,430.9902923267987,8
2024-09-20 14:15:39.784,430.9946432866713,1001
2024-09-20 14:15:39.793,430.97718440211065,100
2024-09-20 14:15:39.910,431.0012628051269,1003
2024-09-20 14:15:40.007,430.9908823689226,1004
2024-09-20 14:15:40.065,430.9991422002509,99
2024-09-20 14:15:40.131,430.9999323046719,995
2024-09-20 14:15:40.150,431.01887607098615,95
2024-09-20 14:15:40.179,431.0165608279434,8
2024-09-20 14:15:40.202,-431.04181789993737,1004
2024-09-20 14:15:40.256,431.0008575801717,99
2024-09-20 14:15:40.351,431.0380053221573,1002
2024-09-20 14:15:40.439,431.002798676246,95
2024-09-20 14:15:40.471,430.99003164845846,12
2024-09-20 14:15:40.479,430.97589122467525,12
2024-09-20 14:15:40.499,431.0146546773504,999
2024-09-20 14:15:40.668,431.0215137194231,998
2024-09-20 14:15:40.710,431.0069258927422,997
2024-09-20 14:15:40.756,430.9836542158715,103
2024-09-20 14:15:40.786,430.9718302969893,1000
2024-09-20 14:15:40.862,431.05233999165966,8
2024-09-20 14:15:40.864,431.0141562447416,13
2024-09-20 14:15:40.951,430.99811764819736,102
2024-09-20 14:15:41.035,431.0162082086355,995
2024-09-20 14:15:41.036,431.0221738850694,5
2024-09-20 14:15:41.095,431.00350654199394,6
2024-09-20 14:15:41.288,431.0003059972012,100
2024-09-20 14:15:41.372,430.9793142786336,999
2024-09-20 14:15:41.377,431.0051576871376,8
2024-09-20 14:15:41.401,431.02039404795954,10
2024-09-20 14:15:41.461,431.0057360206271,104
2024-09-20 14:15:41.581,431.01852033338815,104
2024-09-20 14:15:41.585,431.0026060411109,9
2024-09-20 14:15:41.602,431.0223382241777,101
2024-09-20 14:15:41.731,430.9944707506603,1004
2024-09-20 14:15:41.737,431.0289726466481,999
2024-09-20 14:15:41.739,430.9893753994389,105
2024-09-20 14:15:41.814,430.9830667247496,105
2024-09-20 14:15:41.889,430.9906287109026,97
2024-09-20 14:15:41.994,431.01741210306034,8
2024-09-20 14:15:42.070,431.0131708227557,14
2024-09-20 14:15:42.104,430.9998516422791,6
2024-09-20 14:15:42.134,430.9598001385043,6
2024-09-20 14:15:42.143,430.9892961880632,1001
2024-09-20 14:15:42.355,430.977604263112,104
2024-09-20 14:15:42.387,430.99448640996377,1002
2024-09-20 14:15:42.412,430.99140310358473,1004
2024-09-20 14:15:42.637,,1005
2024-09-20 14:15:42.638,431.0139157999005,1004
2024-09-20 14:15:42.749,430.9924565686008,101
2024-09-20 14:15:42.905,431.00031118387926,12
2024-09-20 14:15:43.043,430.9470162652364,1002
2024-09-20 14:15:43.114,430.9520432294855,995
2024-09-20 14:15:43.127,430.9507987567112,6
2024-09-20 14:15:43.347,430.9881119735306,1000
2024-09-20 14:15:43.356,430.9341597728309,13
2024-09-20 14:15:43.386,430.9375289826762,97
2024-09-20 14:15:43.496,430.9652485727536,10
2024-09-20 14:15:43.514,430.9498174642927,104
2024-09-20 14:15:43.520,430.9316291902396,11
2024-09-20 14:15:43.524,430.9938761576781,102
2024-09-20 14:15:43.539,430.9182930912698,95
2024-09-20 14:15:43.617,430.9650612499315,14
2024-09-20 14:15:43.633,430.9709218822397,1005
2024-09-20 14:15:43.640,430.9602437547795,10
2024-09-20 14:15:43.641,430.97222682124266,15
2024-09-20 14:15:43.654,430.965761661826,95
2024-09-20 14:15:43.686,430.9757891309703,102
2024-09-20 14:15:43.789,430.9512120368594,999
2024-09-20 14:15:43.824,430.9676754096596,98
2024-09-20 14:15:43.839,430.9465653454174,1002
2024-09-20 14:15:43.859,430.97606678241925,101
2024-09-20 14:15:43.876,430.96509133613966,1005
2024-09-20 14:15:43.938,430.9322344146855,97
2024-09-20 14:15:43.980,430.947510324693,97
2024-09-20 14:15:44.068,430.8731085733174,995
2024-09-20 14:15:44.139,430.9236788327519,999
2024-09-20 14:15:44.299,430.8478076234343,10
2024-09-20 14:15:44.321,430.8621701726731,97
2024-09-20 14:15:44.353,430.9413551080495,995
2024-09-20 14:15:44.555,430.8742205290865,9
2024-09-20 14:15:44.606,430.8345862305416,98
2024-09-20 14:15:44.634,430.8844460835409,98
2024-09-20 14:15:44.641,430.83392508966347,13
2024-09-20 14:15:44.654,430.8691981483842,13
2024-09-20 14:15:44.764,430.8487597751842,103
2024-09-20 14:15:44.810,430.8447674689773,100
2024-09-20 14:15:44.873,430.8647620441901,101
2024-09-20 14:15:44.939,430.8640994880744,97
2024-09-20 14:15:44.961,430.90001136888486,13
2024-09-20 14:15:44.983,430.8739841739152,10
2024-09-20 14:15:45.048,430.7874516390843,13
2024-09-20 14:15:45.050,430.7980947667104,1001
2024-09-20 14:15:45.087,430.7961176821765,101
2024-09-20 14:15:45.223,430.83111647489,6
2024-09-20 14:15:45.334,430.8592174564291,1004
2024-09-20 14:15:45.361,430.81742622335696,98
2024-09-20 14:15:45.487,430.8585634888131,10
2024-09-20 14:15:45.526,-430.78413584603067,102
2024-09-20 14:15:45.663,430.79074303321335,99
2024-09-20 14:15:45.663,430.7942626093255,105
2024-09-20 14:15:45.666,430.8466838996114,104
2024-09-20 14:15:45.688,430.78568372305,103
2024-09-20 14:15:45.777,430.7978744878712,996
2024-09-20 14:15:45.819,430.8123975331101,101
2024-09-20 14:15:45.916,430.78919231118704,95
2024-09-20 14:15:45.955,430.8515342601876,98
2024-09-20 14:15:46.125,430.844515209146,995
2024-09-20 14:15:46.784,430.8509920802708,95
2024-09-20 14:15:46.838,430.841558869917,10
2024-09-20 14:15:47.052,430.8612792999066,97
2024-09-20 14:15:47.087,430.8437054266008,95
2024-09-20 14:15:47.121,430.8440879009307,12
2024-09-20 14:15:47.130,430.8226014553055,1000
2024-09-20 14:15:47.154,430.8426349794768,997
2024-09-20 14:15:47.219,430.8528037572537,96
2024-09-20 14:15:47.222,430.84775584725713,995
2024-09-20 14:15:47.290,430.8515224628102,15
2024-09-20 14:15:47.348,430.8632913601048,105
2024-09-20 14:15:47.423,430.8432018509279,15
2024-09-20 14:15:47.541,430.8440172374735,1005
2024-09-20 14:15:47.569,430.84373780348494,995
2024-09-20 14:15:47.684,430.8406514881054,1004
2024-09-20 14:15:47.767,430.8477146976987,95
2024-09-20 14:15:47.805,430.8384310076528,1005
2024-09-20 14:15:47.845,430.85694735056194,100
2024-09-20 14:15:47.898,430.83852434648776,9
2024-09-20 14:15:47.964,430.84923278248766,9
2024-09-20 14:15:48.076,430.812879407866,100
2024-09-20 14:15:48.142,430.7823010974938,95
2024-09-20 14:15:48.176,430.8292999334909,995
2024-09-20 14:15:48.226,430.8033811698571,99
2024-09-20 14:15:48.332,430.7762890376843,1002
2024-09-20 14:15:48.445,430.7977991587052,105
2024-09-20 14:15:48.445,430.77901094621126,105
2024-09-20 14:15:48.517,430.7923655906383,104
2024-09-20 14:15:48.519,430.79601933863984,5
2024-09-20 14:15:48.538,430.79514474248913,99
2024-09-20 14:15:48.557,430.802193308442,7
2024-09-20 14:15:48.562,430.8564615949827,15
2024-09-20 14:15:48.574,430.8223691661821,101
2024-09-20 14:15:48.597,430.7941799132617,104
2024-09-20 14:15:48.713,430.7926488300585,1002
2024-09-20 14:15:48.730,430.82145803851216,97
2024-09-20 14:15:48.740,430.8032732884071,97
2024-09-20 14:15:48.751,430.7989939479564,1002
2024-09-20 14:15:48.789,430.787777028206,15
2024-09-20 14:15:48.821,430.8481558115134,999
2024-09-20 14:15:48.843,430.7929512964787,100
2024-09-20 14:15:48.863,430.80513102702105,12
2024-09-20 14:15:48.940,430.8491705454436,104
2024-09-20 14:15:49.025,430.79968729433085,104
2024-09-20 14:15:49.060,430.8409861715352,105
2024-09-20 14:15:49.102,430.8307646934639,6
2024-09-20 14:15:49.154,430.84388979072605,97
2024-09-20 14:15:49.156,430.8529236479429,1000
2024-09-20 14:15:49.157,430.8163137388005,99
2024-09-20 14:15:49.163,430.84824067030377,995
2024-09-20 14:15:49.174,430.82879820696985,103
2024-09-20 14:15:49.181,430.8253288076613,6
2024-09-20 14:15:49.198,430.82826527947606,1005
2024-09-20 14:15:49.222,430.84131988358666,995
2024-09-20 14:15:49.241,430.83245298888886,10
2024-09-20 14:15:49.315,430.8441181761831,995
2024-09-20 14:15:49.318,430.84550921902417,1002
2024-09-20 14:15:49.374,430.84427226510206,6
2024-09-20 14:15:49.385,430.82773694537696,100
2024-09-20 14:15:49.458,430.8276460029768,96
2024-09-20 14:15:49.549,430.8355700859087,1003
2024-09-20 14:15:49.560,430.83101877342784,1003
2024-09-20 14:15:49.569,430.8191357229125,105
2024-09-20 14:15:49.578,430.8357549956871,1005
2024-09-20 14:15:49.632,430.8265062213338,95
2024-09-20 14:15:49.740,430.834440956117,95
2024-09-20 14:15:49.744,430.8365353711576,8
2024-09-20 14:15:49.794,430.8449135451911,9
2024-09-20 14:15:49.924,430.8205201878074,13
2024-09-20 14:15:49.976,430.828297348233,102
2024-09-20 14:15:49.998,430.83910578148055,1003
2024-09-20 14:15:50.085,430.82781811700096,1003
2024-09-20 14:15:50.091,430.79182588786006,999
2024-09-20 14:15:50.189,430.7766700107733,1002
2024-09-20 14:15:50.189,430.8047557711991,8
2024-09-20 14:15:50.319,430.7847915299006,15
2024-09-20 14:15:50.328,430.8279603346064,11
2024-09-20 14:15:50.435,430.7924607064913,101
2024-09-20 14:15:50.485,430.81540024034246,1001
2024-09-20 14:15:50.514,430.8245140731327,10
2024-09-20 14:15:50.529,430.778569673897,98
2024-09-20 14:15:50.553,430.8245677552843,105
2024-09-20 14:15:50.564,430.83086489502966,995
2024-09-20 14:15:50.671,430.8196165596406,5
2024-09-20 14:15:50.693,430.7802448663694,1001
2024-09-20 14:15:50.830,430.80890661123857,102
2024-09-20 14:15:50.839,430.7659862360581,102
2024-09-20 14:15:50.851,430.77787018419104,95
2024-09-20 14:15:50.870,43.08158469646759,997
2024-09-20 14:15:50.895,430.80327197674575,5
2024-09-20 14:15:50.960,430.81900823955766,96
2024-09-20 14:15:50.988,430.77944896216087,998
2024-09-20 14:15:51.005,430.8467295619452,12
2024-09-20 14:15:51.032,430.83738764807146,8
2024-09-20 14:15:51.037,430.8220623508344,15
2024-09-20 14:15:51.080,430.81735243908383,999
2024-09-20 14:15:51.135,430.812458043313,10
2024-09-20 14:15:51.195,430.82116154473056,103
2024-09-20 14:15:51.234,430.8238407658213,1005
2024-09-20 14:15:51.252,430.82466042890377,1003
2024-09-20 14:15:51.267,430.8269646062837,13
2024-09-20 14:15:51.281,430.8165505287719,12
2024-09-20 14:15:51.339,430.816810528795,997
2024-09-20 14:15:51.356,430.81504185814816,96
2024-09-20 14:15:51.363,43.0836594171001,103
2024-09-20 14:15:51.373,430.818554707148,104
2024-09-20 14:15:51.437,430.79790886508914,13
2024-09-20 14:15:51.447,430.8068878606583,103
2024-09-20 14:15:51.459,430.8146846238623,99
2024-09-20 14:15:51.468,430.8426348895959,8
2024-09-20 14:15:51.514,430.8583080159743,1002
2024-09-20 14:15:51.602,430.8267133377805,5
2024-09-20 14:15:51.629,430.8232075033176,95
2024-09-20 14:15:51.731,430.8455925847291,5
2024-09-20 14:15:51.902,430.7959672951063,13
2024-09-20 14:15:51.973,430.7990135125491,12
2024-09-20 14:15:51.980,430.8118971918509,996
2024-09-20 14:15:51.995,430.8244586130128,5
2024-09-20 14:15:52.049,430.8809634592633,102
2024-09-20 14:15:52.122,430.8950185053153,103
2024-09-20 14:15:52.167,430.8954664236895,102
2024-09-20 14:15:52.279,430.8574497044349,1001
2024-09-20 14:15:52.279,430.9090481949779,999
2024-09-20 14:15:52.329,430.9377964527853,999
2024-09-20 14:15:52.359,430.906505175012,7
2024-09-20 14:15:52.437,430.8992658109765,9
2024-09-20 14:15:52.474,430.9231670384706,95
2024-09-20 14:15:52.574,430.9318032631832,100
2024-09-20 14:15:52.597,430.8833577606889,999
2024-09-20 14:15:52.737,-430.8678337574652,7
2024-09-20 14:15:52.876,430.8773994932664,97
2024-09-20 14:15:52.894,430.9319022263372,1004
2024-09-20 14:15:52.946,430.8582343471547,11
2024-09-20 14:15:52.983,430.8701358502168,13
2024-09-20 14:15:52.983,430.9250472408783,97
2024-09-20 14:15:53.070,430.9950606393653,12
2024-09-20 14:15:53.107,430.95310524523705,15
2024-09-20 14:15:53.110,-430.94834714265073,1001
2024-09-20 14:15:53.154,43.10206623084285,1001
2024-09-20 14:15:53.161,431.0086043678285,13
2024-09-20 14:15:53.239,430.9987581537669,102
2024-09-20 14:15:53.246,431.04359971671073,102
2024-09-20 14:15:53.266,430.9984003393161,1002
2024-09-20 14:15:53.364,431.0316443499772,96
2024-09-20 14:15:53.364,430.9516832000444,1004
2024-09-20 14:15:53.385,430.9861998030776,14
2024-09-20 14:15:53.430,431.0205955186559,15
2024-09-20 14:15:53.498,430.9973764297258,11
2024-09-20 14:15:53.571,430.9957305170033,99
2024-09-20 14:15:53.591,431.0162053248712,96
2024-09-20 14:15:53.639,430.9842567580869,13
2024-09-20 14:15:53.765,430.9779812651049,100
2024-09-20 14:15:53.901,431.0093199566372,1002
2024-09-20 14:15:53.953,430.9680570114094,99
2024-09-20 14:15:54.022,430.94351466371774,7
2024-09-20 14:15:54.046,431.06481767321714,13
2024-09-20 14:15:54.061,431.0781536279525,6
2024-09-20 14:15:54.088,430.95258644323087,999
2024-09-20 14:15:54.155,431.0175491509285,1005
2024-09-20 14:15:54.176,430.9428554396658,997
2024-09-20 14:15:54.181,431.0619689265374,997
2024-09-20 14:15:54.267,431.0159772655701,996
2024-09-20 14:15:54.423,430.9918987820158,1004
2024-09-20 14:15:54.518,430.9427540154276,1002
2024-09-20 14:15:54.530,431.0255372230575,998
2024-09-20 14:15:54.666,430.9615096662525,99
2024-09-20 14:15:54.677,431.0462025540255,99
2024-09-20 14:15:54.749,430.9587220898423,1005
2024-09-20 14:15:54.788,430.9551180011688,98
2024-09-20 14:15:54.876,431.05419146870656,101
2024-09-20 14:15:54.938,430.9390105342095,96
2024-09-20 14:15:54.943,430.9843044340918,998
2024-09-20 14:15:54.961,430.96172539673336,7
2024-09-20 14:15:55.083,430.9079514255281,997
2024-09-20 14:15:55.155,430.91702661127215,5
2024-09-20 14:15:55.234,430.9082232830267,9
2024-09-20 14:15:55.241,430.94658307809976,103
2024-09-20 14:15:55.313,430.9257231840976,105
2024-09-20 14:15:55.347,430.9458303462571,1000
2024-09-20 14:15:55.365,430.9096925190924,102
2024-09-20 14:15:55.366,430.9066305189771,1004
2024-09-20 14:15:55.688,430.9457645046031,1000
2024-09-20 14:15:56.019,430.8664632348082,7
2024-09-20 14:15:56.158,430.9124410728947,101
2024-09-20 14:15:56.187,430.8624036507687,1000
2024-09-20 14:15:56.324,430.879389122236,98
2024-09-20 14:15:56.343,430.90374708700944,1002
2024-09-20 14:15:56.343,430.8897103248031,11
2024-09-20 14:15:56.357,430.8436419524165,101
2024-09-20 14:15:56.367,430.8545574508609,8
2024-09-20 14:15:56.430,430.8876186866246,8
2024-09-20 14:15:56.433,430.8916604970895,105
2024-09-20 14:15:56.470,430.8895845603553,97
2024-09-20 14:15:56.473,430.8861270725128,13
2024-09-20 14:15:56.506,430.903895905592,6
2024-09-20 14:15:56.510,430.8512912568804,105
2024-09-20 14:15:56.517,430.86835062022544,5
2024-09-20 14:15:56.525,430.8992798652513,5
2024-09-20 14:15:56.645,430.8589966644724,8
2024-09-20 14:15:56.702,430.8701289915812,998
2024-09-20 14:15:56.712,430.90093579936,5
2024-09-20 14:15:56.755,430.8811762144869,1005
2024-09-20 14:15:56.816,430.90570929161504,96
2024-09-20 14:15:56.842,430.9025331398368,101
2024-09-20 14:15:56.874,430.88706820323824,100
2024-09-20 14:15:56.888,430.8924772017109,13
2024-09-20 14:15:56.911,430.86483603405287,1000
2024-09-20 14:15:56.923,430.8701353707676,97
2024-09-20 14:15:56.962,430.8528790718194,1003
2024-09-20 14:15:57.073,430.8299105281564,5
2024-09-20 14:15:57.206,430.8531483469911,103
2024-09-20 14:15:57.222,430.81775534328034,99
2024-09-20 14:15:57.258,430.8413931694474,6
2024-09-20 14:15:57.270,430.81220250377777,100
2024-09-20 14:15:57.285,430.82484566586135,15
2024-09-20 14:15:57.352,430.81799939579344,10
2024-09-20 14:15:57.400,430.8321359378471,97
2024-09-20 14:15:57.554,430.8138209412776,6
2024-09-20 14:15:57.721,430.83476361744505,98
2024-09-20 14:15:57.736,430.8271630964107,996
2024-09-20 14:15:57.934,430.8287023118174,5
2024-09-20 14:15:57.945,430.8230102906651,103
2024-09-20 14:15:58.004,430.78736651395207,8
2024-09-20 14:15:58.056,430.6904286467045,96
2024-09-20 14:15:58.111,430.7437959709756,13
2024-09-20 14:15:58.123,430.7059847881868,995
2024-09-20 14:15:58.173,430.7356512947288,103
2024-09-20 14:15:58.317,430.7948646690982,1005
2024-09-20 14:15:58.380,430.7795300586217,14
2024-09-20 14:15:58.516,430.7275078916993,103
2024-09-20 14:15:58.563,430.7443659262455,15
2024-09-20 14:15:58.583,430.7144948515828,999
2024-09-20 14:15:58.588,430.68935547417885,5
2024-09-20 14:15:58.631,430.7850670757144,10
2024-09-20 14:15:58.646,430.756821123337,105
2024-09-20 14:15:58.726,430.7864671909529,5
2024-09-20 14:15:58.787,430.7480753599417,1002
2024-09-20 14:15:58.808,430.744228805915,999
2024-09-20 14:15:58.827,430.6990698038933,997
2024-09-20 14:15:58.840,430.713544974129,100
2024-09-20 14:15:58.965,430.7024047272813,95
2024-09-20 14:15:59.017,430.6976772821802,1005
2024-09-20 14:15:59.052,430.6918083174957,15
2024-09-20 14:15:59.138,430.7094670375766,996
2024-09-20 14:15:59.164,430.7070939641971,12
2024-09-20 14:15:59.225,430.70375979518377,100
2024-09-20 14:15:59.230,430.7100167891931,996
2024-09-20 14:15:59.258,430.71266892559953,95
2024-09-20 14:15:59.291,430.6810954301415,97
2024-09-20 14:15:59.379,430.7025336403249,99
2024-09-20 14:15:59.395,430.6892822524375,13
2024-09-20 14:15:59.609,430.7095847107574,1004
2024-09-20 14:15:59.807,430.7066515965185,997
