Timestamp,Price,Size
2024-09-17 10:35:00.046,414.7612904437795,6
2024-09-17 10:35:00.048,414.7754396418388,1005
2024-09-17 10:35:00.171,414.77884198565226,102
2024-09-17 10:35:00.212,414.7804735454175,998
2024-09-17 10:35:00.221,414.7594144102107,995
2024-09-17 10:35:00.356,414.7593856672471,1001
2024-09-17 10:35:00.468,414.7816269719468,7
2024-09-17 10:35:00.492,414.7630366744788,996
2024-09-17 10:35:00.527,414.79351045101686,97
2024-09-17 10:35:00.589,414.7556434431215,100
2024-09-17 10:35:00.599,414.7854997133764,96
2024-09-17 10:35:00.726,414.7680278121541,999
2024-09-17 10:35:00.766,414.7722118317235,999
2024-09-17 10:35:00.820,414.8059473286357,1004
2024-09-17 10:35:00.842,414.7648065660372,100
2024-09-17 10:35:00.853,414.7773062828731,995
2024-09-17 10:35:00.942,414.7799952388228,105
2024-09-17 10:35:00.988,414.7743189650929,104
2024-09-17 10:35:01.006,414.77067280533856,10
2024-09-17 10:35:01.010,414.7373309486052,98
2024-09-17 10:35:01.045,41.47913390971836,8
2024-09-17 10:35:01.107,414.77893325413766,1005
2024-09-17 10:35:01.146,414.78716236153656,995
2024-09-17 10:35:01.190,414.77801661720525,12
2024-09-17 10:35:01.194,414.7412379417742,15
2024-09-17 10:35:01.267,414.7675895967146,1000
2024-09-17 10:35:01.288,414.7505580089697,10
2024-09-17 10:35:01.307,414.7747538029369,14
2024-09-17 10:35:01.391,414.7831675168951,999
2024-09-17 10:35:01.396,414.8142154837315,101
2024-09-17 10:35:01.418,414.7710927818263,6
2024-09-17 10:35:01.510,414.74139311560697,1004
2024-09-17 10:35:01.512,414.796762922487,11
2024-09-17 10:35:01.550,414.79801604996806,9
2024-09-17 10:35:01.636,414.7854754084405,999
2024-09-17 10:35:01.650,414.74906279312927,95
2024-09-17 10:35:01.666,414.74806712030056,96
2024-09-17 10:35:01.672,-414.8166674501014,104
2024-09-17 10:35:01.786,414.7436859053484,14
2024-09-17 10:35:01.834,414.8185730245643,102
2024-09-17 10:35:01.837,414.7915698304191,100
2024-09-17 10:35:01.840,414.7788473070818,7
2024-09-17 10:35:01.848,414.74818164328207,100
2024-09-17 10:35:01.885,414.72423700929727,103
2024-09-17 10:35:01.888,414.734237060173,1005
2024-09-17 10:35:01.958,414.7676538237201,95
2024-09-17 10:35:01.982,414.7301375271608,6
2024-09-17 10:35:02.002,414.7935608746741,105
2024-09-17 10:35:02.078,414.7857632894417,15
2024-09-17 10:35:02.105,414.7866895017164,5
2024-09-17 10:35:02.116,414.7900153575165,996
2024-09-17 10:35:02.227,414.7837306491237,12
2024-09-17 10:35:02.232,414.7968658711308,96
2024-09-17 10:35:02.284,414.7890486949592,100
2024-09-17 10:35:02.329,414.7688121727104,102
2024-09-17 10:35:02.340,414.7892646769473,998
2024-09-17 10:35:02.351,414.7669232150215,100
2024-09-17 10:35:02.477,414.7908075509944,1000
2024-09-17 10:35:02.527,414.7763681046164,1003
2024-09-17 10:35:02.531,414.7806295886089,997
2024-09-17 10:35:02.535,414.7850245296383,101
2024-09-17 10:35:02.542,414.7864628320382,995
2024-09-17 10:35:02.628,414.7838821362667,99
2024-09-17 10:35:02.668,414.7781252743279,1004
2024-09-17 10:35:02.743,414.7630576477921,98
2024-09-17 10:35:02.755,414.7757601714444,1002
2024-09-17 10:35:02.790,414.8082373091745,105
2024-09-17 10:35:02.803,414.7569650853944,998
2024-09-17 10:35:02.847,414.79155228358417,100
2024-09-17 10:35:02.864,414.77825929082,1001
2024-09-17 10:35:02.942,414.7739580727359,10
2024-09-17 10:35:02.964,414.7838018546701,1001
2024-09-17 10:35:03.234,414.7844879325093,103
2024-09-17 10:35:03.266,414.7895054351811,11
2024-09-17 10:35:03.295,414.773460994608,104
2024-09-17 10:35:03.599,414.7998289992805,996
2024-09-17 10:35:03.632,414.7818072345898,1004
2024-09-17 10:35:03.703,414.8016507139255,95
2024-09-17 10:35:03.831,414.7888120795168,9
2024-09-17 10:35:03.934,414.7990340638478,999
2024-09-17 10:35:03.971,414.7937289127543,10
2024-09-17 10:35:04.159,414.7955189654398,96
2024-09-17 10:35:04.244,414.8035776132848,1002
2024-09-17 10:35:04.451,41.481973118342765,105
2024-09-17 10:35:04.612,414.8014875394502,14
2024-09-17 10:35:04.619,414.7742854897306,1001
2024-09-17 10:35:04.631,414.79162527912894,103
2024-09-17 10:35:04.676,414.82133434708,1003
2024-09-17 10:35:04.702,414.8007307795117,11
2024-09-17 10:35:04.720,414.8053907026718,12
2024-09-17 10:35:04.907,414.8065664261473,1005
2024-09-17 10:35:05.024,414.797875767802,998
2024-09-17 10:35:05.093,414.7692126321432,98
2024-09-17 10:35:05.098,414.7884063714536,99
2024-09-17 10:35:05.148,414.7657762679065,11
2024-09-17 10:35:05.168,414.7428621477601,997
2024-09-17 10:35:05.170,414.7904359469907,102
2024-09-17 10:35:05.173,414.7659422641487,13
2024-09-17 10:35:05.215,414.7657560593149,1001
2024-09-17 10:35:05.260,414.77601302706586,1005
2024-09-17 10:35:05.312,414.7546083960196,98
2024-09-17 10:35:05.320,414.7820063824068,101
2024-09-17 10:35:05.413,414.74473244833376,7
2024-09-17 10:35:05.439,414.7338633931308,1000
2024-09-17 10:35:05.482,414.80128740709097,1004
2024-09-17 10:35:05.491,414.7838953768807,1004
2024-09-17 10:35:05.501,414.7634162890876,1001
2024-09-17 10:35:05.513,414.7550366458988,1004
2024-09-17 10:35:05.600,414.7750989862616,14
2024-09-17 10:35:05.660,414.791349480199,5
2024-09-17 10:35:05.762,414.7470608694632,104
2024-09-17 10:35:05.784,414.7254792628236,1001
2024-09-17 10:35:05.798,414.7789281007768,998
2024-09-17 10:35:05.863,414.77813897397846,7
2024-09-17 10:35:05.901,414.7798423767669,1000
2024-09-17 10:35:05.908,414.7752056281146,102
2024-09-17 10:35:05.914,414.7366773606787,13
2024-09-17 10:35:06.002,414.7587740289999,9
2024-09-17 10:35:06.132,414.770711648187,97
2024-09-17 10:35:06.133,414.76518124510994,12
2024-09-17 10:35:06.477,414.77147227582526,103
2024-09-17 10:35:06.935,414.7587457834389,99
2024-09-17 10:35:07.022,414.7932175580082,102
2024-09-17 10:35:07.026,414.7955066395247,5
2024-09-17 10:35:07.056,414.8093293344933,996
2024-09-17 10:35:07.099,,9
2024-09-17 10:35:07.099,414.7975751383915,103
2024-09-17 10:35:07.131,414.8025722279526,999
2024-09-17 10:35:07.139,414.7758369940868,15
2024-09-17 10:35:07.139,414.8262825350715,997
2024-09-17 10:35:07.181,414.77310581684094,998
2024-09-17 10:35:07.182,414.81693486116455,96
2024-09-17 10:35:07.240,414.7644186098217,14
2024-09-17 10:35:07.270,414.7947994517687,997
2024-09-17 10:35:07.398,414.8255316890625,105
2024-09-17 10:35:07.417,414.8020883917919,1004
2024-09-17 10:35:07.520,414.7772882772775,95
2024-09-17 10:35:07.522,414.7684874569218,1000
2024-09-17 10:35:07.526,414.7669710962281,1004
2024-09-17 10:35:07.538,414.82406272537867,99
2024-09-17 10:35:07.539,414.81588312670056,102
2024-09-17 10:35:07.539,414.7880976520692,102
2024-09-17 10:35:07.542,414.7902432852681,1002
2024-09-17 10:35:07.604,,996
2024-09-17 10:35:07.632,414.77987297695,104
2024-09-17 10:35:07.859,414.7947368236414,998
2024-09-17 10:35:07.869,414.7773618096331,9
2024-09-17 10:35:07.896,414.80865534455256,97
2024-09-17 10:35:07.994,414.7872447063778,99
2024-09-17 10:35:08.228,414.7463007506651,15
2024-09-17 10:35:08.240,414.7506410832869,9
2024-09-17 10:35:08.266,414.751459533833,998
2024-09-17 10:35:08.391,414.7359418606938,96
2024-09-17 10:35:08.415,414.7324618312393,8
2024-09-17 10:35:08.437,414.7386913841809,1003
2024-09-17 10:35:08.458,414.72894211890633,8
2024-09-17 10:35:08.588,414.7268265117497,13
2024-09-17 10:35:08.635,414.72554335547983,99
2024-09-17 10:35:08.636,414.7295209915886,5
2024-09-17 10:35:08.815,414.7320902070992,98
2024-09-17 10:35:08.979,414.72280353557846,14
2024-09-17 10:35:09.577,414.75171035273104,11
2024-09-17 10:35:09.874,414.7557057006822,1001
2024-09-17 10:35:09.943,414.76243313404245,13
2024-09-17 10:35:10.044,414.7023522273193,1001
2024-09-17 10:35:10.073,414.72999933544304,1001
2024-09-17 10:35:10.236,414.7286860820607,95
2024-09-17 10:35:10.241,414.7350932280472,105
2024-09-17 10:35:10.242,414.71914945135785,96
2024-09-17 10:35:10.291,414.7199526033572,105
2024-09-17 10:35:10.391,-414.7200491010233,101
2024-09-17 10:35:10.396,414.7052186952552,102
2024-09-17 10:35:10.544,414.7270552025997,1005
2024-09-17 10:35:10.595,414.7424701750267,998
2024-09-17 10:35:10.608,414.7480093252894,102
2024-09-17 10:35:10.766,414.7358504900664,996
2024-09-17 10:35:11.105,414.7050234701577,8
2024-09-17 10:35:11.140,414.669209777835,1002
2024-09-17 10:35:11.143,414.7086321475074,97
2024-09-17 10:35:11.173,414.6989905402297,97
2024-09-17 10:35:11.284,414.7234712279007,1000
2024-09-17 10:35:11.364,414.68561501526216,996
2024-09-17 10:35:11.487,414.7244579843714,102
2024-09-17 10:35:11.626,414.7117632702775,5
2024-09-17 10:35:11.627,414.6764210238314,5
2024-09-17 10:35:11.730,414.7053193965542,15
2024-09-17 10:35:11.759,414.69375652938345,100
2024-09-17 10:35:11.799,414.6808547313972,100
2024-09-17 10:35:11.852,414.7240581619847,102
2024-09-17 10:35:11.877,414.67366938535633,1004
2024-09-17 10:35:11.932,414.6920266309559,101
2024-09-17 10:35:11.964,414.6696511808424,8
2024-09-17 10:35:12.023,,104
2024-09-17 10:35:12.047,414.67490581493394,7
2024-09-17 10:35:12.139,414.6812837387373,1004
2024-09-17 10:35:12.189,-414.58745472448464,97
2024-09-17 10:35:12.193,414.6807865685653,101
2024-09-17 10:35:12.208,414.5928116379023,100
2024-09-17 10:35:12.220,414.6737903071183,6
2024-09-17 10:35:12.267,414.5654430062701,1003
2024-09-17 10:35:12.274,414.67683026675024,104
2024-09-17 10:35:12.306,414.6596458973013,1004
2024-09-17 10:35:12.381,414.6208852614932,103
2024-09-17 10:35:12.390,414.7009903119182,12
2024-09-17 10:35:12.453,414.67438107748575,998
2024-09-17 10:35:12.458,414.6713534566636,14
2024-09-17 10:35:12.564,414.5909849234019,100
2024-09-17 10:35:12.609,414.6905724699342,12
2024-09-17 10:35:12.614,414.5828428796032,999
2024-09-17 10:35:12.685,414.67857313882337,1002
2024-09-17 10:35:12.728,414.6382417921819,13
2024-09-17 10:35:12.814,414.5787087554346,5
2024-09-17 10:35:12.842,414.65772212177455,8
2024-09-17 10:35:12.876,414.6953468027139,995
2024-09-17 10:35:12.889,414.5775863105248,8
2024-09-17 10:35:12.897,414.6874693687553,999
2024-09-17 10:35:12.938,414.6833830610569,1004
2024-09-17 10:35:12.954,414.5864770692444,1003
2024-09-17 10:35:12.980,414.6850120752042,99
2024-09-17 10:35:12.985,414.6818559185292,9
2024-09-17 10:35:14.050,414.5944371208154,11
2024-09-17 10:35:14.062,414.58059024601954,1001
2024-09-17 10:35:14.288,414.5782072419619,12
2024-09-17 10:35:14.814,414.5894943520106,99
2024-09-17 10:35:15.132,414.5552805065497,9
2024-09-17 10:35:15.142,414.5479733485831,1005
2024-09-17 10:35:15.363,414.5610119297127,7
2024-09-17 10:35:15.396,414.54980757381946,8
2024-09-17 10:35:15.404,414.5687022532748,995
2024-09-17 10:35:15.411,414.5645375204416,999
2024-09-17 10:35:15.416,414.5655913559218,999
2024-09-17 10:35:15.498,414.5567958749656,1001
2024-09-17 10:35:15.547,414.54909169211794,1003
2024-09-17 10:35:15.562,414.5808545527246,14
2024-09-17 10:35:15.584,414.5756308775226,13
2024-09-17 10:35:15.610,414.6034826409543,102
2024-09-17 10:35:15.612,414.60420563612814,6
2024-09-17 10:35:15.617,414.5682988143269,14
2024-09-17 10:35:15.625,414.5855416041405,6
2024-09-17 10:35:15.634,414.5542104164984,1003
2024-09-17 10:35:15.687,414.55225817268905,8
2024-09-17 10:35:15.701,414.56455794706926,13
2024-09-17 10:35:15.727,414.5990823365318,103
2024-09-17 10:35:15.734,414.5658413101612,95
2024-09-17 10:35:15.735,414.5744227507364,14
2024-09-17 10:35:15.752,414.61769309856857,14
2024-09-17 10:35:15.756,414.559501605786,97
2024-09-17 10:35:15.777,414.57477484979495,1004
2024-09-17 10:35:15.906,414.5689496447927,12
2024-09-17 10:35:15.932,414.5649039342577,1005
2024-09-17 10:35:15.975,414.5699212054525,97
2024-09-17 10:35:16.001,414.5917660203696,10
2024-09-17 10:35:16.064,414.537069842828,100
2024-09-17 10:35:16.086,414.6132773074721,105
2024-09-17 10:35:16.221,414.57305475491313,105
2024-09-17 10:35:16.296,414.5466030562452,14
2024-09-17 10:35:16.357,414.57272781035226,1000
2024-09-17 10:35:16.460,414.5587927105153,14
2024-09-17 10:35:16.475,414.54603306916187,102
2024-09-17 10:35:16.502,414.5942603219521,1003
2024-09-17 10:35:16.571,414.5373477499568,99
2024-09-17 10:35:16.620,414.5977540875004,104
2024-09-17 10:35:16.718,414.5439228940816,100
2024-09-17 10:35:16.764,414.5686381069574,999
2024-09-17 10:35:16.823,414.5613914866585,104
2024-09-17 10:35:16.870,414.57180604598176,1000
2024-09-17 10:35:16.874,414.5923836809106,15
2024-09-17 10:35:16.887,414.5895753105913,1000
2024-09-17 10:35:16.898,414.5420882888185,995
2024-09-17 10:35:16.919,,104
2024-09-17 10:35:16.937,414.5578205822939,1000
2024-09-17 10:35:16.943,414.5663838657397,14
2024-09-17 10:35:16.976,414.5385865355104,1002
2024-09-17 10:35:16.985,414.5588705795327,8
2024-09-17 10:35:17.005,414.5847868310778,1004
2024-09-17 10:35:17.006,414.57713526816417,999
2024-09-17 10:35:17.072,414.6004227823534,105
2024-09-17 10:35:17.073,414.6163196958215,99
2024-09-17 10:35:17.089,414.58926211945766,99
2024-09-17 10:35:17.122,41.459751770032135,103
2024-09-17 10:35:17.144,414.5864235624711,5
2024-09-17 10:35:17.388,414.57348278229375,5
2024-09-17 10:35:17.415,414.58543095203777,100
2024-09-17 10:35:17.534,414.59195016206303,999
2024-09-17 10:35:17.535,414.5568372904951,101
2024-09-17 10:35:17.540,414.5939799052443,95
2024-09-17 10:35:17.575,414.58882810857017,102
2024-09-17 10:35:17.625,414.5824869479516,8
2024-09-17 10:35:17.697,414.5883478023877,1002
2024-09-17 10:35:17.815,414.6054772447537,1002
2024-09-17 10:35:18.015,414.64543330343935,96
2024-09-17 10:35:18.093,414.6367187849958,100
2024-09-17 10:35:18.097,414.6153668869137,15
2024-09-17 10:35:18.123,414.6199982029212,101
2024-09-17 10:35:18.166,414.6277921180448,105
2024-09-17 10:35:18.406,414.6038199830196,5
2024-09-17 10:35:18.414,414.6391024782952,1003
2024-09-17 10:35:18.453,414.6422537727842,995
2024-09-17 10:35:18.476,414.60536599363934,9
2024-09-17 10:35:18.480,414.6239846099516,15
2024-09-17 10:35:18.486,414.6271300763874,11
2024-09-17 10:35:18.527,414.6193745452078,996
2024-09-17 10:35:18.796,414.6481697132507,998
2024-09-17 10:35:18.827,414.6361365731533,1003
2024-09-17 10:35:18.926,414.6082945396763,11
2024-09-17 10:35:19.079,414.595283252772,6
2024-09-17 10:35:19.119,414.5877606822674,14
2024-09-17 10:35:19.184,414.6012951571197,102
2024-09-17 10:35:19.195,414.5960079481613,998
2024-09-17 10:35:19.640,414.61759464570525,1005
2024-09-17 10:35:19.921,414.58908362287815,1001
2024-09-17 10:35:20.000,414.55981203935,7
2024-09-17 10:35:20.027,414.5805437431559,1002
2024-09-17 10:35:20.081,414.5996486759351,15
2024-09-17 10:35:20.190,414.5759171258735,11
2024-09-17 10:35:20.331,414.5563321888818,103
2024-09-17 10:35:20.478,414.5911581750482,95
2024-09-17 10:35:20.498,414.57481622935575,104
2024-09-17 10:35:20.503,414.6036698041195,999
2024-09-17 10:35:20.531,,7
2024-09-17 10:35:20.555,414.56044660569074,11
2024-09-17 10:35:20.573,414.6003519425679,1002
2024-09-17 10:35:20.649,414.6046591351063,105
2024-09-17 10:35:20.738,414.5996015501912,10
2024-09-17 10:35:20.936,414.5554217960545,97
2024-09-17 10:35:20.994,414.5925572909398,6
2024-09-17 10:35:21.225,414.5558886241882,97
2024-09-17 10:35:21.246,414.5266111471607,101
2024-09-17 10:35:21.362,414.51230797797473,995
2024-09-17 10:35:21.442,414.5427287537607,97
2024-09-17 10:35:21.449,414.5576377701682,99
2024-09-17 10:35:21.534,414.5588536964559,995
2024-09-17 10:35:21.940,414.52841555587423,15
2024-09-17 10:35:22.075,414.51715836641097,96
2024-09-17 10:35:22.112,414.5188951195057,1001
2024-09-17 10:35:22.162,414.5160198989127,6
2024-09-17 10:35:22.190,414.5293357074426,100
2024-09-17 10:35:22.231,414.5429374283452,14
2024-09-17 10:35:22.253,414.5299725911785,997
2024-09-17 10:35:22.339,414.5057763421288,95
2024-09-17 10:35:22.393,414.5128820715641,997
2024-09-17 10:35:22.687,414.5091317062008,1000
2024-09-17 10:35:22.857,414.5142864568724,1004
2024-09-17 10:35:22.939,414.51783524667496,102
2024-09-17 10:35:23.087,414.54017835425,1001
2024-09-17 10:35:23.270,414.5183294507234,100
2024-09-17 10:35:23.295,414.53675969279897,95
2024-09-17 10:35:23.344,414.5669829951162,995
2024-09-17 10:35:23.542,414.509555745455,1004
2024-09-17 10:35:23.573,414.51658745473577,11
2024-09-17 10:35:23.743,414.522770494935,95
2024-09-17 10:35:23.767,414.5250222774004,1005
2024-09-17 10:35:23.859,414.54579476818793,99
2024-09-17 10:35:23.895,414.5708481636962,12
2024-09-17 10:35:23.900,414.55594973510296,9
2024-09-17 10:35:23.925,414.5985074620406,1001
2024-09-17 10:35:23.966,414.5601175495402,995
2024-09-17 10:35:24.051,414.581233008496,98
2024-09-17 10:35:24.070,414.6184512138876,101
2024-09-17 10:35:24.134,414.6243150376524,1002
2024-09-17 10:35:24.145,414.62318711079007,97
2024-09-17 10:35:24.154,414.5965817129113,104
2024-09-17 10:35:24.253,414.5965711347468,995
2024-09-17 10:35:24.292,414.5887064160041,98
2024-09-17 10:35:24.351,414.5946372927807,11
2024-09-17 10:35:24.470,414.5982902144871,9
2024-09-17 10:35:24.526,,97
2024-09-17 10:35:24.592,414.62723716223655,13
2024-09-17 10:35:24.596,414.6503865673122,103
2024-09-17 10:35:24.601,414.6118509919074,97
2024-09-17 10:35:24.630,414.55028870245377,96
2024-09-17 10:35:24.728,414.5856885059101,7
2024-09-17 10:35:24.806,414.62056091603193,1002
2024-09-17 10:35:24.899,414.6252603449859,11
2024-09-17 10:35:24.964,414.6137645960079,1001
2024-09-17 10:35:25.292,414.53413281505294,1004
2024-09-17 10:35:25.349,414.4564919610302,999
2024-09-17 10:35:25.415,414.5506079810449,997
2024-09-17 10:35:25.420,414.509917736148,997
2024-09-17 10:35:25.430,414.5492552065085,996
2024-09-17 10:35:25.510,41.45441969269194,14
2024-09-17 10:35:25.722,414.4821156758494,996
2024-09-17 10:35:25.737,414.5660669418354,8
2024-09-17 10:35:25.792,414.4677556822078,1001
2024-09-17 10:35:25.955,414.5152725830149,998
2024-09-17 10:35:26.072,414.4782507181838,996
2024-09-17 10:35:26.261,414.47456880498174,1001
2024-09-17 10:35:26.318,41.44988153215422,5
2024-09-17 10:35:26.536,414.48574044993137,5
2024-09-17 10:35:26.546,414.4820394402713,1005
2024-09-17 10:35:26.551,414.4838007725705,100
2024-09-17 10:35:26.663,414.45575571029576,8
2024-09-17 10:35:26.732,414.5115043235053,1005
2024-09-17 10:35:26.760,414.477440918055,99
2024-09-17 10:35:26.835,414.4819834377548,6
2024-09-17 10:35:26.990,414.49703392548935,995
2024-09-17 10:35:27.008,414.4829501622961,10
2024-09-17 10:35:27.075,414.48571104816887,996
2024-09-17 10:35:27.186,414.488617349919,997
2024-09-17 10:35:27.436,414.4748132996629,101
2024-09-17 10:35:27.446,414.4712335613145,996
2024-09-17 10:35:27.661,414.487003653792,8
2024-09-17 10:35:27.764,414.4857726762381,997
2024-09-17 10:35:27.803,414.4719474710688,999
2024-09-17 10:35:27.900,414.4797575237511,104
2024-09-17 10:35:27.919,414.4922449067459,11
2024-09-17 10:35:27.978,414.4978827519587,7
2024-09-17 10:35:27.997,414.4831210716847,102
2024-09-17 10:35:28.218,414.4772927643024,998
2024-09-17 10:35:28.238,414.4596121212159,102
2024-09-17 10:35:28.402,414.45290041702606,996
2024-09-17 10:35:28.426,414.4469157776071,99
2024-09-17 10:35:28.486,414.4446888700288,96
2024-09-17 10:35:28.521,414.4419071211666,98
2024-09-17 10:35:28.560,414.45896140865824,7
2024-09-17 10:35:30.250,,1001
2024-09-17 10:35:30.253,414.4265745890953,101
2024-09-17 10:35:30.257,414.44446966336216,97
2024-09-17 10:35:30.612,414.4426242938706,13
2024-09-17 10:35:30.622,414.4353876306552,14
2024-09-17 10:35:30.688,414.44252952052,6
2024-09-17 10:35:30.818,414.4188697353634,96
2024-09-17 10:35:30.892,414.42891891849257,995
2024-09-17 10:35:31.005,414.4447336019842,1003
2024-09-17 10:35:31.041,414.453341196532,100
2024-09-17 10:35:31.109,-414.4918519287887,96
2024-09-17 10:35:31.110,414.477142618971,97
2024-09-17 10:35:31.150,414.5031947304466,997
2024-09-17 10:35:31.225,414.4867434250566,996
2024-09-17 10:35:31.333,414.5199954432896,997
2024-09-17 10:35:31.334,414.5029665078106,6
2024-09-17 10:35:31.342,414.49509804574194,1003
2024-09-17 10:35:31.432,414.48766488658833,6
2024-09-17 10:35:31.457,414.5308778853384,99
2024-09-17 10:35:31.471,414.42878551590826,995
2024-09-17 10:35:31.522,414.4547589748556,995
2024-09-17 10:35:31.539,414.51789744547534,101
2024-09-17 10:35:31.567,414.46580310501616,95
2024-09-17 10:35:31.582,414.5353975185364,1000
2024-09-17 10:35:31.593,414.4639674490045,10
2024-09-17 10:35:31.615,414.50837359327136,6
2024-09-17 10:35:31.646,-414.4449284489262,997
2024-09-17 10:35:31.653,414.5165965314455,15
2024-09-17 10:35:31.665,414.48770709989634,6
2024-09-17 10:35:31.688,414.4649992864872,1002
2024-09-17 10:35:31.773,414.4188499596575,14
2024-09-17 10:35:31.797,414.4582076212739,14
2024-09-17 10:35:31.864,414.5192996056366,1000
2024-09-17 10:35:31.956,414.4898629489407,95
2024-09-17 10:35:31.980,414.4856658070783,999
2024-09-17 10:35:32.651,414.4408151133879,995
2024-09-17 10:35:33.040,414.4466923403753,1001
2024-09-17 10:35:33.212,414.4342674686603,8
2024-09-17 10:35:33.259,414.4450707255001,999
2024-09-17 10:35:33.283,414.4459926881396,1002
2024-09-17 10:35:33.338,414.4455177451948,999
2024-09-17 10:35:33.378,414.4425829034816,99
2024-09-17 10:35:33.695,414.44702813176855,102
2024-09-17 10:35:33.735,414.4483658810376,6
2024-09-17 10:35:33.767,414.4383317284766,997
2024-09-17 10:35:33.770,414.4402788203816,1000
2024-09-17 10:35:33.816,414.4391053421742,996
2024-09-17 10:35:33.871,-414.4594858537817,999
2024-09-17 10:35:34.224,414.3769295678485,8
2024-09-17 10:35:34.290,414.4422285301001,11
2024-09-17 10:35:34.349,414.4283586057724,98
2024-09-17 10:35:34.457,414.4111239481607,98
2024-09-17 10:35:34.466,414.4151309483889,11
2024-09-17 10:35:34.587,414.4212315503858,95
2024-09-17 10:35:34.635,414.4130034732661,99
2024-09-17 10:35:34.676,414.4382252772103,15
2024-09-17 10:35:34.721,414.41427393423794,104
2024-09-17 10:35:34.741,414.4013600209091,10
2024-09-17 10:35:34.769,414.3811085379231,9
2024-09-17 10:35:34.825,414.42165165877327,103
2024-09-17 10:35:35.018,414.4242220036794,10
2024-09-17 10:35:35.110,414.39744585792937,7
2024-09-17 10:35:35.454,-414.4080448906592,15
2024-09-17 10:35:35.515,-414.429048490035,1004
2024-09-17 10:35:35.557,414.3860001066472,15
2024-09-17 10:35:35.581,414.4209536463161,102
2024-09-17 10:35:35.588,414.3954938689544,1000
2024-09-17 10:35:35.707,414.44607622015326,8
2024-09-17 10:35:35.737,414.4023198209725,7
2024-09-17 10:35:35.786,414.4639599912185,98
2024-09-17 10:35:35.805,414.4292228384922,95
2024-09-17 10:35:35.826,414.3969451897445,13
2024-09-17 10:35:35.860,414.42085755311183,10
2024-09-17 10:35:35.883,414.4014822911517,95
2024-09-17 10:35:35.899,414.4109094343093,995
2024-09-17 10:35:36.341,414.4719587907721,8
2024-09-17 10:35:37.262,414.4700340851214,13
2024-09-17 10:35:37.843,414.4692878063567,998
2024-09-17 10:35:37.956,414.4613280887675,5
2024-09-17 10:35:38.029,414.47501750660456,95
2024-09-17 10:35:38.189,414.4745230746929,11
2024-09-17 10:35:38.201,414.4625488395381,1004
2024-09-17 10:35:38.304,414.4549244950243,95
2024-09-17 10:35:38.406,414.4482007823349,1000
2024-09-17 10:35:38.486,414.4576660746933,12
2024-09-17 10:35:38.559,414.4863108263637,999
2024-09-17 10:35:38.598,414.4616435963461,5
2024-09-17 10:35:38.628,414.4540703941182,14
2024-09-17 10:35:38.736,414.4624466814263,997
2024-09-17 10:35:38.837,414.4718687739912,1005
2024-09-17 10:35:39.078,414.4376863798922,15
2024-09-17 10:35:39.081,414.4479901067945,10
2024-09-17 10:35:39.207,414.450837075372,1000
2024-09-17 10:35:39.361,414.47640698071706,6
2024-09-17 10:35:39.458,414.4465468435424,10
2024-09-17 10:35:39.491,414.4425382013495,7
2024-09-17 10:35:39.495,414.4479883042153,14
2024-09-17 10:35:39.507,414.4798359328376,8
2024-09-17 10:35:39.528,414.4705026691353,105
2024-09-17 10:35:39.569,414.4486616010021,1005
2024-09-17 10:35:39.596,414.4484332921991,996
2024-09-17 10:35:39.748,414.432056856575,105
2024-09-17 10:35:39.801,414.4556114657675,998
2024-09-17 10:35:39.885,-414.4694759903598,99
2024-09-17 10:35:39.903,414.44626490989776,1000
2024-09-17 10:35:40.029,414.43445901208537,997
2024-09-17 10:35:40.113,41.44668415153973,12
2024-09-17 10:35:40.211,414.4655768075765,104
2024-09-17 10:35:40.275,414.453959078438,97
2024-09-17 10:35:40.440,414.466300410193,1001
2024-09-17 10:35:40.471,414.4552823647581,15
2024-09-17 10:35:40.500,414.4569193693168,9
2024-09-17 10:35:40.567,-414.4542058240009,98
2024-09-17 10:35:40.679,,101
2024-09-17 10:35:41.023,414.4538657433501,997
2024-09-17 10:35:41.596,,12
2024-09-17 10:35:42.017,414.4888434199086,1004
2024-09-17 10:35:42.112,414.46976029820337,1004
2024-09-17 10:35:42.501,414.4708911069029,10
2024-09-17 10:35:43.072,414.4803024018788,13
2024-09-17 10:35:43.196,414.48485748589934,101
2024-09-17 10:35:43.557,414.4839008727364,8
2024-09-17 10:35:43.927,414.49493808227766,1000
2024-09-17 10:35:43.935,414.475917773188,1003
2024-09-17 10:35:44.046,414.5356270311714,995
2024-09-17 10:35:44.057,414.5368526172306,12
2024-09-17 10:35:44.059,414.57086693718,1005
2024-09-17 10:35:44.085,414.5439791021446,998
2024-09-17 10:35:44.162,414.537257261282,104
2024-09-17 10:35:44.212,414.4847830746702,105
2024-09-17 10:35:44.268,414.55051040596754,1005
2024-09-17 10:35:44.306,414.5769150526031,14
2024-09-17 10:35:44.365,414.52589932700505,1001
2024-09-17 10:35:44.385,414.49714296138166,97
2024-09-17 10:35:44.403,414.54443456879545,6
2024-09-17 10:35:44.424,414.5720144673548,996
2024-09-17 10:35:44.547,414.4968682728924,100
2024-09-17 10:35:44.577,414.5360517092128,105
2024-09-17 10:35:44.691,414.5540412887828,97
2024-09-17 10:35:44.726,414.5290635807309,103
2024-09-17 10:35:44.761,414.5453287173787,1003
2024-09-17 10:35:44.835,414.55061429913496,1003
2024-09-17 10:35:44.923,414.5253281850112,998
2024-09-17 10:35:44.930,414.50894657812125,995
2024-09-17 10:35:44.941,414.5647358986195,996
2024-09-17 10:35:44.970,414.5333131138421,8
2024-09-17 10:35:45.005,414.5313620710601,14
2024-09-17 10:35:45.322,414.5528909780778,102
2024-09-17 10:35:45.595,414.5479074366551,12
2024-09-17 10:35:45.852,414.55159794590185,96
2024-09-17 10:35:46.009,414.5909662756995,104
2024-09-17 10:35:46.208,414.590548202372,996
2024-09-17 10:35:46.334,414.6129675003301,1001
2024-09-17 10:35:46.367,414.6011351827748,996
2024-09-17 10:35:46.404,41.459317580447575,8
2024-09-17 10:35:46.410,414.607885567614,1004
2024-09-17 10:35:46.467,414.5587267922944,15
2024-09-17 10:35:46.538,414.57699147943134,104
2024-09-17 10:35:46.539,414.60449430552734,15
2024-09-17 10:35:46.747,414.5937323543552,95
2024-09-17 10:35:46.874,414.6116844989667,100
2024-09-17 10:35:46.880,414.5537883308825,1001
2024-09-17 10:35:46.887,414.61070902925377,10
2024-09-17 10:35:46.932,414.5670624181062,8
2024-09-17 10:35:46.950,414.5974482811699,98
2024-09-17 10:35:46.987,414.5958406416964,100
2024-09-17 10:35:46.991,414.5862072140984,1003
2024-09-17 10:35:47.015,41.45923480950401,5
2024-09-17 10:35:47.725,414.5867297579145,101
2024-09-17 10:35:48.072,414.582447336118,104
2024-09-17 10:35:48.242,414.5835079664949,100
2024-09-17 10:35:48.258,414.58980043682135,96
2024-09-17 10:35:48.265,414.58806617227856,104
2024-09-17 10:35:48.306,414.5960670208247,11
2024-09-17 10:35:48.427,414.6050399585354,99
2024-09-17 10:35:48.675,414.5872784469064,96
2024-09-17 10:35:48.750,414.5914640073089,1005
2024-09-17 10:35:48.995,414.5987167730258,99
2024-09-17 10:35:49.157,414.6014094496681,96
2024-09-17 10:35:49.160,414.585271322675,11
2024-09-17 10:35:49.202,414.5833568879034,5
2024-09-17 10:35:49.422,414.5919386944703,97
2024-09-17 10:35:49.626,414.5871095670683,1001
2024-09-17 10:35:49.774,414.5768197010392,1001
2024-09-17 10:35:49.818,414.5863981788962,8
2024-09-17 10:35:49.892,414.6023862533144,998
2024-09-17 10:35:49.900,414.59395510522194,13
2024-09-17 10:35:49.928,414.5773255121291,99
2024-09-17 10:35:50.103,414.5962225564892,96
2024-09-17 10:35:50.119,-414.5955305632816,13
2024-09-17 10:35:50.211,414.5956910884536,1001
2024-09-17 10:35:50.315,,7
2024-09-17 10:35:50.357,414.5953284756415,96
2024-09-17 10:35:50.442,414.5936126159092,1003
2024-09-17 10:35:50.469,414.5630543779812,99
2024-09-17 10:35:50.485,414.5678362572849,1005
2024-09-17 10:35:50.532,414.6124305919768,7
2024-09-17 10:35:50.634,414.59132705370325,14
2024-09-17 10:35:50.721,414.5571632040865,96
2024-09-17 10:35:50.744,414.5918598222012,7
2024-09-17 10:35:50.767,414.61339283665774,101
2024-09-17 10:35:50.851,414.6115236801005,95
2024-09-17 10:35:50.852,414.6073550785987,1000
2024-09-17 10:35:50.973,414.5967572892813,97
2024-09-17 10:35:50.986,414.6012950710024,6
2024-09-17 10:35:50.999,414.57853186200015,98
2024-09-17 10:35:51.072,414.6062267745172,101
2024-09-17 10:35:51.224,414.5647675240874,995
2024-09-17 10:35:51.241,414.5691411105151,100
2024-09-17 10:35:51.304,414.5755662363656,999
2024-09-17 10:35:51.429,414.5964493875421,1002
2024-09-17 10:35:51.439,414.5678891274089,10
2024-09-17 10:35:51.453,414.5759761896604,1003
2024-09-17 10:35:51.509,414.580128556666,7
2024-09-17 10:35:51.525,414.5730973084259,1004
2024-09-17 10:35:51.562,414.57636667036826,15
2024-09-17 10:35:51.580,414.5731406781629,104
2024-09-17 10:35:51.773,414.57679655217055,12
2024-09-17 10:35:51.896,414.61368211001314,1005
2024-09-17 10:35:52.000,414.6103287410742,5
2024-09-17 10:35:52.078,414.55892399301086,8
2024-09-17 10:35:52.169,,997
2024-09-17 10:35:52.189,414.554819443976,11
2024-09-17 10:35:52.205,414.5625123792461,1002
2024-09-17 10:35:52.293,414.5533528100601,96
2024-09-17 10:35:52.472,414.5575647106388,1003
2024-09-17 10:35:52.506,414.5523875486147,5
2024-09-17 10:35:52.563,414.5732504075685,996
2024-09-17 10:35:52.625,414.5900903726402,96
2024-09-17 10:35:52.641,414.5501599608221,103
2024-09-17 10:35:52.660,414.623634344938,104
2024-09-17 10:35:52.661,41.46201788834,997
2024-09-17 10:35:52.706,414.5377915104037,95
2024-09-17 10:35:52.721,414.5586109420704,97
2024-09-17 10:35:52.870,414.5803556731067,996
2024-09-17 10:35:52.873,414.6048348768404,1000
2024-09-17 10:35:52.895,414.55320679319465,995
2024-09-17 10:35:52.895,414.60530092287695,12
2024-09-17 10:35:52.936,414.5706759472129,104
2024-09-17 10:35:53.017,414.75044687868353,104
2024-09-17 10:35:53.059,414.7527738778672,995
2024-09-17 10:35:53.065,414.7471969058795,95
2024-09-17 10:35:53.106,414.7603698690786,996
2024-09-17 10:35:53.125,-414.67252038696256,996
2024-09-17 10:35:53.132,414.7253171821915,1004
2024-09-17 10:35:53.133,414.7465678790791,101
2024-09-17 10:35:53.136,414.7394525797059,999
2024-09-17 10:35:53.198,414.7282374230732,5
2024-09-17 10:35:53.292,414.7648777631181,6
2024-09-17 10:35:53.307,414.69483408373645,10
2024-09-17 10:35:53.307,414.7497932514642,101
2024-09-17 10:35:53.310,414.7634526291371,995
2024-09-17 10:35:53.319,414.76133686927056,15
2024-09-17 10:35:53.386,414.7647487303786,1001
2024-09-17 10:35:53.433,414.7637905817867,98
2024-09-17 10:35:53.497,414.6884225210054,14
2024-09-17 10:35:53.500,414.7553885739483,13
2024-09-17 10:35:53.516,414.7036484695906,96
2024-09-17 10:35:53.520,41.46821649267423,12
2024-09-17 10:35:53.570,414.7591925371553,5
2024-09-17 10:35:53.636,414.68235980130873,995
2024-09-17 10:35:53.689,414.7617342684097,995
2024-09-17 10:35:53.703,414.7047154032595,102
2024-09-17 10:35:53.810,414.7762908502022,105
2024-09-17 10:35:53.961,414.6780166069849,6
2024-09-17 10:35:53.962,414.7207249957632,95
2024-09-17 10:35:54.142,414.71058567939815,95
2024-09-17 10:35:54.257,414.68217058262246,5
2024-09-17 10:35:54.298,414.6796852972423,1001
2024-09-17 10:35:54.342,414.6932736425039,15
2024-09-17 10:35:54.585,414.6976349208711,102
2024-09-17 10:35:54.635,414.7039138147472,104
2024-09-17 10:35:54.723,414.69805064774965,96
2024-09-17 10:35:54.788,414.68689900993263,105
2024-09-17 10:35:54.796,414.71901189892,14
2024-09-17 10:35:54.844,414.6916960486684,103
2024-09-17 10:35:55.004,414.85351132722553,10
2024-09-17 10:35:55.111,414.8402078188496,996
2024-09-17 10:35:55.158,414.8361532748031,5
2024-09-17 10:35:55.170,414.8000641063644,15
2024-09-17 10:35:55.189,414.8332523288034,7
2024-09-17 10:35:55.190,414.7311123240643,1003
2024-09-17 10:35:55.217,414.6841082492271,13
2024-09-17 10:35:55.227,414.7036065345378,14
2024-09-17 10:35:55.317,414.6830711970175,996
2024-09-17 10:35:55.327,414.7814372350076,1000
2024-09-17 10:35:55.355,414.8441386223669,101
2024-09-17 10:35:55.397,414.7612103623024,11
2024-09-17 10:35:55.482,414.7423693495079,995
2024-09-17 10:35:55.519,414.7716777688939,13
2024-09-17 10:35:55.524,414.6971478359978,999
2024-09-17 10:35:55.600,414.84347867631135,95
2024-09-17 10:35:55.622,414.70496504893663,1000
2024-09-17 10:35:55.694,414.84631517209743,1001
2024-09-17 10:35:55.705,414.6966841258708,1003
2024-09-17 10:35:55.723,414.7163446131714,999
2024-09-17 10:35:55.726,414.8454978298892,95
2024-09-17 10:35:55.803,414.8503427462132,9
2024-09-17 10:35:55.832,414.7420046197318,104
2024-09-17 10:35:55.846,414.71547624490864,12
2024-09-17 10:35:55.930,414.70018589108497,999
2024-09-17 10:35:55.945,414.8506782537667,9
2024-09-17 10:35:55.992,414.8386006018761,997
2024-09-17 10:35:56.119,414.84457634888565,1003
2024-09-17 10:35:56.210,414.8553891887413,9
2024-09-17 10:35:56.285,414.8570978472091,102
2024-09-17 10:35:56.317,414.8844979970933,5
2024-09-17 10:35:56.344,414.8395550760496,12
2024-09-17 10:35:56.361,414.8444579986812,10
2024-09-17 10:35:56.497,414.866848385588,995
2024-09-17 10:35:56.505,414.86276298984137,997
2024-09-17 10:35:56.515,414.8438649877297,995
2024-09-17 10:35:56.616,414.8847506168212,11
2024-09-17 10:35:56.686,414.8595945221168,103
2024-09-17 10:35:56.689,414.87318280771865,13
2024-09-17 10:35:56.745,414.8866112661943,15
2024-09-17 10:35:56.776,414.8449855235832,1003
2024-09-17 10:35:56.777,414.8607602431132,996
2024-09-17 10:35:56.788,414.862613420296,104
2024-09-17 10:35:56.839,414.8750154205679,100
2024-09-17 10:35:56.877,414.8700813300866,15
2024-09-17 10:35:56.899,414.8628341486202,1000
2024-09-17 10:35:56.991,414.85806018613647,101
2024-09-17 10:35:57.161,414.8673234814557,101
2024-09-17 10:35:57.282,414.8880543610555,995
2024-09-17 10:35:57.443,414.8698102915752,99
2024-09-17 10:35:58.024,414.9153328997255,98
2024-09-17 10:35:58.077,414.9384578039571,998
2024-09-17 10:35:58.180,414.9340221653819,1001
2024-09-17 10:35:58.210,-414.9032879099322,15
2024-09-17 10:35:58.260,414.9276819427111,104
2024-09-17 10:35:58.278,414.9251390418999,999
2024-09-17 10:35:58.293,414.962102568002,100
2024-09-17 10:35:58.387,414.96212541590376,9
2024-09-17 10:35:58.409,414.91555410669673,11
2024-09-17 10:35:58.417,414.87775667483385,11
2024-09-17 10:35:58.440,414.8776662953516,999
2024-09-17 10:35:58.458,414.9737181450317,15
2024-09-17 10:35:58.462,414.918575688078,105
2024-09-17 10:35:58.594,414.9692917349836,100
2024-09-17 10:35:58.659,414.8846592816093,997
2024-09-17 10:35:58.680,414.8970329154082,103
2024-09-17 10:35:58.797,414.9003228726195,12
2024-09-17 10:35:58.802,414.9325343251633,15
2024-09-17 10:35:58.841,414.887666516828,12
2024-09-17 10:35:58.921,414.8987686514645,95
2024-09-17 10:35:58.928,414.921484168369,15
2024-09-17 10:35:58.945,414.93677657998205,99
2024-09-17 10:35:58.954,414.8804012894091,995
2024-09-17 10:35:59.070,414.8515541144721,998
2024-09-17 10:35:59.091,414.8834053197443,13
2024-09-17 10:35:59.097,414.82263721853445,997
2024-09-17 10:35:59.101,414.8712700789612,1002
2024-09-17 10:35:59.196,41.479161021769286,1000
2024-09-17 10:35:59.258,414.835347405634,8
2024-09-17 10:35:59.284,414.80938502854735,101
2024-09-17 10:35:59.316,414.86376342843937,101
2024-09-17 10:35:59.333,414.8956636811177,8
2024-09-17 10:35:59.343,414.9188722244041,1004
2024-09-17 10:35:59.364,414.8745932435059,98
2024-09-17 10:35:59.391,414.77116819528095,100
2024-09-17 10:35:59.417,414.8270488879543,101
2024-09-17 10:35:59.475,414.7684459913308,6
2024-09-17 10:35:59.544,414.8176281703026,100
2024-09-17 10:35:59.565,414.8405576659964,1003
2024-09-17 10:35:59.588,414.9345297470906,97
2024-09-17 10:35:59.611,414.8794446439501,5
2024-09-17 10:35:59.827,414.83651437460327,1000
2024-09-17 10:35:59.853,414.8916181129961,7
2024-09-17 10:35:59.872,414.8762676348212,7
