Timestamp,Price,Size
2024-09-16 10:21:00.043,416.8382920330735,1003
2024-09-16 10:21:00.196,416.8576135448935,101
2024-09-16 10:21:00.213,416.86571726078427,5
2024-09-16 10:21:00.324,416.86725075341,95
2024-09-16 10:21:00.351,416.843803490412,102
2024-09-16 10:21:00.471,416.86192859613135,95
2024-09-16 10:21:01.166,416.9061291250014,996
2024-09-16 10:21:01.252,416.9093520530241,996
2024-09-16 10:21:01.390,416.9101748692618,998
2024-09-16 10:21:01.405,416.9207313281152,100
2024-09-16 10:21:01.561,416.90894743860287,996
2024-09-16 10:21:01.661,416.8664791599912,995
2024-09-16 10:21:01.880,416.8845400596466,1003
2024-09-16 10:21:01.946,416.8879286747505,12
2024-09-16 10:21:01.949,416.8867528920968,995
2024-09-16 10:21:01.957,416.8807212289371,104
2024-09-16 10:21:02.356,416.8489931140354,997
2024-09-16 10:21:02.625,416.8694762830189,105
2024-09-16 10:21:02.651,416.83070619656223,98
2024-09-16 10:21:02.724,416.8791585911875,95
2024-09-16 10:21:02.726,416.850272322909,12
2024-09-16 10:21:02.841,416.8645320795397,95
2024-09-16 10:21:02.933,416.8409458853339,97
2024-09-16 10:21:02.957,416.8585765686025,6
2024-09-16 10:21:02.994,416.868927856449,1000
2024-09-16 10:21:03.385,416.8431088687107,1001
2024-09-16 10:21:03.552,416.8494629916409,1001
2024-09-16 10:21:03.578,416.87771638005495,9
2024-09-16 10:21:03.605,416.8553478147991,96
2024-09-16 10:21:03.706,416.84996357344,105
2024-09-16 10:21:03.716,416.85976212211057,13
2024-09-16 10:21:03.824,416.8200801375736,7
2024-09-16 10:21:03.965,416.8724737473647,105
2024-09-16 10:21:04.144,416.7591506436731,1001
2024-09-16 10:21:04.188,416.8169827958448,14
2024-09-16 10:21:04.244,416.8370392964761,1004
2024-09-16 10:21:04.314,416.8184252919961,14
2024-09-16 10:21:04.554,416.78418133553936,102
2024-09-16 10:21:04.688,416.8081415625018,14
2024-09-16 10:21:04.688,416.8029745458634,8
2024-09-16 10:21:04.743,,995
2024-09-16 10:21:04.859,416.81415316025374,1001
2024-09-16 10:21:04.862,416.783595528756,1003
2024-09-16 10:21:04.888,416.7894746126303,104
2024-09-16 10:21:04.925,416.818724194992,995
2024-09-16 10:21:04.993,416.7799633287704,101
2024-09-16 10:21:05.057,416.74068409006736,995
2024-09-16 10:21:05.071,416.73877929890153,1001
2024-09-16 10:21:05.123,416.72765163429705,97
2024-09-16 10:21:05.332,416.75061241613145,1002
2024-09-16 10:21:05.531,416.7404174548065,1004
2024-09-16 10:21:05.565,416.7462616309346,96
2024-09-16 10:21:05.569,416.7386615274481,105
2024-09-16 10:21:05.602,416.7267701141313,1002
2024-09-16 10:21:05.712,416.74466857239526,104
2024-09-16 10:21:05.771,416.73312608193714,1005
2024-09-16 10:21:05.986,416.7377087349675,5
2024-09-16 10:21:05.995,416.7421958351316,98
2024-09-16 10:21:06.050,416.80094999512255,8
2024-09-16 10:21:06.056,416.76989132224446,997
2024-09-16 10:21:06.109,,102
2024-09-16 10:21:06.112,416.7751685388123,96
2024-09-16 10:21:06.155,416.7683990857692,995
2024-09-16 10:21:06.156,416.7501605563342,102
2024-09-16 10:21:06.177,416.7614186887926,14
2024-09-16 10:21:06.212,416.76870003581166,95
2024-09-16 10:21:06.245,416.76089474016726,97
2024-09-16 10:21:06.269,416.7586193824407,101
2024-09-16 10:21:06.315,416.7353656621232,9
2024-09-16 10:21:06.321,416.7868146233176,10
2024-09-16 10:21:06.380,416.7689610223241,13
2024-09-16 10:21:06.447,416.7438242035414,995
2024-09-16 10:21:06.481,416.7513053363997,998
2024-09-16 10:21:06.521,416.8048781216134,104
2024-09-16 10:21:06.540,416.7454738519879,7
2024-09-16 10:21:06.602,416.8146899951354,1001
2024-09-16 10:21:06.648,416.7434649861176,96
2024-09-16 10:21:06.666,416.7653043884137,1004
2024-09-16 10:21:06.684,416.7600821119245,7
2024-09-16 10:21:06.699,416.7580288747279,1001
2024-09-16 10:21:06.710,416.7546076505944,104
2024-09-16 10:21:06.724,416.75993150974426,999
2024-09-16 10:21:06.802,416.7435211033007,6
2024-09-16 10:21:06.828,416.756376932797,1000
2024-09-16 10:21:06.855,416.8054795401008,998
2024-09-16 10:21:06.888,416.7629514952854,11
2024-09-16 10:21:07.011,416.8526241225494,997
2024-09-16 10:21:07.050,,5
2024-09-16 10:21:07.056,416.8557140566317,9
2024-09-16 10:21:07.235,416.8635094003438,1005
2024-09-16 10:21:07.242,416.8345601868222,15
2024-09-16 10:21:07.312,416.8752099636626,103
2024-09-16 10:21:07.351,416.8241762064345,1005
2024-09-16 10:21:07.424,416.8765249698813,10
2024-09-16 10:21:07.435,416.8682560502883,5
2024-09-16 10:21:07.449,416.88333127683137,8
2024-09-16 10:21:07.472,416.8643266855614,96
2024-09-16 10:21:07.492,416.83703612810194,95
2024-09-16 10:21:07.508,416.8851615640674,1005
2024-09-16 10:21:07.687,416.8393085409633,1002
2024-09-16 10:21:07.693,416.8905006339482,103
2024-09-16 10:21:07.726,416.8558667932839,1001
2024-09-16 10:21:07.739,416.8589645638096,9
2024-09-16 10:21:07.788,416.8807881789128,97
2024-09-16 10:21:07.801,416.87437262792486,6
2024-09-16 10:21:07.852,416.8602187083123,7
2024-09-16 10:21:07.853,416.85016716803904,1005
2024-09-16 10:21:07.885,416.8466267036258,15
2024-09-16 10:21:07.982,416.8270424868738,995
2024-09-16 10:21:08.010,41.68665968657177,998
2024-09-16 10:21:08.027,416.9335270264797,6
2024-09-16 10:21:08.029,416.8738326097375,12
2024-09-16 10:21:08.044,416.8782339914678,998
2024-09-16 10:21:08.128,416.9174213000618,1002
2024-09-16 10:21:08.241,416.8672963913646,995
2024-09-16 10:21:08.301,416.88374521967927,9
2024-09-16 10:21:08.315,416.89775735858166,1000
2024-09-16 10:21:08.343,416.8981252958077,15
2024-09-16 10:21:08.350,416.9090103501184,995
2024-09-16 10:21:08.357,416.9080265721431,1000
2024-09-16 10:21:08.358,416.8606843698924,995
2024-09-16 10:21:08.361,416.8813224802681,9
2024-09-16 10:21:08.401,416.9043987097592,1000
2024-09-16 10:21:08.431,416.9131006689834,1005
2024-09-16 10:21:08.461,416.9130228117625,98
2024-09-16 10:21:08.539,416.8922885089103,6
2024-09-16 10:21:08.567,416.92228660433216,995
2024-09-16 10:21:08.646,416.8787829750915,98
2024-09-16 10:21:08.738,416.9107079246557,15
2024-09-16 10:21:08.773,416.8696523372769,996
2024-09-16 10:21:08.774,416.8923826793518,99
2024-09-16 10:21:08.787,416.88160105500407,99
2024-09-16 10:21:08.864,416.9139213537805,104
2024-09-16 10:21:08.887,416.8723823602167,1002
2024-09-16 10:21:08.899,416.8696570609288,996
2024-09-16 10:21:08.933,416.8894306801794,1002
2024-09-16 10:21:08.975,416.9114862287737,98
2024-09-16 10:21:08.982,416.8795337169721,95
2024-09-16 10:21:09.010,416.9865900084844,999
2024-09-16 10:21:09.087,416.9365714379206,5
2024-09-16 10:21:09.182,416.92236446491097,104
2024-09-16 10:21:09.235,416.9722003149563,9
2024-09-16 10:21:09.284,416.94931698835774,104
2024-09-16 10:21:09.336,416.92883775211465,10
2024-09-16 10:21:09.346,416.9480239048869,102
2024-09-16 10:21:09.419,416.9758548565495,101
2024-09-16 10:21:09.425,416.9311668535091,105
2024-09-16 10:21:09.442,416.93996645576976,96
2024-09-16 10:21:09.488,416.97146656503577,10
2024-09-16 10:21:09.540,416.9355165159853,1004
2024-09-16 10:21:09.609,416.9291985685029,13
2024-09-16 10:21:09.655,416.97943546639976,15
2024-09-16 10:21:09.665,416.9720951586292,999
2024-09-16 10:21:09.703,416.9480955001808,100
2024-09-16 10:21:09.796,416.9636968469933,99
2024-09-16 10:21:09.798,416.9411568251539,1005
2024-09-16 10:21:09.845,416.9286987152144,996
2024-09-16 10:21:09.891,416.9604222534815,1001
2024-09-16 10:21:09.915,416.9447453279521,999
2024-09-16 10:21:09.923,416.9298283720764,96
2024-09-16 10:21:10.607,416.9309944150284,14
2024-09-16 10:21:11.266,416.95557212155177,1004
2024-09-16 10:21:11.410,416.95067587946505,1005
2024-09-16 10:21:12.199,416.9593999169012,96
2024-09-16 10:21:12.362,416.9532738679792,12
2024-09-16 10:21:12.684,416.9620514073202,97
2024-09-16 10:21:12.688,416.9479266894439,102
2024-09-16 10:21:12.820,-416.959257592398,14
2024-09-16 10:21:12.951,416.9630565141314,14
2024-09-16 10:21:13.006,416.8998890720699,105
2024-09-16 10:21:13.083,416.9293440129972,100
2024-09-16 10:21:13.120,416.9152671529792,14
2024-09-16 10:21:13.186,416.9212236880312,1003
2024-09-16 10:21:13.203,416.91338539983474,13
2024-09-16 10:21:13.233,416.89571600274775,101
2024-09-16 10:21:13.305,416.9214258418074,996
2024-09-16 10:21:13.323,416.939972124025,13
2024-09-16 10:21:13.435,416.930871447295,103
2024-09-16 10:21:13.517,416.89067672064135,11
2024-09-16 10:21:13.626,416.8952014498153,104
2024-09-16 10:21:13.671,416.9222659234836,95
2024-09-16 10:21:13.703,416.9107391924393,95
2024-09-16 10:21:13.715,416.9169596291523,1000
2024-09-16 10:21:13.727,416.9283188798837,997
2024-09-16 10:21:13.754,416.9117570312066,7
2024-09-16 10:21:13.823,416.9095618028499,12
2024-09-16 10:21:13.863,416.9194605142592,96
2024-09-16 10:21:13.920,416.9238234924852,105
2024-09-16 10:21:13.955,416.910817387126,8
2024-09-16 10:21:14.020,416.8552547925135,1005
2024-09-16 10:21:14.210,416.873068830042,1002
2024-09-16 10:21:14.253,416.86054590729856,996
2024-09-16 10:21:14.265,416.8744095423184,1003
2024-09-16 10:21:14.563,416.8853282998278,5
2024-09-16 10:21:14.577,416.85833834364473,105
2024-09-16 10:21:14.622,416.8758985102936,100
2024-09-16 10:21:14.652,416.8597110741375,15
2024-09-16 10:21:14.657,416.8876100330076,1000
2024-09-16 10:21:14.676,416.85440740732304,99
2024-09-16 10:21:14.746,416.8837395377725,15
2024-09-16 10:21:14.779,416.9001734417722,1001
2024-09-16 10:21:14.854,416.8621391200504,105
2024-09-16 10:21:14.885,416.8685251320873,97
2024-09-16 10:21:14.949,416.8629497355393,14
2024-09-16 10:21:14.961,416.85525914990086,1001
2024-09-16 10:21:14.977,416.8564144448337,996
2024-09-16 10:21:15.657,416.8479411990853,104
2024-09-16 10:21:15.802,416.86862941836,101
2024-09-16 10:21:16.097,416.8808487354139,5
2024-09-16 10:21:16.100,416.89674608514,14
2024-09-16 10:21:16.151,416.89833324955896,96
2024-09-16 10:21:16.232,416.89790210909536,15
2024-09-16 10:21:16.457,416.8971573913636,98
2024-09-16 10:21:16.792,416.9007919726134,95
2024-09-16 10:21:16.879,416.8682680454508,103
2024-09-16 10:21:16.927,416.9026501153943,100
2024-09-16 10:21:16.980,416.8795318255308,101
2024-09-16 10:21:17.017,416.8474476628444,102
2024-09-16 10:21:17.174,416.81769254835535,8
2024-09-16 10:21:17.296,416.848353308763,104
2024-09-16 10:21:17.492,416.8672949179183,95
2024-09-16 10:21:17.519,416.8520110239292,8
2024-09-16 10:21:17.537,416.87335301466646,100
2024-09-16 10:21:17.580,416.87702356121207,9
2024-09-16 10:21:17.640,416.836050562108,9
2024-09-16 10:21:17.663,416.8252977734117,102
2024-09-16 10:21:17.671,416.8523432311188,1001
2024-09-16 10:21:17.697,416.8417741864274,101
2024-09-16 10:21:17.737,416.8947538651998,999
2024-09-16 10:21:17.766,416.8817474686736,96
2024-09-16 10:21:17.806,416.8805078312972,102
2024-09-16 10:21:17.806,416.8834796077699,1004
2024-09-16 10:21:17.809,416.8944921751521,104
2024-09-16 10:21:17.827,416.885561883546,98
2024-09-16 10:21:17.837,416.8746339206125,12
2024-09-16 10:21:17.848,416.8153059924779,11
2024-09-16 10:21:17.863,416.8618148740349,13
2024-09-16 10:21:17.885,416.82215941026175,1000
2024-09-16 10:21:18.004,416.8671725610595,96
2024-09-16 10:21:18.013,416.8671926025472,95
2024-09-16 10:21:18.022,416.8561566361916,104
2024-09-16 10:21:18.025,416.8369133620257,999
2024-09-16 10:21:18.098,416.8665046822728,105
2024-09-16 10:21:18.100,416.8335675008684,103
2024-09-16 10:21:18.112,416.8802271198276,12
2024-09-16 10:21:18.200,416.8526375641943,999
2024-09-16 10:21:18.221,-416.8374551306403,1002
2024-09-16 10:21:18.255,416.8480063027665,6
2024-09-16 10:21:18.327,416.8514865227245,6
2024-09-16 10:21:18.345,416.8573247535565,100
2024-09-16 10:21:18.346,416.8392347604768,1000
2024-09-16 10:21:18.403,416.8425144025911,1003
2024-09-16 10:21:18.422,416.8556599621208,1004
2024-09-16 10:21:18.428,,1001
2024-09-16 10:21:18.429,416.8420783346649,8
2024-09-16 10:21:18.533,416.8731010535398,9
2024-09-16 10:21:18.544,416.8580593983722,105
2024-09-16 10:21:18.574,416.8225841474876,1005
2024-09-16 10:21:18.613,416.8370408321413,996
2024-09-16 10:21:18.628,416.8370736623359,7
2024-09-16 10:21:18.735,416.84969283265673,1002
2024-09-16 10:21:18.780,416.8608550975721,95
2024-09-16 10:21:18.913,416.8341893347944,99
2024-09-16 10:21:18.953,416.8572727225156,11
2024-09-16 10:21:19.107,416.8312244524878,8
2024-09-16 10:21:19.128,416.8042590374429,1000
2024-09-16 10:21:19.142,416.7838403443997,1001
2024-09-16 10:21:19.400,416.8065544822579,8
2024-09-16 10:21:19.411,416.82671919740255,9
2024-09-16 10:21:19.902,416.8025468576269,15
2024-09-16 10:21:20.013,416.7757963716998,102
2024-09-16 10:21:20.118,416.7970096936248,11
2024-09-16 10:21:20.220,416.7972916181448,105
2024-09-16 10:21:20.310,416.8167518193332,5
2024-09-16 10:21:20.459,416.81966498544335,998
2024-09-16 10:21:20.588,416.7849171020897,997
2024-09-16 10:21:20.823,416.79657211012506,1003
2024-09-16 10:21:20.958,416.8090234047952,1003
2024-09-16 10:21:21.024,416.7609679412368,6
2024-09-16 10:21:21.055,416.7711649465392,1002
2024-09-16 10:21:21.092,416.78752802985366,104
2024-09-16 10:21:21.116,-416.7728021974804,104
2024-09-16 10:21:21.124,416.7867721874147,103
2024-09-16 10:21:21.140,416.8040306879017,14
2024-09-16 10:21:21.157,416.78020887506216,1003
2024-09-16 10:21:21.218,416.78941492455806,1002
2024-09-16 10:21:21.407,416.77225054615405,104
2024-09-16 10:21:21.518,416.7970862200876,104
2024-09-16 10:21:21.602,416.7565726263565,7
2024-09-16 10:21:21.646,416.8138814671081,98
2024-09-16 10:21:21.745,416.7809296064789,12
2024-09-16 10:21:21.884,416.7646320410525,102
2024-09-16 10:21:21.908,416.7739768965197,12
2024-09-16 10:21:21.927,416.7690030752543,996
2024-09-16 10:21:22.025,416.862199007153,996
2024-09-16 10:21:22.047,416.85451436989024,999
2024-09-16 10:21:22.092,416.8662460775964,9
2024-09-16 10:21:22.397,416.8393487983995,98
2024-09-16 10:21:22.529,416.8450934845312,1002
2024-09-16 10:21:22.532,416.8519636099074,15
2024-09-16 10:21:22.533,416.83541874804666,103
2024-09-16 10:21:22.610,416.8238410995229,998
2024-09-16 10:21:22.709,416.84507138465017,13
2024-09-16 10:21:22.826,416.845897563597,99
2024-09-16 10:21:23.038,416.8770485870813,98
2024-09-16 10:21:23.164,416.8594627644394,98
2024-09-16 10:21:23.447,416.8674287442086,99
2024-09-16 10:21:23.492,416.865421902192,1001
2024-09-16 10:21:23.701,416.8629762281119,6
2024-09-16 10:21:23.881,416.8587634896007,104
2024-09-16 10:21:24.030,41.68810045214071,14
2024-09-16 10:21:24.140,416.8851782040967,9
2024-09-16 10:21:24.183,416.8918483802266,6
2024-09-16 10:21:24.215,416.86767261292914,9
2024-09-16 10:21:24.255,416.8906866388823,97
2024-09-16 10:21:24.370,416.8929120118507,996
2024-09-16 10:21:24.400,416.84542140966175,14
2024-09-16 10:21:24.412,416.90072752105215,102
2024-09-16 10:21:24.428,416.9255724112921,996
2024-09-16 10:21:24.445,416.87442972024434,1001
2024-09-16 10:21:24.483,416.8741346642146,997
2024-09-16 10:21:24.496,416.87246448625376,104
2024-09-16 10:21:24.539,416.863843285444,12
2024-09-16 10:21:24.584,416.90236358093273,96
2024-09-16 10:21:24.630,416.8675409207089,1000
2024-09-16 10:21:24.667,416.8824641219551,10
2024-09-16 10:21:24.779,416.8366991438297,99
2024-09-16 10:21:24.802,416.8725616180072,99
2024-09-16 10:21:24.892,416.8747220886314,15
2024-09-16 10:21:24.900,416.88642613021045,996
2024-09-16 10:21:24.906,416.8663308486762,6
2024-09-16 10:21:24.951,416.8893381779319,8
2024-09-16 10:21:24.996,,1005
2024-09-16 10:21:25.042,416.9605507822946,100
2024-09-16 10:21:25.056,417.0104762433271,995
2024-09-16 10:21:25.135,416.961231034447,98
2024-09-16 10:21:25.146,416.9506403902923,9
2024-09-16 10:21:25.174,417.0128867238936,100
2024-09-16 10:21:25.180,417.026398831156,998
2024-09-16 10:21:25.191,416.9254990950852,1002
2024-09-16 10:21:25.244,416.962773090896,97
2024-09-16 10:21:25.264,417.0233724187481,995
2024-09-16 10:21:25.305,416.9443132158507,99
2024-09-16 10:21:25.334,416.9961204676573,1002
2024-09-16 10:21:25.364,416.9823691898012,13
2024-09-16 10:21:25.414,416.91264557728255,5
2024-09-16 10:21:25.470,416.9130818629245,12
2024-09-16 10:21:25.558,416.9645058387417,7
2024-09-16 10:21:25.599,416.995339642508,7
2024-09-16 10:21:25.602,416.99504457895966,10
2024-09-16 10:21:25.655,416.9249890571122,11
2024-09-16 10:21:25.687,416.94630998987407,104
2024-09-16 10:21:25.708,417.0104280036435,101
2024-09-16 10:21:25.720,416.9228229735469,100
2024-09-16 10:21:25.805,417.0107215770482,1000
2024-09-16 10:21:25.856,417.0252368862917,103
2024-09-16 10:21:25.890,416.92112123691055,12
2024-09-16 10:21:25.949,416.9460562601908,1005
2024-09-16 10:21:25.979,-416.96228702469136,998
2024-09-16 10:21:25.996,416.9786814092704,10
2024-09-16 10:21:26.005,416.9952844503094,997
2024-09-16 10:21:26.015,416.984282127063,14
2024-09-16 10:21:26.081,416.92601382602936,12
2024-09-16 10:21:26.172,416.9981163116602,5
2024-09-16 10:21:26.224,416.93820562258776,5
2024-09-16 10:21:26.442,416.9831591635879,103
2024-09-16 10:21:26.538,416.97742575858655,5
2024-09-16 10:21:26.550,416.9886395390607,6
2024-09-16 10:21:26.654,417.012299716044,12
2024-09-16 10:21:26.747,416.9968476868705,1004
2024-09-16 10:21:26.767,416.97200490737794,999
2024-09-16 10:21:26.796,416.9690111200469,96
2024-09-16 10:21:26.818,416.9709618275877,998
2024-09-16 10:21:27.064,416.9536779541975,98
2024-09-16 10:21:27.081,416.9346680390045,104
2024-09-16 10:21:27.101,416.952320065287,1000
2024-09-16 10:21:27.140,416.9001178356833,100
2024-09-16 10:21:27.256,416.9137751486736,104
2024-09-16 10:21:27.387,416.9352810777272,997
2024-09-16 10:21:27.461,416.9316393727136,105
2024-09-16 10:21:27.463,416.939984913869,999
2024-09-16 10:21:27.501,416.9278360139673,1002
2024-09-16 10:21:27.531,416.9238562405911,1002
2024-09-16 10:21:27.548,416.9212875162151,6
2024-09-16 10:21:27.637,416.9156076106907,998
2024-09-16 10:21:27.653,416.95034312757593,998
2024-09-16 10:21:27.865,416.9461566978075,12
2024-09-16 10:21:27.867,416.91499320612695,102
2024-09-16 10:21:27.901,416.9117723994984,14
2024-09-16 10:21:27.966,416.90686437369743,14
2024-09-16 10:21:27.973,416.94012357992,996
2024-09-16 10:21:28.199,416.9547549751576,103
2024-09-16 10:21:28.311,-416.94520136493446,13
2024-09-16 10:21:28.928,416.9465721694875,14
2024-09-16 10:21:29.031,417.00647722649785,1002
2024-09-16 10:21:29.054,416.9843315130412,10
2024-09-16 10:21:29.132,416.99935109494936,9
2024-09-16 10:21:29.139,417.0182692882249,99
2024-09-16 10:21:29.190,417.00861302780174,999
2024-09-16 10:21:29.197,417.0491683986402,14
2024-09-16 10:21:29.208,417.0573909146577,101
2024-09-16 10:21:29.311,-417.0044392248477,101
2024-09-16 10:21:29.346,416.95866260222334,6
2024-09-16 10:21:29.349,416.9634728042971,102
2024-09-16 10:21:29.352,416.9948571926048,12
2024-09-16 10:21:29.377,416.95214832379776,101
2024-09-16 10:21:29.389,416.9667868179473,6
2024-09-16 10:21:29.391,417.0288436915935,998
2024-09-16 10:21:29.403,416.9448817220782,999
2024-09-16 10:21:29.448,417.0372142837363,99
2024-09-16 10:21:29.520,416.9974261386719,6
2024-09-16 10:21:29.529,417.02528615495015,95
2024-09-16 10:21:29.736,416.9405407882983,14
2024-09-16 10:21:29.761,417.02171668839617,1002
2024-09-16 10:21:29.761,416.9533756450832,997
2024-09-16 10:21:29.786,417.0046490578356,14
2024-09-16 10:21:29.804,417.0121351654136,1005
2024-09-16 10:21:29.864,417.0166187166436,1001
2024-09-16 10:21:29.896,416.9803758631009,97
2024-09-16 10:21:30.462,417.0462119200931,9
2024-09-16 10:21:30.482,417.0421033950005,5
2024-09-16 10:21:30.644,417.0287720543144,11
2024-09-16 10:21:30.795,417.0554603249572,96
2024-09-16 10:21:30.827,417.04642300972273,104
2024-09-16 10:21:31.071,417.029417872675,101
2024-09-16 10:21:31.079,417.0542817701663,5
2024-09-16 10:21:31.089,417.0337316108309,11
2024-09-16 10:21:31.091,417.0474512270662,12
2024-09-16 10:21:31.343,417.0480010687524,6
2024-09-16 10:21:31.354,417.0264110332132,8
2024-09-16 10:21:31.528,417.0395620943567,98
2024-09-16 10:21:31.562,417.0238148197482,105
2024-09-16 10:21:31.582,417.0540783495216,1002
2024-09-16 10:21:32.098,417.0205412854707,99
2024-09-16 10:21:32.319,417.0207114182089,97
2024-09-16 10:21:32.438,417.02717741381775,11
2024-09-16 10:21:32.582,417.0082237494519,1005
2024-09-16 10:21:32.698,417.0310068547908,997
2024-09-16 10:21:33.017,417.0241310667467,996
2024-09-16 10:21:33.074,417.00475596525945,998
2024-09-16 10:21:33.075,417.020112252713,15
2024-09-16 10:21:33.159,417.0013459528838,103
2024-09-16 10:21:33.208,417.0045340887052,8
2024-09-16 10:21:33.562,416.9956404406609,99
2024-09-16 10:21:33.628,417.0056679562384,11
2024-09-16 10:21:33.666,417.0050969120984,1002
2024-09-16 10:21:33.675,417.0263191400923,6
2024-09-16 10:21:33.685,41.70202476137382,5
2024-09-16 10:21:33.715,416.99819605022304,1003
2024-09-16 10:21:33.834,417.0199927109453,105
2024-09-16 10:21:34.211,417.013676437316,97
2024-09-16 10:21:34.247,417.0481616316055,1004
2024-09-16 10:21:34.260,417.005283548622,99
2024-09-16 10:21:34.286,,13
2024-09-16 10:21:34.314,417.0142226934934,996
2024-09-16 10:21:34.322,417.02306352293095,1003
2024-09-16 10:21:34.362,417.02982598677016,14
2024-09-16 10:21:34.595,417.0180050728641,995
2024-09-16 10:21:34.651,417.0239015179512,1000
2024-09-16 10:21:34.681,417.076411430548,5
2024-09-16 10:21:34.681,417.0103744753781,102
2024-09-16 10:21:34.686,417.0229528054224,97
2024-09-16 10:21:34.743,417.0082905629478,999
2024-09-16 10:21:35.138,417.029549074712,102
2024-09-16 10:21:35.183,417.0321926699271,98
2024-09-16 10:21:35.768,417.06010274197706,14
2024-09-16 10:21:36.087,416.9984891446259,1001
2024-09-16 10:21:36.168,417.0141590194061,997
2024-09-16 10:21:36.286,416.9955161268822,1001
2024-09-16 10:21:36.318,416.9883228621059,7
2024-09-16 10:21:36.634,416.9950668368578,1000
2024-09-16 10:21:36.748,417.0065814735833,15
2024-09-16 10:21:36.803,416.9974274507474,12
2024-09-16 10:21:37.398,416.9813723897664,15
2024-09-16 10:21:37.507,417.0000812647947,100
2024-09-16 10:21:37.824,416.9699941186725,997
2024-09-16 10:21:37.958,417.0034506308932,1000
2024-09-16 10:21:39.284,416.970162173807,97
2024-09-16 10:21:39.385,416.97183994168745,12
2024-09-16 10:21:39.826,416.9620014555337,6
2024-09-16 10:21:40.296,416.9887837370436,1001
2024-09-16 10:21:40.853,416.9909721981372,5
2024-09-16 10:21:41.040,417.01707053081225,97
2024-09-16 10:21:41.138,417.0544666597705,996
2024-09-16 10:21:41.247,417.0422882469472,999
2024-09-16 10:21:41.250,417.029363075881,12
2024-09-16 10:21:41.381,417.0682317784047,11
2024-09-16 10:21:41.606,417.03967362169846,96
2024-09-16 10:21:41.874,417.0495437755195,997
2024-09-16 10:21:41.979,417.0420030079512,99
2024-09-16 10:21:42.030,417.0480960401573,998
2024-09-16 10:21:42.098,417.07269565267336,1003
2024-09-16 10:21:42.464,417.0910911727321,998
2024-09-16 10:21:42.718,417.0561338394384,996
2024-09-16 10:21:42.755,417.0534090187361,105
2024-09-16 10:21:42.934,417.066917635527,99
2024-09-16 10:21:44.043,417.0341758770441,11
2024-09-16 10:21:44.118,417.03466463143735,14
2024-09-16 10:21:44.208,417.0226431599514,10
2024-09-16 10:21:44.244,416.99554375945024,5
2024-09-16 10:21:44.265,416.941422154249,95
2024-09-16 10:21:44.269,416.9986759699224,1005
2024-09-16 10:21:44.276,416.97723750989496,105
2024-09-16 10:21:44.363,416.9594138955549,1002
2024-09-16 10:21:44.441,417.0127767809398,11
2024-09-16 10:21:44.444,416.9988705193309,103
2024-09-16 10:21:44.452,417.00094225843503,5
2024-09-16 10:21:44.456,417.0072904342261,98
2024-09-16 10:21:44.503,417.0168207512573,101
2024-09-16 10:21:44.529,417.0345493689935,1005
2024-09-16 10:21:44.531,417.0109193002854,998
2024-09-16 10:21:44.592,417.0057939367406,999
2024-09-16 10:21:44.604,417.0184927989195,997
2024-09-16 10:21:44.693,416.94905646862514,7
2024-09-16 10:21:44.732,417.0185931445082,8
2024-09-16 10:21:44.760,416.9655305566323,10
2024-09-16 10:21:44.764,416.98376723184407,104
2024-09-16 10:21:44.797,417.0273416351224,99
2024-09-16 10:21:44.809,416.94607652223857,12
2024-09-16 10:21:44.837,416.9706431818798,100
2024-09-16 10:21:44.868,417.0108776398439,99
2024-09-16 10:21:45.182,416.9198224962482,12
2024-09-16 10:21:45.347,416.9431069660661,99
2024-09-16 10:21:45.532,416.9058743525399,1002
2024-09-16 10:21:45.612,416.9337311303193,1000
2024-09-16 10:21:45.812,416.90751898620994,14
2024-09-16 10:21:46.111,416.8620422390471,99
2024-09-16 10:21:46.296,416.8851460513834,101
2024-09-16 10:21:46.510,416.8629656933597,999
2024-09-16 10:21:46.579,416.87890466164384,5
2024-09-16 10:21:46.740,416.87909910647386,100
2024-09-16 10:21:46.748,416.85896784816384,96
2024-09-16 10:21:46.960,416.8931368592101,995
2024-09-16 10:21:47.024,416.8538365111313,1004
2024-09-16 10:21:47.064,416.8765597090998,103
2024-09-16 10:21:47.233,416.8207003618817,995
2024-09-16 10:21:47.253,416.8331072900884,105
2024-09-16 10:21:47.645,416.8572552523143,1004
2024-09-16 10:21:47.739,416.8603554001591,105
2024-09-16 10:21:48.107,416.77846697039934,1000
2024-09-16 10:21:48.258,416.7871666441415,13
2024-09-16 10:21:48.930,416.8008011897255,997
2024-09-16 10:21:49.063,416.8169207227787,104
2024-09-16 10:21:49.089,416.84752757718337,15
2024-09-16 10:21:49.215,416.8340097670648,95
2024-09-16 10:21:49.244,416.88326211189445,997
2024-09-16 10:21:49.435,416.8698319330345,1004
2024-09-16 10:21:49.452,416.8559108408883,98
2024-09-16 10:21:49.509,416.8909885084571,998
2024-09-16 10:21:49.545,416.8605957243024,10
2024-09-16 10:21:49.598,416.8453133688293,999
2024-09-16 10:21:49.717,416.877093777223,8
2024-09-16 10:21:49.791,416.8757263662597,98
2024-09-16 10:21:49.807,416.7935215419462,998
2024-09-16 10:21:50.013,416.96883663811656,15
2024-09-16 10:21:50.016,416.9313003467496,7
2024-09-16 10:21:50.180,416.9372965530912,10
2024-09-16 10:21:50.235,416.929810375388,14
2024-09-16 10:21:50.235,416.9561628608007,103
2024-09-16 10:21:50.354,416.9557418971696,997
2024-09-16 10:21:50.439,416.94292646012224,995
2024-09-16 10:21:50.480,416.93421158003486,996
2024-09-16 10:21:50.525,417.0383389999967,1003
2024-09-16 10:21:50.654,416.9551642225297,98
2024-09-16 10:21:50.677,416.93188164264734,99
2024-09-16 10:21:50.700,416.9943710106635,95
2024-09-16 10:21:50.864,416.9386529298459,5
2024-09-16 10:21:50.893,416.9057135149295,102
2024-09-16 10:21:50.941,417.03536267299904,11
2024-09-16 10:21:50.960,417.01445629852975,1005
2024-09-16 10:21:51.107,417.0830849094929,9
2024-09-16 10:21:51.110,417.0805194125773,98
2024-09-16 10:21:51.143,417.0558724107512,999
2024-09-16 10:21:51.143,417.06488710339113,1000
2024-09-16 10:21:51.207,417.07240548024345,997
2024-09-16 10:21:51.226,417.06379550151286,10
2024-09-16 10:21:51.249,417.0689207786106,9
2024-09-16 10:21:51.260,417.0723690054108,1004
2024-09-16 10:21:51.315,417.091977617428,10
2024-09-16 10:21:51.335,417.0743749403015,12
2024-09-16 10:21:51.345,417.0541528042102,7
2024-09-16 10:21:51.357,417.05473397980336,13
2024-09-16 10:21:51.372,417.0428693210431,15
2024-09-16 10:21:51.401,417.0717846349825,1005
2024-09-16 10:21:51.450,417.0903471162304,995
2024-09-16 10:21:51.513,417.04955003771465,998
2024-09-16 10:21:51.518,417.0572145758201,995
2024-09-16 10:21:51.519,417.08562956180106,103
2024-09-16 10:21:51.522,417.0772984710152,14
2024-09-16 10:21:51.543,417.0663659096454,102
2024-09-16 10:21:51.587,417.0440083125519,7
2024-09-16 10:21:51.676,417.0525460681112,96
2024-09-16 10:21:51.731,417.0538271943464,8
2024-09-16 10:21:51.748,417.0723090184265,11
2024-09-16 10:21:51.820,417.08079164551054,999
2024-09-16 10:21:51.856,417.04928472067945,1000
2024-09-16 10:21:51.864,417.0502575101564,1004
2024-09-16 10:21:52.641,417.0499905361931,100
2024-09-16 10:21:53.030,417.0706244805872,9
2024-09-16 10:21:53.060,417.06255735472,996
2024-09-16 10:21:53.064,417.07481999311113,998
2024-09-16 10:21:53.093,417.0549958116876,6
2024-09-16 10:21:53.119,,999
2024-09-16 10:21:53.139,417.0674329641106,6
2024-09-16 10:21:53.182,417.0726675791362,11
2024-09-16 10:21:53.232,417.0877761293795,999
2024-09-16 10:21:53.260,417.1166231394138,105
2024-09-16 10:21:53.298,417.07607570175537,15
2024-09-16 10:21:53.318,417.1200136089561,10
2024-09-16 10:21:53.350,417.0922093487643,10
2024-09-16 10:21:53.457,417.0721118981887,10
2024-09-16 10:21:53.480,417.0577839070845,995
2024-09-16 10:21:53.496,417.0434742570548,997
2024-09-16 10:21:53.605,417.0368487615041,1003
2024-09-16 10:21:53.613,417.1071308123151,7
2024-09-16 10:21:53.617,417.0682053323774,96
2024-09-16 10:21:53.696,417.07552720198055,1005
2024-09-16 10:21:53.749,417.0624995117026,102
2024-09-16 10:21:53.778,417.0829109303615,5
2024-09-16 10:21:53.800,417.04518333248114,5
2024-09-16 10:21:53.866,417.0563705111769,15
2024-09-16 10:21:53.882,417.05759255470207,7
2024-09-16 10:21:53.963,417.0705089853585,98
2024-09-16 10:21:53.970,417.0663388455484,12
2024-09-16 10:21:54.131,417.2158355226256,995
2024-09-16 10:21:54.529,417.1564418950028,99
2024-09-16 10:21:54.849,417.1811641940377,8
2024-09-16 10:21:54.980,417.12349663279616,97
2024-09-16 10:21:55.027,417.2398217109816,5
2024-09-16 10:21:55.076,417.2290662003713,8
2024-09-16 10:21:55.162,417.2235233489643,11
2024-09-16 10:21:55.238,417.23814861350667,6
2024-09-16 10:21:55.239,417.24005829278747,96
2024-09-16 10:21:55.565,417.2413130846239,14
2024-09-16 10:21:55.659,417.2387512204752,104
2024-09-16 10:21:55.787,417.23695725218136,6
2024-09-16 10:21:55.913,417.2085599417061,1004
2024-09-16 10:21:55.945,417.230712837864,100
2024-09-16 10:21:56.000,417.18758791540864,100
2024-09-16 10:21:56.075,417.1407436584339,995
2024-09-16 10:21:56.087,417.1764200071231,104
2024-09-16 10:21:56.092,417.16561481454346,102
2024-09-16 10:21:56.136,417.20458965929726,14
2024-09-16 10:21:56.152,417.18103916518334,99
2024-09-16 10:21:56.153,417.12707417394114,1001
2024-09-16 10:21:56.227,417.2073185329411,5
2024-09-16 10:21:56.235,417.1360782167177,105
2024-09-16 10:21:56.250,417.1502400097909,96
2024-09-16 10:21:56.321,417.1529512209816,997
2024-09-16 10:21:56.398,417.15508141760256,10
2024-09-16 10:21:56.416,417.1972571565026,1001
2024-09-16 10:21:56.417,417.1194649113492,96
2024-09-16 10:21:56.519,417.1215533336355,99
2024-09-16 10:21:56.526,417.1542690419607,9
2024-09-16 10:21:56.537,417.1910590084354,996
2024-09-16 10:21:56.553,417.1546413575793,14
2024-09-16 10:21:56.610,417.1555807223711,12
2024-09-16 10:21:56.669,417.1699589232149,99
2024-09-16 10:21:56.696,417.13325778833394,9
2024-09-16 10:21:56.697,417.1334336828292,6
2024-09-16 10:21:56.723,417.1569033289588,996
2024-09-16 10:21:56.730,417.1393136855143,6
2024-09-16 10:21:56.777,417.1647356931752,103
2024-09-16 10:21:56.804,417.1801540214517,6
2024-09-16 10:21:57.064,417.14541635726897,10
2024-09-16 10:21:57.083,417.0996462840488,1005
2024-09-16 10:21:57.129,417.121702046785,98
2024-09-16 10:21:57.142,417.0920243167788,5
2024-09-16 10:21:57.185,417.1207934562616,99
2024-09-16 10:21:57.195,417.1206142324626,97
2024-09-16 10:21:57.247,417.1233702882534,997
2024-09-16 10:21:57.248,417.12454893300793,95
2024-09-16 10:21:57.255,417.11752542432055,97
2024-09-16 10:21:57.301,417.1205751242815,104
2024-09-16 10:21:57.338,417.1301830625879,1005
2024-09-16 10:21:57.360,417.1334362705844,995
2024-09-16 10:21:57.402,417.1096153408705,105
2024-09-16 10:21:57.420,417.13534529960265,104
2024-09-16 10:21:57.450,417.12018519261966,100
2024-09-16 10:21:57.553,417.10767959726456,101
2024-09-16 10:21:57.688,417.1098647634062,997
2024-09-16 10:21:57.792,417.1381262883288,99
2024-09-16 10:21:57.833,417.1387081601591,102
2024-09-16 10:21:57.914,417.1169172400596,997
2024-09-16 10:21:58.203,417.16012066880046,95
2024-09-16 10:21:58.469,417.141019178104,104
2024-09-16 10:21:58.749,417.1653071025365,15
2024-09-16 10:21:58.870,417.1348231063276,10
2024-09-16 10:21:58.929,417.1469246282712,14
2024-09-16 10:21:58.934,417.1625319278806,1004
2024-09-16 10:21:59.139,417.1757968578008,13
2024-09-16 10:21:59.478,417.1803382240004,6
2024-09-16 10:21:59.621,417.1945288365191,999
2024-09-16 10:21:59.687,417.176236676268,101
2024-09-16 10:21:59.894,417.17951660529576,98
