Timestamp,Price,Size
2024-09-18 12:08:00.084,-416.4422667644518,13
2024-09-18 12:08:00.108,416.49309329894606,1002
2024-09-18 12:08:00.115,416.4788108416956,11
2024-09-18 12:08:00.148,416.4431229691367,97
2024-09-18 12:08:00.181,416.482894953466,999
2024-09-18 12:08:00.230,416.4613747458463,14
2024-09-18 12:08:00.302,416.4795926803927,104
2024-09-18 12:08:00.546,416.45652791652185,1004
2024-09-18 12:08:00.553,416.4247149495048,105
2024-09-18 12:08:00.558,416.4854782639014,13
2024-09-18 12:08:00.567,416.4515137195805,999
2024-09-18 12:08:00.662,416.4840991004546,995
2024-09-18 12:08:00.666,416.4928578064855,999
2024-09-18 12:08:00.711,416.4685376609008,15
2024-09-18 12:08:00.738,416.4398577741317,1001
2024-09-18 12:08:00.742,416.4296573713821,998
2024-09-18 12:08:00.907,416.47099914574807,101
2024-09-18 12:08:00.975,416.4384555711546,5
2024-09-18 12:08:01.128,416.4720808100484,104
2024-09-18 12:08:01.260,416.478667578345,5
2024-09-18 12:08:01.348,416.46469372947735,10
2024-09-18 12:08:01.403,416.4868917291637,8
2024-09-18 12:08:01.421,416.46080621189896,97
2024-09-18 12:08:01.462,41.645438644140974,999
2024-09-18 12:08:01.498,416.47129543523374,997
2024-09-18 12:08:01.674,416.486550448328,95
2024-09-18 12:08:01.712,416.4732054191358,99
2024-09-18 12:08:01.744,416.4784961073007,14
2024-09-18 12:08:01.977,416.466190888151,10
2024-09-18 12:08:02.196,416.4690013936751,1001
2024-09-18 12:08:02.590,,10
2024-09-18 12:08:02.592,416.5059850980344,1004
2024-09-18 12:08:02.662,416.4701945337712,999
2024-09-18 12:08:02.690,416.4708103787551,6
2024-09-18 12:08:02.788,416.4641618994534,998
2024-09-18 12:08:02.926,416.46771802086346,999
2024-09-18 12:08:03.056,416.4891981000954,12
2024-09-18 12:08:03.467,416.4799014115749,12
2024-09-18 12:08:03.801,416.4934112896759,5
2024-09-18 12:08:04.034,416.4997127714036,103
2024-09-18 12:08:04.040,416.4908485887536,1005
2024-09-18 12:08:04.068,416.4825753520364,14
2024-09-18 12:08:04.160,416.5184738933952,1003
2024-09-18 12:08:04.219,416.5171747071882,10
2024-09-18 12:08:04.275,416.4725814763688,996
2024-09-18 12:08:04.304,416.5136138026244,104
2024-09-18 12:08:04.350,416.5244624526551,997
2024-09-18 12:08:04.369,416.4677266980791,10
2024-09-18 12:08:04.378,416.495761870148,5
2024-09-18 12:08:04.411,416.4914737528447,999
2024-09-18 12:08:04.472,416.4930422943864,11
2024-09-18 12:08:04.505,416.478617198472,97
2024-09-18 12:08:04.620,416.4950611911576,1000
2024-09-18 12:08:04.633,416.49174609152567,999
2024-09-18 12:08:04.735,416.5054209449653,11
2024-09-18 12:08:04.798,416.47266068637725,12
2024-09-18 12:08:04.801,416.4969878033101,7
2024-09-18 12:08:04.922,416.5103566718725,10
2024-09-18 12:08:04.923,416.48297226201765,103
2024-09-18 12:08:04.925,416.488541038369,101
2024-09-18 12:08:04.930,416.4882118323353,99
2024-09-18 12:08:04.930,416.49363460256967,1003
2024-09-18 12:08:04.935,416.4910322006072,13
2024-09-18 12:08:04.955,416.476230224232,97
2024-09-18 12:08:05.083,416.52442029935656,10
2024-09-18 12:08:05.243,416.5237256179037,14
2024-09-18 12:08:05.317,416.471948327352,12
2024-09-18 12:08:05.322,416.5158067461231,1000
2024-09-18 12:08:05.611,416.5125899165287,5
2024-09-18 12:08:05.664,416.52453077484233,12
2024-09-18 12:08:06.152,416.4864109705461,100
2024-09-18 12:08:06.167,416.4647459342506,96
2024-09-18 12:08:06.227,416.4790719521162,8
2024-09-18 12:08:06.259,416.4960398934432,9
2024-09-18 12:08:06.326,416.4728990433798,99
2024-09-18 12:08:06.389,416.5256722599371,103
2024-09-18 12:08:06.416,416.4952329958375,95
2024-09-18 12:08:06.417,416.4934519254854,101
2024-09-18 12:08:06.456,416.4824257511096,15
2024-09-18 12:08:06.472,416.4676081079167,95
2024-09-18 12:08:06.543,416.4754598683236,996
2024-09-18 12:08:06.558,416.50970910450417,97
2024-09-18 12:08:06.600,416.5450632974258,995
2024-09-18 12:08:06.610,416.4854035758773,1000
2024-09-18 12:08:06.703,416.5420606174986,999
2024-09-18 12:08:06.734,416.4881291945527,1005
2024-09-18 12:08:06.754,416.50832326553024,1005
2024-09-18 12:08:06.757,416.4942292734011,102
2024-09-18 12:08:06.788,416.47724535541016,10
2024-09-18 12:08:06.808,416.5036123623366,100
2024-09-18 12:08:06.828,416.5262247589894,104
2024-09-18 12:08:06.843,416.5073138023071,998
2024-09-18 12:08:06.844,416.4857294515775,1000
2024-09-18 12:08:06.949,416.4865314292254,1002
2024-09-18 12:08:06.961,416.4797324962737,996
2024-09-18 12:08:07.019,416.5181789087758,996
2024-09-18 12:08:07.107,416.5209141212443,995
2024-09-18 12:08:07.186,416.5303398231061,13
2024-09-18 12:08:07.235,416.509286285172,996
2024-09-18 12:08:07.295,41.65288788355708,15
2024-09-18 12:08:07.378,416.55063536411353,13
2024-09-18 12:08:07.379,416.5443422651201,13
2024-09-18 12:08:07.392,416.5537522783152,8
2024-09-18 12:08:07.503,416.5270644026139,103
2024-09-18 12:08:07.541,416.5349037753523,13
2024-09-18 12:08:07.575,416.5221931383557,995
2024-09-18 12:08:07.623,416.5523459220972,105
2024-09-18 12:08:07.653,416.5304681149987,101
2024-09-18 12:08:07.663,416.5289871420868,95
2024-09-18 12:08:07.701,416.537083551577,1000
2024-09-18 12:08:07.725,416.5134196851096,97
2024-09-18 12:08:07.737,416.5294575779817,95
2024-09-18 12:08:07.764,416.5503029011881,103
2024-09-18 12:08:07.813,,13
2024-09-18 12:08:07.866,416.54707482781686,997
2024-09-18 12:08:07.880,416.54146717673945,1001
2024-09-18 12:08:07.895,416.5326524665008,105
2024-09-18 12:08:07.921,416.5233024329635,8
2024-09-18 12:08:08.081,416.6701834824571,5
2024-09-18 12:08:08.085,416.6457144359028,14
2024-09-18 12:08:08.103,416.6495106147022,1005
2024-09-18 12:08:08.193,416.5806987979427,96
2024-09-18 12:08:08.265,416.6517881652805,97
2024-09-18 12:08:08.319,416.6519574357706,1001
2024-09-18 12:08:08.384,416.6528529226722,995
2024-09-18 12:08:08.398,416.67461868823113,103
2024-09-18 12:08:08.499,416.6702825785387,11
2024-09-18 12:08:08.547,416.6160996393893,1005
2024-09-18 12:08:08.643,416.67551618185473,1003
2024-09-18 12:08:08.654,416.5958691541108,9
2024-09-18 12:08:08.720,416.64984398807866,96
2024-09-18 12:08:08.747,416.6595771809779,1001
2024-09-18 12:08:08.793,416.5909066457611,14
2024-09-18 12:08:08.827,416.6624153281635,7
2024-09-18 12:08:08.863,416.646413726706,102
2024-09-18 12:08:08.874,416.5812085291225,10
2024-09-18 12:08:08.894,416.6714215573816,14
2024-09-18 12:08:08.945,416.6607950105218,104
2024-09-18 12:08:08.994,416.5477075410487,1005
2024-09-18 12:08:09.279,416.6489515815012,6
2024-09-18 12:08:09.291,416.6403563696052,1001
2024-09-18 12:08:09.909,416.6415784864024,15
2024-09-18 12:08:09.965,416.6541580468147,103
2024-09-18 12:08:10.159,416.5826914248431,96
2024-09-18 12:08:10.207,416.5843916692708,6
2024-09-18 12:08:10.247,416.5894162705777,998
2024-09-18 12:08:10.332,416.613072453952,996
2024-09-18 12:08:10.539,416.5967201623738,104
2024-09-18 12:08:10.561,416.6013170650679,6
2024-09-18 12:08:10.574,416.58254753833785,11
2024-09-18 12:08:10.733,416.59103052795183,7
2024-09-18 12:08:10.904,416.6022713807277,1003
2024-09-18 12:08:11.007,416.5950522456996,1000
2024-09-18 12:08:11.201,416.6094639272428,1003
2024-09-18 12:08:11.220,416.5910328255149,8
2024-09-18 12:08:11.313,416.6000967902346,7
2024-09-18 12:08:11.376,416.61464863375454,1002
2024-09-18 12:08:11.475,416.6019329494751,998
2024-09-18 12:08:11.583,416.63349665116266,97
2024-09-18 12:08:11.624,416.5768860148758,7
2024-09-18 12:08:11.637,416.6008441874327,13
2024-09-18 12:08:11.657,416.5722782948965,997
2024-09-18 12:08:11.712,416.6074507075398,1000
2024-09-18 12:08:11.778,416.627593144583,1001
2024-09-18 12:08:11.821,416.6234632015356,1003
2024-09-18 12:08:11.968,416.6360988297685,8
2024-09-18 12:08:11.969,416.60532274155264,102
2024-09-18 12:08:11.980,416.6099058539072,96
2024-09-18 12:08:12.016,416.6008751584938,10
2024-09-18 12:08:12.116,416.6695562636397,97
2024-09-18 12:08:12.118,416.66422796447193,95
2024-09-18 12:08:12.162,416.5868245558488,101
2024-09-18 12:08:12.165,416.6646053731485,11
2024-09-18 12:08:12.200,416.67293086676375,104
2024-09-18 12:08:12.254,416.6593597929941,95
2024-09-18 12:08:12.288,416.5979399805073,12
2024-09-18 12:08:12.337,416.6528182137798,1003
2024-09-18 12:08:12.440,416.59588249648505,1003
2024-09-18 12:08:12.454,416.6590048117058,1003
2024-09-18 12:08:12.498,416.6644362878637,999
2024-09-18 12:08:12.531,416.66366530927314,1004
2024-09-18 12:08:12.553,416.5998076466185,8
2024-09-18 12:08:12.556,416.6087411323648,9
2024-09-18 12:08:12.564,416.64211282660665,95
2024-09-18 12:08:12.596,416.6692807612935,1004
2024-09-18 12:08:12.666,416.6651111940269,99
2024-09-18 12:08:12.694,416.59729913598846,11
2024-09-18 12:08:12.698,416.697699550882,103
2024-09-18 12:08:12.722,416.5921221079698,103
2024-09-18 12:08:12.805,416.5955376996431,103
2024-09-18 12:08:12.811,416.653199880918,1000
2024-09-18 12:08:12.829,416.6859228166814,997
2024-09-18 12:08:12.910,416.6329037785189,104
2024-09-18 12:08:12.915,416.6102295369517,5
2024-09-18 12:08:12.988,416.6609886623106,1001
2024-09-18 12:08:13.014,416.6459431045935,10
2024-09-18 12:08:13.031,416.6603327845703,8
2024-09-18 12:08:13.035,416.6522575610497,98
2024-09-18 12:08:13.040,416.6520625668879,96
2024-09-18 12:08:13.089,416.63804020958287,996
2024-09-18 12:08:13.106,416.652463861209,1001
2024-09-18 12:08:13.305,416.6395580460076,996
2024-09-18 12:08:13.406,416.6596784562985,15
2024-09-18 12:08:13.468,416.6704151482312,15
2024-09-18 12:08:13.540,416.6431453100983,7
2024-09-18 12:08:13.559,416.6575200158016,105
2024-09-18 12:08:13.588,416.6595518829583,998
2024-09-18 12:08:13.755,416.6438424034764,998
2024-09-18 12:08:13.789,416.6398043942805,6
2024-09-18 12:08:13.842,416.6618900576788,6
2024-09-18 12:08:13.847,416.64802587271856,101
2024-09-18 12:08:13.869,416.6448542910905,100
2024-09-18 12:08:13.905,416.6381742084379,104
2024-09-18 12:08:13.932,416.62145995469547,1004
2024-09-18 12:08:13.985,416.6505720682372,101
2024-09-18 12:08:13.988,416.6592126457098,96
2024-09-18 12:08:13.997,416.6439749291703,104
2024-09-18 12:08:14.163,416.6834793454816,996
2024-09-18 12:08:14.264,416.6719778819104,1003
2024-09-18 12:08:14.303,416.6847578945772,95
2024-09-18 12:08:14.312,416.6654386028732,1000
2024-09-18 12:08:14.400,416.6942465527856,7
2024-09-18 12:08:14.402,416.6896412514512,1004
2024-09-18 12:08:14.420,416.6989707603148,12
2024-09-18 12:08:14.435,416.6898889632759,6
2024-09-18 12:08:14.436,416.68720998944,95
2024-09-18 12:08:14.476,416.64797551051726,1004
2024-09-18 12:08:14.496,416.6816568232496,5
2024-09-18 12:08:14.539,416.6622016118076,11
2024-09-18 12:08:14.637,416.6467094717696,14
2024-09-18 12:08:14.694,416.6720189325008,997
2024-09-18 12:08:14.755,416.6977281477671,14
2024-09-18 12:08:14.755,416.71125304436896,98
2024-09-18 12:08:14.782,416.6863744154195,97
2024-09-18 12:08:14.871,416.7034068473058,96
2024-09-18 12:08:14.914,416.6937609623941,1003
2024-09-18 12:08:14.973,416.673739662364,996
2024-09-18 12:08:15.292,416.66059076210144,1000
2024-09-18 12:08:15.491,416.6715539882495,998
2024-09-18 12:08:16.567,416.6573759538665,96
2024-09-18 12:08:17.066,416.7312595711636,8
2024-09-18 12:08:17.207,416.70220465022913,997
2024-09-18 12:08:17.221,416.705663734076,1001
2024-09-18 12:08:17.259,416.6984996869232,98
2024-09-18 12:08:17.283,416.7529241469538,105
2024-09-18 12:08:17.344,416.7471437362877,996
2024-09-18 12:08:17.383,416.7242687788833,104
2024-09-18 12:08:17.395,416.7004001512957,997
2024-09-18 12:08:17.452,416.7035656360746,102
2024-09-18 12:08:17.602,416.7158483790284,998
2024-09-18 12:08:17.624,416.63790812538485,5
2024-09-18 12:08:17.646,416.6758850544263,97
2024-09-18 12:08:17.662,416.6727536176495,103
2024-09-18 12:08:17.770,416.6479648670333,9
2024-09-18 12:08:17.941,-416.71592469156656,1002
2024-09-18 12:08:17.955,416.74463914836815,12
2024-09-18 12:08:17.974,416.7001385082618,995
2024-09-18 12:08:17.977,416.6781152574115,99
2024-09-18 12:08:18.012,416.8082895490373,1003
2024-09-18 12:08:18.059,416.79057763493927,1002
2024-09-18 12:08:18.086,416.8111271292408,105
2024-09-18 12:08:18.150,416.7991313255457,1005
2024-09-18 12:08:18.183,416.80097262815553,105
2024-09-18 12:08:18.191,416.79838179041633,996
2024-09-18 12:08:18.213,416.7790885598948,1002
2024-09-18 12:08:18.235,416.8167215078282,100
2024-09-18 12:08:18.294,,97
2024-09-18 12:08:18.336,416.776157858146,996
2024-09-18 12:08:18.475,416.80755857015646,10
2024-09-18 12:08:18.486,416.80367266659897,10
2024-09-18 12:08:18.505,416.77831102690834,105
2024-09-18 12:08:18.537,416.80012822185887,13
2024-09-18 12:08:18.571,416.7770767825487,1001
2024-09-18 12:08:18.595,416.7722351354465,102
2024-09-18 12:08:18.682,416.7730648448316,7
2024-09-18 12:08:18.686,416.76401833133184,102
2024-09-18 12:08:18.696,416.7991977983335,1000
2024-09-18 12:08:18.704,416.80895495938455,995
2024-09-18 12:08:18.761,416.8112611765515,15
2024-09-18 12:08:18.780,416.80876664433015,98
2024-09-18 12:08:18.786,416.8000270693164,1000
2024-09-18 12:08:18.878,416.782667685998,97
2024-09-18 12:08:18.917,416.8063645722586,7
2024-09-18 12:08:18.931,416.8050104780854,14
2024-09-18 12:08:18.951,416.8162533359536,98
2024-09-18 12:08:18.975,416.8181973955189,1004
2024-09-18 12:08:19.014,416.8172502091057,95
2024-09-18 12:08:19.027,,15
2024-09-18 12:08:19.065,416.8124632193057,1001
2024-09-18 12:08:19.082,416.8258329730455,13
2024-09-18 12:08:19.145,416.8184452234376,97
2024-09-18 12:08:19.233,416.8468464784795,99
2024-09-18 12:08:19.285,416.80940009453593,997
2024-09-18 12:08:19.292,416.8218514549407,103
2024-09-18 12:08:19.298,416.7938663448782,10
2024-09-18 12:08:19.336,416.80467773574,1000
2024-09-18 12:08:19.350,416.807132759707,8
2024-09-18 12:08:19.380,416.82442203731,104
2024-09-18 12:08:19.387,416.7990553221253,1004
2024-09-18 12:08:19.451,416.83488078305817,9
2024-09-18 12:08:19.564,416.8078619075182,5
2024-09-18 12:08:19.607,416.8243898046464,1005
2024-09-18 12:08:19.711,416.81105667974055,103
2024-09-18 12:08:19.740,416.83094333260055,1004
2024-09-18 12:08:19.815,416.8194514081715,1004
2024-09-18 12:08:19.855,416.8112288439169,102
2024-09-18 12:08:19.869,416.84694536839913,6
2024-09-18 12:08:19.880,416.821031615179,105
2024-09-18 12:08:19.894,416.8087130692499,998
2024-09-18 12:08:19.933,416.8130788135472,6
2024-09-18 12:08:20.151,416.81057673153305,97
2024-09-18 12:08:21.018,416.8377905275334,6
2024-09-18 12:08:21.097,416.8031090891287,7
2024-09-18 12:08:21.122,416.8662043459904,101
2024-09-18 12:08:21.336,416.8488982924057,12
2024-09-18 12:08:21.392,416.8662579463439,5
2024-09-18 12:08:21.411,416.86926650764696,997
2024-09-18 12:08:21.418,416.8162855545087,6
2024-09-18 12:08:21.467,416.8297349620647,996
2024-09-18 12:08:21.599,416.8293155889912,105
2024-09-18 12:08:21.660,416.8484974596129,1003
2024-09-18 12:08:21.681,416.816713192824,102
2024-09-18 12:08:21.994,416.8757421866867,14
2024-09-18 12:08:22.015,416.8883898440123,1000
2024-09-18 12:08:22.105,416.8692384835807,997
2024-09-18 12:08:22.156,416.8521635666061,5
2024-09-18 12:08:22.183,416.8888252371577,6
2024-09-18 12:08:22.221,416.90189931276433,10
2024-09-18 12:08:22.246,416.89924375823335,100
2024-09-18 12:08:22.251,416.8508629297836,1003
2024-09-18 12:08:22.322,416.8914985432384,1002
2024-09-18 12:08:22.439,416.8767371765528,96
2024-09-18 12:08:22.501,416.8910583437637,101
2024-09-18 12:08:22.536,416.88700268484376,1004
2024-09-18 12:08:22.559,416.8942683508032,7
2024-09-18 12:08:22.568,416.8341957887657,9
2024-09-18 12:08:22.613,416.89052012269343,996
2024-09-18 12:08:22.614,416.8583492605248,1003
2024-09-18 12:08:22.618,416.8620696408432,11
2024-09-18 12:08:22.631,416.9011293333794,1000
2024-09-18 12:08:22.707,416.8391551921076,1003
2024-09-18 12:08:22.709,416.9068343478202,995
2024-09-18 12:08:22.749,416.8918102757989,999
2024-09-18 12:08:22.818,416.86447018532783,13
2024-09-18 12:08:22.829,416.8837604714165,12
2024-09-18 12:08:22.893,416.86472759909947,96
2024-09-18 12:08:22.910,416.8809192892783,998
2024-09-18 12:08:22.967,416.8875812950402,99
2024-09-18 12:08:24.008,416.9387234617844,1000
2024-09-18 12:08:24.015,416.9589495615804,1003
2024-09-18 12:08:24.016,416.9420624129103,999
2024-09-18 12:08:24.057,416.9235771910038,99
2024-09-18 12:08:24.093,416.9717778262937,1002
2024-09-18 12:08:24.164,416.9782223609142,102
2024-09-18 12:08:24.251,416.94052031914873,1000
2024-09-18 12:08:24.371,416.92527980015154,999
2024-09-18 12:08:24.444,416.93047385327606,11
2024-09-18 12:08:24.478,416.9689894433662,999
2024-09-18 12:08:24.533,416.9481052419698,95
2024-09-18 12:08:24.637,416.972960705438,9
2024-09-18 12:08:24.785,416.9471383844455,997
2024-09-18 12:08:24.846,416.9553688378308,104
2024-09-18 12:08:24.980,416.95669308892377,7
2024-09-18 12:08:25.032,416.9300135908516,1003
2024-09-18 12:08:25.036,416.9388915696214,998
2024-09-18 12:08:25.171,416.9216912584269,998
2024-09-18 12:08:25.206,416.9300825282448,100
2024-09-18 12:08:25.230,416.9289927681852,14
2024-09-18 12:08:25.402,416.911616920545,8
2024-09-18 12:08:25.461,416.940277524921,11
2024-09-18 12:08:25.505,416.8993547443847,1003
2024-09-18 12:08:25.623,416.9186980640093,103
2024-09-18 12:08:25.709,416.9136858870409,999
2024-09-18 12:08:25.725,416.9146313631254,99
2024-09-18 12:08:25.796,416.9101587403508,998
2024-09-18 12:08:25.830,416.8975411552654,103
2024-09-18 12:08:25.930,416.89801294561545,95
2024-09-18 12:08:26.013,416.9631600009853,104
2024-09-18 12:08:26.105,416.9571407703223,12
2024-09-18 12:08:26.108,416.94090167949975,96
2024-09-18 12:08:26.153,416.9785586126441,1005
2024-09-18 12:08:26.185,416.97623474168734,1002
2024-09-18 12:08:26.332,416.971410686081,995
2024-09-18 12:08:26.343,416.968779521944,98
2024-09-18 12:08:26.363,416.9742026770202,995
2024-09-18 12:08:26.448,416.98293929769153,1002
2024-09-18 12:08:26.556,416.9664205760878,98
2024-09-18 12:08:26.624,416.9620384809213,104
2024-09-18 12:08:26.692,416.9750865618211,7
2024-09-18 12:08:26.702,416.9689079202504,102
2024-09-18 12:08:26.711,416.9731096799393,1005
2024-09-18 12:08:26.896,416.93011149920414,98
2024-09-18 12:08:26.911,416.9744361996944,996
2024-09-18 12:08:26.929,416.97842541207416,98
2024-09-18 12:08:27.021,416.9438229198061,999
2024-09-18 12:08:27.057,416.9761157793605,95
2024-09-18 12:08:27.098,416.9736390728364,100
2024-09-18 12:08:27.161,41.6978139445236,1004
2024-09-18 12:08:27.192,416.9490552658037,97
2024-09-18 12:08:27.210,416.9510770512419,95
2024-09-18 12:08:27.224,416.9254603138584,98
2024-09-18 12:08:27.300,416.9685846491035,100
2024-09-18 12:08:27.305,416.941399424312,1002
2024-09-18 12:08:27.313,416.9600335885477,9
2024-09-18 12:08:27.332,416.9641073008176,105
2024-09-18 12:08:27.342,416.9931566511389,15
2024-09-18 12:08:27.370,,1001
2024-09-18 12:08:27.398,416.985424669576,100
2024-09-18 12:08:27.421,416.9303465802001,14
2024-09-18 12:08:27.457,416.9854465257845,104
2024-09-18 12:08:27.468,416.9761813533551,1004
2024-09-18 12:08:27.540,416.96910878298974,101
2024-09-18 12:08:27.562,416.9684503506835,101
2024-09-18 12:08:27.700,416.977928385644,8
2024-09-18 12:08:27.725,416.93353499930726,15
2024-09-18 12:08:27.743,416.94760600562114,998
2024-09-18 12:08:27.820,416.9730330931192,15
2024-09-18 12:08:27.848,416.9776448874874,7
2024-09-18 12:08:27.931,416.9687728464879,6
2024-09-18 12:08:27.944,416.9540848345772,98
2024-09-18 12:08:27.977,416.9803569371937,5
2024-09-18 12:08:28.001,417.0201335892459,101
2024-09-18 12:08:28.018,416.9903232752482,1002
2024-09-18 12:08:28.026,416.99722133116256,11
2024-09-18 12:08:28.113,417.0390578725491,997
2024-09-18 12:08:28.117,-417.026538077426,1005
2024-09-18 12:08:28.128,416.97682901537337,1005
2024-09-18 12:08:28.134,417.0321141515303,997
2024-09-18 12:08:28.173,416.9639951407231,999
2024-09-18 12:08:28.191,416.9979822236335,7
2024-09-18 12:08:28.228,417.0333494686721,99
2024-09-18 12:08:28.242,417.0002761690956,12
2024-09-18 12:08:28.265,417.01725069187256,1002
2024-09-18 12:08:28.267,416.9762798981543,96
2024-09-18 12:08:28.303,416.9827495121919,995
2024-09-18 12:08:28.311,416.9619463845882,98
2024-09-18 12:08:28.337,417.0024038127801,998
2024-09-18 12:08:28.342,417.03247592924913,96
2024-09-18 12:08:28.347,416.9696593592626,6
2024-09-18 12:08:28.384,417.0353626914829,9
2024-09-18 12:08:28.423,416.9796711790201,998
2024-09-18 12:08:28.532,417.014377861486,102
2024-09-18 12:08:28.542,417.0291846717103,15
2024-09-18 12:08:28.595,417.00235890262496,13
2024-09-18 12:08:28.657,417.0213067651795,96
2024-09-18 12:08:28.753,416.9990704115375,5
2024-09-18 12:08:28.872,417.0160981531492,13
2024-09-18 12:08:28.877,417.0391865848644,1000
2024-09-18 12:08:28.894,417.0292336262884,8
2024-09-18 12:08:28.897,417.0032772866284,14
2024-09-18 12:08:28.974,417.0095221845874,1000
2024-09-18 12:08:29.965,417.0386789544561,15
2024-09-18 12:08:30.006,417.1304394004688,12
2024-09-18 12:08:30.015,417.1542139659497,102
2024-09-18 12:08:30.017,417.0449816815332,105
2024-09-18 12:08:30.086,417.1183211315726,13
2024-09-18 12:08:30.101,417.08030439109626,98
2024-09-18 12:08:30.243,417.125607361632,996
2024-09-18 12:08:30.324,417.07428389366544,104
2024-09-18 12:08:30.327,417.09278354741065,12
2024-09-18 12:08:30.330,417.0821738676749,1001
2024-09-18 12:08:30.352,417.1153347957159,97
2024-09-18 12:08:30.353,417.0507240512632,13
2024-09-18 12:08:30.354,417.05524806770495,102
2024-09-18 12:08:30.428,417.0547514703092,1000
2024-09-18 12:08:30.460,417.0548423342511,102
2024-09-18 12:08:30.491,417.06238418009264,102
2024-09-18 12:08:30.523,417.1274121026257,6
2024-09-18 12:08:30.538,417.0567038459334,1004
2024-09-18 12:08:30.561,417.0666181754559,105
2024-09-18 12:08:30.668,417.0784425165409,13
2024-09-18 12:08:30.677,417.05934196890615,96
2024-09-18 12:08:30.761,417.09523604058114,103
2024-09-18 12:08:30.783,417.0826613416815,102
2024-09-18 12:08:30.859,417.08028634896624,103
2024-09-18 12:08:30.936,417.09928426844783,96
2024-09-18 12:08:30.956,417.12594950329634,5
2024-09-18 12:08:30.969,417.0854682072684,997
2024-09-18 12:08:30.981,41.70446575491732,998
2024-09-18 12:08:31.004,417.0807378438744,1001
2024-09-18 12:08:31.093,417.0782997073957,95
2024-09-18 12:08:31.238,417.08938079489576,1001
2024-09-18 12:08:31.555,417.0760455272658,11
2024-09-18 12:08:31.742,417.0841583308942,102
2024-09-18 12:08:31.743,417.0838298039809,6
2024-09-18 12:08:31.938,417.0716909836797,997
2024-09-18 12:08:31.954,417.06711387419807,8
2024-09-18 12:08:31.971,417.05637430098096,98
2024-09-18 12:08:31.980,417.0820809391564,1005
2024-09-18 12:08:32.043,417.0683186981707,998
2024-09-18 12:08:32.103,417.03844994641753,1004
2024-09-18 12:08:32.112,417.0602031503225,6
2024-09-18 12:08:32.149,417.0726885570695,11
2024-09-18 12:08:32.229,417.0982872239008,6
2024-09-18 12:08:32.377,417.01836411397153,996
2024-09-18 12:08:32.411,417.0793895495459,7
2024-09-18 12:08:32.463,417.02448216197234,101
2024-09-18 12:08:32.514,417.061024113081,7
2024-09-18 12:08:32.527,417.0891784721289,101
2024-09-18 12:08:32.529,417.0933451660176,100
2024-09-18 12:08:32.565,417.1082746517881,103
2024-09-18 12:08:32.566,417.060194278903,997
2024-09-18 12:08:32.576,,1002
2024-09-18 12:08:32.603,417.09976812082135,1005
2024-09-18 12:08:32.637,417.02557034818926,95
2024-09-18 12:08:32.648,417.1109507184543,103
2024-09-18 12:08:32.692,41.70664988226957,9
2024-09-18 12:08:32.701,417.03213763160585,5
2024-09-18 12:08:32.714,417.0542022904263,1004
2024-09-18 12:08:32.744,417.0672780377061,995
2024-09-18 12:08:32.764,417.0586310139374,100
2024-09-18 12:08:32.794,417.0642910214686,104
2024-09-18 12:08:32.811,417.0967287221858,104
2024-09-18 12:08:32.843,417.1209747331047,997
2024-09-18 12:08:32.855,417.0342701030548,1002
2024-09-18 12:08:32.906,417.0131759446895,11
2024-09-18 12:08:32.952,417.0635004677186,105
2024-09-18 12:08:32.956,417.0799903146482,1004
2024-09-18 12:08:32.970,417.02715568957103,995
2024-09-18 12:08:33.026,417.13506858313855,1000
2024-09-18 12:08:33.061,417.1001874697618,8
2024-09-18 12:08:33.077,417.0815049949532,1005
2024-09-18 12:08:33.125,417.0764065854144,100
2024-09-18 12:08:33.134,417.0782028906931,995
2024-09-18 12:08:33.143,417.0796782060224,8
2024-09-18 12:08:33.147,417.1009029035965,99
2024-09-18 12:08:33.329,417.1132498512994,1005
2024-09-18 12:08:33.452,417.078374872305,100
2024-09-18 12:08:33.483,417.1605087030814,97
2024-09-18 12:08:33.529,417.0726541303282,1003
2024-09-18 12:08:33.538,417.0670923504391,997
2024-09-18 12:08:33.581,417.0869354425276,104
2024-09-18 12:08:33.615,417.0706620954305,997
2024-09-18 12:08:33.708,417.0670278291249,999
2024-09-18 12:08:33.789,417.0921078917504,100
2024-09-18 12:08:33.805,417.0860322385669,100
2024-09-18 12:08:33.840,417.1224811316905,98
2024-09-18 12:08:33.897,417.07835581927225,998
2024-09-18 12:08:33.987,-417.09369854035504,1003
2024-09-18 12:08:34.053,417.2153602495815,100
2024-09-18 12:08:34.284,417.1653633437261,5
2024-09-18 12:08:34.427,417.1758707311383,98
2024-09-18 12:08:34.473,417.1684512489134,9
2024-09-18 12:08:34.565,417.1397149071058,14
2024-09-18 12:08:34.612,417.185486363637,998
2024-09-18 12:08:34.687,417.1711368546489,995
2024-09-18 12:08:34.746,417.13823986947824,1001
2024-09-18 12:08:34.778,417.1552796253115,104
2024-09-18 12:08:34.782,417.16847101858593,5
2024-09-18 12:08:34.831,-417.1546095717226,1005
2024-09-18 12:08:34.866,417.1518469486277,996
2024-09-18 12:08:34.878,417.1598326096243,10
2024-09-18 12:08:34.940,417.165120481886,8
2024-09-18 12:08:34.976,,96
2024-09-18 12:08:35.041,417.1460264361749,10
2024-09-18 12:08:35.059,417.0731374441006,95
2024-09-18 12:08:35.187,417.0816368896855,1000
2024-09-18 12:08:35.286,417.1838952566772,1005
2024-09-18 12:08:35.470,417.1427568154471,96
2024-09-18 12:08:35.503,417.1627359444989,1005
2024-09-18 12:08:35.644,417.13341219306335,96
2024-09-18 12:08:35.745,417.1196871684111,14
2024-09-18 12:08:35.816,417.1984524912261,14
2024-09-18 12:08:35.843,417.07261000745393,96
2024-09-18 12:08:35.859,417.1445628278367,1004
2024-09-18 12:08:35.864,417.1574797717566,12
2024-09-18 12:08:36.035,417.0579214137055,12
2024-09-18 12:08:36.069,417.0612455239692,103
2024-09-18 12:08:36.301,417.0731211276839,1001
2024-09-18 12:08:36.603,417.0658516080006,12
2024-09-18 12:08:36.708,417.0656481053521,12
2024-09-18 12:08:36.765,417.0754658117464,999
2024-09-18 12:08:36.798,417.057623520456,104
2024-09-18 12:08:36.906,417.0584398406888,95
2024-09-18 12:08:36.927,417.0859716647001,1003
2024-09-18 12:08:36.949,417.0915455698917,995
2024-09-18 12:08:37.026,416.95979801588186,9
2024-09-18 12:08:37.036,416.9785391033698,9
2024-09-18 12:08:37.037,416.9627241645033,1002
2024-09-18 12:08:37.041,416.9860124411626,97
2024-09-18 12:08:37.223,416.9411765217568,997
2024-09-18 12:08:37.273,416.9563063139212,104
2024-09-18 12:08:37.277,416.9610983782437,13
2024-09-18 12:08:37.278,417.0557164464814,13
2024-09-18 12:08:37.319,416.953228031616,10
2024-09-18 12:08:37.323,416.9758489938921,13
2024-09-18 12:08:37.399,416.9693513203157,99
2024-09-18 12:08:37.431,416.98228815228487,1001
2024-09-18 12:08:37.459,416.9795505220914,6
2024-09-18 12:08:37.467,416.97724402419993,5
2024-09-18 12:08:37.489,416.9513686150053,104
2024-09-18 12:08:37.525,-41.704632543673306,95
2024-09-18 12:08:37.572,417.00276818342326,6
2024-09-18 12:08:37.593,417.0228066392753,104
2024-09-18 12:08:37.703,416.98400290987433,9
2024-09-18 12:08:37.724,416.98411121328405,998
2024-09-18 12:08:37.729,417.0626600707529,105
2024-09-18 12:08:37.765,416.9593000727072,97
2024-09-18 12:08:37.786,416.9823215503312,102
2024-09-18 12:08:37.803,417.059199990699,14
2024-09-18 12:08:37.818,416.9367435386518,101
2024-09-18 12:08:37.831,416.9910084474415,995
2024-09-18 12:08:37.865,417.0278632955501,101
2024-09-18 12:08:37.905,417.0678215871869,104
2024-09-18 12:08:37.964,416.98363166631873,1003
2024-09-18 12:08:37.981,416.9769832280956,95
2024-09-18 12:08:38.045,416.8969937061677,99
2024-09-18 12:08:38.051,416.9631693438444,6
2024-09-18 12:08:38.077,416.9286777002277,1003
2024-09-18 12:08:38.114,416.9461677800909,12
2024-09-18 12:08:38.122,416.9439040751308,1004
2024-09-18 12:08:38.185,416.9069340224087,1005
2024-09-18 12:08:38.283,416.9573684530012,97
2024-09-18 12:08:38.300,416.9342376939793,95
2024-09-18 12:08:38.324,416.9262949557297,1000
2024-09-18 12:08:38.333,416.9330901283894,97
2024-09-18 12:08:38.350,416.9133649833664,998
2024-09-18 12:08:38.416,416.9452447146722,10
2024-09-18 12:08:38.423,416.9410744460605,9
2024-09-18 12:08:38.558,416.9740052115199,996
2024-09-18 12:08:38.641,416.932394807593,14
2024-09-18 12:08:38.660,416.91166359537857,12
2024-09-18 12:08:38.757,416.95909018707255,102
2024-09-18 12:08:38.795,416.93226885262936,102
2024-09-18 12:08:38.843,416.9267606343079,12
2024-09-18 12:08:38.865,416.96491511091256,100
2024-09-18 12:08:38.890,416.9505084959842,15
2024-09-18 12:08:38.917,416.9221045439133,8
2024-09-18 12:08:38.932,416.92784036670855,1003
2024-09-18 12:08:38.955,416.9144212009933,1001
2024-09-18 12:08:38.985,416.9578842991261,5
2024-09-18 12:08:39.037,416.82778037823454,997
2024-09-18 12:08:39.139,416.8409564645664,15
2024-09-18 12:08:39.150,416.83067535445616,14
2024-09-18 12:08:39.191,416.82106688968304,997
2024-09-18 12:08:39.265,416.8409425750395,6
2024-09-18 12:08:39.321,41.68860339479801,11
2024-09-18 12:08:39.456,416.836134421575,103
2024-09-18 12:08:39.510,416.8373534125616,10
2024-09-18 12:08:39.518,416.8350753995264,100
2024-09-18 12:08:39.553,416.8982756735642,10
2024-09-18 12:08:39.559,416.8574936215324,1004
2024-09-18 12:08:39.576,416.8275966467182,12
2024-09-18 12:08:39.589,416.8285096664481,1004
2024-09-18 12:08:39.592,416.8101567771392,1004
2024-09-18 12:08:39.739,416.84716424092,105
2024-09-18 12:08:39.743,416.8333211484611,997
2024-09-18 12:08:39.762,416.83847129429097,12
2024-09-18 12:08:39.778,416.8457393195938,7
2024-09-18 12:08:39.895,416.8435361605392,996
2024-09-18 12:08:39.929,416.8252324444782,10
2024-09-18 12:08:39.954,416.8711964553002,97
2024-09-18 12:08:39.972,416.834177672884,996
2024-09-18 12:08:39.985,416.8274966227164,12
2024-09-18 12:08:40.754,416.8395258013661,6
2024-09-18 12:08:41.008,416.8543865485197,1000
2024-09-18 12:08:41.129,416.8341052557543,6
2024-09-18 12:08:41.141,416.8460547770919,11
2024-09-18 12:08:41.172,416.9165109038669,998
2024-09-18 12:08:41.213,416.90735544126727,102
2024-09-18 12:08:41.215,416.91009761609706,5
2024-09-18 12:08:41.293,416.916556093974,102
2024-09-18 12:08:41.318,416.8923195241435,996
2024-09-18 12:08:41.501,416.91514653644447,8
2024-09-18 12:08:41.592,416.93057049750377,13
2024-09-18 12:08:41.611,416.8467909399091,7
2024-09-18 12:08:41.624,416.9239320471506,7
2024-09-18 12:08:41.689,416.92306260503256,95
2024-09-18 12:08:41.724,416.9057014165476,7
2024-09-18 12:08:41.794,416.90772521358434,99
2024-09-18 12:08:41.821,416.8959892174216,12
2024-09-18 12:08:41.877,416.8924037728884,1004
2024-09-18 12:08:41.889,416.9050745426056,95
2024-09-18 12:08:41.896,416.8237497463535,101
2024-09-18 12:08:41.976,416.9090903830113,1004
2024-09-18 12:08:41.999,416.874128418547,13
2024-09-18 12:08:42.006,41.69240573188903,998
2024-09-18 12:08:42.053,416.8888400164392,997
2024-09-18 12:08:42.073,416.912668004171,8
2024-09-18 12:08:42.095,416.8956077321175,997
2024-09-18 12:08:42.163,416.9102620142557,10
2024-09-18 12:08:42.222,416.9137358466641,96
2024-09-18 12:08:42.228,416.8954017339346,7
2024-09-18 12:08:42.245,416.91303376985775,103
2024-09-18 12:08:42.266,416.90942585823,95
2024-09-18 12:08:42.271,416.9145349906213,9
2024-09-18 12:08:42.350,416.9211405983296,8
2024-09-18 12:08:42.424,416.8883756213576,996
2024-09-18 12:08:42.457,416.90573413798126,1004
2024-09-18 12:08:42.648,416.8838313450406,13
2024-09-18 12:08:42.680,416.8960351868583,6
2024-09-18 12:08:42.689,416.9106311704024,996
2024-09-18 12:08:42.714,416.90451566719895,6
2024-09-18 12:08:42.725,416.90458781105696,998
2024-09-18 12:08:42.874,416.9000100053269,96
2024-09-18 12:08:42.995,416.8899046648001,103
2024-09-18 12:08:43.076,416.88059910760654,100
2024-09-18 12:08:43.088,416.9155193702713,10
2024-09-18 12:08:43.235,416.9159520092683,10
2024-09-18 12:08:43.298,416.86901594220006,12
2024-09-18 12:08:43.304,41.68609176633836,103
2024-09-18 12:08:43.393,416.8878229915656,95
2024-09-18 12:08:43.527,416.9004435506675,1003
2024-09-18 12:08:43.533,416.8744773687575,1003
2024-09-18 12:08:43.544,416.8690262891704,9
2024-09-18 12:08:43.556,416.905254258486,10
2024-09-18 12:08:43.591,416.8822688287658,997
2024-09-18 12:08:43.606,416.8796473772483,105
2024-09-18 12:08:43.629,416.8774288055998,104
2024-09-18 12:08:43.726,416.88038251864776,11
2024-09-18 12:08:43.733,416.8922239802751,5
2024-09-18 12:08:43.769,416.8833016517818,999
2024-09-18 12:08:43.914,416.9001547388911,11
2024-09-18 12:08:44.224,416.8947685864287,13
2024-09-18 12:08:44.277,416.8830297211441,97
2024-09-18 12:08:44.305,416.89215504275575,105
2024-09-18 12:08:44.338,416.90622889650655,14
2024-09-18 12:08:44.357,416.89491399742633,101
2024-09-18 12:08:44.591,416.9056397357047,997
2024-09-18 12:08:44.639,416.8910914019061,13
2024-09-18 12:08:44.885,416.8747146207119,1001
2024-09-18 12:08:44.969,416.90513084837215,995
2024-09-18 12:08:45.020,,104
2024-09-18 12:08:45.091,416.8921159558682,104
2024-09-18 12:08:45.301,416.8789835436341,101
2024-09-18 12:08:45.345,416.8663805081681,1002
2024-09-18 12:08:45.366,416.85899793414137,102
2024-09-18 12:08:45.458,416.87882546962834,998
2024-09-18 12:08:45.649,416.8657177864107,6
2024-09-18 12:08:45.679,416.857041951814,1003
2024-09-18 12:08:45.721,416.88044564927054,104
2024-09-18 12:08:45.747,416.869062739601,1001
2024-09-18 12:08:45.760,416.8559442800237,97
2024-09-18 12:08:46.049,416.8529495893397,15
2024-09-18 12:08:46.103,416.8602050646748,14
2024-09-18 12:08:46.117,416.8800287378259,1004
2024-09-18 12:08:46.192,416.8471727914074,104
2024-09-18 12:08:46.223,416.8243314062056,7
2024-09-18 12:08:46.301,416.8439268775052,15
2024-09-18 12:08:46.383,416.8561255501148,6
2024-09-18 12:08:46.401,416.8530562896957,998
2024-09-18 12:08:46.443,416.8667378402617,103
2024-09-18 12:08:46.539,416.8492789894713,104
2024-09-18 12:08:46.609,416.8550695556384,1003
2024-09-18 12:08:46.637,416.864919031563,996
2024-09-18 12:08:46.683,416.851671847649,11
2024-09-18 12:08:46.816,416.8625281651485,998
2024-09-18 12:08:46.892,416.8426544221935,1003
2024-09-18 12:08:47.048,416.8426971534969,95
2024-09-18 12:08:47.110,416.8826360435636,96
2024-09-18 12:08:47.146,416.8349607958072,7
2024-09-18 12:08:47.230,416.8520081050996,12
2024-09-18 12:08:47.240,416.838425394084,96
2024-09-18 12:08:47.245,416.8478944791291,103
2024-09-18 12:08:47.265,416.8702631303859,96
2024-09-18 12:08:47.275,416.8738747935951,97
2024-09-18 12:08:47.397,416.83339876195,98
2024-09-18 12:08:47.477,416.89999981521856,96
2024-09-18 12:08:47.485,416.87507798801056,1001
2024-09-18 12:08:47.539,416.84939484944994,6
2024-09-18 12:08:47.573,416.90359654457154,99
2024-09-18 12:08:47.596,416.8480211651497,6
2024-09-18 12:08:47.675,416.8447183402374,1004
2024-09-18 12:08:47.708,416.85234897992495,999
2024-09-18 12:08:47.713,416.8975071654966,6
2024-09-18 12:08:47.778,416.8466293400484,1005
2024-09-18 12:08:47.864,416.8838772348819,13
2024-09-18 12:08:47.896,416.90256542470536,100
2024-09-18 12:08:47.915,416.90616064958834,1001
2024-09-18 12:08:48.000,416.8716954786434,5
2024-09-18 12:08:48.007,416.8542656662406,105
2024-09-18 12:08:48.102,416.8607944519509,1001
2024-09-18 12:08:48.224,416.8045016688547,998
2024-09-18 12:08:48.268,416.8510445548533,103
2024-09-18 12:08:48.338,416.85402981130056,1005
2024-09-18 12:08:48.547,416.80309276598194,995
2024-09-18 12:08:48.731,416.79660406019866,8
2024-09-18 12:08:48.736,416.8041841700413,104
2024-09-18 12:08:48.745,416.8685803952716,101
2024-09-18 12:08:48.910,416.86007900067307,102
2024-09-18 12:08:48.915,416.8425390503076,1004
2024-09-18 12:08:48.943,416.8268344587728,10
2024-09-18 12:08:49.051,416.8102805217447,996
2024-09-18 12:08:49.093,416.79593702525966,1005
2024-09-18 12:08:49.115,416.8079891236949,105
2024-09-18 12:08:49.196,416.7761874119343,5
2024-09-18 12:08:49.245,416.7912563018885,101
2024-09-18 12:08:49.250,416.8045908891491,10
2024-09-18 12:08:49.264,416.8030271944662,102
2024-09-18 12:08:49.310,416.7672322237602,102
2024-09-18 12:08:49.380,416.76869281127193,105
2024-09-18 12:08:49.386,416.7692513717714,12
2024-09-18 12:08:49.443,416.77077444724034,9
2024-09-18 12:08:49.534,416.81177018433937,1003
2024-09-18 12:08:49.613,416.75837087004544,1003
2024-09-18 12:08:49.663,416.7895595241058,12
2024-09-18 12:08:49.759,416.7725481438007,995
2024-09-18 12:08:49.824,416.7916989458063,13
2024-09-18 12:08:49.860,416.7973061114329,101
2024-09-18 12:08:49.868,416.80834800062695,96
2024-09-18 12:08:49.917,416.7703098198372,996
2024-09-18 12:08:49.947,416.7856461296837,1003
2024-09-18 12:08:50.003,416.8323579632755,95
2024-09-18 12:08:50.023,416.7995546757105,999
2024-09-18 12:08:50.067,416.7880763356237,99
2024-09-18 12:08:50.134,416.803617799929,12
2024-09-18 12:08:50.207,416.7758505917321,1003
2024-09-18 12:08:50.212,416.7746814651168,996
2024-09-18 12:08:50.252,416.8014273492124,99
2024-09-18 12:08:50.258,416.7949306659448,102
2024-09-18 12:08:50.266,41.68151795433465,12
2024-09-18 12:08:50.273,416.7829427330817,1000
2024-09-18 12:08:50.311,416.8032605027472,1004
2024-09-18 12:08:50.363,416.816006563112,995
2024-09-18 12:08:50.444,416.8152977491858,12
2024-09-18 12:08:50.485,416.8448045671513,999
2024-09-18 12:08:50.506,416.8002636969997,96
2024-09-18 12:08:50.529,416.7898119504479,1004
2024-09-18 12:08:50.568,416.7854886162204,9
2024-09-18 12:08:50.583,416.8365576156647,7
2024-09-18 12:08:50.584,416.7986222439162,1001
2024-09-18 12:08:50.643,416.7958463250306,100
2024-09-18 12:08:50.665,416.79153866536143,1000
2024-09-18 12:08:50.700,416.8145454820765,7
2024-09-18 12:08:50.764,416.797732568605,97
2024-09-18 12:08:50.803,416.78830995557314,12
2024-09-18 12:08:50.855,416.7790892847244,10
2024-09-18 12:08:50.894,416.7938880658649,101
2024-09-18 12:08:50.943,416.80937887040136,7
2024-09-18 12:08:50.949,416.78546438689375,997
2024-09-18 12:08:50.950,416.8115156262157,5
2024-09-18 12:08:50.951,416.7893583526611,6
2024-09-18 12:08:51.012,416.8417125321501,1005
2024-09-18 12:08:51.122,416.868162269008,96
2024-09-18 12:08:51.236,416.8331371968644,95
2024-09-18 12:08:51.260,416.8488848891812,13
2024-09-18 12:08:51.348,416.819595733928,101
2024-09-18 12:08:51.450,416.8166139534434,14
2024-09-18 12:08:51.461,416.8453286777755,997
2024-09-18 12:08:51.480,416.82100863706336,10
2024-09-18 12:08:51.489,416.8438304711208,996
2024-09-18 12:08:51.522,416.8154078324075,1002
2024-09-18 12:08:51.553,416.8422634091161,1000
2024-09-18 12:08:51.569,416.8356321581687,1003
2024-09-18 12:08:51.586,416.8413809453788,1005
2024-09-18 12:08:51.642,416.8411737844408,14
2024-09-18 12:08:51.803,416.82938686119377,101
2024-09-18 12:08:51.834,416.814430396646,7
2024-09-18 12:08:51.976,416.8034857959514,1000
2024-09-18 12:08:52.164,416.8438729426362,1000
2024-09-18 12:08:52.187,416.8022431465577,15
2024-09-18 12:08:52.265,416.87674409722734,102
2024-09-18 12:08:52.322,416.8595293163654,6
2024-09-18 12:08:52.365,416.84745476723793,11
2024-09-18 12:08:52.589,416.82618024535714,10
2024-09-18 12:08:52.838,416.88213009835454,97
2024-09-18 12:08:52.838,416.8553756966875,7
2024-09-18 12:08:52.882,416.8819676841557,15
2024-09-18 12:08:52.941,416.85264740190655,6
2024-09-18 12:08:52.990,416.8274534141901,14
2024-09-18 12:08:52.997,,1005
2024-09-18 12:08:53.008,416.8212051603741,14
2024-09-18 12:08:53.025,416.8203681728008,9
2024-09-18 12:08:53.044,416.8340353753584,96
2024-09-18 12:08:53.097,416.83676917059455,96
2024-09-18 12:08:53.179,416.80565609111073,11
2024-09-18 12:08:53.200,416.8564021123763,998
2024-09-18 12:08:53.295,416.79024920999086,103
2024-09-18 12:08:53.329,416.83698372370833,10
2024-09-18 12:08:53.360,416.8110480586592,6
2024-09-18 12:08:53.470,416.82005823342354,97
2024-09-18 12:08:53.486,416.8273537534295,13
2024-09-18 12:08:53.514,416.82504130125216,995
2024-09-18 12:08:53.550,416.8534482162458,13
2024-09-18 12:08:53.576,416.8219944623668,100
2024-09-18 12:08:53.649,416.8536612194709,99
2024-09-18 12:08:53.672,416.8078417624551,15
2024-09-18 12:08:53.674,416.8151072894507,11
2024-09-18 12:08:53.765,416.8636582223206,1005
2024-09-18 12:08:53.828,416.81755473643153,1004
2024-09-18 12:08:53.836,416.8451298599017,96
2024-09-18 12:08:53.898,416.8464232807258,15
2024-09-18 12:08:53.936,416.8069984906009,1002
2024-09-18 12:08:54.020,416.81625774291297,1003
2024-09-18 12:08:54.048,416.8259942824225,1003
2024-09-18 12:08:54.075,416.8310988507616,98
2024-09-18 12:08:54.119,416.81006073677656,11
2024-09-18 12:08:54.127,416.8454011622388,999
2024-09-18 12:08:54.188,416.8627149544157,103
2024-09-18 12:08:54.206,416.8961158849009,11
2024-09-18 12:08:54.218,416.8997553393819,7
2024-09-18 12:08:54.241,416.87976609290666,10
2024-09-18 12:08:54.250,416.82149625553257,1003
2024-09-18 12:08:54.319,416.8238673363135,1001
2024-09-18 12:08:54.334,416.88056544573584,99
2024-09-18 12:08:54.376,416.8906247033563,104
2024-09-18 12:08:54.422,416.8662785165908,99
2024-09-18 12:08:54.439,416.8603353145776,1002
2024-09-18 12:08:54.569,416.87280347237,1001
2024-09-18 12:08:54.629,416.8705169110968,7
2024-09-18 12:08:54.629,416.8219847272943,5
2024-09-18 12:08:54.682,-416.8264607916479,1003
2024-09-18 12:08:54.683,416.9082616375581,98
2024-09-18 12:08:54.819,416.88472054721706,5
2024-09-18 12:08:54.851,416.893040094907,11
2024-09-18 12:08:54.892,416.8968180769658,99
2024-09-18 12:08:54.916,416.81880576085126,7
2024-09-18 12:08:55.082,416.8141291524031,1002
2024-09-18 12:08:55.692,416.8114158747184,104
2024-09-18 12:08:56.022,416.81161761273023,12
2024-09-18 12:08:56.049,416.8068454497807,1005
2024-09-18 12:08:56.149,416.8057423399245,7
2024-09-18 12:08:56.171,416.8573114725047,5
2024-09-18 12:08:56.250,416.8012859192104,15
2024-09-18 12:08:56.252,416.8167020796921,995
2024-09-18 12:08:56.254,41.68210620534174,10
2024-09-18 12:08:56.293,416.8152487508615,1002
2024-09-18 12:08:56.297,416.8363949900547,105
2024-09-18 12:08:56.318,416.7929910864637,997
2024-09-18 12:08:56.327,416.8051437628141,14
2024-09-18 12:08:56.375,416.8555248750945,8
2024-09-18 12:08:56.379,416.8585200944721,998
2024-09-18 12:08:56.420,,102
2024-09-18 12:08:56.486,416.8471857893323,1003
2024-09-18 12:08:56.604,416.8535341132125,14
2024-09-18 12:08:56.615,416.8230028156548,1005
2024-09-18 12:08:56.630,416.8497692092722,104
2024-09-18 12:08:56.633,416.8472784881597,15
2024-09-18 12:08:56.786,416.830291901945,1005
2024-09-18 12:08:56.792,416.82947368624014,95
2024-09-18 12:08:56.836,416.82502716691135,97
2024-09-18 12:08:56.884,416.85433787719256,9
2024-09-18 12:08:56.901,416.8217971041304,995
2024-09-18 12:08:57.369,416.87717738879405,1000
2024-09-18 12:08:57.496,416.908996253334,998
2024-09-18 12:08:57.556,416.89982738119744,8
2024-09-18 12:08:57.668,416.8765561036173,997
2024-09-18 12:08:57.678,416.8802267405174,1005
2024-09-18 12:08:57.697,416.886414529127,1000
2024-09-18 12:08:57.813,416.8704624636098,11
2024-09-18 12:08:58.571,416.8804785140964,100
2024-09-18 12:08:58.589,416.854584486043,1001
2024-09-18 12:08:58.875,416.8280705452089,998
2024-09-18 12:08:58.928,416.82398811466464,10
2024-09-18 12:08:59.011,416.8293748279988,6
2024-09-18 12:08:59.109,416.81101330950094,103
2024-09-18 12:08:59.121,416.844834154717,1000
2024-09-18 12:08:59.197,416.8446131104221,105
2024-09-18 12:08:59.239,416.862381390464,1005
2024-09-18 12:08:59.241,416.84688948543663,6
2024-09-18 12:08:59.247,416.81954320171945,99
2024-09-18 12:08:59.271,416.8050887686777,103
2024-09-18 12:08:59.406,416.8576567501788,6
2024-09-18 12:08:59.482,416.84359695527945,8
2024-09-18 12:08:59.485,416.7992640600729,1004
2024-09-18 12:08:59.566,416.8367127702456,10
2024-09-18 12:08:59.629,416.82975725874905,105
2024-09-18 12:08:59.658,416.8132815952388,102
2024-09-18 12:08:59.670,416.8295237258199,1005
2024-09-18 12:08:59.703,416.8199265242415,9
2024-09-18 12:08:59.735,416.8515721136802,98
2024-09-18 12:08:59.810,416.8053084958965,10
2024-09-18 12:08:59.860,416.84129226260745,104
2024-09-18 12:08:59.880,416.80811673510334,12
2024-09-18 12:08:59.982,416.8144489159442,105
