Timestamp,Price,Size
2024-09-19 12:29:00.042,-423.2219131456512,5
2024-09-19 12:29:00.642,423.2311169626653,100
2024-09-19 12:29:00.682,423.2073311573956,97
2024-09-19 12:29:00.706,423.2352451513301,1003
2024-09-19 12:29:01.184,423.19917076892864,1004
2024-09-19 12:29:01.195,423.23456410833865,101
2024-09-19 12:29:01.234,423.2159252615082,101
2024-09-19 12:29:01.310,-423.2345667647686,14
2024-09-19 12:29:01.310,423.2090347348947,10
2024-09-19 12:29:01.470,423.2237044635622,104
2024-09-19 12:29:01.791,423.2143040906196,998
2024-09-19 12:29:01.892,423.2261503489301,100
2024-09-19 12:29:01.941,423.2187919172266,997
2024-09-19 12:29:02.073,423.21937374790303,10
2024-09-19 12:29:02.108,423.2817112463019,13
2024-09-19 12:29:02.121,423.17643797851457,103
2024-09-19 12:29:02.140,423.1663671170812,1004
2024-09-19 12:29:02.209,423.23980087061415,96
2024-09-19 12:29:02.242,423.2868938659451,995
2024-09-19 12:29:02.394,423.1671543335788,1004
2024-09-19 12:29:02.452,423.2221318281993,998
2024-09-19 12:29:02.466,423.2761371394798,105
2024-09-19 12:29:02.493,423.17539194170064,98
2024-09-19 12:29:02.506,423.2739857872365,9
2024-09-19 12:29:02.507,423.18093137210457,104
2024-09-19 12:29:02.579,-423.2209394730014,104
2024-09-19 12:29:02.607,423.2892155045705,1002
2024-09-19 12:29:02.649,-423.2023349681628,1002
2024-09-19 12:29:02.665,423.2805945563677,8
2024-09-19 12:29:02.754,42.32501193099526,10
2024-09-19 12:29:02.772,423.2827273487548,1000
2024-09-19 12:29:02.828,423.2498410189311,1001
2024-09-19 12:29:02.860,423.2826466562872,97
2024-09-19 12:29:02.862,423.2418962467717,102
2024-09-19 12:29:02.897,423.25854587571627,14
2024-09-19 12:29:03.006,423.1242559964152,104
2024-09-19 12:29:03.029,423.152487155568,10
2024-09-19 12:29:03.095,423.158128621699,96
2024-09-19 12:29:03.110,423.1135218715965,5
2024-09-19 12:29:03.231,423.1458297786567,995
2024-09-19 12:29:03.253,423.09631750675766,100
2024-09-19 12:29:03.303,423.1265141922943,15
2024-09-19 12:29:03.342,423.1688894673592,1000
2024-09-19 12:29:03.347,423.13852085724864,104
2024-09-19 12:29:03.350,423.1587698768761,104
2024-09-19 12:29:03.368,423.1361594329273,8
2024-09-19 12:29:03.381,423.1153376912138,105
2024-09-19 12:29:03.465,423.1522875573707,10
2024-09-19 12:29:03.492,423.0845062111711,12
2024-09-19 12:29:03.552,423.135921416297,999
2024-09-19 12:29:03.573,423.1456565762361,5
2024-09-19 12:29:03.599,423.1563614068105,103
2024-09-19 12:29:03.666,423.13931900187856,98
2024-09-19 12:29:03.680,423.1346038969695,15
2024-09-19 12:29:03.826,,998
2024-09-19 12:29:03.847,423.1598332020423,104
2024-09-19 12:29:03.899,423.1217785805306,999
2024-09-19 12:29:03.974,423.1582096447942,5
2024-09-19 12:29:03.993,423.1558914079999,97
2024-09-19 12:29:04.082,422.9981448927114,1004
2024-09-19 12:29:04.093,422.99007793154817,1000
2024-09-19 12:29:04.104,-422.9890863643146,1000
2024-09-19 12:29:04.196,422.9670225483082,1002
2024-09-19 12:29:04.262,422.9785870957313,14
2024-09-19 12:29:04.267,422.9923157696108,105
2024-09-19 12:29:04.323,423.07007091050593,102
2024-09-19 12:29:04.376,423.06718751187225,9
2024-09-19 12:29:04.380,423.0455748406857,998
2024-09-19 12:29:04.381,423.0032208046368,97
2024-09-19 12:29:04.410,422.96194177313936,99
2024-09-19 12:29:04.422,423.0699388114473,98
2024-09-19 12:29:04.583,422.9864126699067,5
2024-09-19 12:29:04.629,423.014857183127,97
2024-09-19 12:29:04.639,423.0074972882194,1003
2024-09-19 12:29:04.705,423.0710611271488,11
2024-09-19 12:29:04.850,423.0280917528119,96
2024-09-19 12:29:04.967,422.9973774194416,7
2024-09-19 12:29:05.131,422.9995181694783,1000
2024-09-19 12:29:05.309,423.0125552936956,97
2024-09-19 12:29:05.920,423.01321093474616,97
2024-09-19 12:29:06.024,422.9499853097331,11
2024-09-19 12:29:06.047,423.00308161636286,15
2024-09-19 12:29:06.052,422.91055852343527,8
2024-09-19 12:29:06.125,422.9224729710336,105
2024-09-19 12:29:06.179,422.9658382436442,7
2024-09-19 12:29:06.185,422.9868839160961,997
2024-09-19 12:29:06.371,423.0100583215545,10
2024-09-19 12:29:06.514,422.9304191105167,104
2024-09-19 12:29:06.690,422.9941011292228,9
2024-09-19 12:29:06.715,422.9764313029439,7
2024-09-19 12:29:06.892,423.02024058588825,7
2024-09-19 12:29:06.949,,996
2024-09-19 12:29:07.069,,97
2024-09-19 12:29:07.091,422.8985624287798,995
2024-09-19 12:29:07.116,422.8983743079731,999
2024-09-19 12:29:07.300,422.9799902569297,95
2024-09-19 12:29:07.530,422.90513807643833,98
2024-09-19 12:29:07.630,422.9156687994048,998
2024-09-19 12:29:07.676,422.9287927511577,6
2024-09-19 12:29:07.742,422.9221337562103,104
2024-09-19 12:29:07.834,422.9622953417446,998
2024-09-19 12:29:07.881,422.992993266611,100
2024-09-19 12:29:07.991,422.9065208392269,13
2024-09-19 12:29:07.997,422.89552540224,6
2024-09-19 12:29:08.118,423.0029220071135,1000
2024-09-19 12:29:08.196,422.9929988251312,9
2024-09-19 12:29:08.327,423.0037096245328,995
2024-09-19 12:29:08.376,422.99366785563694,5
2024-09-19 12:29:08.563,422.99911935603086,1001
2024-09-19 12:29:08.598,423.02276213073975,997
2024-09-19 12:29:08.639,423.01321619211313,8
2024-09-19 12:29:08.665,423.0121312549696,9
2024-09-19 12:29:08.680,423.0080225157647,12
2024-09-19 12:29:08.710,423.02064148677465,100
2024-09-19 12:29:08.735,423.0257483897298,1000
2024-09-19 12:29:08.804,423.0133212537964,6
2024-09-19 12:29:08.837,423.021915507854,11
2024-09-19 12:29:08.846,423.001317249616,15
2024-09-19 12:29:08.977,423.027375829112,105
2024-09-19 12:29:08.988,423.028214500041,98
2024-09-19 12:29:09.028,423.0053872721071,1002
2024-09-19 12:29:09.039,422.9429603854405,100
2024-09-19 12:29:09.151,422.9945520286476,998
2024-09-19 12:29:09.172,423.01049772420913,11
2024-09-19 12:29:09.182,423.02092723765367,15
2024-09-19 12:29:09.240,423.0107336407493,997
2024-09-19 12:29:09.445,422.99677192255626,1002
2024-09-19 12:29:09.458,423.033711684265,1001
2024-09-19 12:29:09.563,423.0106750293043,96
2024-09-19 12:29:09.639,422.9202162577483,103
2024-09-19 12:29:09.761,422.9486002244468,11
2024-09-19 12:29:09.772,423.01391645218274,100
2024-09-19 12:29:09.843,423.0190020530921,102
2024-09-19 12:29:09.880,422.9871022542488,98
2024-09-19 12:29:09.909,423.029876320042,104
2024-09-19 12:29:09.943,-423.008369033661,9
2024-09-19 12:29:09.981,423.0044741802145,9
2024-09-19 12:29:10.066,422.8734186250312,105
2024-09-19 12:29:10.072,422.9133659407823,1001
2024-09-19 12:29:10.096,422.8561323642657,101
2024-09-19 12:29:10.120,422.8761754141003,98
2024-09-19 12:29:10.204,422.9232502668781,995
2024-09-19 12:29:10.205,422.8074394428523,999
2024-09-19 12:29:10.514,422.8509298225161,995
2024-09-19 12:29:10.531,422.8001890191069,6
2024-09-19 12:29:10.535,422.88541243515664,103
2024-09-19 12:29:10.633,422.8130954949992,1004
2024-09-19 12:29:10.711,422.7908136213909,98
2024-09-19 12:29:10.730,422.8936120303279,99
2024-09-19 12:29:10.815,422.82098353596894,14
2024-09-19 12:29:10.857,422.8060741835308,103
2024-09-19 12:29:10.871,422.8097694193125,101
2024-09-19 12:29:10.880,422.8958949491735,97
2024-09-19 12:29:10.894,422.9011221596757,14
2024-09-19 12:29:10.942,422.7994689478372,99
2024-09-19 12:29:11.004,422.7775534866793,997
2024-09-19 12:29:11.005,422.7540950517264,995
2024-09-19 12:29:11.066,422.78207018772815,1001
2024-09-19 12:29:11.138,422.7750356095393,12
2024-09-19 12:29:11.185,422.7778253712589,13
2024-09-19 12:29:11.235,422.7726461799356,15
2024-09-19 12:29:11.259,422.78480177805926,14
2024-09-19 12:29:11.318,422.7830128998151,6
2024-09-19 12:29:11.357,422.7643577643189,9
2024-09-19 12:29:11.374,422.7907314719816,996
2024-09-19 12:29:11.394,422.760249003386,96
2024-09-19 12:29:11.413,422.7724146526581,103
2024-09-19 12:29:11.416,422.77956256770784,14
2024-09-19 12:29:11.443,422.78440345591855,97
2024-09-19 12:29:11.446,422.76059170051474,9
2024-09-19 12:29:11.468,422.7702987779914,104
2024-09-19 12:29:11.512,422.77029170563793,103
2024-09-19 12:29:11.543,422.76671553590927,997
2024-09-19 12:29:11.549,422.7892854315184,1000
2024-09-19 12:29:11.581,422.7798558827881,102
2024-09-19 12:29:11.605,422.7935832378616,1000
2024-09-19 12:29:11.705,422.78475854001687,1005
2024-09-19 12:29:11.778,422.7782323903311,98
2024-09-19 12:29:11.855,422.78752618691504,9
2024-09-19 12:29:11.904,422.78085887501805,97
2024-09-19 12:29:11.927,422.7775212951165,6
2024-09-19 12:29:11.992,422.772412320323,102
2024-09-19 12:29:11.996,422.77841394650073,995
2024-09-19 12:29:12.004,422.87456587217326,997
2024-09-19 12:29:12.100,422.7813136283796,99
2024-09-19 12:29:12.114,,99
2024-09-19 12:29:12.139,422.8660951109924,996
2024-09-19 12:29:12.161,422.8071294981135,7
2024-09-19 12:29:12.221,422.86346561467167,14
2024-09-19 12:29:12.235,422.7438109988349,8
2024-09-19 12:29:12.252,422.7572725398701,100
2024-09-19 12:29:12.297,422.8386985011829,8
2024-09-19 12:29:12.463,422.7854225959172,997
2024-09-19 12:29:12.494,422.85739851185474,104
2024-09-19 12:29:12.551,422.8501224123113,5
2024-09-19 12:29:12.553,422.877037173044,1005
2024-09-19 12:29:12.598,422.7868537559111,998
2024-09-19 12:29:12.608,422.8140686998034,14
2024-09-19 12:29:12.613,422.8625674231363,995
2024-09-19 12:29:12.739,422.7515536408384,999
2024-09-19 12:29:12.755,422.86822720081017,7
2024-09-19 12:29:12.786,422.8164802385479,1004
2024-09-19 12:29:12.859,42.28502580594586,11
2024-09-19 12:29:12.869,422.7514566851016,6
2024-09-19 12:29:12.910,422.8488302714704,105
2024-09-19 12:29:12.913,42.2795966620731,14
2024-09-19 12:29:12.939,422.8571666774404,13
2024-09-19 12:29:12.953,422.8499279963128,98
2024-09-19 12:29:13.043,422.88382809058976,1000
2024-09-19 12:29:13.085,422.8135598177994,995
2024-09-19 12:29:13.085,422.89480193239,95
2024-09-19 12:29:13.139,422.8793825384683,1002
2024-09-19 12:29:13.245,422.8857416382248,105
2024-09-19 12:29:13.261,422.8643379265733,105
2024-09-19 12:29:13.294,,100
2024-09-19 12:29:13.345,422.8845112761109,998
2024-09-19 12:29:13.393,422.8459063554344,15
2024-09-19 12:29:13.447,422.8756221393737,98
2024-09-19 12:29:13.496,422.81869453889743,7
2024-09-19 12:29:13.585,-422.8874598807115,102
2024-09-19 12:29:13.613,422.87029269831015,995
2024-09-19 12:29:13.615,422.81706933960703,95
2024-09-19 12:29:13.642,422.82940984863257,999
2024-09-19 12:29:13.646,422.86118889974153,5
2024-09-19 12:29:13.671,422.8493158035168,9
2024-09-19 12:29:13.769,422.8939092285408,95
2024-09-19 12:29:13.873,422.8080192237119,1003
2024-09-19 12:29:13.882,422.8793105162896,101
2024-09-19 12:29:13.969,422.8379989939445,999
2024-09-19 12:29:13.976,422.8208912502474,101
2024-09-19 12:29:14.042,422.8561206090612,95
2024-09-19 12:29:14.102,422.9063174074887,999
2024-09-19 12:29:14.109,422.8916741851253,1000
2024-09-19 12:29:14.132,422.8787123102611,1004
2024-09-19 12:29:14.195,422.8968955890786,1000
2024-09-19 12:29:14.264,422.8846052903172,13
2024-09-19 12:29:14.313,422.8874309263376,15
2024-09-19 12:29:14.329,,1003
2024-09-19 12:29:14.363,422.8972606405719,101
2024-09-19 12:29:14.398,422.89967441995225,10
2024-09-19 12:29:14.398,422.8763511914941,1001
2024-09-19 12:29:14.427,422.8886164147021,5
2024-09-19 12:29:14.471,422.8977049457512,8
2024-09-19 12:29:14.521,422.8958193509557,12
2024-09-19 12:29:14.532,422.8958410247149,1002
2024-09-19 12:29:14.551,422.8949156685818,15
2024-09-19 12:29:14.609,422.92489471363336,11
2024-09-19 12:29:14.659,422.9106938199047,995
2024-09-19 12:29:14.874,422.934544403028,98
2024-09-19 12:29:14.880,422.8911493340185,1002
2024-09-19 12:29:14.975,422.8848684885152,98
2024-09-19 12:29:14.996,422.9437318181501,97
2024-09-19 12:29:15.003,422.9107458508746,98
2024-09-19 12:29:15.005,422.9104351544904,100
2024-09-19 12:29:15.038,422.910911839858,101
2024-09-19 12:29:15.041,422.9027505052081,101
2024-09-19 12:29:15.256,422.91125115508856,102
2024-09-19 12:29:15.280,422.9231597891072,7
2024-09-19 12:29:15.303,422.8757092052938,7
2024-09-19 12:29:15.436,422.9270608615011,100
2024-09-19 12:29:15.455,42.29312357538825,105
2024-09-19 12:29:15.468,422.9330283902936,101
2024-09-19 12:29:15.633,422.8900648153351,101
2024-09-19 12:29:15.677,422.882700545774,998
2024-09-19 12:29:15.779,422.8965585712718,10
2024-09-19 12:29:15.861,422.8722984486072,999
2024-09-19 12:29:15.906,422.9342248391871,95
2024-09-19 12:29:15.982,422.9122868551232,1001
2024-09-19 12:29:16.007,422.8660880934166,1002
2024-09-19 12:29:16.019,422.8581878647993,97
2024-09-19 12:29:16.133,422.82257737253946,13
2024-09-19 12:29:16.143,422.8661295081459,13
2024-09-19 12:29:16.162,422.86492010612767,12
2024-09-19 12:29:16.240,422.8274489336805,101
2024-09-19 12:29:16.327,422.8346583392309,5
2024-09-19 12:29:16.360,422.8718400276009,101
2024-09-19 12:29:16.398,422.8330726194509,1003
2024-09-19 12:29:16.437,422.8795147652158,99
2024-09-19 12:29:16.486,422.8604811240001,96
2024-09-19 12:29:16.532,422.822557089074,9
2024-09-19 12:29:16.553,422.8503918722593,998
2024-09-19 12:29:16.578,422.8850387547876,1004
2024-09-19 12:29:16.636,422.8499776405204,105
2024-09-19 12:29:16.661,422.85838471026176,999
2024-09-19 12:29:16.686,422.85956212806894,101
2024-09-19 12:29:16.722,422.85466110328434,12
2024-09-19 12:29:16.766,422.8694223188062,105
2024-09-19 12:29:16.814,422.840162269104,97
2024-09-19 12:29:16.848,422.8529160358058,997
2024-09-19 12:29:16.853,-422.8541472907627,101
2024-09-19 12:29:16.928,422.8458532649559,9
2024-09-19 12:29:16.950,422.8492611899797,1003
2024-09-19 12:29:17.058,422.8176827653453,998
2024-09-19 12:29:17.600,422.828934365957,999
2024-09-19 12:29:18.131,422.8306126226372,101
2024-09-19 12:29:18.137,422.8449402730229,100
2024-09-19 12:29:18.194,422.8360655571895,1005
2024-09-19 12:29:18.208,422.86045063113744,1004
2024-09-19 12:29:18.323,422.82377002151446,98
2024-09-19 12:29:18.375,422.82521290655,8
2024-09-19 12:29:18.436,422.8505562648312,1000
2024-09-19 12:29:18.566,422.8427154885085,1004
2024-09-19 12:29:18.595,422.8292873139095,14
2024-09-19 12:29:18.634,422.8552343456036,5
2024-09-19 12:29:18.641,422.8245875156889,100
2024-09-19 12:29:18.893,422.8392429181364,9
2024-09-19 12:29:19.134,422.8012827712467,7
2024-09-19 12:29:19.220,422.7921376502082,15
2024-09-19 12:29:19.250,422.8046142261357,98
2024-09-19 12:29:19.278,42.280774180612994,105
2024-09-19 12:29:19.327,,14
2024-09-19 12:29:19.375,422.8059023025024,100
2024-09-19 12:29:19.427,422.8091722697972,15
2024-09-19 12:29:19.541,42.280566242989664,6
2024-09-19 12:29:19.631,422.8062768043208,96
2024-09-19 12:29:19.633,422.7857033301221,995
2024-09-19 12:29:19.772,422.8331116466863,103
2024-09-19 12:29:19.993,422.7889158182287,11
2024-09-19 12:29:20.260,422.83478439084246,5
2024-09-19 12:29:20.334,422.8261826152544,5
2024-09-19 12:29:21.214,422.8173794507766,998
2024-09-19 12:29:22.018,422.8225642609154,9
2024-09-19 12:29:22.061,422.78621807216274,996
2024-09-19 12:29:22.218,422.7972921624161,9
2024-09-19 12:29:22.339,422.8034729418297,100
2024-09-19 12:29:22.377,422.81520470665777,100
2024-09-19 12:29:22.474,422.7720769071492,5
2024-09-19 12:29:22.491,422.80659479787465,13
2024-09-19 12:29:22.521,422.7781689131864,11
2024-09-19 12:29:22.523,422.7751593521422,104
2024-09-19 12:29:22.712,422.7952016188592,11
2024-09-19 12:29:22.813,422.7767797094985,1003
2024-09-19 12:29:22.876,-422.81287815857416,12
2024-09-19 12:29:22.890,422.7755881457567,9
2024-09-19 12:29:22.898,422.7984657761876,7
2024-09-19 12:29:23.163,422.79364991488745,13
2024-09-19 12:29:23.244,422.7828101717103,96
2024-09-19 12:29:24.013,422.762462858754,102
2024-09-19 12:29:24.130,422.76527324390673,102
2024-09-19 12:29:24.150,422.7782093218975,101
2024-09-19 12:29:24.161,422.82654812505984,995
2024-09-19 12:29:24.171,422.79932286804814,11
2024-09-19 12:29:24.210,422.782946052466,996
2024-09-19 12:29:24.242,422.7561674538105,11
2024-09-19 12:29:24.244,,7
2024-09-19 12:29:24.295,-422.8162112736748,1004
2024-09-19 12:29:24.306,422.7639313513823,1002
2024-09-19 12:29:24.310,422.75940253294726,100
2024-09-19 12:29:24.398,422.8048196226624,101
2024-09-19 12:29:24.432,422.7624731846592,1001
2024-09-19 12:29:24.531,422.7706737366784,13
2024-09-19 12:29:24.678,422.8079661588923,12
2024-09-19 12:29:24.691,422.78843351303067,96
2024-09-19 12:29:24.700,422.7784558506008,1003
2024-09-19 12:29:24.714,422.7859050837813,998
2024-09-19 12:29:24.716,42.27834997537986,100
2024-09-19 12:29:24.805,422.77408763575374,5
2024-09-19 12:29:24.979,422.7666211201845,9
2024-09-19 12:29:25.029,422.7955013064563,103
2024-09-19 12:29:25.080,422.7606534491069,98
2024-09-19 12:29:25.147,422.7780998117015,15
2024-09-19 12:29:25.169,422.7786129596535,998
2024-09-19 12:29:25.276,422.79013186690617,1003
2024-09-19 12:29:25.304,422.8049508358031,6
2024-09-19 12:29:25.593,422.7583452386124,102
2024-09-19 12:29:25.631,422.7834326496469,7
2024-09-19 12:29:25.661,422.7776483151489,1000
2024-09-19 12:29:25.673,422.7597232397959,6
2024-09-19 12:29:25.687,422.7653814443193,97
2024-09-19 12:29:25.844,422.7984049693416,95
2024-09-19 12:29:25.858,422.7811605430808,95
2024-09-19 12:29:25.887,422.7654194719822,6
2024-09-19 12:29:25.888,422.7659374272963,1000
2024-09-19 12:29:26.009,422.7685252878026,996
2024-09-19 12:29:26.032,422.788009038642,12
2024-09-19 12:29:26.070,-422.7900600931803,995
2024-09-19 12:29:26.083,422.8152817377382,1004
2024-09-19 12:29:26.149,422.7831939245537,996
2024-09-19 12:29:26.150,422.7805809553128,101
2024-09-19 12:29:26.155,422.7759244790786,999
2024-09-19 12:29:26.175,422.7744871138284,5
2024-09-19 12:29:26.189,422.7628129361907,1000
2024-09-19 12:29:26.204,422.7585926438752,5
2024-09-19 12:29:26.254,422.78736310497817,12
2024-09-19 12:29:26.326,422.8021827615818,998
2024-09-19 12:29:26.425,422.7755071651298,1002
2024-09-19 12:29:26.426,422.77990968406647,997
2024-09-19 12:29:26.483,422.77176090914446,105
2024-09-19 12:29:26.555,422.7447152758041,103
2024-09-19 12:29:26.614,422.7527200249917,101
2024-09-19 12:29:26.653,422.8100764232513,998
2024-09-19 12:29:26.658,422.7964709557166,9
2024-09-19 12:29:26.698,422.7675163326166,7
2024-09-19 12:29:26.718,422.7876427860708,1000
2024-09-19 12:29:26.749,422.7824881225912,95
2024-09-19 12:29:26.824,422.8119828532432,104
2024-09-19 12:29:26.850,422.7466943052252,1001
2024-09-19 12:29:26.853,422.7843969239734,103
2024-09-19 12:29:26.877,422.7765395080636,997
2024-09-19 12:29:26.949,422.7902538523054,13
2024-09-19 12:29:26.970,422.8074588153662,5
2024-09-19 12:29:27.040,422.7400577575259,103
2024-09-19 12:29:27.043,422.76271494943217,998
2024-09-19 12:29:27.057,422.77054945918513,999
2024-09-19 12:29:27.078,422.7575492184091,1005
2024-09-19 12:29:27.094,422.76934165271456,10
2024-09-19 12:29:27.511,422.769248291271,95
2024-09-19 12:29:27.546,422.75919991640825,99
2024-09-19 12:29:27.787,422.7501525475346,1001
2024-09-19 12:29:27.979,422.7569737443483,97
2024-09-19 12:29:28.069,422.7573225718956,12
2024-09-19 12:29:28.107,42.27591035222506,96
2024-09-19 12:29:28.207,422.7649146348176,998
2024-09-19 12:29:28.211,422.7551676479375,99
2024-09-19 12:29:28.440,422.7663166799568,1002
2024-09-19 12:29:28.493,422.7393016184952,96
2024-09-19 12:29:28.562,422.7402762179537,96
2024-09-19 12:29:28.617,422.7727521812378,996
2024-09-19 12:29:28.652,422.7459870681902,1003
2024-09-19 12:29:28.658,422.75511277014976,96
2024-09-19 12:29:28.684,422.755202201852,999
2024-09-19 12:29:28.704,422.7596045081145,101
2024-09-19 12:29:28.747,422.74814115516665,996
2024-09-19 12:29:28.767,422.7586971430379,104
2024-09-19 12:29:28.913,422.7479019004234,103
2024-09-19 12:29:28.950,422.7094596222879,1004
2024-09-19 12:29:28.951,422.7833531142805,10
2024-09-19 12:29:28.971,422.7267218795886,9
2024-09-19 12:29:28.975,422.7161649171533,101
2024-09-19 12:29:29.008,422.7616618476328,1004
2024-09-19 12:29:30.190,422.79569256585273,97
2024-09-19 12:29:30.198,422.7891789357557,101
2024-09-19 12:29:30.226,422.7971077893695,999
2024-09-19 12:29:30.232,422.776888497244,999
2024-09-19 12:29:30.396,422.7917103035233,995
2024-09-19 12:29:30.547,422.762960241653,99
2024-09-19 12:29:30.567,422.8014545462053,101
2024-09-19 12:29:30.603,422.7888939859049,11
2024-09-19 12:29:30.721,422.7689907712541,9
2024-09-19 12:29:30.734,422.7772961421798,97
2024-09-19 12:29:30.750,422.8032554481279,101
2024-09-19 12:29:30.760,422.758492041168,98
2024-09-19 12:29:30.838,422.7935085981016,97
2024-09-19 12:29:30.956,422.8056100703212,1000
2024-09-19 12:29:31.113,422.79903416787306,7
2024-09-19 12:29:31.344,422.7745230129886,98
2024-09-19 12:29:31.374,422.7973868395025,104
2024-09-19 12:29:31.409,422.7761938060073,1000
2024-09-19 12:29:31.522,422.7900191529076,97
2024-09-19 12:29:31.593,422.7944109712741,98
2024-09-19 12:29:31.903,422.7673717867731,10
2024-09-19 12:29:32.110,422.751004104091,1000
2024-09-19 12:29:32.159,422.76701408291166,14
2024-09-19 12:29:32.183,422.7734694442275,8
2024-09-19 12:29:32.323,422.7471674099064,13
2024-09-19 12:29:32.520,422.78617078435656,996
2024-09-19 12:29:32.537,422.7605888587048,8
2024-09-19 12:29:32.554,422.7939092991717,102
2024-09-19 12:29:32.562,422.7527101481479,99
2024-09-19 12:29:32.627,422.7509491738173,95
2024-09-19 12:29:32.680,422.76311457379103,12
2024-09-19 12:29:32.817,422.7975573885402,13
2024-09-19 12:29:32.915,422.7478531797319,96
2024-09-19 12:29:34.074,422.8025350943735,998
2024-09-19 12:29:34.076,422.84535839085015,11
2024-09-19 12:29:34.097,422.8476873593506,1004
2024-09-19 12:29:34.108,422.7841409597851,6
2024-09-19 12:29:34.160,422.85629444888593,102
2024-09-19 12:29:34.191,,1001
2024-09-19 12:29:34.200,422.84063532814656,96
2024-09-19 12:29:34.203,422.8599827338856,8
2024-09-19 12:29:34.221,422.8090099909567,5
2024-09-19 12:29:34.239,422.8379062381128,9
2024-09-19 12:29:34.272,422.8405919879065,1003
2024-09-19 12:29:34.404,422.77749418760766,998
2024-09-19 12:29:34.443,422.82331572361306,13
2024-09-19 12:29:34.476,422.7769366767752,999
2024-09-19 12:29:34.491,422.8454177178248,105
2024-09-19 12:29:34.670,422.8004504181322,96
2024-09-19 12:29:34.699,422.81268525761647,1004
2024-09-19 12:29:34.706,422.8528001385195,995
2024-09-19 12:29:34.707,422.85721645204177,5
2024-09-19 12:29:34.785,422.839542315816,12
2024-09-19 12:29:34.787,422.802315098395,15
2024-09-19 12:29:34.826,422.8445926157493,997
2024-09-19 12:29:34.910,422.8723042749869,1004
2024-09-19 12:29:34.937,422.8138514392846,11
2024-09-19 12:29:34.977,422.87131939279845,997
2024-09-19 12:29:35.019,422.8640591131724,9
2024-09-19 12:29:35.050,422.8484496798382,104
2024-09-19 12:29:35.051,42.2863938445378,1001
2024-09-19 12:29:35.085,422.83683711277,14
2024-09-19 12:29:35.119,422.8754749832019,8
2024-09-19 12:29:35.172,422.87970208311697,998
2024-09-19 12:29:35.206,42.287308284158485,1000
2024-09-19 12:29:35.211,422.86475675582807,102
2024-09-19 12:29:35.267,422.8366251512031,104
2024-09-19 12:29:35.284,422.8431755145175,13
2024-09-19 12:29:35.288,422.8426670800711,105
2024-09-19 12:29:35.434,422.82256886571935,999
2024-09-19 12:29:35.496,422.8489151611707,997
2024-09-19 12:29:35.551,422.8963515324784,6
2024-09-19 12:29:35.566,422.8425879053465,100
2024-09-19 12:29:35.585,422.8422430696556,102
2024-09-19 12:29:35.600,422.8550402210819,8
2024-09-19 12:29:35.621,422.8452467407184,6
2024-09-19 12:29:35.647,422.8810565341019,1003
2024-09-19 12:29:35.650,422.8319879926246,998
2024-09-19 12:29:35.684,422.8506342998909,997
2024-09-19 12:29:35.687,422.84254239472153,96
2024-09-19 12:29:35.814,422.87137990460985,1001
2024-09-19 12:29:35.818,422.8716452113987,99
2024-09-19 12:29:35.880,422.8600833225939,1000
2024-09-19 12:29:35.898,422.8449788915445,9
2024-09-19 12:29:35.922,422.8402377964789,1002
2024-09-19 12:29:35.924,422.8514927371765,6
2024-09-19 12:29:35.935,422.8553818531393,104
2024-09-19 12:29:35.939,422.86675560044654,97
2024-09-19 12:29:36.005,422.9534288370048,11
2024-09-19 12:29:36.009,422.9536073187048,1001
2024-09-19 12:29:36.089,422.94330078883627,98
2024-09-19 12:29:36.099,422.9178765185465,98
2024-09-19 12:29:36.115,422.9368007247411,105
2024-09-19 12:29:36.172,422.8900000863124,95
2024-09-19 12:29:36.203,422.9483606885297,999
2024-09-19 12:29:36.217,422.9216345761872,1004
2024-09-19 12:29:36.222,422.941953025382,14
2024-09-19 12:29:36.307,-422.9372548128916,6
2024-09-19 12:29:36.328,422.92981194521377,95
2024-09-19 12:29:36.344,422.9503363873446,105
2024-09-19 12:29:36.362,422.9315533800708,11
2024-09-19 12:29:36.371,422.9059526589023,9
2024-09-19 12:29:36.463,422.9469497480344,15
2024-09-19 12:29:36.595,422.93612067880616,1002
2024-09-19 12:29:36.608,422.88735470092655,1001
2024-09-19 12:29:36.773,422.9337908756473,98
2024-09-19 12:29:36.962,422.94158159827657,13
2024-09-19 12:29:36.965,422.9407620362152,995
2024-09-19 12:29:36.981,422.956566083572,15
2024-09-19 12:29:36.988,422.9109130994541,101
2024-09-19 12:29:36.997,422.935185905706,1001
2024-09-19 12:29:37.709,422.97053878900334,14
2024-09-19 12:29:38.119,422.9021556434532,7
2024-09-19 12:29:38.218,422.9192906813767,999
2024-09-19 12:29:38.269,422.95242167071854,1004
2024-09-19 12:29:38.286,422.9574325367103,8
2024-09-19 12:29:38.578,422.9231230943891,99
2024-09-19 12:29:38.683,422.9396487072953,13
2024-09-19 12:29:38.741,422.9024577858742,105
2024-09-19 12:29:38.889,422.89261971950594,996
2024-09-19 12:29:39.016,422.8470922584557,1000
2024-09-19 12:29:39.031,422.8971926537299,1002
2024-09-19 12:29:39.038,422.8692295271911,105
2024-09-19 12:29:39.116,422.9421683846603,995
2024-09-19 12:29:39.162,422.8797389840038,99
2024-09-19 12:29:39.184,,13
2024-09-19 12:29:39.198,422.8403647423015,1004
2024-09-19 12:29:39.273,422.8655108885511,9
2024-09-19 12:29:39.320,422.87787012602416,1000
2024-09-19 12:29:39.327,-422.8520655439661,99
2024-09-19 12:29:39.388,422.8596227644872,8
2024-09-19 12:29:39.441,422.9354914843815,998
2024-09-19 12:29:39.464,422.8544071090151,1004
2024-09-19 12:29:39.540,422.8763545324946,8
2024-09-19 12:29:39.551,422.8580016582361,15
2024-09-19 12:29:39.590,422.8705037034641,14
2024-09-19 12:29:39.599,422.8698524992562,13
2024-09-19 12:29:39.621,422.9152648157073,7
2024-09-19 12:29:39.623,422.8550500466317,100
2024-09-19 12:29:39.699,422.86423104268414,5
2024-09-19 12:29:39.705,422.8657037537219,1004
2024-09-19 12:29:39.748,422.8554734642514,1002
2024-09-19 12:29:39.770,422.8412825908295,996
2024-09-19 12:29:39.856,422.8736992822052,6
2024-09-19 12:29:39.878,422.9102106419977,10
2024-09-19 12:29:39.911,422.86314153043537,5
2024-09-19 12:29:39.942,422.8822891858001,999
2024-09-19 12:29:39.975,422.9138274243836,10
2024-09-19 12:29:40.068,422.8601104607008,14
2024-09-19 12:29:40.072,422.86286360255696,8
2024-09-19 12:29:40.080,422.8654117366137,1003
2024-09-19 12:29:40.084,422.8527838211408,998
2024-09-19 12:29:40.207,422.8195854382996,104
2024-09-19 12:29:40.259,422.8541866750989,15
2024-09-19 12:29:40.322,422.8682370867927,8
2024-09-19 12:29:40.328,422.843632288174,96
2024-09-19 12:29:40.376,,1003
2024-09-19 12:29:40.478,422.8184413273058,1003
2024-09-19 12:29:40.483,422.8685897159585,103
2024-09-19 12:29:40.545,422.8369425602214,104
2024-09-19 12:29:40.577,422.8429092603785,97
2024-09-19 12:29:40.579,422.8571624930552,13
2024-09-19 12:29:40.684,422.8307439922068,102
2024-09-19 12:29:40.725,,103
2024-09-19 12:29:40.841,422.8222747806434,10
2024-09-19 12:29:40.906,422.87255791615286,8
2024-09-19 12:29:40.906,422.8478549440863,1001
2024-09-19 12:29:41.073,-422.7971778153657,103
2024-09-19 12:29:41.158,422.74016725668514,101
2024-09-19 12:29:41.195,422.78436141116896,95
2024-09-19 12:29:41.239,422.7548872210682,998
2024-09-19 12:29:41.284,422.77989557132577,103
2024-09-19 12:29:41.307,422.78082368904194,97
2024-09-19 12:29:41.320,422.744461304944,6
2024-09-19 12:29:41.416,422.7953044021765,995
2024-09-19 12:29:41.417,422.7711786442887,105
2024-09-19 12:29:41.417,422.8029889556955,9
2024-09-19 12:29:41.614,422.7503638127828,6
2024-09-19 12:29:41.638,422.7441536409644,9
2024-09-19 12:29:41.681,422.7886615513545,8
2024-09-19 12:29:41.691,422.7968036494127,96
2024-09-19 12:29:41.704,422.7915000650813,1001
2024-09-19 12:29:41.771,422.8058212804847,999
2024-09-19 12:29:41.786,422.794097832701,1000
2024-09-19 12:29:41.942,422.7846530061802,15
2024-09-19 12:29:41.983,422.7952889677253,6
2024-09-19 12:29:42.171,422.8506809582596,101
2024-09-19 12:29:42.182,422.7962274335157,97
2024-09-19 12:29:42.221,422.77391529131705,995
2024-09-19 12:29:42.243,,995
2024-09-19 12:29:42.261,422.78706436219824,8
2024-09-19 12:29:42.318,422.81128947329097,101
2024-09-19 12:29:42.363,422.8402821713065,95
2024-09-19 12:29:42.364,422.829686684792,104
2024-09-19 12:29:42.375,422.8384832049455,1002
2024-09-19 12:29:42.399,422.8316647617456,96
2024-09-19 12:29:42.462,422.8085973568696,14
2024-09-19 12:29:42.478,422.8195940423339,97
2024-09-19 12:29:42.536,422.83816162864025,14
2024-09-19 12:29:42.581,422.8179047799844,10
2024-09-19 12:29:42.660,422.77741368359256,1003
2024-09-19 12:29:42.663,422.8296186255067,95
2024-09-19 12:29:42.692,-422.8543387229697,1000
2024-09-19 12:29:42.709,422.8395762239501,6
2024-09-19 12:29:42.719,422.8453870557488,95
2024-09-19 12:29:42.889,422.8267260341104,9
2024-09-19 12:29:42.927,422.8367425607539,104
2024-09-19 12:29:42.953,422.8207075291668,100
2024-09-19 12:29:43.097,422.8860840205681,11
2024-09-19 12:29:43.113,422.8340156897031,5
2024-09-19 12:29:43.175,422.8456645074636,96
2024-09-19 12:29:43.231,422.8899444116508,96
2024-09-19 12:29:43.282,422.8550600526824,1001
2024-09-19 12:29:43.310,422.8755943336145,15
2024-09-19 12:29:43.353,422.8549169262229,1000
2024-09-19 12:29:43.376,,98
2024-09-19 12:29:43.412,422.8573439157402,98
2024-09-19 12:29:43.727,422.8388796241396,102
2024-09-19 12:29:43.798,422.8672509484383,101
2024-09-19 12:29:43.836,422.8464637355992,998
2024-09-19 12:29:43.836,422.86750213809256,8
2024-09-19 12:29:43.854,422.89054462433126,14
2024-09-19 12:29:43.860,422.8746501835989,96
2024-09-19 12:29:43.892,422.8267479906805,10
2024-09-19 12:29:43.984,422.8745054936289,10
2024-09-19 12:29:43.989,422.8613475029338,98
2024-09-19 12:29:44.012,422.8387431157768,97
2024-09-19 12:29:44.076,422.81242178517886,97
2024-09-19 12:29:44.118,422.8691276295176,99
2024-09-19 12:29:44.176,422.8421905164154,101
2024-09-19 12:29:44.244,422.80822188834327,1003
2024-09-19 12:29:44.324,422.8311564888501,1005
2024-09-19 12:29:44.410,422.8281754081669,103
2024-09-19 12:29:44.443,422.84914781562907,6
2024-09-19 12:29:44.559,422.85882584270274,1005
2024-09-19 12:29:44.576,422.8303744006512,12
2024-09-19 12:29:44.806,422.8495510633319,999
2024-09-19 12:29:45.000,422.78346430159536,12
2024-09-19 12:29:45.075,422.8445037930113,101
2024-09-19 12:29:45.154,422.8432231476247,995
2024-09-19 12:29:45.219,422.81151471765577,995
2024-09-19 12:29:45.308,422.7905781611405,1004
2024-09-19 12:29:45.525,422.8188418900096,95
2024-09-19 12:29:45.659,422.798236289293,995
2024-09-19 12:29:45.815,422.8216718556203,1005
2024-09-19 12:29:45.864,422.7990310887208,99
2024-09-19 12:29:45.867,422.78777641415616,9
2024-09-19 12:29:45.899,422.79075195239005,103
2024-09-19 12:29:46.163,422.8231865925566,1000
2024-09-19 12:29:46.202,422.78936629134654,102
2024-09-19 12:29:46.204,422.8162412172711,999
2024-09-19 12:29:46.291,422.80481196589625,102
2024-09-19 12:29:46.330,422.8265664355632,14
2024-09-19 12:29:46.524,42.2808799366523,1003
2024-09-19 12:29:46.612,422.8357652837482,10
2024-09-19 12:29:46.618,422.8008945185835,95
2024-09-19 12:29:46.886,422.8029081674962,1004
2024-09-19 12:29:47.305,-422.8419922841328,1004
2024-09-19 12:29:47.318,422.8474269646986,100
2024-09-19 12:29:47.356,422.8315084368044,996
2024-09-19 12:29:47.410,422.8450031760737,5
2024-09-19 12:29:47.428,422.8284260401792,1001
2024-09-19 12:29:47.475,-422.8459631511283,101
2024-09-19 12:29:47.486,422.83403090841455,11
2024-09-19 12:29:47.520,422.8432103056688,1001
2024-09-19 12:29:47.672,422.8376745265946,12
2024-09-19 12:29:47.717,422.86689832964777,100
2024-09-19 12:29:47.770,422.8328194102679,12
2024-09-19 12:29:47.801,422.82369343851417,97
2024-09-19 12:29:47.876,422.817116846593,98
2024-09-19 12:29:47.883,422.8274885764097,103
2024-09-19 12:29:47.937,422.8614676735876,1005
2024-09-19 12:29:47.938,422.847481235602,1003
2024-09-19 12:29:47.976,422.8501612004102,999
2024-09-19 12:29:47.995,422.8518236038819,1002
2024-09-19 12:29:48.024,422.7894437907159,10
2024-09-19 12:29:48.067,422.8350514401837,105
2024-09-19 12:29:48.157,422.7860565720387,1001
2024-09-19 12:29:48.166,422.8251131703266,10
2024-09-19 12:29:48.263,422.8009170089215,997
2024-09-19 12:29:48.352,422.76013372797456,12
2024-09-19 12:29:48.438,422.75735853150906,104
2024-09-19 12:29:48.577,422.7749126447711,1002
2024-09-19 12:29:48.606,422.8405932340705,104
2024-09-19 12:29:48.616,-422.7940322942344,999
2024-09-19 12:29:48.621,422.75321335964105,14
2024-09-19 12:29:48.624,422.73902695302655,102
2024-09-19 12:29:48.631,422.7599626272644,997
2024-09-19 12:29:48.726,422.8014091235161,998
2024-09-19 12:29:48.745,422.8016224220104,1004
2024-09-19 12:29:48.917,422.7801261587023,103
2024-09-19 12:29:48.959,422.7388223503432,98
2024-09-19 12:29:48.962,422.8372790684272,1002
2024-09-19 12:29:48.989,422.8313010679656,1004
2024-09-19 12:29:49.042,42.274595159725926,105
2024-09-19 12:29:49.246,-422.7416798286659,995
2024-09-19 12:29:49.271,422.7745192882645,1001
2024-09-19 12:29:49.411,422.7627910063353,8
2024-09-19 12:29:49.415,422.7362689049192,103
2024-09-19 12:29:49.415,422.7472800198996,7
2024-09-19 12:29:49.550,422.74571789000646,100
2024-09-19 12:29:49.798,422.7270885629717,996
2024-09-19 12:29:49.928,422.7388165613849,14
2024-09-19 12:29:50.067,422.7418875212299,98
2024-09-19 12:29:50.071,422.70948466185024,1004
2024-09-19 12:29:50.080,422.7628764481697,101
2024-09-19 12:29:50.116,42.27543881949832,8
2024-09-19 12:29:50.209,422.7185398581393,1004
2024-09-19 12:29:50.226,422.6865953663546,13
2024-09-19 12:29:50.248,422.7054885118797,995
2024-09-19 12:29:50.273,422.7018175695866,12
2024-09-19 12:29:50.292,422.7467780098473,15
2024-09-19 12:29:50.373,422.7096540639191,102
2024-09-19 12:29:50.384,422.71961672830537,996
2024-09-19 12:29:50.458,422.7025232165805,99
2024-09-19 12:29:50.471,422.7358040900877,996
2024-09-19 12:29:50.569,422.71709749761726,98
2024-09-19 12:29:50.675,422.7462522545618,98
2024-09-19 12:29:50.722,422.71502157686,6
2024-09-19 12:29:50.785,422.7171113609743,1001
2024-09-19 12:29:50.923,422.70834784555416,1002
2024-09-19 12:29:51.001,422.71091429224055,98
2024-09-19 12:29:51.106,422.6443736061041,997
2024-09-19 12:29:51.110,422.7044121292456,13
2024-09-19 12:29:51.180,422.7112779781054,1001
2024-09-19 12:29:51.184,422.64971837488457,103
2024-09-19 12:29:51.275,422.66506746306754,104
2024-09-19 12:29:51.287,422.7196621746968,14
2024-09-19 12:29:51.292,422.7146431389388,1003
2024-09-19 12:29:51.307,422.7204634676672,996
2024-09-19 12:29:51.338,422.6981543129025,1005
2024-09-19 12:29:51.367,422.6578791398476,98
2024-09-19 12:29:51.375,422.6776298133762,9
2024-09-19 12:29:51.398,422.7040278217185,103
2024-09-19 12:29:51.467,422.6468710903053,15
2024-09-19 12:29:51.516,422.6710496628697,9
2024-09-19 12:29:51.560,422.7236814312522,100
2024-09-19 12:29:51.593,422.71480513147344,103
2024-09-19 12:29:51.609,422.7171974205892,14
2024-09-19 12:29:51.632,422.6452417286594,10
2024-09-19 12:29:51.671,422.6918908706987,13
2024-09-19 12:29:51.696,422.7115108999848,104
2024-09-19 12:29:51.793,422.6501337095156,98
2024-09-19 12:29:51.809,422.7143331361405,998
2024-09-19 12:29:51.907,422.64444075692177,1005
2024-09-19 12:29:51.936,422.6981893138307,102
2024-09-19 12:29:52.001,422.6689265489493,11
2024-09-19 12:29:52.003,422.6697757060675,105
2024-09-19 12:29:52.048,422.6814555874157,1005
2024-09-19 12:29:52.063,422.6879831421191,6
2024-09-19 12:29:52.093,422.7142801530531,1005
2024-09-19 12:29:52.099,422.66483367138864,6
2024-09-19 12:29:52.104,422.69381784649175,997
2024-09-19 12:29:52.109,422.6747658612724,996
2024-09-19 12:29:52.110,422.6869143225288,13
2024-09-19 12:29:52.215,422.6842085597454,101
2024-09-19 12:29:52.258,422.7459727580928,96
2024-09-19 12:29:52.279,422.7048644191255,1004
2024-09-19 12:29:52.352,422.65609892274296,1001
2024-09-19 12:29:52.372,422.6981220553374,101
2024-09-19 12:29:52.423,422.7297701785827,1002
2024-09-19 12:29:52.437,422.6577284387804,1003
2024-09-19 12:29:52.514,422.7127092177636,996
2024-09-19 12:29:52.544,422.67086899259743,101
2024-09-19 12:29:52.621,422.68156007934846,1001
2024-09-19 12:29:52.627,422.67788194927664,997
2024-09-19 12:29:52.712,422.6945212424692,101
2024-09-19 12:29:52.805,422.6907099252312,1005
2024-09-19 12:29:52.888,422.7431058392127,997
2024-09-19 12:29:53.012,422.6685811840749,101
2024-09-19 12:29:53.183,422.67132764194986,10
2024-09-19 12:29:53.512,422.67193278357576,1001
2024-09-19 12:29:53.585,422.6817355604381,12
2024-09-19 12:29:53.649,422.6918846763632,101
2024-09-19 12:29:53.789,422.68148426237065,6
2024-09-19 12:29:53.853,422.65775310438056,995
2024-09-19 12:29:53.960,422.6567690728804,10
2024-09-19 12:29:54.009,422.691725900388,999
2024-09-19 12:29:54.012,422.63895326493656,100
2024-09-19 12:29:54.029,422.6746075379917,103
2024-09-19 12:29:54.045,422.6860480973562,999
2024-09-19 12:29:54.091,422.6040111836584,5
2024-09-19 12:29:54.137,422.665054768484,8
2024-09-19 12:29:54.138,422.6388717754174,102
2024-09-19 12:29:54.165,422.6831556277045,10
2024-09-19 12:29:54.166,422.6366018367783,5
2024-09-19 12:29:54.180,422.6435252034736,100
2024-09-19 12:29:54.182,42.26427681028027,998
2024-09-19 12:29:54.241,422.6325647886703,8
2024-09-19 12:29:54.518,422.6370241923111,14
2024-09-19 12:29:54.550,422.6362986020025,100
2024-09-19 12:29:54.573,422.6660177115274,95
2024-09-19 12:29:54.695,422.68116202042177,1000
2024-09-19 12:29:54.742,422.6497725068049,998
2024-09-19 12:29:54.746,422.6751500960498,5
2024-09-19 12:29:54.760,,995
2024-09-19 12:29:54.763,422.6472113141064,99
2024-09-19 12:29:54.785,422.6420718007678,12
2024-09-19 12:29:54.797,422.6341016075768,101
2024-09-19 12:29:54.915,422.6693292599534,996
2024-09-19 12:29:54.916,422.67136472470986,995
2024-09-19 12:29:54.949,422.6687919737664,6
2024-09-19 12:29:54.971,422.6761127052629,7
2024-09-19 12:29:54.989,422.6904466860904,104
2024-09-19 12:29:54.992,422.621822061192,6
2024-09-19 12:29:55.046,422.6666429961832,1005
2024-09-19 12:29:55.055,422.63355338047455,105
2024-09-19 12:29:55.076,422.62207731711214,1003
2024-09-19 12:29:55.100,422.63599141913454,1004
2024-09-19 12:29:55.211,422.6567891375139,101
2024-09-19 12:29:55.264,422.65744076841736,7
2024-09-19 12:29:55.326,422.6685467509342,10
2024-09-19 12:29:55.370,422.6416080489623,1003
2024-09-19 12:29:55.442,422.6274868161995,996
2024-09-19 12:29:55.487,422.68049229021744,98
2024-09-19 12:29:55.513,422.6794844332748,5
2024-09-19 12:29:55.548,422.64497213885886,102
2024-09-19 12:29:55.583,422.6272682784446,15
2024-09-19 12:29:55.584,422.6176962504706,100
2024-09-19 12:29:55.584,422.6543276101437,8
2024-09-19 12:29:55.669,422.6443030914687,98
2024-09-19 12:29:55.694,422.6403490515861,1001
2024-09-19 12:29:55.713,422.6400648482149,101
2024-09-19 12:29:55.723,422.6549212819053,1003
2024-09-19 12:29:55.733,422.6683698671908,103
2024-09-19 12:29:55.749,422.6338200387714,5
2024-09-19 12:29:55.808,422.6413222624492,1005
2024-09-19 12:29:55.873,422.6347635135554,999
2024-09-19 12:29:55.900,422.64618508664336,1002
2024-09-19 12:29:55.913,422.6448866558877,997
2024-09-19 12:29:55.944,422.6396062657069,1000
2024-09-19 12:29:55.956,422.642767902068,995
2024-09-19 12:29:55.982,422.6487931519568,8
2024-09-19 12:29:56.532,422.67180120437337,996
2024-09-19 12:29:56.616,422.657625817428,95
2024-09-19 12:29:56.699,422.6617808678128,997
2024-09-19 12:29:56.986,422.6757872656226,95
2024-09-19 12:29:57.069,422.65947877587513,103
2024-09-19 12:29:57.072,422.68554301762384,102
2024-09-19 12:29:57.091,422.6574733297073,999
2024-09-19 12:29:57.125,422.6255617808269,95
2024-09-19 12:29:57.168,422.6075232200105,99
2024-09-19 12:29:57.179,422.6615176619071,9
2024-09-19 12:29:57.192,-422.676203494366,1001
2024-09-19 12:29:57.231,422.6906608148354,95
2024-09-19 12:29:57.269,422.6616463567202,100
2024-09-19 12:29:57.328,422.6750466919532,101
2024-09-19 12:29:57.348,422.68590580952,1002
2024-09-19 12:29:57.393,422.6627010753376,15
2024-09-19 12:29:57.412,422.644418688274,102
2024-09-19 12:29:57.472,422.6432946795567,1001
2024-09-19 12:29:57.478,422.6851026746808,1003
2024-09-19 12:29:57.495,-422.6599190279479,9
2024-09-19 12:29:57.535,422.6547226532693,11
2024-09-19 12:29:57.543,422.6763892145483,100
2024-09-19 12:29:57.558,422.6829972299096,999
2024-09-19 12:29:57.600,422.6349742759356,95
2024-09-19 12:29:57.623,422.6174982241282,8
2024-09-19 12:29:57.631,422.6190208844733,6
2024-09-19 12:29:57.670,,14
2024-09-19 12:29:57.738,422.66318836207455,1004
2024-09-19 12:29:57.866,422.6741164686699,103
2024-09-19 12:29:57.990,422.6088702411227,11
2024-09-19 12:29:58.051,422.7164598464321,997
2024-09-19 12:29:58.102,422.672575927149,1004
2024-09-19 12:29:58.141,422.6033113817926,11
2024-09-19 12:29:58.148,422.7064876615271,103
2024-09-19 12:29:58.174,422.6113033782835,1004
2024-09-19 12:29:58.195,422.6396174599356,99
2024-09-19 12:29:58.292,422.68136288680296,96
2024-09-19 12:29:58.314,422.6543941230516,104
2024-09-19 12:29:58.317,422.62041425462144,1002
2024-09-19 12:29:58.336,422.6255848854976,97
2024-09-19 12:29:58.361,422.64721723638417,6
2024-09-19 12:29:58.378,422.7130819064325,998
2024-09-19 12:29:58.381,422.63053890331145,13
2024-09-19 12:29:58.482,422.6245130816108,1000
2024-09-19 12:29:58.512,422.6747308693569,104
2024-09-19 12:29:58.530,422.72607137986057,103
2024-09-19 12:29:58.618,422.70141563869805,100
2024-09-19 12:29:58.679,422.6139044395152,999
2024-09-19 12:29:58.708,422.682635224062,98
2024-09-19 12:29:58.740,422.6368938846436,999
2024-09-19 12:29:58.772,422.62063238913566,104
2024-09-19 12:29:58.776,422.61486689669977,1000
2024-09-19 12:29:58.804,422.6464379762373,10
2024-09-19 12:29:58.824,422.6711826679071,998
2024-09-19 12:29:58.836,422.6244636847625,10
2024-09-19 12:29:58.910,422.6700502550816,6
2024-09-19 12:29:58.985,422.6218221897751,10
2024-09-19 12:29:58.999,422.61531358758816,10
2024-09-19 12:29:59.002,422.705072727234,9
2024-09-19 12:29:59.009,422.74370087910165,1000
2024-09-19 12:29:59.010,422.739380040812,99
2024-09-19 12:29:59.014,422.732063479364,12
2024-09-19 12:29:59.092,422.72136210014486,1000
2024-09-19 12:29:59.115,422.709550854414,997
2024-09-19 12:29:59.213,422.7607852137385,5
2024-09-19 12:29:59.227,422.742478673597,95
2024-09-19 12:29:59.241,422.7160708929753,98
2024-09-19 12:29:59.297,422.7581741925175,15
2024-09-19 12:29:59.335,-422.7103806956576,12
2024-09-19 12:29:59.356,422.7776687327038,101
2024-09-19 12:29:59.429,422.7408103685103,996
2024-09-19 12:29:59.485,422.7529122697314,97
2024-09-19 12:29:59.498,422.74885198696455,10
2024-09-19 12:29:59.504,422.7257738110166,105
2024-09-19 12:29:59.504,422.7351121504862,12
2024-09-19 12:29:59.628,422.7361421990081,14
2024-09-19 12:29:59.645,422.7301176904814,98
2024-09-19 12:29:59.657,422.7343180135638,10
2024-09-19 12:29:59.678,422.7273651315198,9
2024-09-19 12:29:59.691,422.7547747762813,96
2024-09-19 12:29:59.743,422.7485354641259,99
2024-09-19 12:29:59.748,422.75912969856745,12
2024-09-19 12:29:59.753,422.7558568191404,999
2024-09-19 12:29:59.779,422.74166209360754,1000
2024-09-19 12:29:59.870,422.7564320962645,8
2024-09-19 12:29:59.877,422.71644328505846,999
