Timestamp,Price,Size
2024-09-16 15:06:00.319,415.51478411215845,104
2024-09-16 15:06:00.339,415.5228667535227,101
2024-09-16 15:06:00.446,415.51655133963,1001
2024-09-16 15:06:00.486,415.48855053395727,995
2024-09-16 15:06:00.639,415.48665662354273,15
2024-09-16 15:06:00.761,415.5146487972207,15
2024-09-16 15:06:00.866,415.5074613172516,102
2024-09-16 15:06:01.045,415.546877610777,996
2024-09-16 15:06:01.132,415.4628377783656,14
2024-09-16 15:06:01.158,415.4676706561295,13
2024-09-16 15:06:01.174,415.5063491800273,995
2024-09-16 15:06:01.220,415.48232056760486,98
2024-09-16 15:06:01.301,415.48728721532245,95
2024-09-16 15:06:01.306,415.5180834886972,100
2024-09-16 15:06:01.422,415.4708484902824,102
2024-09-16 15:06:01.530,415.5160111967208,8
2024-09-16 15:06:01.532,415.4583675579471,999
2024-09-16 15:06:01.567,415.5023045065907,10
2024-09-16 15:06:01.613,415.4983822111634,995
2024-09-16 15:06:01.613,415.53066859347285,105
2024-09-16 15:06:01.616,415.43174508670256,12
2024-09-16 15:06:01.635,415.5060730231784,15
2024-09-16 15:06:01.639,415.46064232934094,99
2024-09-16 15:06:01.702,415.50926381303503,1002
2024-09-16 15:06:01.909,415.52213741485286,1005
2024-09-16 15:06:01.936,415.5134124956099,1003
2024-09-16 15:06:01.946,415.49223822100487,995
2024-09-16 15:06:01.982,415.44210193942223,96
2024-09-16 15:06:01.991,415.5185713409669,1000
2024-09-16 15:06:01.999,415.498161870142,5
2024-09-16 15:06:02.069,415.5135196130028,1000
2024-09-16 15:06:02.162,415.5188235068304,5
2024-09-16 15:06:02.163,415.4827734464937,96
2024-09-16 15:06:02.285,415.5922300861459,98
2024-09-16 15:06:02.300,415.58199136980016,12
2024-09-16 15:06:02.302,415.4754428440272,999
2024-09-16 15:06:02.303,415.5702413705224,998
2024-09-16 15:06:02.318,415.57527956606833,1000
2024-09-16 15:06:02.377,415.478775598971,1002
2024-09-16 15:06:02.488,415.56199480362494,1001
2024-09-16 15:06:02.594,415.5328787367396,998
2024-09-16 15:06:02.638,415.4794444441387,1005
2024-09-16 15:06:02.667,415.48297427284064,996
2024-09-16 15:06:02.727,415.4782122210997,7
2024-09-16 15:06:02.730,415.59064936846113,998
2024-09-16 15:06:02.747,415.4654991709753,9
2024-09-16 15:06:02.818,415.55036989015576,100
2024-09-16 15:06:02.842,415.566550345438,100
2024-09-16 15:06:02.846,415.5677469907936,7
2024-09-16 15:06:02.931,415.4974526810168,100
2024-09-16 15:06:02.976,415.5818466240465,104
2024-09-16 15:06:03.065,415.5899593428819,102
2024-09-16 15:06:03.070,415.5731140186472,95
2024-09-16 15:06:03.088,419.0004657548855,995
2024-09-16 15:06:03.101,415.5893953235679,1004
2024-09-16 15:06:03.101,415.5851819488514,104
2024-09-16 15:06:03.165,415.6274468208237,1001
2024-09-16 15:06:03.168,415.56437445958926,6
2024-09-16 15:06:03.251,415.6043723461474,12
2024-09-16 15:06:03.265,415.6121585256666,13
2024-09-16 15:06:03.294,415.6033063127762,101
2024-09-16 15:06:03.313,415.6400426516252,102
2024-09-16 15:06:03.323,415.581905244873,103
2024-09-16 15:06:03.353,415.5918491158884,997
2024-09-16 15:06:03.399,415.59308875441513,104
2024-09-16 15:06:03.444,415.6278692145093,101
2024-09-16 15:06:03.511,-415.5810127172606,100
2024-09-16 15:06:03.512,415.5762920883297,1002
2024-09-16 15:06:03.514,415.5825569304665,95
2024-09-16 15:06:03.601,415.5769497256651,7
2024-09-16 15:06:03.755,415.5877920578545,999
2024-09-16 15:06:03.793,415.582009145785,104
2024-09-16 15:06:03.839,415.6128488670872,104
2024-09-16 15:06:03.853,415.5849413522524,101
2024-09-16 15:06:03.882,415.5688237645272,1005
2024-09-16 15:06:05.006,415.57689151842266,13
2024-09-16 15:06:05.103,415.5834855380089,102
2024-09-16 15:06:05.121,415.57058461881695,999
2024-09-16 15:06:05.206,415.5777255828218,98
2024-09-16 15:06:05.694,415.5859163437796,997
2024-09-16 15:06:06.041,415.5524750616668,103
2024-09-16 15:06:06.219,415.5682642024451,95
2024-09-16 15:06:06.357,415.5469755072968,1003
2024-09-16 15:06:06.404,415.5615392173601,1002
2024-09-16 15:06:06.534,415.5622853199268,98
2024-09-16 15:06:06.565,415.5415323919808,998
2024-09-16 15:06:06.587,415.5757594696251,1000
2024-09-16 15:06:06.593,415.560483183286,102
2024-09-16 15:06:06.639,415.5440756797455,998
2024-09-16 15:06:06.874,415.5468598849167,102
2024-09-16 15:06:06.931,415.58259015230055,100
2024-09-16 15:06:07.024,415.4733641531964,11
2024-09-16 15:06:07.033,415.5495514313504,12
2024-09-16 15:06:07.057,415.515531201824,104
2024-09-16 15:06:07.058,415.4587385800937,1000
2024-09-16 15:06:07.127,415.54789389591593,13
2024-09-16 15:06:07.129,415.5034696810888,14
2024-09-16 15:06:07.158,415.52273360177065,14
2024-09-16 15:06:07.200,415.5171177360784,103
2024-09-16 15:06:07.246,415.5688243537789,12
2024-09-16 15:06:07.249,415.53572873061495,998
2024-09-16 15:06:07.285,415.51750785728456,996
2024-09-16 15:06:07.342,415.5173397076055,1000
2024-09-16 15:06:07.383,415.5527360133332,1001
2024-09-16 15:06:07.393,415.4890549386672,1003
2024-09-16 15:06:07.395,415.5389106282337,104
2024-09-16 15:06:07.526,415.5230245424266,996
2024-09-16 15:06:07.558,415.48536754793815,998
2024-09-16 15:06:07.612,415.4939535549933,104
2024-09-16 15:06:07.619,415.5217831428321,99
2024-09-16 15:06:07.705,419.0106560287924,95
2024-09-16 15:06:07.770,415.5515892481278,101
2024-09-16 15:06:07.851,415.4631471654873,9
2024-09-16 15:06:07.912,415.5159340854675,997
2024-09-16 15:06:07.941,415.49649093951246,96
2024-09-16 15:06:07.986,415.5525553659124,105
2024-09-16 15:06:08.055,415.40701828407066,1005
2024-09-16 15:06:08.086,415.39576641528754,1003
2024-09-16 15:06:08.095,415.4199877483955,11
2024-09-16 15:06:08.152,415.3991127493928,97
2024-09-16 15:06:08.298,415.3668227939025,97
2024-09-16 15:06:08.299,415.471328195243,7
2024-09-16 15:06:08.425,415.4451921447309,14
2024-09-16 15:06:08.451,415.4019816814861,98
2024-09-16 15:06:08.547,415.400070267528,1002
2024-09-16 15:06:08.571,415.4738747035349,9
2024-09-16 15:06:08.590,415.4810689141669,102
2024-09-16 15:06:08.596,415.4330970980508,12
2024-09-16 15:06:08.597,415.4702196456058,103
2024-09-16 15:06:08.606,415.41202302606655,103
2024-09-16 15:06:08.644,415.3717537957763,12
2024-09-16 15:06:08.681,415.4155463242457,98
2024-09-16 15:06:08.849,415.4207342688955,12
2024-09-16 15:06:08.862,415.3985491615245,95
2024-09-16 15:06:08.878,415.3799611530942,1000
2024-09-16 15:06:08.894,415.36158237215705,997
2024-09-16 15:06:08.933,415.3784257717695,995
2024-09-16 15:06:08.935,415.45136854437857,998
2024-09-16 15:06:09.114,415.39519555787706,104
2024-09-16 15:06:09.140,415.40567320470177,15
2024-09-16 15:06:09.164,415.4030779271504,103
2024-09-16 15:06:09.173,415.40587725929504,999
2024-09-16 15:06:09.192,415.3690261654698,101
2024-09-16 15:06:09.205,415.3815787492236,104
2024-09-16 15:06:09.219,415.3335417659206,5
2024-09-16 15:06:09.250,415.37403618460365,997
2024-09-16 15:06:09.308,415.4105546954714,100
2024-09-16 15:06:09.324,415.3745392411811,97
2024-09-16 15:06:09.353,415.4019949830178,104
2024-09-16 15:06:09.376,415.4022354551751,13
2024-09-16 15:06:09.470,415.3863593667881,101
2024-09-16 15:06:09.512,415.3422958169196,1000
2024-09-16 15:06:09.607,415.410379341025,995
2024-09-16 15:06:09.629,415.4106792590831,7
2024-09-16 15:06:09.685,415.4046085431303,11
2024-09-16 15:06:09.810,415.35101301905246,999
2024-09-16 15:06:10.017,415.3579151332634,103
2024-09-16 15:06:10.103,415.34851053523033,995
2024-09-16 15:06:10.174,415.3375667110165,96
2024-09-16 15:06:10.209,415.2973754527633,7
2024-09-16 15:06:10.339,415.3196380061655,104
2024-09-16 15:06:10.377,415.344182573987,7
2024-09-16 15:06:10.416,415.3313055787782,1003
2024-09-16 15:06:10.419,415.3332429159071,95
2024-09-16 15:06:10.428,-415.3402772736633,1000
2024-09-16 15:06:10.485,415.35832877540025,1004
2024-09-16 15:06:10.490,415.3369405234856,98
2024-09-16 15:06:10.512,415.3589111288546,104
2024-09-16 15:06:10.536,415.3292805012864,98
2024-09-16 15:06:10.564,415.3213768500023,5
2024-09-16 15:06:10.571,415.3243324894619,6
2024-09-16 15:06:10.625,415.32436341169085,100
2024-09-16 15:06:10.647,415.335395762546,5
2024-09-16 15:06:10.700,415.30455868991737,8
2024-09-16 15:06:10.729,415.3395865578564,1003
2024-09-16 15:06:10.765,415.3224223048623,100
2024-09-16 15:06:10.775,415.3068367758436,6
2024-09-16 15:06:10.825,415.3627550089027,100
2024-09-16 15:06:10.831,415.3419972686533,1000
2024-09-16 15:06:10.832,415.3711010040604,995
2024-09-16 15:06:10.844,415.357986202463,103
2024-09-16 15:06:10.966,415.3486682378041,10
2024-09-16 15:06:11.001,415.33721427070446,9
2024-09-16 15:06:11.016,415.3700364970378,10
2024-09-16 15:06:11.160,415.3429896384541,100
2024-09-16 15:06:11.229,415.360138110496,95
2024-09-16 15:06:11.289,415.35660458004776,5
2024-09-16 15:06:11.353,415.3607176788696,1003
2024-09-16 15:06:11.519,415.3563016740227,102
2024-09-16 15:06:11.523,415.3742278956563,996
2024-09-16 15:06:11.529,415.34583433193467,102
2024-09-16 15:06:11.548,415.3782488692252,15
2024-09-16 15:06:11.632,415.33208473322793,9
2024-09-16 15:06:11.827,415.3621902497591,8
2024-09-16 15:06:11.872,415.3632959764011,7
2024-09-16 15:06:11.904,415.3474118914684,103
2024-09-16 15:06:11.910,415.3839450223908,8
2024-09-16 15:06:11.954,415.3705370484174,1003
2024-09-16 15:06:12.603,415.3865273602019,1004
2024-09-16 15:06:13.123,415.38924892545145,104
2024-09-16 15:06:13.259,415.389191616313,998
2024-09-16 15:06:13.297,415.3951730688844,11
2024-09-16 15:06:13.448,415.3730535301584,998
2024-09-16 15:06:13.473,415.38394676254654,1000
2024-09-16 15:06:13.571,415.38419115267806,96
2024-09-16 15:06:13.752,415.3499759418392,99
2024-09-16 15:06:13.863,415.376678386821,998
2024-09-16 15:06:13.945,415.3410975484866,96
2024-09-16 15:06:13.964,415.36047792447965,98
2024-09-16 15:06:14.071,415.401479579607,999
2024-09-16 15:06:14.087,415.42974790579103,998
2024-09-16 15:06:14.088,415.4320100000648,9
2024-09-16 15:06:14.113,415.4241674145037,9
2024-09-16 15:06:14.139,415.41139114328126,101
2024-09-16 15:06:14.196,415.3917550156872,996
2024-09-16 15:06:14.196,415.4226188178198,100
2024-09-16 15:06:14.263,415.4322084878182,1003
2024-09-16 15:06:14.277,415.41779327219007,105
2024-09-16 15:06:14.311,415.3989381112344,12
2024-09-16 15:06:14.316,415.4147372719793,99
2024-09-16 15:06:14.323,415.4145350551275,996
2024-09-16 15:06:14.332,415.4014591390314,996
2024-09-16 15:06:14.334,41.54249382527554,102
2024-09-16 15:06:14.376,415.425716457861,1004
2024-09-16 15:06:14.379,415.4194303429486,101
2024-09-16 15:06:14.502,415.3501231195944,97
2024-09-16 15:06:14.520,415.393457187075,95
2024-09-16 15:06:14.521,415.4145489961477,1001
2024-09-16 15:06:14.528,415.424459611717,97
2024-09-16 15:06:14.577,415.4097358141735,1002
2024-09-16 15:06:14.583,415.34490546935007,8
2024-09-16 15:06:14.616,415.4225718112402,11
2024-09-16 15:06:14.666,415.3821669357704,102
2024-09-16 15:06:14.696,415.3966638468012,105
2024-09-16 15:06:14.706,415.4016375930915,7
2024-09-16 15:06:14.753,415.41326629507705,101
2024-09-16 15:06:14.841,415.40754303326935,101
2024-09-16 15:06:14.883,415.3842463109032,6
2024-09-16 15:06:14.944,415.4196493365212,1005
2024-09-16 15:06:15.168,415.4259512489035,101
2024-09-16 15:06:15.280,415.4664124053476,103
2024-09-16 15:06:15.356,415.4473842636185,105
2024-09-16 15:06:15.384,415.4525250925825,105
2024-09-16 15:06:15.423,415.4543279170655,997
2024-09-16 15:06:15.602,415.4115330956536,99
2024-09-16 15:06:15.747,415.4075746823255,6
2024-09-16 15:06:15.763,415.4604602029262,100
2024-09-16 15:06:15.769,415.4519554435588,1003
2024-09-16 15:06:15.797,415.4166485434768,96
2024-09-16 15:06:15.823,415.398251534546,102
2024-09-16 15:06:15.880,415.4294888978189,97
2024-09-16 15:06:15.943,415.4063135699456,1001
2024-09-16 15:06:15.944,415.4483140893134,1005
2024-09-16 15:06:15.960,415.4461842978719,8
2024-09-16 15:06:15.985,415.44277343081495,6
2024-09-16 15:06:16.004,415.46138199763953,999
2024-09-16 15:06:16.021,415.48128082275537,1003
2024-09-16 15:06:16.041,415.4515033576818,102
2024-09-16 15:06:16.211,415.4519692308302,5
2024-09-16 15:06:16.267,415.44558448038777,14
2024-09-16 15:06:16.347,415.4305235776047,1001
2024-09-16 15:06:16.379,415.475719626316,1005
2024-09-16 15:06:16.393,415.4817402655295,97
2024-09-16 15:06:16.520,415.44618297840816,102
2024-09-16 15:06:16.525,415.4431078424383,13
2024-09-16 15:06:16.527,415.4561224914301,999
2024-09-16 15:06:16.571,415.4268067951016,95
2024-09-16 15:06:16.604,415.44671298789984,13
2024-09-16 15:06:16.629,415.45568542036455,100
2024-09-16 15:06:16.652,415.4617080740412,15
2024-09-16 15:06:16.814,415.4573674488016,15
2024-09-16 15:06:16.824,415.439797991155,14
2024-09-16 15:06:16.850,415.44202333079386,1003
2024-09-16 15:06:16.895,415.4667272219376,105
2024-09-16 15:06:16.922,415.4653032216657,7
2024-09-16 15:06:16.982,415.4321886907251,999
2024-09-16 15:06:17.012,415.3694153277263,99
2024-09-16 15:06:17.092,415.4533856902864,996
2024-09-16 15:06:17.099,415.3714888920677,1000
2024-09-16 15:06:17.119,415.4054652168823,997
2024-09-16 15:06:17.185,415.3418393294135,999
2024-09-16 15:06:17.322,415.44514563156775,7
2024-09-16 15:06:17.392,415.4037657592693,1004
2024-09-16 15:06:17.404,415.33945300215794,1000
2024-09-16 15:06:17.434,415.4010844413824,1003
2024-09-16 15:06:17.443,415.3790433528332,1004
2024-09-16 15:06:17.447,415.3992365950085,6
2024-09-16 15:06:17.488,415.44886579633817,1004
2024-09-16 15:06:17.564,,13
2024-09-16 15:06:17.576,415.3981470936255,10
2024-09-16 15:06:17.584,415.378379719531,104
2024-09-16 15:06:17.590,415.4003882511595,6
2024-09-16 15:06:17.595,415.4058549130886,998
2024-09-16 15:06:17.617,415.4008360484123,96
2024-09-16 15:06:17.648,415.3967537589626,999
2024-09-16 15:06:17.709,415.4026006795893,104
2024-09-16 15:06:17.724,415.35550140194937,7
2024-09-16 15:06:17.728,415.3550503739834,97
2024-09-16 15:06:17.774,415.392054510644,105
2024-09-16 15:06:17.850,415.4127821736161,1001
2024-09-16 15:06:17.875,415.4343736367235,100
2024-09-16 15:06:17.933,415.3359413796523,96
2024-09-16 15:06:17.980,415.3983197519492,104
2024-09-16 15:06:18.174,415.4071154014508,6
2024-09-16 15:06:18.243,415.3685150365045,7
2024-09-16 15:06:18.261,415.3470546931146,100
2024-09-16 15:06:18.315,415.3780084045287,1000
2024-09-16 15:06:18.317,415.3564290206473,1000
2024-09-16 15:06:18.434,415.4011428324454,102
2024-09-16 15:06:18.452,415.3832550594902,1003
2024-09-16 15:06:18.485,415.3401194924494,97
2024-09-16 15:06:18.510,415.39001148328487,105
2024-09-16 15:06:18.516,415.3950812350364,102
2024-09-16 15:06:18.561,415.4005187634559,104
2024-09-16 15:06:18.572,415.3961636766253,996
2024-09-16 15:06:18.578,415.37839955191777,14
2024-09-16 15:06:18.678,415.3961517166326,95
2024-09-16 15:06:18.727,415.3606465230396,999
2024-09-16 15:06:18.738,415.387041872239,98
2024-09-16 15:06:18.833,415.3940508528668,102
2024-09-16 15:06:18.875,415.3785836297459,15
2024-09-16 15:06:18.889,415.4017147448896,997
2024-09-16 15:06:18.971,415.37383428944935,11
2024-09-16 15:06:19.005,415.39420247987056,5
2024-09-16 15:06:19.008,415.4168884576226,1004
2024-09-16 15:06:19.150,415.4382966058111,14
2024-09-16 15:06:19.150,415.404797220673,98
2024-09-16 15:06:19.212,415.4207997931063,8
2024-09-16 15:06:19.351,415.4300550878636,8
2024-09-16 15:06:19.436,415.42990766396207,1003
2024-09-16 15:06:19.483,415.4194649802709,999
2024-09-16 15:06:19.766,415.4068811115188,105
2024-09-16 15:06:19.780,415.3788041984544,97
2024-09-16 15:06:20.033,,10
2024-09-16 15:06:20.101,415.48049024149634,10
2024-09-16 15:06:20.200,415.4607142329394,99
2024-09-16 15:06:20.245,415.47830825820097,1000
2024-09-16 15:06:20.283,415.499762829358,1004
2024-09-16 15:06:20.368,415.4737289982434,100
2024-09-16 15:06:20.388,415.4687618903126,996
2024-09-16 15:06:20.389,415.467525432152,102
2024-09-16 15:06:20.466,415.4589290924387,95
2024-09-16 15:06:20.538,415.4455741655064,1005
2024-09-16 15:06:20.566,415.49735533489815,97
2024-09-16 15:06:20.600,415.4405433402669,998
2024-09-16 15:06:20.644,415.4894185642833,101
2024-09-16 15:06:20.709,415.4734749408932,996
2024-09-16 15:06:20.754,415.4698371314746,997
2024-09-16 15:06:20.964,415.512357365624,6
2024-09-16 15:06:20.997,415.4577138001497,999
2024-09-16 15:06:21.065,415.52902650136593,96
2024-09-16 15:06:21.087,415.4935379198257,14
2024-09-16 15:06:21.205,415.49486775928153,1004
2024-09-16 15:06:21.600,418.8557651609784,101
2024-09-16 15:06:21.644,415.5190460978798,11
2024-09-16 15:06:21.744,415.50799269650935,96
2024-09-16 15:06:21.803,415.4959233573588,15
2024-09-16 15:06:21.841,415.4818757806211,8
2024-09-16 15:06:22.027,415.51924182510095,1000
2024-09-16 15:06:22.072,415.498330580783,1000
2024-09-16 15:06:22.161,415.5587254471191,101
2024-09-16 15:06:22.211,415.5196246129569,102
2024-09-16 15:06:22.247,415.51414005155146,996
2024-09-16 15:06:22.276,415.5488028350024,1001
2024-09-16 15:06:22.414,415.5243396985604,98
2024-09-16 15:06:22.623,415.5481901086746,995
2024-09-16 15:06:22.672,415.5237854005622,997
2024-09-16 15:06:22.720,415.5471301364704,1004
2024-09-16 15:06:22.732,415.5379073125567,9
2024-09-16 15:06:22.735,415.5448829955892,6
2024-09-16 15:06:22.789,415.5142757695564,104
2024-09-16 15:06:22.883,415.48784850835295,103
2024-09-16 15:06:23.095,415.4978482440842,104
2024-09-16 15:06:23.307,,1005
2024-09-16 15:06:23.375,415.4673777911057,6
2024-09-16 15:06:23.450,415.4536292383005,998
2024-09-16 15:06:23.547,415.50873606992167,97
2024-09-16 15:06:23.686,415.5150525957011,996
2024-09-16 15:06:23.933,,996
2024-09-16 15:06:24.053,415.4968949538441,14
2024-09-16 15:06:24.092,415.51673366783695,12
2024-09-16 15:06:24.187,415.4735799414326,100
2024-09-16 15:06:24.213,415.5005239454396,1003
2024-09-16 15:06:24.231,415.5123856346686,9
2024-09-16 15:06:24.282,415.45716561736816,1001
2024-09-16 15:06:24.307,415.4866283158995,6
2024-09-16 15:06:24.386,415.5275710313229,5
2024-09-16 15:06:24.586,415.5083800094184,997
2024-09-16 15:06:24.727,415.4767669520897,1001
2024-09-16 15:06:24.799,415.5074774221893,13
2024-09-16 15:06:24.833,415.4525086411717,996
2024-09-16 15:06:24.856,415.5284864221739,13
2024-09-16 15:06:24.983,,995
2024-09-16 15:06:25.062,415.5246596048013,1005
2024-09-16 15:06:25.082,415.5132984543731,99
2024-09-16 15:06:25.100,415.5299023684092,95
2024-09-16 15:06:25.232,418.7912320364819,5
2024-09-16 15:06:25.377,415.520868909134,9
2024-09-16 15:06:25.506,415.5291301810293,1005
2024-09-16 15:06:25.818,415.5260290658526,102
2024-09-16 15:06:26.016,415.5367060499019,102
2024-09-16 15:06:26.106,415.4790377497152,998
2024-09-16 15:06:26.156,415.52362096856615,103
2024-09-16 15:06:26.226,415.53325837082,103
2024-09-16 15:06:26.464,415.5131725968716,13
2024-09-16 15:06:26.500,415.5101274920142,100
2024-09-16 15:06:26.501,415.53279792840345,95
2024-09-16 15:06:26.551,415.5328897019767,996
2024-09-16 15:06:26.628,415.5269821067229,99
2024-09-16 15:06:26.685,415.5263631302885,103
2024-09-16 15:06:26.688,415.50814991700287,1001
2024-09-16 15:06:26.688,415.5276254929758,995
2024-09-16 15:06:26.772,415.5286835674423,102
2024-09-16 15:06:26.814,415.5197326152916,101
2024-09-16 15:06:26.824,415.5287536421908,101
2024-09-16 15:06:26.825,415.5246011909229,13
2024-09-16 15:06:26.855,415.5072849394538,15
2024-09-16 15:06:26.888,415.4899191888013,100
2024-09-16 15:06:26.987,415.5312498026874,105
2024-09-16 15:06:27.249,415.4502984353377,1002
2024-09-16 15:06:27.451,415.4473576303126,104
2024-09-16 15:06:27.474,415.4755287073848,1002
2024-09-16 15:06:27.489,415.45541274195847,10
2024-09-16 15:06:27.557,415.4371307531674,995
2024-09-16 15:06:27.712,415.4694653794372,13
2024-09-16 15:06:27.737,415.4631713958418,997
2024-09-16 15:06:27.827,415.45302452977495,99
2024-09-16 15:06:27.865,415.4859954294256,100
2024-09-16 15:06:27.866,415.48365140749,11
2024-09-16 15:06:27.869,415.4709427503449,10
2024-09-16 15:06:28.001,415.43260743301926,1005
2024-09-16 15:06:28.006,415.4686059578077,103
2024-09-16 15:06:28.082,415.4328821684842,101
2024-09-16 15:06:28.379,415.4290502083571,98
2024-09-16 15:06:28.452,415.45214753597503,7
2024-09-16 15:06:28.574,415.4308583303129,1000
2024-09-16 15:06:28.590,415.4433804608277,1002
2024-09-16 15:06:28.737,415.4579788440079,996
2024-09-16 15:06:28.740,415.4324712208656,9
2024-09-16 15:06:28.914,415.4534128749784,999
2024-09-16 15:06:28.934,415.44877041344233,12
2024-09-16 15:06:29.316,418.7845768805025,99
2024-09-16 15:06:30.028,415.48977125559816,998
2024-09-16 15:06:30.051,415.5020537640813,6
2024-09-16 15:06:30.177,415.4682484925102,6
2024-09-16 15:06:30.212,415.4706956042178,997
2024-09-16 15:06:30.245,415.4744578709532,9
2024-09-16 15:06:30.257,415.4753248513293,1003
2024-09-16 15:06:30.278,415.4821504419724,995
2024-09-16 15:06:30.305,415.487961995903,7
2024-09-16 15:06:30.328,415.4794234969648,9
2024-09-16 15:06:30.586,415.483545943774,98
2024-09-16 15:06:30.631,415.494471736178,12
2024-09-16 15:06:30.680,41.54631325123533,1001
2024-09-16 15:06:30.847,415.4792397115498,102
2024-09-16 15:06:30.848,415.4948867754071,1000
2024-09-16 15:06:30.857,415.4680756734102,1002
2024-09-16 15:06:30.871,415.47253934714814,101
2024-09-16 15:06:30.874,415.4848273856186,9
2024-09-16 15:06:30.891,415.4768159717071,98
2024-09-16 15:06:30.900,415.4817654632306,1004
2024-09-16 15:06:31.058,415.47236561397375,999
2024-09-16 15:06:31.413,415.4928831606965,5
2024-09-16 15:06:31.567,415.46756778731634,1005
2024-09-16 15:06:32.078,415.4568899107824,999
2024-09-16 15:06:32.094,415.5073562479771,13
2024-09-16 15:06:32.140,415.5203228167589,1001
2024-09-16 15:06:32.188,415.48082907678224,96
2024-09-16 15:06:32.189,415.4668522814792,98
2024-09-16 15:06:32.200,415.480295912407,98
2024-09-16 15:06:32.201,415.5266551426037,100
2024-09-16 15:06:32.242,415.5041943765691,95
2024-09-16 15:06:32.251,415.53005941077225,11
2024-09-16 15:06:32.306,415.4715035594927,998
2024-09-16 15:06:32.555,415.51694799369375,98
2024-09-16 15:06:32.590,415.4725469561384,996
2024-09-16 15:06:32.689,415.4816012888145,14
2024-09-16 15:06:32.739,415.4768440637072,13
2024-09-16 15:06:32.817,415.4936878544741,1005
2024-09-16 15:06:32.827,415.4605313479418,1003
2024-09-16 15:06:32.847,415.4654827469423,1005
2024-09-16 15:06:32.849,415.4612795187605,11
2024-09-16 15:06:32.863,415.4892086505558,96
2024-09-16 15:06:32.879,415.47249369797873,7
2024-09-16 15:06:32.951,415.4905438349815,6
2024-09-16 15:06:32.960,415.49335754861744,12
2024-09-16 15:06:32.969,415.4614035435084,5
2024-09-16 15:06:33.228,415.5154613231729,105
2024-09-16 15:06:33.433,415.5329408688031,104
2024-09-16 15:06:33.633,415.5312699736808,1005
2024-09-16 15:06:34.094,415.5370335428496,97
2024-09-16 15:06:34.296,415.5322565779393,995
2024-09-16 15:06:34.506,415.5445769460187,995
2024-09-16 15:06:35.022,415.453188246577,995
2024-09-16 15:06:35.095,415.4645342232096,104
2024-09-16 15:06:35.189,415.50936308768433,14
2024-09-16 15:06:35.238,415.52435569057167,105
2024-09-16 15:06:35.261,415.4556089076216,998
2024-09-16 15:06:35.289,415.4932966530045,104
2024-09-16 15:06:35.311,415.4916955593084,13
2024-09-16 15:06:35.377,415.4896528332952,8
2024-09-16 15:06:35.415,415.5048353466333,97
2024-09-16 15:06:35.555,415.4894210116328,95
2024-09-16 15:06:35.677,415.4691780740423,98
2024-09-16 15:06:35.787,415.4777514962702,13
2024-09-16 15:06:36.129,415.4785894683391,10
2024-09-16 15:06:36.717,418.9138203324456,8
2024-09-16 15:06:37.163,415.4857599630219,99
2024-09-16 15:06:37.165,415.5224072578797,999
2024-09-16 15:06:37.171,415.5519674790582,1004
2024-09-16 15:06:37.186,415.5122787819519,11
2024-09-16 15:06:37.217,415.5505422124279,7
2024-09-16 15:06:37.238,415.4886080122853,1005
2024-09-16 15:06:37.271,415.5136199943376,96
2024-09-16 15:06:37.329,415.51568520890027,1000
2024-09-16 15:06:37.363,415.5465797914632,99
2024-09-16 15:06:37.485,415.52736845086434,5
2024-09-16 15:06:37.526,415.5271687684223,102
2024-09-16 15:06:37.596,415.5116789567053,97
2024-09-16 15:06:37.638,415.5176624208149,999
2024-09-16 15:06:37.651,415.5371921324454,105
2024-09-16 15:06:37.667,415.4709654496316,8
2024-09-16 15:06:37.771,415.5166343189279,101
2024-09-16 15:06:37.802,415.523020144853,14
2024-09-16 15:06:37.887,415.4569606704139,100
2024-09-16 15:06:37.902,415.5174379947436,7
2024-09-16 15:06:37.911,415.4540051541217,7
2024-09-16 15:06:37.930,415.51998851209646,996
2024-09-16 15:06:37.945,415.5427842736985,15
2024-09-16 15:06:37.964,415.4756883822229,6
2024-09-16 15:06:37.970,-415.5528152293354,10
2024-09-16 15:06:37.980,415.52691523024725,996
2024-09-16 15:06:37.985,415.48516954673846,97
2024-09-16 15:06:38.021,415.53492616141415,7
2024-09-16 15:06:38.050,415.5484930586685,101
2024-09-16 15:06:38.152,415.532426073781,98
2024-09-16 15:06:38.277,415.5339979575167,5
2024-09-16 15:06:38.316,415.5109437017545,1001
2024-09-16 15:06:38.345,415.5558132200927,12
2024-09-16 15:06:38.368,415.5226800169248,100
2024-09-16 15:06:38.422,415.5139252457759,997
2024-09-16 15:06:38.433,415.517253542128,11
2024-09-16 15:06:38.518,415.5497833307781,996
2024-09-16 15:06:38.520,415.5534805211516,95
2024-09-16 15:06:38.569,415.5587368952382,100
2024-09-16 15:06:38.619,415.53734228324464,5
2024-09-16 15:06:38.635,415.54377809677385,996
2024-09-16 15:06:38.661,415.54801138122775,103
2024-09-16 15:06:38.673,415.5537230016207,15
2024-09-16 15:06:38.746,415.5495036877319,105
2024-09-16 15:06:38.777,415.5594944964995,99
2024-09-16 15:06:38.819,415.503096395661,11
2024-09-16 15:06:38.849,415.5580168381459,9
2024-09-16 15:06:38.869,415.5390324163631,95
2024-09-16 15:06:38.914,415.5360696283542,98
2024-09-16 15:06:38.915,415.5170497692721,96
2024-09-16 15:06:39.035,415.5486136314207,998
2024-09-16 15:06:39.060,415.5314517194034,1003
2024-09-16 15:06:39.145,415.5365151503527,12
2024-09-16 15:06:39.157,415.52038107578505,99
2024-09-16 15:06:39.179,415.5375189760717,1000
2024-09-16 15:06:39.255,415.5688281622301,95
2024-09-16 15:06:39.255,415.5165471180856,1005
2024-09-16 15:06:39.274,415.5412105655337,103
2024-09-16 15:06:39.350,415.5386593120072,11
2024-09-16 15:06:39.391,415.54183033253946,1000
2024-09-16 15:06:39.519,415.5419620251142,8
2024-09-16 15:06:39.546,415.5502699424573,104
2024-09-16 15:06:39.590,415.53817652013385,998
2024-09-16 15:06:39.619,415.5479457955351,9
2024-09-16 15:06:39.620,415.5243896317112,103
2024-09-16 15:06:39.655,415.54158251429686,98
2024-09-16 15:06:39.673,415.5228344181517,1005
2024-09-16 15:06:39.751,415.5523424280318,1005
2024-09-16 15:06:39.773,415.54734555469184,7
2024-09-16 15:06:39.823,415.5256084305261,1004
2024-09-16 15:06:39.900,415.55827919250754,1001
2024-09-16 15:06:39.984,415.5417068071382,100
2024-09-16 15:06:40.085,415.5425319736489,103
2024-09-16 15:06:40.260,415.533388858514,995
2024-09-16 15:06:40.413,415.5619095563996,14
2024-09-16 15:06:40.419,41.55539399436486,5
2024-09-16 15:06:40.465,415.5553069860196,96
2024-09-16 15:06:40.586,415.5604387039157,12
2024-09-16 15:06:40.627,415.5511787208716,1004
2024-09-16 15:06:40.703,415.5410511598556,999
2024-09-16 15:06:40.737,415.52499363583,1004
2024-09-16 15:06:40.800,415.5567719172229,12
2024-09-16 15:06:40.847,415.5328294336954,102
2024-09-16 15:06:40.920,415.54690600818094,5
2024-09-16 15:06:40.950,415.5438148080316,12
2024-09-16 15:06:40.997,415.5523348534334,15
2024-09-16 15:06:41.454,415.5264862015536,95
2024-09-16 15:06:41.536,415.5038362221226,13
2024-09-16 15:06:41.690,415.4878285558134,996
2024-09-16 15:06:42.058,415.566568680726,13
2024-09-16 15:06:42.060,415.52527988733954,96
2024-09-16 15:06:42.121,415.5262307975198,97
2024-09-16 15:06:42.136,415.5591193686429,14
2024-09-16 15:06:42.143,415.5684901631487,99
2024-09-16 15:06:42.168,415.5176714729404,7
2024-09-16 15:06:42.185,415.56289638301394,11
2024-09-16 15:06:42.219,415.55990628154456,100
2024-09-16 15:06:42.223,415.51144114632166,1003
2024-09-16 15:06:42.226,415.5226683555576,10
2024-09-16 15:06:42.327,415.5192472032255,7
2024-09-16 15:06:42.348,415.50136078941705,7
2024-09-16 15:06:42.374,415.573454494831,995
2024-09-16 15:06:42.397,415.575202438308,1002
2024-09-16 15:06:42.413,415.5316021973787,6
2024-09-16 15:06:42.414,415.57993256334765,103
2024-09-16 15:06:42.514,415.5397362042829,101
2024-09-16 15:06:42.631,415.5036529132009,1003
2024-09-16 15:06:42.656,415.4953762119693,1005
2024-09-16 15:06:42.757,415.496339967046,1002
2024-09-16 15:06:42.758,415.5705177321743,12
2024-09-16 15:06:42.800,415.561672555316,95
2024-09-16 15:06:42.864,415.4880260331725,98
2024-09-16 15:06:42.879,415.5184144771538,1005
2024-09-16 15:06:42.888,415.5526119602922,97
2024-09-16 15:06:43.074,415.5410124766928,1005
2024-09-16 15:06:43.126,415.53509613407925,1004
2024-09-16 15:06:43.438,415.51810099097537,997
2024-09-16 15:06:43.622,415.5133229873945,8
2024-09-16 15:06:43.639,415.5189607506503,12
2024-09-16 15:06:44.128,415.50538657157983,8
2024-09-16 15:06:44.377,415.4919179129186,1004
2024-09-16 15:06:45.117,415.5085450077488,996
2024-09-16 15:06:45.232,415.5146905643503,101
2024-09-16 15:06:45.619,415.4788146717296,999
2024-09-16 15:06:45.631,415.4792049931773,99
2024-09-16 15:06:45.842,415.5130948254997,1000
2024-09-16 15:06:45.890,415.5021154961677,103
2024-09-16 15:06:46.297,415.5144258069618,1000
2024-09-16 15:06:46.430,415.530427256632,97
2024-09-16 15:06:46.480,415.5391462186544,14
2024-09-16 15:06:46.868,415.5219712849554,13
2024-09-16 15:06:46.934,415.5122457296095,995
2024-09-16 15:06:47.090,415.52842791543264,99
2024-09-16 15:06:47.707,419.0535413268349,98
2024-09-16 15:06:47.729,415.5471194709381,12
2024-09-16 15:06:48.353,415.526402901216,1004
2024-09-16 15:06:48.419,415.5518114562776,7
2024-09-16 15:06:48.427,415.5448341716829,9
2024-09-16 15:06:49.314,415.48925098264624,7
2024-09-16 15:06:49.318,415.5221953836594,96
2024-09-16 15:06:49.371,415.48712412267,8
2024-09-16 15:06:49.599,415.5277994784416,8
2024-09-16 15:06:49.792,415.5399182665396,14
2024-09-16 15:06:49.839,415.4944058302573,997
2024-09-16 15:06:49.986,415.5270852539128,98
2024-09-16 15:06:50.011,415.5547522398706,101
2024-09-16 15:06:50.053,415.5292453792417,104
2024-09-16 15:06:50.076,415.5120236151923,998
2024-09-16 15:06:50.194,415.5549372259421,1003
2024-09-16 15:06:50.228,415.5074990302042,102
2024-09-16 15:06:50.230,415.5184325466488,99
2024-09-16 15:06:50.330,415.5232596150894,999
2024-09-16 15:06:50.390,415.5117120999028,1004
2024-09-16 15:06:50.420,415.51270790521335,98
2024-09-16 15:06:50.434,415.54945075040735,99
2024-09-16 15:06:50.482,415.5233234023576,15
2024-09-16 15:06:50.580,415.5339396111568,11
2024-09-16 15:06:50.590,415.5386347474092,5
2024-09-16 15:06:50.596,415.5385205433956,1005
2024-09-16 15:06:50.611,415.5040270618792,5
2024-09-16 15:06:50.628,41.55008529432814,105
2024-09-16 15:06:50.651,415.5526952522685,98
2024-09-16 15:06:50.671,415.51355751735736,995
2024-09-16 15:06:50.680,415.55990811937744,101
2024-09-16 15:06:50.681,415.5237993793392,13
2024-09-16 15:06:50.686,415.54184045080217,5
2024-09-16 15:06:50.725,415.5272664475814,5
2024-09-16 15:06:50.731,415.53404102529896,1004
2024-09-16 15:06:50.739,415.5275132502486,997
2024-09-16 15:06:50.771,415.5150432909657,104
2024-09-16 15:06:50.816,415.5079542239116,1004
2024-09-16 15:06:50.925,415.5324577946468,1005
2024-09-16 15:06:50.928,415.5295847815661,97
2024-09-16 15:06:50.969,415.51586684485727,98
2024-09-16 15:06:51.003,415.49114657144565,12
2024-09-16 15:06:51.004,415.4372959445775,10
2024-09-16 15:06:51.014,415.47232899571605,1005
2024-09-16 15:06:51.032,415.4858733963051,97
2024-09-16 15:06:51.076,415.44999658634765,998
2024-09-16 15:06:51.086,415.4793278482883,9
2024-09-16 15:06:51.096,415.4614807133235,1003
2024-09-16 15:06:51.120,419.0197380669889,13
2024-09-16 15:06:51.280,415.5036546972003,100
2024-09-16 15:06:51.296,415.4632608336104,12
2024-09-16 15:06:51.377,415.4583938961009,1003
2024-09-16 15:06:51.406,415.4876774465151,1000
2024-09-16 15:06:51.414,415.46614516680927,103
2024-09-16 15:06:51.482,415.4954218777432,102
2024-09-16 15:06:51.499,415.4654662816239,95
2024-09-16 15:06:51.513,415.4688513959141,8
2024-09-16 15:06:51.513,415.4680713394246,6
2024-09-16 15:06:51.534,415.4602297069011,14
2024-09-16 15:06:51.652,415.474033670424,997
2024-09-16 15:06:51.672,415.4533116339377,995
2024-09-16 15:06:52.061,415.4415383602513,95
2024-09-16 15:06:52.096,415.45491101210666,995
2024-09-16 15:06:52.272,415.4591340424887,1003
2024-09-16 15:06:52.280,415.4635479509183,12
2024-09-16 15:06:52.565,415.449911399987,1002
2024-09-16 15:06:52.616,415.4483712883157,999
2024-09-16 15:06:52.732,415.4504620397299,5
2024-09-16 15:06:52.806,415.44163749711225,11
2024-09-16 15:06:53.039,415.48023542127873,998
2024-09-16 15:06:53.058,415.4776231276773,101
2024-09-16 15:06:53.101,,13
2024-09-16 15:06:53.102,415.4566335442016,999
2024-09-16 15:06:53.106,415.411173335487,104
2024-09-16 15:06:53.247,415.464938492456,102
2024-09-16 15:06:53.258,415.46501472310985,99
2024-09-16 15:06:53.263,415.4406118009287,98
2024-09-16 15:06:53.265,415.4018987508081,8
2024-09-16 15:06:53.270,415.3920344659453,95
2024-09-16 15:06:53.308,415.44938333395487,96
2024-09-16 15:06:53.341,-415.4021810877808,9
2024-09-16 15:06:53.434,415.4733096973183,100
2024-09-16 15:06:53.588,415.4323818817472,1005
2024-09-16 15:06:53.641,415.4066848986297,998
2024-09-16 15:06:53.673,415.38043827223095,1003
2024-09-16 15:06:53.700,415.4586332782608,15
2024-09-16 15:06:53.795,415.47211476602456,15
2024-09-16 15:06:53.829,415.4699628754337,8
2024-09-16 15:06:53.862,415.40280220560527,104
2024-09-16 15:06:53.885,415.47900925979536,102
2024-09-16 15:06:53.911,415.46803575414367,1004
2024-09-16 15:06:53.938,415.48463037975273,1001
2024-09-16 15:06:53.952,415.46551371170005,8
2024-09-16 15:06:53.981,415.4763835633416,13
2024-09-16 15:06:53.985,415.400557303884,6
2024-09-16 15:06:53.989,415.4670999535669,100
2024-09-16 15:06:53.990,415.4468830448682,1003
2024-09-16 15:06:53.993,415.4722313340119,105
2024-09-16 15:06:54.238,415.49429664778427,12
2024-09-16 15:06:54.344,415.4992859843255,995
2024-09-16 15:06:54.353,415.51404411460607,102
2024-09-16 15:06:54.676,415.5037612365608,996
2024-09-16 15:06:54.891,415.5060305688664,103
2024-09-16 15:06:55.035,415.5503604298278,98
2024-09-16 15:06:55.041,415.4860076989813,102
2024-09-16 15:06:55.078,415.5265004544116,1000
2024-09-16 15:06:55.109,415.5149297936499,14
2024-09-16 15:06:55.181,415.5253241441159,6
2024-09-16 15:06:55.232,415.4773486255965,998
2024-09-16 15:06:55.287,415.4836436277234,1001
2024-09-16 15:06:55.442,415.4820920659324,996
2024-09-16 15:06:55.490,415.5012907935413,10
2024-09-16 15:06:55.525,415.5210158367808,995
2024-09-16 15:06:55.526,415.4881038847372,996
2024-09-16 15:06:55.551,415.4835805100103,101
2024-09-16 15:06:55.590,415.5355005859056,997
2024-09-16 15:06:55.602,415.4929719602254,1001
2024-09-16 15:06:55.610,415.5225936463577,6
2024-09-16 15:06:55.620,41.55246769969821,105
2024-09-16 15:06:55.639,415.5271643739718,1001
2024-09-16 15:06:55.649,415.51247197636974,995
2024-09-16 15:06:55.688,415.5148048308748,995
2024-09-16 15:06:55.740,415.5369257471447,1003
2024-09-16 15:06:55.749,415.53730589380245,10
2024-09-16 15:06:55.769,415.5107033844426,999
2024-09-16 15:06:55.779,415.5254538726782,103
2024-09-16 15:06:55.850,415.51413291590336,7
2024-09-16 15:06:55.888,415.51798122077975,1005
2024-09-16 15:06:55.903,415.4920056819458,13
2024-09-16 15:06:55.973,415.518703511999,1003
2024-09-16 15:06:56.029,415.5263348836853,6
2024-09-16 15:06:56.110,415.5641051942328,95
2024-09-16 15:06:56.128,415.5901473894104,5
2024-09-16 15:06:56.197,41.56405131230791,11
2024-09-16 15:06:56.229,415.6276901653791,98
2024-09-16 15:06:56.237,415.6549849854072,102
2024-09-16 15:06:56.260,415.6454185010499,1004
2024-09-16 15:06:56.315,415.5596092247668,104
2024-09-16 15:06:56.490,415.5650552826784,1002
2024-09-16 15:06:56.615,415.5336592722406,96
2024-09-16 15:06:56.654,415.5481290695259,1005
2024-09-16 15:06:56.658,415.5887431281781,98
2024-09-16 15:06:56.672,415.53723530960906,96
2024-09-16 15:06:56.709,415.6319846543284,1003
2024-09-16 15:06:56.766,415.547969457616,999
2024-09-16 15:06:56.807,415.6478885622548,11
2024-09-16 15:06:56.847,415.63565454752086,96
2024-09-16 15:06:56.932,415.5639431278445,1001
2024-09-16 15:06:56.984,415.6229676524618,1000
2024-09-16 15:06:57.006,415.7186662936736,10
2024-09-16 15:06:57.066,415.66369648949546,1001
2024-09-16 15:06:57.100,41.56605005770173,9
2024-09-16 15:06:57.192,415.7056312972904,996
2024-09-16 15:06:57.218,415.6630088254944,1002
2024-09-16 15:06:57.255,-415.6695113014524,1002
2024-09-16 15:06:57.268,415.6646079648619,1003
2024-09-16 15:06:57.318,415.6787235100332,8
2024-09-16 15:06:57.360,415.6727170812046,1005
2024-09-16 15:06:57.373,415.66575525745327,7
2024-09-16 15:06:57.402,415.68222574192106,7
2024-09-16 15:06:57.403,415.6792625386213,11
2024-09-16 15:06:57.417,415.7122226371349,996
2024-09-16 15:06:57.426,415.6895680238699,8
2024-09-16 15:06:57.568,415.7039719468799,95
2024-09-16 15:06:57.610,415.6508719214859,101
2024-09-16 15:06:57.620,415.7037003494948,11
2024-09-16 15:06:57.647,415.6555002997468,15
2024-09-16 15:06:57.648,415.6545960334509,12
2024-09-16 15:06:57.675,415.6726450045325,98
2024-09-16 15:06:57.775,415.7088809577516,99
2024-09-16 15:06:57.781,415.66375049866986,997
2024-09-16 15:06:57.816,415.6870613945438,97
2024-09-16 15:06:57.831,415.66427031567423,96
2024-09-16 15:06:57.904,415.68947394479073,105
2024-09-16 15:06:58.012,415.682953871406,1001
2024-09-16 15:06:58.013,415.6682051218396,13
2024-09-16 15:06:58.047,415.6812772822051,10
2024-09-16 15:06:58.141,415.6730891843183,96
2024-09-16 15:06:58.149,415.6625081000745,97
2024-09-16 15:06:58.374,415.68370663121823,996
2024-09-16 15:06:58.378,415.6930064043975,99
2024-09-16 15:06:58.654,415.6742444036134,12
2024-09-16 15:06:58.783,415.6725803963906,104
2024-09-16 15:06:58.983,415.68239343720256,996
2024-09-16 15:06:59.027,415.6727850954932,98
2024-09-16 15:06:59.276,415.67208402592894,101
2024-09-16 15:06:59.328,415.672109159538,96
2024-09-16 15:06:59.538,415.67505094038313,1002
2024-09-16 15:06:59.544,415.6558663265124,998
2024-09-16 15:06:59.757,415.6794511396933,10
