Timestamp,Price,Size
2024-09-16 09:59:00.028,418.73121808915806,14
2024-09-16 09:59:00.028,418.7630412532748,995
2024-09-16 09:59:00.060,418.7247915288585,14
2024-09-16 09:59:00.096,418.7690347329457,9
2024-09-16 09:59:00.142,418.7722434854192,1004
2024-09-16 09:59:00.223,418.7722962301044,10
2024-09-16 09:59:00.276,418.7693036295707,1001
2024-09-16 09:59:00.314,418.7773857486631,8
2024-09-16 09:59:00.359,418.7611447179127,11
2024-09-16 09:59:00.400,418.7439260662848,9
2024-09-16 09:59:00.437,418.7665320127783,6
2024-09-16 09:59:00.438,418.75403618304415,96
2024-09-16 09:59:00.522,418.73786136495386,105
2024-09-16 09:59:00.558,418.76190077555145,15
2024-09-16 09:59:00.606,418.7343756651392,1003
2024-09-16 09:59:00.680,418.7608736380965,11
2024-09-16 09:59:00.744,418.7226404217602,12
2024-09-16 09:59:00.876,418.77402484907225,98
2024-09-16 09:59:00.907,418.7518625106343,996
2024-09-16 09:59:00.910,418.77602939203246,1004
2024-09-16 09:59:00.994,418.78550607276696,14
2024-09-16 09:59:01.180,418.6913412207089,13
2024-09-16 09:59:01.340,418.76414522835006,1000
2024-09-16 09:59:01.344,-418.7644391013847,14
2024-09-16 09:59:01.370,418.7198708732499,1004
2024-09-16 09:59:01.375,418.6727927587284,104
2024-09-16 09:59:01.406,418.6570964274072,1005
2024-09-16 09:59:01.421,418.669564079498,13
2024-09-16 09:59:01.456,418.6791869110407,99
2024-09-16 09:59:01.471,418.77271315935104,998
2024-09-16 09:59:01.514,418.6798243364265,1002
2024-09-16 09:59:01.524,418.6643400998783,13
2024-09-16 09:59:01.567,418.6992934555038,100
2024-09-16 09:59:01.597,418.7195674481348,8
2024-09-16 09:59:01.625,418.7430090050908,1003
2024-09-16 09:59:01.721,418.75581086402383,99
2024-09-16 09:59:01.731,418.6955073236902,103
2024-09-16 09:59:01.762,418.7242476233904,999
2024-09-16 09:59:01.778,418.6666021931721,99
2024-09-16 09:59:01.837,418.65849524084047,1005
2024-09-16 09:59:01.985,418.7460821177037,9
2024-09-16 09:59:02.055,418.6730894130949,1000
2024-09-16 09:59:02.078,418.6555375072765,95
2024-09-16 09:59:02.122,418.6630503958752,998
2024-09-16 09:59:02.155,418.6399015015817,15
2024-09-16 09:59:02.219,418.6597480274879,98
2024-09-16 09:59:02.226,418.6275085665624,99
2024-09-16 09:59:02.259,418.6454169749275,15
2024-09-16 09:59:02.264,418.6716908417557,6
2024-09-16 09:59:02.274,418.65540966986975,995
2024-09-16 09:59:02.338,418.6614159747606,96
2024-09-16 09:59:02.352,418.6484819616626,104
2024-09-16 09:59:02.377,418.65690216192166,998
2024-09-16 09:59:02.475,418.6570027819981,1000
2024-09-16 09:59:02.496,418.6840894739955,6
2024-09-16 09:59:02.749,-418.6326040262619,102
2024-09-16 09:59:02.912,418.66008602721286,96
2024-09-16 09:59:02.982,418.6572988023006,5
2024-09-16 09:59:02.991,418.64029284807646,103
2024-09-16 09:59:03.111,418.6343882873534,15
2024-09-16 09:59:03.123,418.6309926410861,8
2024-09-16 09:59:03.159,418.6214387945196,1005
2024-09-16 09:59:03.225,418.5764295125503,997
2024-09-16 09:59:03.288,418.6311579339684,98
2024-09-16 09:59:03.303,418.628026920388,105
2024-09-16 09:59:03.381,418.6259814650575,997
2024-09-16 09:59:03.388,41.86427772969914,999
2024-09-16 09:59:03.414,418.6530197530207,996
2024-09-16 09:59:03.430,418.632905404971,99
2024-09-16 09:59:03.612,-418.5863122553268,98
2024-09-16 09:59:03.814,418.64822381984055,97
2024-09-16 09:59:03.846,418.6025232135353,996
2024-09-16 09:59:03.866,418.6533943858291,998
2024-09-16 09:59:03.954,418.58970703299343,1005
2024-09-16 09:59:04.046,418.575037426389,102
2024-09-16 09:59:04.054,418.56856886959577,1003
2024-09-16 09:59:04.057,418.5364272841307,996
2024-09-16 09:59:04.122,418.5165519862997,103
2024-09-16 09:59:04.147,418.5402079211455,98
2024-09-16 09:59:04.162,418.5836404021298,8
2024-09-16 09:59:04.266,418.5658564681983,15
2024-09-16 09:59:04.272,418.5786987440141,1005
2024-09-16 09:59:04.273,418.5383997364094,102
2024-09-16 09:59:04.312,418.520856329981,1003
2024-09-16 09:59:04.319,418.5367574890102,105
2024-09-16 09:59:04.333,418.5281727986184,1000
2024-09-16 09:59:04.337,418.5739625555367,101
2024-09-16 09:59:04.360,418.6027341062505,7
2024-09-16 09:59:04.487,418.5838278770597,1004
2024-09-16 09:59:04.544,418.55026484787766,10
2024-09-16 09:59:04.554,418.512524595729,995
2024-09-16 09:59:04.558,418.611355177847,15
2024-09-16 09:59:04.599,418.5788236199068,998
2024-09-16 09:59:04.619,418.533616361264,15
2024-09-16 09:59:04.648,418.611926254032,998
2024-09-16 09:59:04.684,418.531765135459,7
2024-09-16 09:59:04.896,418.5666688438458,5
2024-09-16 09:59:04.915,418.5417915260456,15
2024-09-16 09:59:04.951,418.5271697578035,7
2024-09-16 09:59:04.959,418.5927763405342,98
2024-09-16 09:59:04.965,418.5414629790805,5
2024-09-16 09:59:04.988,418.52866738306494,995
2024-09-16 09:59:05.144,418.52261354754194,9
2024-09-16 09:59:05.166,418.53572298520174,1004
2024-09-16 09:59:05.209,418.5548057191724,101
2024-09-16 09:59:05.273,418.5322672091163,8
2024-09-16 09:59:05.355,418.524751786777,995
2024-09-16 09:59:05.373,418.5157799481766,99
2024-09-16 09:59:05.463,418.5059093150474,1001
2024-09-16 09:59:05.550,418.5188089671436,7
2024-09-16 09:59:05.600,418.5400560521098,10
2024-09-16 09:59:05.736,418.5164827175345,6
2024-09-16 09:59:05.756,418.5447921218872,5
2024-09-16 09:59:05.772,418.5178491453903,98
2024-09-16 09:59:05.782,418.5000496127881,997
2024-09-16 09:59:05.827,418.53211279876615,13
2024-09-16 09:59:05.901,418.51146038895394,100
2024-09-16 09:59:05.922,418.5389728828223,9
2024-09-16 09:59:05.997,418.50897026128166,5
2024-09-16 09:59:05.999,418.502555266896,98
2024-09-16 09:59:06.148,418.53361755957184,5
2024-09-16 09:59:06.343,418.5337892649942,102
2024-09-16 09:59:06.741,418.5446355028532,7
2024-09-16 09:59:07.112,418.5311874323789,6
2024-09-16 09:59:07.166,418.48621530827256,995
2024-09-16 09:59:07.171,418.5603073348919,1002
2024-09-16 09:59:07.182,418.5013316706266,9
2024-09-16 09:59:07.189,418.5552495061125,99
2024-09-16 09:59:07.205,418.4982450757808,95
2024-09-16 09:59:07.260,418.5732040434425,104
2024-09-16 09:59:07.284,418.57213907219057,14
2024-09-16 09:59:07.305,418.4771645773028,101
2024-09-16 09:59:07.353,418.5798912118517,96
2024-09-16 09:59:07.377,418.501435701931,9
2024-09-16 09:59:07.432,418.4882857687822,103
2024-09-16 09:59:07.445,418.515455201781,12
2024-09-16 09:59:07.494,418.5245258039181,95
2024-09-16 09:59:07.528,418.5183503808252,1002
2024-09-16 09:59:07.564,418.5193081335107,999
2024-09-16 09:59:07.648,418.5559308524623,95
2024-09-16 09:59:07.680,418.4940744742146,103
2024-09-16 09:59:07.699,418.5040294892375,995
2024-09-16 09:59:07.701,418.5173037397501,102
2024-09-16 09:59:07.706,418.55877504592354,996
2024-09-16 09:59:07.706,418.5456166056968,96
2024-09-16 09:59:07.733,418.55101535207285,1005
2024-09-16 09:59:07.752,418.52404653054094,105
2024-09-16 09:59:07.780,418.5677839653112,100
2024-09-16 09:59:07.788,418.5605873253714,103
2024-09-16 09:59:07.834,418.5326252613599,997
2024-09-16 09:59:07.993,418.4929144239999,1001
2024-09-16 09:59:08.011,418.5011193305098,1003
2024-09-16 09:59:08.184,418.516635998902,996
2024-09-16 09:59:08.192,418.4932819304729,1002
2024-09-16 09:59:08.214,418.5266114267315,14
2024-09-16 09:59:08.239,-418.55966960186026,1000
2024-09-16 09:59:08.257,418.49261543057145,11
2024-09-16 09:59:08.320,418.5609415887601,999
2024-09-16 09:59:08.339,418.5641107462207,15
2024-09-16 09:59:08.363,418.55691753275175,104
2024-09-16 09:59:08.439,418.5207500699718,1001
2024-09-16 09:59:08.458,418.5629829389367,1002
2024-09-16 09:59:08.631,418.5417381616991,15
2024-09-16 09:59:08.654,418.4950426524071,97
2024-09-16 09:59:08.673,418.5677255255544,5
2024-09-16 09:59:08.701,418.5481395679621,101
2024-09-16 09:59:08.710,418.5665872151893,1001
2024-09-16 09:59:08.717,418.5552265516124,9
2024-09-16 09:59:08.766,418.557661234523,1001
2024-09-16 09:59:08.768,418.5008914333616,96
2024-09-16 09:59:08.769,418.5190195255442,998
2024-09-16 09:59:08.784,418.55556297157096,1000
2024-09-16 09:59:08.808,418.5473970056651,102
2024-09-16 09:59:08.809,418.5252959327822,1001
2024-09-16 09:59:08.842,418.5130716796105,103
2024-09-16 09:59:08.940,418.4944009600042,9
2024-09-16 09:59:08.947,418.4821480429119,102
2024-09-16 09:59:08.959,418.4869090877119,10
2024-09-16 09:59:09.014,418.5578298270748,12
2024-09-16 09:59:09.077,418.5739328714181,998
2024-09-16 09:59:09.165,418.567825120013,995
2024-09-16 09:59:09.169,418.5717275152835,9
2024-09-16 09:59:09.207,418.5857787743864,97
2024-09-16 09:59:09.264,418.5839408898058,95
2024-09-16 09:59:09.320,418.5914446405266,7
2024-09-16 09:59:09.353,418.5750853292387,15
2024-09-16 09:59:09.449,418.5842800983357,995
2024-09-16 09:59:09.456,418.5870125546487,5
2024-09-16 09:59:09.510,418.57898515591904,10
2024-09-16 09:59:09.690,418.5708718273412,7
2024-09-16 09:59:09.725,418.5794308488785,101
2024-09-16 09:59:09.738,418.5717054933952,6
2024-09-16 09:59:09.856,418.5764133831168,7
2024-09-16 09:59:09.876,418.5876222564253,97
2024-09-16 09:59:09.891,418.5665918745337,13
2024-09-16 09:59:10.914,418.58257582903855,15
2024-09-16 09:59:12.007,418.5781619509566,6
2024-09-16 09:59:12.030,418.5983847314222,96
2024-09-16 09:59:12.099,418.59196847566966,999
2024-09-16 09:59:12.159,418.611714197913,8
2024-09-16 09:59:12.193,418.59451041292607,102
2024-09-16 09:59:12.202,418.5846494670981,98
2024-09-16 09:59:12.302,418.5949704212516,11
2024-09-16 09:59:12.481,418.5685697381554,995
2024-09-16 09:59:12.503,418.5746723841471,1001
2024-09-16 09:59:12.543,418.5880284951798,5
2024-09-16 09:59:12.708,418.5700779451761,999
2024-09-16 09:59:12.872,418.590260083437,102
2024-09-16 09:59:12.879,418.5787547185118,11
2024-09-16 09:59:12.965,418.6000087710463,5
2024-09-16 09:59:13.007,418.598280998728,8
2024-09-16 09:59:13.673,418.60579479015314,12
2024-09-16 09:59:13.771,418.5899993497756,102
2024-09-16 09:59:13.803,418.60891480690094,9
2024-09-16 09:59:14.014,418.6234325441935,1003
2024-09-16 09:59:14.043,418.6887934242141,101
2024-09-16 09:59:14.144,418.6207389037325,5
2024-09-16 09:59:14.152,418.6065066516056,105
2024-09-16 09:59:14.171,418.61115979909977,1002
2024-09-16 09:59:14.180,418.68820879228105,10
2024-09-16 09:59:14.199,418.6252250347944,10
2024-09-16 09:59:14.258,418.6839682760708,100
2024-09-16 09:59:14.281,418.6197339361577,101
2024-09-16 09:59:14.302,418.6461492530968,97
2024-09-16 09:59:14.309,418.6509749571892,1004
2024-09-16 09:59:14.392,418.62524599223,995
2024-09-16 09:59:14.396,418.65236493354456,1004
2024-09-16 09:59:14.494,418.6966509352918,14
2024-09-16 09:59:14.505,418.6661557147484,10
2024-09-16 09:59:14.681,418.64871749174,7
2024-09-16 09:59:14.689,418.6961247424199,997
2024-09-16 09:59:14.751,418.6473742641229,10
2024-09-16 09:59:14.800,418.62280139365737,996
2024-09-16 09:59:15.053,418.68099838752335,14
2024-09-16 09:59:15.186,418.66751634554566,104
2024-09-16 09:59:15.311,418.6711510581555,15
2024-09-16 09:59:15.320,418.6493219311055,15
2024-09-16 09:59:15.348,418.6755913744221,13
2024-09-16 09:59:15.351,418.6243045983471,95
2024-09-16 09:59:15.383,418.6670292651373,99
2024-09-16 09:59:15.651,418.67245612318834,1003
2024-09-16 09:59:15.696,418.6906120916424,96
2024-09-16 09:59:15.804,418.62108046375374,100
2024-09-16 09:59:16.024,418.6293215056059,95
2024-09-16 09:59:16.158,418.617020039294,996
2024-09-16 09:59:16.231,418.64814829504434,13
2024-09-16 09:59:16.292,418.603955508381,998
2024-09-16 09:59:16.455,418.6080703295653,997
2024-09-16 09:59:16.478,418.6190363678157,997
2024-09-16 09:59:16.620,418.6494197443402,103
2024-09-16 09:59:16.659,418.6276032952881,997
2024-09-16 09:59:16.817,418.63937673074224,5
2024-09-16 09:59:17.012,41.85991033233279,6
2024-09-16 09:59:17.032,418.5666277976226,98
2024-09-16 09:59:17.072,418.5849871523856,6
2024-09-16 09:59:17.121,418.5733404682657,1003
2024-09-16 09:59:17.140,418.5163049781319,14
2024-09-16 09:59:17.151,418.5935735106226,1002
2024-09-16 09:59:17.152,418.5532034310225,1003
2024-09-16 09:59:17.244,418.5273762793178,997
2024-09-16 09:59:17.253,418.6085706200536,10
2024-09-16 09:59:17.256,418.6019917652465,1000
2024-09-16 09:59:17.259,418.5529332950693,5
2024-09-16 09:59:17.327,418.6149856081069,998
2024-09-16 09:59:17.369,418.62250261566936,997
2024-09-16 09:59:17.418,418.6395570175966,1002
2024-09-16 09:59:17.431,418.5937699572741,12
2024-09-16 09:59:17.477,418.6175833709028,1004
2024-09-16 09:59:17.491,418.6084708752045,7
2024-09-16 09:59:17.519,418.6336497308928,97
2024-09-16 09:59:17.544,418.596876293332,99
2024-09-16 09:59:17.549,418.55994242866944,10
2024-09-16 09:59:17.560,418.652583027191,995
2024-09-16 09:59:17.605,418.5968698775976,103
2024-09-16 09:59:17.632,418.6298380097213,15
2024-09-16 09:59:17.653,418.5880523108967,1005
2024-09-16 09:59:17.688,418.5828852364653,10
2024-09-16 09:59:17.770,418.6035370453967,102
2024-09-16 09:59:17.788,418.5850781752686,101
2024-09-16 09:59:17.814,418.5397999249773,1004
2024-09-16 09:59:17.858,418.6226560288895,100
2024-09-16 09:59:17.909,418.584214962518,103
2024-09-16 09:59:18.630,418.5139279635086,995
2024-09-16 09:59:19.488,418.5058667393602,996
2024-09-16 09:59:19.884,418.501346790097,1004
2024-09-16 09:59:20.034,418.5527389143628,98
2024-09-16 09:59:20.165,418.5543039787177,97
2024-09-16 09:59:20.200,418.5212747897157,1004
2024-09-16 09:59:20.229,418.5093438044941,98
2024-09-16 09:59:20.229,418.5335007355906,6
2024-09-16 09:59:20.289,418.5323765139915,12
2024-09-16 09:59:20.425,418.5237005092088,5
2024-09-16 09:59:20.554,418.5449884745199,105
2024-09-16 09:59:20.603,418.5149254610112,105
2024-09-16 09:59:20.604,418.5283398366103,1004
2024-09-16 09:59:20.676,418.4769800199457,998
2024-09-16 09:59:20.690,418.5031094957728,95
2024-09-16 09:59:20.758,418.5174855190919,8
2024-09-16 09:59:20.792,418.4902973240259,95
2024-09-16 09:59:20.817,418.5503097347583,102
2024-09-16 09:59:20.845,418.52603027706414,1000
2024-09-16 09:59:20.861,418.4994684553509,1003
2024-09-16 09:59:20.869,418.53631412059457,104
2024-09-16 09:59:20.920,418.5449057321927,99
2024-09-16 09:59:20.934,418.5037371843844,1000
2024-09-16 09:59:20.950,418.52742774529065,997
2024-09-16 09:59:20.998,418.4953331200908,996
2024-09-16 09:59:21.009,418.5256473620885,1003
2024-09-16 09:59:21.033,418.49730946166926,1004
2024-09-16 09:59:21.065,418.51754102252727,1000
2024-09-16 09:59:21.078,418.5265041812985,999
2024-09-16 09:59:21.124,418.4981234276061,99
2024-09-16 09:59:21.126,418.4935437636808,1005
2024-09-16 09:59:21.231,418.50191680121134,997
2024-09-16 09:59:21.331,418.4997591009249,99
2024-09-16 09:59:21.367,418.5054381964142,15
2024-09-16 09:59:21.665,418.4993798523517,99
2024-09-16 09:59:21.687,418.5088492753047,995
2024-09-16 09:59:21.745,418.4905177545824,1001
2024-09-16 09:59:21.750,418.48088252830433,11
2024-09-16 09:59:21.763,418.5030233347425,1003
2024-09-16 09:59:21.852,418.5148733268359,102
2024-09-16 09:59:21.862,418.4996166796621,100
2024-09-16 09:59:21.921,418.4905105719717,999
2024-09-16 09:59:21.926,418.50512780030783,9
2024-09-16 09:59:21.933,418.5034439246098,105
2024-09-16 09:59:21.958,418.4978520112959,101
2024-09-16 09:59:21.978,418.5000239342624,1002
2024-09-16 09:59:21.989,418.4912152753352,1003
2024-09-16 09:59:22.085,418.4667192746248,1004
2024-09-16 09:59:22.136,418.51963795159696,104
2024-09-16 09:59:22.167,418.5325871830803,1002
2024-09-16 09:59:22.180,418.5165183735062,1003
2024-09-16 09:59:22.213,418.4805006384876,102
2024-09-16 09:59:22.308,418.480376443929,103
2024-09-16 09:59:22.453,418.49715061984784,14
2024-09-16 09:59:22.547,418.5241264616872,99
2024-09-16 09:59:22.719,418.47380904714856,95
2024-09-16 09:59:22.720,418.508480056129,13
2024-09-16 09:59:22.921,418.53311605795625,10
2024-09-16 09:59:23.051,418.44859035583056,1001
2024-09-16 09:59:23.166,418.4629815010168,13
2024-09-16 09:59:23.178,418.454749799632,7
2024-09-16 09:59:23.195,418.4437107969162,11
2024-09-16 09:59:23.205,418.4397513986055,102
2024-09-16 09:59:23.217,418.4623295190249,1000
2024-09-16 09:59:23.242,418.4565810168778,12
2024-09-16 09:59:23.316,418.4612376365095,1001
2024-09-16 09:59:23.351,418.4553944985831,995
2024-09-16 09:59:23.363,418.449805278474,997
2024-09-16 09:59:23.386,418.4634012473817,996
2024-09-16 09:59:23.586,418.4558001712023,11
2024-09-16 09:59:23.631,418.4236281898986,98
2024-09-16 09:59:23.681,418.4463504683687,1001
2024-09-16 09:59:23.706,418.452030433912,13
2024-09-16 09:59:23.707,418.4380436167192,14
2024-09-16 09:59:23.712,418.430810485467,1005
2024-09-16 09:59:23.908,418.4569107333834,1000
2024-09-16 09:59:23.908,418.4341840540848,1000
2024-09-16 09:59:24.279,418.4096079605576,95
2024-09-16 09:59:24.376,418.4164890836764,5
2024-09-16 09:59:24.572,418.39722373163136,102
2024-09-16 09:59:24.659,418.4199776493011,11
2024-09-16 09:59:25.073,418.424196136247,99
2024-09-16 09:59:25.489,418.39808479225024,13
2024-09-16 09:59:25.499,418.41668515857833,14
2024-09-16 09:59:25.726,418.4201109218662,995
2024-09-16 09:59:26.034,418.39419300479005,997
2024-09-16 09:59:26.096,418.402805876845,97
2024-09-16 09:59:26.500,418.3587643146364,97
2024-09-16 09:59:26.589,418.3772191158081,12
2024-09-16 09:59:26.950,418.3964605618231,101
2024-09-16 09:59:27.040,418.31041726666064,1003
2024-09-16 09:59:27.082,418.3153870636945,96
2024-09-16 09:59:27.120,418.3047409264225,7
2024-09-16 09:59:27.212,418.29401839547927,14
2024-09-16 09:59:27.240,418.2377900891619,7
2024-09-16 09:59:27.247,418.2988113517938,14
2024-09-16 09:59:27.285,418.3527768894479,997
2024-09-16 09:59:27.399,418.29696083727447,13
2024-09-16 09:59:27.424,418.3109877037941,1005
2024-09-16 09:59:27.436,418.30454091512297,5
2024-09-16 09:59:27.455,418.3237603182831,1001
2024-09-16 09:59:27.497,418.32268059808536,8
2024-09-16 09:59:27.576,418.29300770238734,1002
2024-09-16 09:59:27.595,418.29797803319445,105
2024-09-16 09:59:27.596,418.28990141102906,999
2024-09-16 09:59:27.607,418.2339478105288,10
2024-09-16 09:59:27.613,418.3358617467957,1003
2024-09-16 09:59:27.648,418.24577355657726,1004
2024-09-16 09:59:27.688,418.3150948275984,1000
2024-09-16 09:59:27.714,418.3163023252287,1004
2024-09-16 09:59:27.775,418.2939983713099,1000
2024-09-16 09:59:27.847,418.3567994267564,10
2024-09-16 09:59:27.878,418.2235745319576,13
2024-09-16 09:59:27.881,418.3171803495098,101
2024-09-16 09:59:27.897,418.3176130451265,1002
2024-09-16 09:59:27.898,418.294862241399,98
2024-09-16 09:59:27.928,418.3242392225358,105
2024-09-16 09:59:27.961,418.3163424912486,8
2024-09-16 09:59:27.982,418.3153913338473,102
2024-09-16 09:59:28.118,418.24958370540674,1004
2024-09-16 09:59:28.430,418.232498968692,8
2024-09-16 09:59:28.447,418.2398433783637,9
2024-09-16 09:59:28.662,418.2394001953882,1001
2024-09-16 09:59:28.688,418.2469842176318,1005
2024-09-16 09:59:28.694,418.2543258142163,999
2024-09-16 09:59:28.806,418.2233476845549,1003
2024-09-16 09:59:28.931,418.2572110884362,1004
2024-09-16 09:59:29.861,418.24230266212055,14
2024-09-16 09:59:30.107,418.2397849046986,105
2024-09-16 09:59:30.129,418.2309547665948,99
2024-09-16 09:59:30.159,418.2413055582002,1004
2024-09-16 09:59:30.165,418.23035479979296,13
2024-09-16 09:59:30.242,418.2403991891501,1001
2024-09-16 09:59:30.250,418.229771649736,1000
2024-09-16 09:59:30.276,418.2277287705092,999
2024-09-16 09:59:30.282,418.2264090974735,10
2024-09-16 09:59:30.413,418.2343916589828,999
2024-09-16 09:59:30.437,418.2399132976885,104
2024-09-16 09:59:30.486,418.2577627723937,98
2024-09-16 09:59:30.489,418.223999793579,99
2024-09-16 09:59:30.537,418.2688283250261,1003
2024-09-16 09:59:30.540,418.2438657482668,996
2024-09-16 09:59:30.574,418.2588713270608,105
2024-09-16 09:59:30.619,418.2621882660858,13
2024-09-16 09:59:30.687,418.2582010753402,98
2024-09-16 09:59:30.763,418.2578591410573,6
2024-09-16 09:59:30.862,418.2573488713753,997
2024-09-16 09:59:30.905,418.2652658328439,95
2024-09-16 09:59:31.033,418.2401281551497,102
2024-09-16 09:59:31.068,418.255576160438,6
2024-09-16 09:59:31.072,418.2676140020227,95
2024-09-16 09:59:31.166,418.2590774960464,13
2024-09-16 09:59:31.300,418.2877386383096,98
2024-09-16 09:59:31.499,418.2349861781288,999
2024-09-16 09:59:31.628,418.25173117910384,99
2024-09-16 09:59:31.727,418.2434867180721,14
2024-09-16 09:59:31.755,418.2899718486732,999
2024-09-16 09:59:31.790,418.2692577162201,96
2024-09-16 09:59:31.845,418.2713057606039,1003
2024-09-16 09:59:32.830,418.2936327157655,97
2024-09-16 09:59:32.996,418.2821122934868,1005
2024-09-16 09:59:33.007,418.27963438530287,1000
2024-09-16 09:59:33.025,418.1708082418247,996
2024-09-16 09:59:33.083,418.178437733735,1005
2024-09-16 09:59:33.108,418.1687618241269,11
2024-09-16 09:59:33.175,418.1713834972344,101
2024-09-16 09:59:33.182,418.1816063035546,6
2024-09-16 09:59:33.267,418.1851981720448,10
2024-09-16 09:59:33.300,418.1671235720696,97
2024-09-16 09:59:33.366,418.1602597810858,6
2024-09-16 09:59:33.375,418.1875874760879,1001
2024-09-16 09:59:33.523,418.2901458730869,6
2024-09-16 09:59:33.533,418.18478225378186,12
2024-09-16 09:59:33.703,418.21637441827016,103
2024-09-16 09:59:33.749,418.1715406013529,95
2024-09-16 09:59:33.787,418.2412167804808,11
2024-09-16 09:59:33.797,418.2764509683227,105
2024-09-16 09:59:33.902,418.2855172086052,9
2024-09-16 09:59:33.918,418.1766022773248,10
2024-09-16 09:59:33.924,418.1915705641055,12
2024-09-16 09:59:34.001,418.1501237117763,7
2024-09-16 09:59:34.106,418.16978044908393,1001
2024-09-16 09:59:34.173,418.1785189573763,6
2024-09-16 09:59:34.180,418.1645987572618,97
2024-09-16 09:59:34.196,418.17353644674495,14
2024-09-16 09:59:34.197,418.1221462406875,1000
2024-09-16 09:59:34.322,418.1627831244561,996
2024-09-16 09:59:34.332,418.1583752560941,96
2024-09-16 09:59:34.333,418.1820008142036,11
2024-09-16 09:59:34.380,418.1916047271741,103
2024-09-16 09:59:34.438,418.1847385444269,15
2024-09-16 09:59:34.462,418.166158274568,12
2024-09-16 09:59:34.485,418.1329602417833,101
2024-09-16 09:59:34.500,418.1352227739408,100
2024-09-16 09:59:34.539,418.1532406060315,103
2024-09-16 09:59:34.546,418.1070186501048,14
2024-09-16 09:59:34.584,418.1696598988636,6
2024-09-16 09:59:34.617,418.1529931122952,9
2024-09-16 09:59:34.618,-418.1751699870384,103
2024-09-16 09:59:34.653,418.1531694203391,103
2024-09-16 09:59:34.742,418.1734630253192,95
2024-09-16 09:59:34.743,418.1726812168292,100
2024-09-16 09:59:34.795,418.19399308844686,1001
2024-09-16 09:59:34.915,-418.1146906059596,102
2024-09-16 09:59:34.969,418.1443098158089,6
2024-09-16 09:59:35.002,418.1287452044227,98
2024-09-16 09:59:35.028,418.0816452273421,5
2024-09-16 09:59:35.055,418.12337050738296,13
2024-09-16 09:59:35.061,418.0966240476911,12
2024-09-16 09:59:35.107,418.11256989417234,7
2024-09-16 09:59:35.275,418.1072215654128,15
2024-09-16 09:59:35.339,418.069064744685,98
2024-09-16 09:59:35.421,418.0832218116368,998
2024-09-16 09:59:35.478,418.102977658846,6
2024-09-16 09:59:35.510,418.04282638172407,10
2024-09-16 09:59:35.572,418.1025795960397,13
2024-09-16 09:59:35.624,418.1255901786132,995
2024-09-16 09:59:35.697,418.0926984971576,9
2024-09-16 09:59:35.762,418.0350473143316,97
2024-09-16 09:59:35.835,418.1036930253724,96
2024-09-16 09:59:35.855,418.0418634645778,105
2024-09-16 09:59:35.872,418.1039960914499,97
2024-09-16 09:59:35.888,418.0824039384981,14
2024-09-16 09:59:35.906,418.07854262834616,6
2024-09-16 09:59:35.938,418.1015370741135,13
2024-09-16 09:59:35.943,418.1096363120848,103
2024-09-16 09:59:36.109,418.01203375363417,104
2024-09-16 09:59:36.211,418.0245127221471,8
2024-09-16 09:59:36.367,418.0574858302457,6
2024-09-16 09:59:36.421,418.07104857922087,9
2024-09-16 09:59:36.469,418.0463747634823,8
2024-09-16 09:59:36.598,418.0221417345738,14
2024-09-16 09:59:36.636,418.0350020879446,96
2024-09-16 09:59:36.689,418.085807047916,12
2024-09-16 09:59:36.789,418.0503088362888,10
2024-09-16 09:59:36.808,418.031447798569,1004
2024-09-16 09:59:36.830,418.0416218252931,13
2024-09-16 09:59:37.085,418.1514542957642,96
2024-09-16 09:59:37.100,418.1283238370454,998
2024-09-16 09:59:37.136,418.1581921273592,103
2024-09-16 09:59:37.149,418.1474816532261,8
2024-09-16 09:59:37.220,418.184585744094,995
2024-09-16 09:59:37.241,418.120674883388,96
2024-09-16 09:59:37.254,418.1746004362786,10
2024-09-16 09:59:37.335,418.18039281440446,7
2024-09-16 09:59:37.342,418.1741991815016,103
2024-09-16 09:59:37.358,418.1754205286036,100
2024-09-16 09:59:37.360,41.8098551273787,101
2024-09-16 09:59:37.363,418.11117006914935,1005
2024-09-16 09:59:37.390,418.1152301018057,104
2024-09-16 09:59:37.408,418.1493501274701,96
2024-09-16 09:59:37.429,418.14093545780736,5
2024-09-16 09:59:37.461,418.14971430874976,100
2024-09-16 09:59:37.468,418.17712713240616,14
2024-09-16 09:59:37.796,418.1598540189909,102
2024-09-16 09:59:37.834,418.1664665567845,1003
2024-09-16 09:59:37.852,418.1578943932134,1005
2024-09-16 09:59:37.895,418.176224014811,1002
2024-09-16 09:59:37.919,418.10253931021447,102
2024-09-16 09:59:37.944,418.1803359518042,11
2024-09-16 09:59:38.003,418.23574015507097,996
2024-09-16 09:59:38.217,418.2510258973936,11
2024-09-16 09:59:38.238,418.24754994697895,1002
2024-09-16 09:59:38.260,418.2381976791461,995
2024-09-16 09:59:38.291,418.2377793118126,97
2024-09-16 09:59:38.362,418.3215300044127,104
2024-09-16 09:59:38.479,418.2065472701749,995
2024-09-16 09:59:38.523,418.3513441871751,999
2024-09-16 09:59:38.535,418.25270719089326,6
2024-09-16 09:59:38.593,418.3421185156269,96
2024-09-16 09:59:38.712,418.1807051123778,14
2024-09-16 09:59:38.730,418.33308046462014,1000
2024-09-16 09:59:38.781,418.3336862490498,997
2024-09-16 09:59:38.881,418.1957390635651,997
2024-09-16 09:59:38.936,418.28590105681707,1004
2024-09-16 09:59:38.995,418.2382301697787,15
2024-09-16 09:59:39.095,418.3336494396729,8
2024-09-16 09:59:39.136,418.3367462478675,12
2024-09-16 09:59:39.165,418.33455441646095,95
2024-09-16 09:59:39.174,418.3625913871322,999
2024-09-16 09:59:39.498,418.33938975085806,1004
2024-09-16 09:59:39.577,418.35105986502793,9
2024-09-16 09:59:39.588,418.3486982360687,103
2024-09-16 09:59:39.811,418.34597058520063,104
2024-09-16 09:59:39.824,418.35167472148464,15
2024-09-16 09:59:40.063,418.4366980411299,99
2024-09-16 09:59:40.065,418.44142742694,96
2024-09-16 09:59:40.071,418.434757210346,1005
2024-09-16 09:59:40.145,418.4281468123389,12
2024-09-16 09:59:40.184,418.4436585075585,996
2024-09-16 09:59:40.215,418.3764715865014,995
2024-09-16 09:59:40.237,418.4312219652277,996
2024-09-16 09:59:40.238,418.43636480278974,99
2024-09-16 09:59:40.243,418.4528068766076,97
2024-09-16 09:59:40.308,418.43977364663033,98
2024-09-16 09:59:40.338,418.4131886652548,996
2024-09-16 09:59:40.363,418.4213387114983,103
2024-09-16 09:59:40.367,418.3985890060421,97
2024-09-16 09:59:40.380,418.3979445642333,96
2024-09-16 09:59:40.442,418.44290715144166,98
2024-09-16 09:59:40.473,418.44715673696976,100
2024-09-16 09:59:40.502,418.4390844186264,1002
2024-09-16 09:59:40.504,41.83950007415999,14
2024-09-16 09:59:40.540,418.4317843869997,100
2024-09-16 09:59:40.629,418.450000644614,104
2024-09-16 09:59:40.666,418.4389883194751,995
2024-09-16 09:59:40.727,418.4447024704075,98
2024-09-16 09:59:40.756,418.4379535231804,5
2024-09-16 09:59:40.869,418.4177085934887,997
2024-09-16 09:59:40.878,,1004
2024-09-16 09:59:40.889,418.42628641950176,9
2024-09-16 09:59:40.897,418.3877290050327,102
2024-09-16 09:59:40.950,418.37801458467766,105
2024-09-16 09:59:41.128,418.4296348363764,103
2024-09-16 09:59:41.222,418.4613462815089,10
2024-09-16 09:59:41.225,418.4459638530652,998
2024-09-16 09:59:41.276,418.4570346926388,101
2024-09-16 09:59:41.368,418.43833050510233,1005
2024-09-16 09:59:41.368,418.4446571172764,98
2024-09-16 09:59:41.373,418.3715350768427,95
2024-09-16 09:59:41.410,418.39922150394375,13
2024-09-16 09:59:41.424,418.4566830394357,1004
2024-09-16 09:59:41.513,418.3951261022214,997
2024-09-16 09:59:41.540,418.445418247829,13
2024-09-16 09:59:41.544,418.4433392558129,13
2024-09-16 09:59:41.554,418.450216274896,99
2024-09-16 09:59:41.568,418.4325415535964,103
2024-09-16 09:59:41.579,418.4594774092607,99
2024-09-16 09:59:41.629,418.43807433552826,101
2024-09-16 09:59:41.637,418.3737703401939,1002
2024-09-16 09:59:41.690,418.3890160904272,1000
2024-09-16 09:59:41.746,418.3587410858451,5
2024-09-16 09:59:41.781,418.4596523832809,999
2024-09-16 09:59:41.831,418.4013845432733,14
2024-09-16 09:59:41.949,418.3249792086293,5
2024-09-16 09:59:41.998,418.4370536098506,10
2024-09-16 09:59:42.040,418.2922862078498,96
2024-09-16 09:59:42.040,418.28307676099706,13
2024-09-16 09:59:42.073,418.31826702214073,104
2024-09-16 09:59:42.128,418.3089258327058,1000
2024-09-16 09:59:42.140,418.298907064602,7
2024-09-16 09:59:42.156,418.29829530390106,9
2024-09-16 09:59:42.204,418.2572007886639,9
2024-09-16 09:59:42.239,418.2941610879867,1001
2024-09-16 09:59:42.298,418.2913071885145,95
2024-09-16 09:59:42.344,418.2874451357781,97
2024-09-16 09:59:42.397,418.28045778572925,105
2024-09-16 09:59:42.413,418.3352857580292,104
2024-09-16 09:59:42.437,418.27309013199954,1005
2024-09-16 09:59:42.450,418.2825942593052,99
2024-09-16 09:59:42.478,418.3117770696596,95
2024-09-16 09:59:42.482,418.300768572628,102
2024-09-16 09:59:42.557,418.261237456508,1001
2024-09-16 09:59:42.585,418.33029043824274,12
2024-09-16 09:59:42.697,418.2919884333761,1005
2024-09-16 09:59:42.727,418.2938343960081,7
2024-09-16 09:59:42.743,418.2748718733506,995
2024-09-16 09:59:42.773,418.2644980826923,1004
2024-09-16 09:59:42.844,418.2928694720956,105
2024-09-16 09:59:42.896,418.24941096375017,101
2024-09-16 09:59:42.968,418.2821409431861,995
2024-09-16 09:59:42.970,418.29984151751904,99
2024-09-16 09:59:43.130,418.3224307961587,97
2024-09-16 09:59:43.185,418.28623885399526,997
2024-09-16 09:59:43.278,418.30451105604544,100
2024-09-16 09:59:43.409,418.2807100301637,997
2024-09-16 09:59:43.507,418.2597444920453,995
2024-09-16 09:59:43.609,418.29770850286735,5
2024-09-16 09:59:43.717,418.2811594442624,1005
2024-09-16 09:59:43.796,418.2570528832305,104
2024-09-16 09:59:43.827,418.3220242921909,10
2024-09-16 09:59:43.854,418.2982013384493,1005
2024-09-16 09:59:43.890,418.2609612615394,6
2024-09-16 09:59:43.909,418.3163283812064,8
2024-09-16 09:59:43.971,418.2691284748589,14
2024-09-16 09:59:44.003,418.26734886972696,11
2024-09-16 09:59:44.038,418.25586544980905,97
2024-09-16 09:59:44.104,41.81545885269073,6
2024-09-16 09:59:44.119,418.2468480468596,11
2024-09-16 09:59:44.128,418.2282517578232,96
2024-09-16 09:59:44.141,418.17683947944624,6
2024-09-16 09:59:44.215,418.235844608544,8
2024-09-16 09:59:44.270,418.25939197817627,7
2024-09-16 09:59:44.280,418.2431588331223,105
2024-09-16 09:59:44.314,418.1854000923024,997
2024-09-16 09:59:44.375,418.2269454412184,6
2024-09-16 09:59:44.457,418.2399804009492,5
2024-09-16 09:59:44.545,418.25366989148085,995
2024-09-16 09:59:44.624,418.25126699517546,6
2024-09-16 09:59:44.701,418.30036248119575,12
2024-09-16 09:59:44.777,418.27221470006566,1000
2024-09-16 09:59:44.779,418.2507614897696,99
2024-09-16 09:59:44.798,418.148549186359,103
2024-09-16 09:59:44.855,418.2371569220514,998
2024-09-16 09:59:44.873,418.22730662130215,13
2024-09-16 09:59:44.904,418.20539817852097,97
2024-09-16 09:59:44.947,418.2429739919063,15
2024-09-16 09:59:45.052,418.1589160972844,995
2024-09-16 09:59:45.145,41.81908867564064,8
2024-09-16 09:59:45.170,418.1987531332636,11
2024-09-16 09:59:45.243,418.1689254735407,1002
2024-09-16 09:59:45.278,418.18085583140856,103
2024-09-16 09:59:45.314,418.1772746181891,100
2024-09-16 09:59:45.331,418.1864524935797,105
2024-09-16 09:59:45.363,418.18918645609375,6
2024-09-16 09:59:45.393,418.1846189309169,11
2024-09-16 09:59:45.503,418.1504101661632,12
2024-09-16 09:59:45.578,418.1827091236697,14
2024-09-16 09:59:45.617,418.1736862092537,1004
2024-09-16 09:59:45.727,418.1459065355024,13
2024-09-16 09:59:45.757,418.1802591237709,10
2024-09-16 09:59:45.866,418.19642717248286,7
2024-09-16 09:59:45.958,418.1760831392852,1004
2024-09-16 09:59:46.002,418.2366304348121,101
2024-09-16 09:59:46.085,418.1929728039018,1000
2024-09-16 09:59:46.176,418.1921909876936,1000
2024-09-16 09:59:46.216,418.2041704783786,98
2024-09-16 09:59:46.308,418.19546505393953,995
2024-09-16 09:59:46.323,418.2111995065433,99
2024-09-16 09:59:46.356,418.21986340979527,12
2024-09-16 09:59:46.395,418.2077165546321,1005
2024-09-16 09:59:46.458,41.82021133759969,14
2024-09-16 09:59:46.540,418.2290275604433,98
2024-09-16 09:59:46.570,418.1932383446884,1001
2024-09-16 09:59:46.599,418.19914390580544,9
2024-09-16 09:59:46.662,418.2041733130391,99
2024-09-16 09:59:46.702,418.2189839262464,99
2024-09-16 09:59:46.796,418.1982088908759,1004
2024-09-16 09:59:46.813,418.2147970380261,996
2024-09-16 09:59:46.862,418.22741324277,8
2024-09-16 09:59:47.062,418.19892431565904,14
2024-09-16 09:59:47.076,418.2040379797088,11
2024-09-16 09:59:47.085,418.2059424429317,99
2024-09-16 09:59:47.088,418.21787708985295,7
2024-09-16 09:59:47.244,418.1487712776597,1005
2024-09-16 09:59:47.278,418.18277922744414,10
2024-09-16 09:59:47.366,418.2097063496763,997
2024-09-16 09:59:47.368,-418.172210487438,6
2024-09-16 09:59:47.405,418.1801139283429,996
2024-09-16 09:59:47.420,418.2013253233044,100
2024-09-16 09:59:47.432,418.1789386497673,11
2024-09-16 09:59:47.547,418.1551019072533,14
2024-09-16 09:59:47.621,418.18502735205584,995
2024-09-16 09:59:47.642,418.2174928928867,104
2024-09-16 09:59:47.732,418.1911243936445,13
2024-09-16 09:59:47.758,418.1707659026872,105
2024-09-16 09:59:47.882,418.1855476031048,5
2024-09-16 09:59:47.995,418.1983311221099,7
2024-09-16 09:59:48.030,418.17972449806126,1005
2024-09-16 09:59:48.032,418.20203136962107,8
2024-09-16 09:59:48.118,418.1643079712674,103
2024-09-16 09:59:48.119,418.1683973241026,996
2024-09-16 09:59:48.378,418.174869201069,1000
2024-09-16 09:59:48.393,418.1617597150819,1005
2024-09-16 09:59:48.433,418.15936123203664,998
2024-09-16 09:59:48.466,418.1690656750738,998
2024-09-16 09:59:48.776,418.1650902189445,8
2024-09-16 09:59:48.802,418.1927553793463,1005
2024-09-16 09:59:48.823,418.1613998772389,14
2024-09-16 09:59:48.839,418.1902113681997,98
2024-09-16 09:59:48.914,418.1620716612376,1002
2024-09-16 09:59:48.915,418.2066069687774,98
2024-09-16 09:59:48.950,418.1608849049085,1000
2024-09-16 09:59:48.989,418.2069478447551,1004
2024-09-16 09:59:49.050,418.13209197580784,96
2024-09-16 09:59:49.077,418.1835990094983,1003
2024-09-16 09:59:49.161,,97
2024-09-16 09:59:49.217,,14
2024-09-16 09:59:49.322,418.1544782684072,999
2024-09-16 09:59:49.395,418.1192246575398,102
2024-09-16 09:59:49.466,418.11294191046375,10
2024-09-16 09:59:49.707,418.1357301283116,1004
2024-09-16 09:59:49.777,418.170821921937,999
2024-09-16 09:59:49.806,418.09979099120136,8
2024-09-16 09:59:49.813,418.1574851277054,1003
2024-09-16 09:59:49.886,418.1564953655397,14
2024-09-16 09:59:49.987,418.1278745001312,102
2024-09-16 09:59:50.011,418.16103215538976,95
2024-09-16 09:59:50.089,418.1480021679265,10
2024-09-16 09:59:50.129,418.15039384207,999
2024-09-16 09:59:50.826,418.1694201651346,96
2024-09-16 09:59:50.834,418.1442186303496,96
2024-09-16 09:59:50.888,418.1446387389174,5
2024-09-16 09:59:50.921,418.1318467814639,104
2024-09-16 09:59:50.966,418.1473021398477,1000
2024-09-16 09:59:51.031,418.17332450706,997
2024-09-16 09:59:51.050,418.1863721858373,999
2024-09-16 09:59:51.266,418.167644687387,14
2024-09-16 09:59:51.357,418.1703930480699,9
2024-09-16 09:59:51.379,418.1874215882419,12
2024-09-16 09:59:51.380,418.17462079690506,105
2024-09-16 09:59:51.799,418.1619291707443,97
2024-09-16 09:59:52.507,418.15819597909575,95
2024-09-16 09:59:53.007,418.19408499610336,8
2024-09-16 09:59:53.053,418.18257896591416,101
2024-09-16 09:59:53.293,418.1930065864268,997
2024-09-16 09:59:53.447,418.1588332606064,996
2024-09-16 09:59:53.462,41.817385672382265,15
2024-09-16 09:59:53.517,418.2043642552625,104
2024-09-16 09:59:53.528,418.1751068674247,7
2024-09-16 09:59:53.647,418.1864419921422,102
2024-09-16 09:59:53.793,418.1902497382647,14
2024-09-16 09:59:53.870,418.1717808227042,12
2024-09-16 09:59:53.903,418.2112478577009,105
2024-09-16 09:59:53.940,418.1552989018993,95
2024-09-16 09:59:54.223,418.1418048033177,100
2024-09-16 09:59:54.308,418.1063627726992,14
2024-09-16 09:59:54.317,418.1185678485447,99
2024-09-16 09:59:54.338,418.1601675742442,103
2024-09-16 09:59:54.338,418.0882375824298,14
2024-09-16 09:59:54.348,418.089536214461,15
2024-09-16 09:59:54.352,418.1444071215148,99
2024-09-16 09:59:54.380,418.1417901875002,999
2024-09-16 09:59:54.386,418.1326572775967,9
2024-09-16 09:59:54.424,418.1472672255273,8
2024-09-16 09:59:54.453,418.12472037104607,1001
2024-09-16 09:59:54.607,418.13861117718176,1002
2024-09-16 09:59:54.612,418.1063788758216,104
2024-09-16 09:59:54.621,418.1386018983738,15
2024-09-16 09:59:54.712,418.1471517979359,101
2024-09-16 09:59:54.720,418.0994475767733,996
2024-09-16 09:59:54.752,418.1193462552501,8
2024-09-16 09:59:54.753,418.1224286178696,6
2024-09-16 09:59:54.765,418.09768954757226,998
2024-09-16 09:59:54.820,418.1518728143429,9
2024-09-16 09:59:54.880,418.1554751419407,996
2024-09-16 09:59:54.888,418.1514204425646,12
2024-09-16 09:59:54.893,418.0932982735396,998
2024-09-16 09:59:54.954,418.1063416977604,7
2024-09-16 09:59:55.269,418.1348721481663,1004
2024-09-16 09:59:55.350,418.0930637008551,14
2024-09-16 09:59:55.662,418.0881156587221,96
2024-09-16 09:59:55.674,418.1317532535274,102
2024-09-16 09:59:55.850,418.09064894371255,103
2024-09-16 09:59:55.942,418.1015795176941,95
2024-09-16 09:59:56.048,418.1528666294146,997
2024-09-16 09:59:56.368,418.162445090203,96
2024-09-16 09:59:56.533,418.1695470545286,103
2024-09-16 09:59:56.576,418.1433791177621,7
2024-09-16 09:59:56.640,418.12639808098834,995
2024-09-16 09:59:56.675,418.1343410319621,6
2024-09-16 09:59:56.851,418.1634212351509,1000
2024-09-16 09:59:56.992,418.161340822674,100
2024-09-16 09:59:57.002,418.19396825946296,12
2024-09-16 09:59:57.040,418.1562099458293,11
2024-09-16 09:59:57.101,418.1218888442586,96
2024-09-16 09:59:57.215,418.1346827470743,1001
2024-09-16 09:59:57.243,418.127248469624,99
2024-09-16 09:59:57.315,418.1731816004757,1001
2024-09-16 09:59:57.339,418.172441071939,14
2024-09-16 09:59:57.395,418.1915214038621,1002
2024-09-16 09:59:57.420,418.1531362704323,6
2024-09-16 09:59:57.441,418.1586589532574,999
2024-09-16 09:59:57.473,418.1340506299573,5
2024-09-16 09:59:57.704,418.1543721731854,95
2024-09-16 09:59:57.746,418.1784461399653,104
2024-09-16 09:59:57.769,418.15670529556553,100
2024-09-16 09:59:57.778,418.1284856441959,103
2024-09-16 09:59:57.779,,96
2024-09-16 09:59:57.825,418.1462046331845,9
2024-09-16 09:59:57.844,418.1555681111448,8
2024-09-16 09:59:57.893,418.1498340329446,104
2024-09-16 09:59:57.930,418.1841485410069,14
2024-09-16 09:59:57.930,418.1418560753385,1004
2024-09-16 09:59:58.008,418.1395523701181,999
2024-09-16 09:59:58.069,418.1263517606787,97
2024-09-16 09:59:58.079,418.16739577608337,96
2024-09-16 09:59:58.144,418.1315992430327,1002
2024-09-16 09:59:58.172,418.1380881067371,96
2024-09-16 09:59:58.179,418.1192306512543,9
2024-09-16 09:59:58.179,418.13883642418494,100
2024-09-16 09:59:58.317,418.12275118410656,105
2024-09-16 09:59:58.453,418.1359618416075,102
2024-09-16 09:59:58.551,418.138738512049,1002
2024-09-16 09:59:58.562,418.171178979517,102
2024-09-16 09:59:58.597,418.14986446974206,995
2024-09-16 09:59:58.625,418.1366634114149,10
2024-09-16 09:59:58.655,418.1431671220859,999
2024-09-16 09:59:58.662,418.1295157198755,11
2024-09-16 09:59:58.702,418.1253613781968,1004
2024-09-16 09:59:58.734,418.14899921915776,1003
2024-09-16 09:59:58.782,418.1314361579254,995
2024-09-16 09:59:58.824,418.17760038248537,100
2024-09-16 09:59:58.825,418.15414681899824,100
2024-09-16 09:59:58.874,-418.1257307844979,1002
2024-09-16 09:59:59.005,418.1396461650425,102
2024-09-16 09:59:59.188,418.1437167114336,13
2024-09-16 09:59:59.200,418.1298193183048,99
2024-09-16 09:59:59.201,418.141528570278,1001
2024-09-16 09:59:59.464,418.1302344431732,1001
2024-09-16 09:59:59.613,418.1300835875397,10
2024-09-16 09:59:59.759,418.149171261961,8
2024-09-16 09:59:59.779,418.14024293679097,13
2024-09-16 09:59:59.889,-418.13721589055547,996
2024-09-16 09:59:59.899,418.1265250231714,11
