Timestamp,Price,Size
2024-09-17 15:53:00.110,407.7746976983556,10
2024-09-17 15:53:00.146,407.7701633275834,95
2024-09-17 15:53:00.231,407.77626199733857,13
2024-09-17 15:53:00.283,407.7792943071558,98
2024-09-17 15:53:00.449,407.7831517156973,97
2024-09-17 15:53:00.718,407.7685071224749,10
2024-09-17 15:53:00.792,407.7828258529175,102
2024-09-17 15:53:00.911,407.760467876221,101
2024-09-17 15:53:01.106,407.7401518795072,6
2024-09-17 15:53:01.330,407.75917744424544,99
2024-09-17 15:53:01.450,407.7508486148839,1001
2024-09-17 15:53:01.597,407.7723704169756,97
2024-09-17 15:53:01.932,407.7562262338181,9
2024-09-17 15:53:01.986,407.7701920330208,1002
2024-09-17 15:53:01.993,407.74161187157097,10
2024-09-17 15:53:02.015,407.7452073578061,7
2024-09-17 15:53:02.062,407.6921804525983,14
2024-09-17 15:53:02.104,407.6300258965439,1005
2024-09-17 15:53:02.158,407.6642494088016,6
2024-09-17 15:53:02.230,407.6030124458986,102
2024-09-17 15:53:02.250,407.7584300011407,102
2024-09-17 15:53:02.272,407.71761928071584,1000
2024-09-17 15:53:02.272,407.6054278373289,997
2024-09-17 15:53:02.282,407.7087543419999,103
2024-09-17 15:53:02.292,407.6372644364087,99
2024-09-17 15:53:02.301,407.6051690549159,96
2024-09-17 15:53:02.415,407.6313588281947,1002
2024-09-17 15:53:02.421,407.7447252304058,97
2024-09-17 15:53:02.422,407.6690107952202,6
2024-09-17 15:53:02.521,407.6428259867694,1001
2024-09-17 15:53:02.596,407.75316883418094,103
2024-09-17 15:53:02.627,407.65290278705663,7
2024-09-17 15:53:02.630,407.62325300937766,13
2024-09-17 15:53:02.654,407.6667235783063,1003
2024-09-17 15:53:02.705,407.6545113186445,104
2024-09-17 15:53:02.723,407.64688204395566,97
2024-09-17 15:53:02.732,407.65554565450014,102
2024-09-17 15:53:02.765,407.6406009415769,97
2024-09-17 15:53:02.817,407.6541318986055,12
2024-09-17 15:53:02.843,407.691924489697,1004
2024-09-17 15:53:02.855,407.6498534381607,101
2024-09-17 15:53:02.882,407.7328459096526,1003
2024-09-17 15:53:02.970,407.7303834478827,15
2024-09-17 15:53:02.994,407.711544947524,102
2024-09-17 15:53:03.145,407.6069944562874,996
2024-09-17 15:53:03.298,407.6340754301037,99
2024-09-17 15:53:03.345,407.6082604880492,97
2024-09-17 15:53:03.348,407.5852658438772,103
2024-09-17 15:53:03.370,407.6255641250922,11
2024-09-17 15:53:03.432,407.6192653049328,1000
2024-09-17 15:53:03.461,407.6332207146059,102
2024-09-17 15:53:03.467,407.6157836481205,13
2024-09-17 15:53:03.494,407.62327003269314,1000
2024-09-17 15:53:03.523,407.61634476220576,5
2024-09-17 15:53:03.573,407.5774486027431,1000
2024-09-17 15:53:03.650,407.6418667515417,1003
2024-09-17 15:53:03.723,407.6372498699946,7
2024-09-17 15:53:03.846,407.5906497701422,9
2024-09-17 15:53:04.027,407.4528561278586,995
2024-09-17 15:53:04.107,407.4928112991607,101
2024-09-17 15:53:04.192,407.5347549958377,97
2024-09-17 15:53:04.230,407.4427969486432,7
2024-09-17 15:53:04.230,407.4907187196303,1001
2024-09-17 15:53:04.294,407.5357982384447,8
2024-09-17 15:53:04.403,407.5716513534404,15
2024-09-17 15:53:04.418,407.50599521830935,8
2024-09-17 15:53:04.533,407.4614982571875,101
2024-09-17 15:53:04.551,407.46487208129656,997
2024-09-17 15:53:04.675,407.54146620209656,7
2024-09-17 15:53:04.711,407.5412610337109,996
2024-09-17 15:53:04.740,407.4920172223459,13
2024-09-17 15:53:04.928,407.4692854581804,103
2024-09-17 15:53:04.943,407.4791466928867,1002
2024-09-17 15:53:04.968,407.5224472324486,9
2024-09-17 15:53:04.978,407.46257586214847,98
2024-09-17 15:53:05.408,407.43729825747727,997
2024-09-17 15:53:06.117,407.3798144267673,1002
2024-09-17 15:53:06.117,407.4296861333272,1002
2024-09-17 15:53:06.152,407.3664754432799,995
2024-09-17 15:53:06.241,407.3847714501907,101
2024-09-17 15:53:06.275,407.364602928238,11
2024-09-17 15:53:06.358,407.37046043444354,999
2024-09-17 15:53:06.406,407.382173331574,6
2024-09-17 15:53:06.463,407.373008643477,7
2024-09-17 15:53:06.471,407.41016097411017,100
2024-09-17 15:53:06.549,407.346151039773,100
2024-09-17 15:53:06.559,407.4136900452301,999
2024-09-17 15:53:06.603,407.3293636853224,103
2024-09-17 15:53:06.664,407.3891785801965,10
2024-09-17 15:53:06.677,407.4450578094821,14
2024-09-17 15:53:06.688,407.3758660562992,14
2024-09-17 15:53:06.710,407.41079783704754,104
2024-09-17 15:53:06.715,407.3590047484415,105
2024-09-17 15:53:06.876,407.3939447375348,99
2024-09-17 15:53:06.933,407.402622575965,100
2024-09-17 15:53:06.940,407.3971020889538,14
2024-09-17 15:53:07.022,407.3390697179751,99
2024-09-17 15:53:07.052,407.3561193209453,1003
2024-09-17 15:53:07.060,407.3559133071914,100
2024-09-17 15:53:07.081,407.33878054266114,6
2024-09-17 15:53:07.129,407.3183477164613,1004
2024-09-17 15:53:07.150,407.35374115903545,13
2024-09-17 15:53:07.174,407.335259374552,102
2024-09-17 15:53:07.231,407.3459679881205,1005
2024-09-17 15:53:07.248,407.35620171392605,1000
2024-09-17 15:53:07.257,407.33652984347486,103
2024-09-17 15:53:07.277,407.31985392692127,8
2024-09-17 15:53:07.290,407.3194430711207,8
2024-09-17 15:53:07.314,407.3305852143213,6
2024-09-17 15:53:07.357,407.3230822132114,13
2024-09-17 15:53:07.363,407.3548305191328,1001
2024-09-17 15:53:07.394,407.3224114126737,12
2024-09-17 15:53:07.481,407.373163528611,103
2024-09-17 15:53:07.508,407.3681043441258,99
2024-09-17 15:53:07.548,407.3440157672079,997
2024-09-17 15:53:07.557,407.341006693584,997
2024-09-17 15:53:07.606,407.37094648063567,5
2024-09-17 15:53:07.667,407.3161014543172,105
2024-09-17 15:53:07.834,407.32734661798094,999
2024-09-17 15:53:07.848,407.3513584195837,14
2024-09-17 15:53:07.884,407.3392518084824,102
2024-09-17 15:53:07.923,407.3432518967573,98
2024-09-17 15:53:07.925,407.37481426501466,105
2024-09-17 15:53:07.982,407.3449780277441,999
2024-09-17 15:53:07.994,407.3524283702546,12
2024-09-17 15:53:07.999,407.3407214036461,100
2024-09-17 15:53:08.025,407.40541655408936,100
2024-09-17 15:53:08.110,407.41238427444495,8
2024-09-17 15:53:08.201,407.3750521181465,1000
2024-09-17 15:53:08.265,407.4197600459853,96
2024-09-17 15:53:08.281,407.4344527203426,8
2024-09-17 15:53:08.304,407.4066108861807,10
2024-09-17 15:53:08.328,407.3953056301417,1002
2024-09-17 15:53:08.406,407.4154484650196,1000
2024-09-17 15:53:08.413,407.43799863666726,1001
2024-09-17 15:53:08.416,407.4088363767586,997
2024-09-17 15:53:08.443,407.4249847239874,98
2024-09-17 15:53:08.464,407.4039247221776,8
2024-09-17 15:53:08.494,407.43201023639926,11
2024-09-17 15:53:08.522,407.4336477391276,11
2024-09-17 15:53:08.582,407.4415985332506,104
2024-09-17 15:53:08.661,407.3827307883604,14
2024-09-17 15:53:08.739,407.4308009478401,99
2024-09-17 15:53:08.746,407.41649404924914,100
2024-09-17 15:53:08.813,407.4179509866532,102
2024-09-17 15:53:08.834,407.4082242833583,97
2024-09-17 15:53:08.924,407.3752406494349,997
2024-09-17 15:53:08.951,407.4168528340469,995
2024-09-17 15:53:08.960,407.42461475025794,7
2024-09-17 15:53:08.964,407.42308835259263,97
2024-09-17 15:53:08.999,407.4071339804319,12
2024-09-17 15:53:09.373,407.4353578718115,15
2024-09-17 15:53:09.485,414.9211071970481,1004
2024-09-17 15:53:10.119,407.3988805028741,995
2024-09-17 15:53:10.270,407.409722646902,101
2024-09-17 15:53:10.455,407.3980069225158,6
2024-09-17 15:53:10.580,407.39188981342375,998
2024-09-17 15:53:10.617,407.4253265149673,996
2024-09-17 15:53:10.661,407.384749488274,11
2024-09-17 15:53:10.683,407.3708944674958,104
2024-09-17 15:53:10.711,407.39253086138416,1000
2024-09-17 15:53:10.831,407.4122255214722,10
2024-09-17 15:53:10.992,407.3752913449244,8
2024-09-17 15:53:12.016,407.3531922060413,8
2024-09-17 15:53:12.060,407.3456793920949,99
2024-09-17 15:53:12.099,,9
2024-09-17 15:53:12.145,407.35904052333774,12
2024-09-17 15:53:12.223,407.3312861389872,9
2024-09-17 15:53:12.237,407.3346071922115,105
2024-09-17 15:53:12.319,407.33539842319095,8
2024-09-17 15:53:12.324,407.3214360241765,10
2024-09-17 15:53:12.439,407.3645444432767,7
2024-09-17 15:53:12.464,407.3438125076333,997
2024-09-17 15:53:12.531,407.3234231556107,996
2024-09-17 15:53:12.554,407.3531922426632,1003
2024-09-17 15:53:12.645,407.34331828297206,97
2024-09-17 15:53:12.777,407.3322540019355,8
2024-09-17 15:53:12.910,407.3640349867719,1001
2024-09-17 15:53:12.946,407.353728559693,1000
2024-09-17 15:53:12.979,407.33585885626127,105
2024-09-17 15:53:13.063,407.362806957982,11
2024-09-17 15:53:13.103,407.2938728109021,15
2024-09-17 15:53:13.141,407.3375251189629,1004
2024-09-17 15:53:13.150,407.3556749303293,997
2024-09-17 15:53:13.192,407.2821135539811,995
2024-09-17 15:53:13.206,407.35307635222495,5
2024-09-17 15:53:13.219,407.2826865773702,10
2024-09-17 15:53:13.388,407.36091019572416,7
2024-09-17 15:53:13.398,407.3692038347586,996
2024-09-17 15:53:13.574,407.2826234378337,7
2024-09-17 15:53:13.655,407.34962689444217,998
2024-09-17 15:53:13.707,407.3362051191953,103
2024-09-17 15:53:13.707,407.3176320826372,1002
2024-09-17 15:53:13.734,407.3601135888815,1004
2024-09-17 15:53:13.770,407.3534119918964,1001
2024-09-17 15:53:13.799,407.3622562367261,11
2024-09-17 15:53:13.811,407.3600172287029,96
2024-09-17 15:53:13.833,407.2922833926816,998
2024-09-17 15:53:13.992,407.3458249437587,1004
2024-09-17 15:53:14.064,407.30424644963097,15
2024-09-17 15:53:14.086,407.29709614236594,100
2024-09-17 15:53:14.117,407.3515639363652,104
2024-09-17 15:53:14.141,407.29679472217015,1001
2024-09-17 15:53:14.142,407.3257780091869,103
2024-09-17 15:53:14.248,407.31990659724136,9
2024-09-17 15:53:14.257,407.3137513824836,996
2024-09-17 15:53:14.286,407.3480823362087,998
2024-09-17 15:53:14.295,407.3116817926857,96
2024-09-17 15:53:14.361,407.33147978904856,7
2024-09-17 15:53:14.436,407.3076575648691,6
2024-09-17 15:53:14.464,407.3239833063606,97
2024-09-17 15:53:14.470,407.3601125142434,14
2024-09-17 15:53:14.472,407.27082494083226,1003
2024-09-17 15:53:14.497,414.97906136271433,8
2024-09-17 15:53:14.541,407.3321280136024,995
2024-09-17 15:53:14.541,407.3253261331985,995
2024-09-17 15:53:14.584,407.3447312536612,96
2024-09-17 15:53:14.608,407.3292002014957,14
2024-09-17 15:53:14.676,407.29568734238575,11
2024-09-17 15:53:14.676,407.2938855492248,7
2024-09-17 15:53:14.687,407.2969692826388,103
2024-09-17 15:53:14.705,407.3167539384496,1002
2024-09-17 15:53:14.713,407.3416666759716,15
2024-09-17 15:53:14.893,407.31643142617554,7
2024-09-17 15:53:14.930,407.32465700359353,1004
2024-09-17 15:53:14.973,407.3069701377452,9
2024-09-17 15:53:15.018,407.31780099003424,102
2024-09-17 15:53:15.036,407.3035300885751,103
2024-09-17 15:53:15.058,407.3522040580499,97
2024-09-17 15:53:15.083,407.3100251902061,6
2024-09-17 15:53:15.124,407.319822931603,99
2024-09-17 15:53:15.154,407.3716417965517,998
2024-09-17 15:53:15.178,407.3846576508825,13
2024-09-17 15:53:15.285,407.3112162904992,996
2024-09-17 15:53:15.350,407.4071382693047,15
2024-09-17 15:53:15.451,407.33721284968414,5
2024-09-17 15:53:15.455,407.3784804000538,6
2024-09-17 15:53:15.461,407.3623051586487,1004
2024-09-17 15:53:15.464,407.3059522682568,1001
2024-09-17 15:53:15.464,407.3675468632634,98
2024-09-17 15:53:15.483,407.3858750935145,10
2024-09-17 15:53:15.486,407.39775567615214,97
2024-09-17 15:53:15.539,407.3051887844852,999
2024-09-17 15:53:15.569,407.3460782285829,1003
2024-09-17 15:53:15.601,407.3300495321608,996
2024-09-17 15:53:15.614,407.38217818593455,1000
2024-09-17 15:53:15.634,407.41060670158896,103
2024-09-17 15:53:15.674,407.361133835916,102
2024-09-17 15:53:15.730,407.38082891954576,998
2024-09-17 15:53:15.831,407.38132734345766,12
2024-09-17 15:53:15.849,407.3940501989688,1002
2024-09-17 15:53:15.864,407.33291334393806,1005
2024-09-17 15:53:15.914,407.3515522049327,6
2024-09-17 15:53:15.933,407.3103947262574,95
2024-09-17 15:53:15.946,407.32251494266666,1002
2024-09-17 15:53:16.003,407.4272043781672,8
2024-09-17 15:53:16.026,407.4206958540995,5
2024-09-17 15:53:16.075,407.4271415684016,999
2024-09-17 15:53:16.083,407.4167398334597,1003
2024-09-17 15:53:16.127,407.43735659725934,103
2024-09-17 15:53:16.191,407.449155323272,9
2024-09-17 15:53:16.208,407.4336652998329,1002
2024-09-17 15:53:16.218,407.44632606477774,97
2024-09-17 15:53:16.223,407.40830134137343,7
2024-09-17 15:53:16.300,407.4155191396246,10
2024-09-17 15:53:16.390,407.3701180588524,1000
2024-09-17 15:53:16.446,407.4017220678373,102
2024-09-17 15:53:16.526,407.4227346581526,1004
2024-09-17 15:53:16.526,407.42848940579904,101
2024-09-17 15:53:16.693,407.4231548380429,96
2024-09-17 15:53:16.708,407.45702889654336,9
2024-09-17 15:53:16.715,407.41657606661806,101
2024-09-17 15:53:16.769,407.45560193276174,6
2024-09-17 15:53:16.788,407.4094806494429,997
2024-09-17 15:53:16.798,407.4095517482651,96
2024-09-17 15:53:16.806,407.4021838469077,8
2024-09-17 15:53:16.822,407.47231511650057,1004
2024-09-17 15:53:16.826,407.3886253832518,1000
2024-09-17 15:53:16.916,407.420553920026,100
2024-09-17 15:53:16.999,407.4098372139009,1005
2024-09-17 15:53:17.089,40.7465316373633,102
2024-09-17 15:53:17.118,407.3922123975599,1000
2024-09-17 15:53:17.162,407.4655927088086,1001
2024-09-17 15:53:17.165,407.4897399532499,995
2024-09-17 15:53:17.174,407.3957955648692,999
2024-09-17 15:53:17.202,407.43794550451577,8
2024-09-17 15:53:17.224,407.46181764530576,98
2024-09-17 15:53:17.254,407.4398479969814,96
2024-09-17 15:53:17.272,407.4487203582597,999
2024-09-17 15:53:17.282,407.47487500094513,98
2024-09-17 15:53:17.284,407.4915845359973,105
2024-09-17 15:53:17.289,407.4647042650637,996
2024-09-17 15:53:17.317,407.4540992670268,99
2024-09-17 15:53:17.317,407.48160697518864,97
2024-09-17 15:53:17.368,407.49454121180895,1004
2024-09-17 15:53:17.379,407.476206598384,5
2024-09-17 15:53:17.464,407.4699635669523,12
2024-09-17 15:53:17.629,407.45360499501976,995
2024-09-17 15:53:17.635,407.4856568072108,104
2024-09-17 15:53:17.636,407.3996013611677,14
2024-09-17 15:53:17.671,407.42134259686526,5
2024-09-17 15:53:17.682,407.47504803788246,1003
2024-09-17 15:53:17.739,407.419327563259,13
2024-09-17 15:53:17.830,407.4339340715088,5
2024-09-17 15:53:17.842,407.43953953052494,7
2024-09-17 15:53:17.916,407.37732292643,11
2024-09-17 15:53:17.923,407.413490874973,12
2024-09-17 15:53:17.966,407.4487543752245,997
2024-09-17 15:53:17.969,407.4314958977538,996
2024-09-17 15:53:18.023,407.4115236401722,101
2024-09-17 15:53:18.234,407.4475082453018,996
2024-09-17 15:53:18.656,407.4373867451472,97
2024-09-17 15:53:18.789,40.73950001838862,95
2024-09-17 15:53:18.800,407.4044683857634,11
2024-09-17 15:53:18.816,407.41384400416064,98
2024-09-17 15:53:19.176,407.52374218214993,8
2024-09-17 15:53:19.224,407.48504484815567,10
2024-09-17 15:53:19.247,407.52813963501967,102
2024-09-17 15:53:19.269,407.4440213854065,13
2024-09-17 15:53:19.286,407.4846584923733,98
2024-09-17 15:53:19.290,407.47200114087553,14
2024-09-17 15:53:19.295,407.49361612131753,103
2024-09-17 15:53:19.374,407.5045607170616,999
2024-09-17 15:53:19.394,407.5071551674652,998
2024-09-17 15:53:19.459,407.4345157836852,1000
2024-09-17 15:53:19.666,407.51032502437374,1000
2024-09-17 15:53:19.698,407.5209639995521,6
2024-09-17 15:53:19.750,407.4807008472279,998
2024-09-17 15:53:19.769,407.51296404413887,15
2024-09-17 15:53:19.774,407.4998734245173,10
2024-09-17 15:53:19.792,407.5047286784748,13
2024-09-17 15:53:19.972,407.5107398171497,1000
2024-09-17 15:53:19.979,407.4071541536275,999
2024-09-17 15:53:19.983,407.5180752492926,97
2024-09-17 15:53:19.984,407.4207100549218,14
2024-09-17 15:53:20.002,407.53622090481446,9
2024-09-17 15:53:20.084,407.5020876247102,1003
2024-09-17 15:53:20.101,407.5430636710779,995
2024-09-17 15:53:20.140,407.5195226942971,12
2024-09-17 15:53:20.165,407.5100625607538,998
2024-09-17 15:53:20.204,407.4857445298149,9
2024-09-17 15:53:20.210,407.50569012277685,15
2024-09-17 15:53:20.300,407.51021383306863,97
2024-09-17 15:53:20.327,407.5085235837603,103
2024-09-17 15:53:20.340,407.48847675695714,1003
2024-09-17 15:53:20.443,407.5049961060176,96
2024-09-17 15:53:20.673,407.4962246944359,11
2024-09-17 15:53:20.678,407.4896868764566,105
2024-09-17 15:53:20.793,407.50297626213,999
2024-09-17 15:53:20.935,407.52691642531903,10
2024-09-17 15:53:20.994,407.53027759509786,998
2024-09-17 15:53:21.171,407.5828140634096,12
2024-09-17 15:53:21.179,407.54423605942605,101
2024-09-17 15:53:21.185,407.5680103067111,11
2024-09-17 15:53:21.205,407.5417296942781,5
2024-09-17 15:53:21.222,407.5273974563994,7
2024-09-17 15:53:21.256,407.51640399477895,15
2024-09-17 15:53:21.371,,997
2024-09-17 15:53:21.395,407.5605053918078,103
2024-09-17 15:53:21.421,407.5173640595062,6
2024-09-17 15:53:21.442,407.5749026990688,8
2024-09-17 15:53:21.458,407.57796627530126,12
2024-09-17 15:53:21.635,407.54741174056807,14
2024-09-17 15:53:21.655,407.5323196851804,14
2024-09-17 15:53:21.788,407.5930787961868,105
2024-09-17 15:53:21.803,407.5309559179144,13
2024-09-17 15:53:22.012,407.5338685491889,997
2024-09-17 15:53:22.192,407.5509086148288,102
2024-09-17 15:53:22.469,407.5778504107192,1002
2024-09-17 15:53:22.620,407.57272032290143,996
2024-09-17 15:53:22.704,407.57749376135945,12
2024-09-17 15:53:22.705,407.58012399600216,104
2024-09-17 15:53:23.027,407.5154901085643,14
2024-09-17 15:53:23.029,407.54084556259335,10
2024-09-17 15:53:23.063,407.5680643411143,996
2024-09-17 15:53:23.086,407.570093825366,999
2024-09-17 15:53:23.128,407.5666348701138,1000
2024-09-17 15:53:23.143,407.548416389095,7
2024-09-17 15:53:23.162,407.5542477705879,96
2024-09-17 15:53:23.179,407.5274170786328,104
2024-09-17 15:53:23.187,407.5558606427792,995
2024-09-17 15:53:23.237,407.5741619408398,7
2024-09-17 15:53:23.274,407.51974841809744,101
2024-09-17 15:53:23.278,407.54385718154913,95
2024-09-17 15:53:23.279,407.5273134030296,1000
2024-09-17 15:53:23.398,407.5559333193274,105
2024-09-17 15:53:23.596,407.5505303835721,999
2024-09-17 15:53:23.686,407.5403900717395,98
2024-09-17 15:53:23.808,407.5560340553875,102
2024-09-17 15:53:23.870,407.56548017104,105
2024-09-17 15:53:23.882,407.5409197238881,101
2024-09-17 15:53:23.934,407.5596368778676,1002
2024-09-17 15:53:23.948,407.5420183861706,999
2024-09-17 15:53:24.164,414.729091421794,998
2024-09-17 15:53:24.431,407.5451021406035,96
2024-09-17 15:53:24.465,407.54387624753895,1001
2024-09-17 15:53:24.571,407.5313290371567,1002
2024-09-17 15:53:24.613,407.545015783693,5
2024-09-17 15:53:24.674,407.5448558880583,1004
2024-09-17 15:53:24.848,407.55055355716354,104
2024-09-17 15:53:25.694,414.7198727368062,12
2024-09-17 15:53:25.705,407.5283363625717,1005
2024-09-17 15:53:26.196,407.51775878705166,996
2024-09-17 15:53:26.408,,1003
2024-09-17 15:53:26.771,407.52259264447287,98
2024-09-17 15:53:26.885,407.5265056274784,103
2024-09-17 15:53:27.092,407.4727819629718,996
2024-09-17 15:53:27.151,407.519894564286,999
2024-09-17 15:53:27.255,407.48895683519135,99
2024-09-17 15:53:27.260,407.47346808758914,1003
2024-09-17 15:53:27.271,407.48453382664536,101
2024-09-17 15:53:27.303,407.4724134922431,1002
2024-09-17 15:53:27.325,407.4925362193965,104
2024-09-17 15:53:27.430,407.4889536329771,1005
2024-09-17 15:53:27.494,407.4776971463658,1001
2024-09-17 15:53:27.498,407.4820191656664,12
2024-09-17 15:53:27.662,407.50744333443976,101
2024-09-17 15:53:27.714,407.5108305684045,97
2024-09-17 15:53:28.214,407.491632386376,7
2024-09-17 15:53:28.220,414.5982210552023,14
2024-09-17 15:53:28.283,407.4753066209343,100
2024-09-17 15:53:28.366,407.4700037770372,103
2024-09-17 15:53:28.445,407.4656949549173,15
2024-09-17 15:53:28.562,407.4668353866038,996
2024-09-17 15:53:28.781,407.4721534285502,1002
2024-09-17 15:53:28.789,407.4581801427456,9
2024-09-17 15:53:29.035,407.459072018385,6
2024-09-17 15:53:29.063,407.444142372855,7
2024-09-17 15:53:29.098,407.52797779761767,98
2024-09-17 15:53:29.138,407.5386390348231,997
2024-09-17 15:53:29.156,407.46453361385176,99
2024-09-17 15:53:29.203,407.5218081015605,99
2024-09-17 15:53:29.286,407.552881112075,103
2024-09-17 15:53:29.298,407.5436065515775,999
2024-09-17 15:53:29.320,407.5169081407623,996
2024-09-17 15:53:29.339,407.5196339299356,99
2024-09-17 15:53:29.348,407.5303484598566,8
2024-09-17 15:53:29.351,407.5333907578284,100
2024-09-17 15:53:29.442,407.5182766729279,1002
2024-09-17 15:53:29.527,407.5272188024189,995
2024-09-17 15:53:29.528,407.5341463474424,1001
2024-09-17 15:53:29.529,407.5292657019469,996
2024-09-17 15:53:29.559,407.4355550305033,105
2024-09-17 15:53:29.590,407.4347438037415,8
2024-09-17 15:53:29.597,407.5128871604068,5
2024-09-17 15:53:29.632,407.5370001769989,10
2024-09-17 15:53:29.633,407.5228969633193,102
2024-09-17 15:53:29.708,407.5311588874832,995
2024-09-17 15:53:29.709,407.5188771903713,1000
2024-09-17 15:53:29.725,407.5280290993939,1002
2024-09-17 15:53:29.805,407.50400600570106,7
2024-09-17 15:53:29.814,407.4535522451511,15
2024-09-17 15:53:29.819,407.4761120587425,999
2024-09-17 15:53:29.927,407.4976284034718,105
2024-09-17 15:53:30.033,407.4903166999436,1003
2024-09-17 15:53:30.144,407.48088952734577,11
2024-09-17 15:53:30.152,407.4600208115266,11
2024-09-17 15:53:30.337,407.4665929013395,15
2024-09-17 15:53:30.382,407.4937558044447,105
2024-09-17 15:53:30.554,407.4586620334168,5
2024-09-17 15:53:30.737,407.49169783136233,103
2024-09-17 15:53:30.843,,1004
2024-09-17 15:53:30.857,407.4847474726306,10
2024-09-17 15:53:30.920,407.4615709397369,6
2024-09-17 15:53:30.924,407.4583277158922,96
2024-09-17 15:53:31.089,407.4470523154651,102
2024-09-17 15:53:31.145,407.4621978440805,8
2024-09-17 15:53:31.387,407.4468656870821,8
2024-09-17 15:53:31.684,407.4733659204551,96
2024-09-17 15:53:31.915,407.4702091840495,96
2024-09-17 15:53:31.945,407.4526887276695,96
2024-09-17 15:53:32.136,407.4442216751165,1005
2024-09-17 15:53:32.335,407.4392936412386,99
2024-09-17 15:53:32.611,407.4627062994943,1001
2024-09-17 15:53:32.838,407.4559881161343,12
2024-09-17 15:53:33.006,407.4009066356329,995
2024-09-17 15:53:33.099,407.3694017865628,997
2024-09-17 15:53:33.210,407.3533454996419,12
2024-09-17 15:53:33.303,407.355764476091,11
2024-09-17 15:53:33.304,407.3737913483604,1004
2024-09-17 15:53:33.496,407.4147077728495,5
2024-09-17 15:53:33.625,407.35335101147024,998
2024-09-17 15:53:33.655,407.34871489982805,997
2024-09-17 15:53:33.676,407.35526977250254,96
2024-09-17 15:53:33.827,407.3554222095229,8
2024-09-17 15:53:33.972,407.361169745473,9
2024-09-17 15:53:33.983,407.4290215708672,1004
2024-09-17 15:53:34.090,414.668533992375,99
2024-09-17 15:53:34.183,407.3764369565629,104
2024-09-17 15:53:34.205,407.3766376604784,10
2024-09-17 15:53:34.237,407.3787936928611,104
2024-09-17 15:53:34.257,407.3594343714801,15
2024-09-17 15:53:34.268,407.36941464491446,999
2024-09-17 15:53:34.316,407.3641109349628,9
2024-09-17 15:53:34.378,407.3615134249615,1001
2024-09-17 15:53:34.448,407.3801592217488,100
2024-09-17 15:53:34.479,407.3591083437762,101
2024-09-17 15:53:34.483,407.3742834259992,995
2024-09-17 15:53:34.492,407.3546632770252,1002
2024-09-17 15:53:34.538,407.34930113489946,8
2024-09-17 15:53:34.543,407.3669144527132,103
2024-09-17 15:53:34.552,407.3600631279227,8
2024-09-17 15:53:34.622,407.3982546851983,11
2024-09-17 15:53:34.673,407.360391431104,995
2024-09-17 15:53:34.680,407.3780542047044,1004
2024-09-17 15:53:34.787,407.3839777107419,15
2024-09-17 15:53:34.930,407.3801287789788,12
2024-09-17 15:53:34.966,407.37138456776063,1001
2024-09-17 15:53:34.991,407.3594634881517,1004
2024-09-17 15:53:35.076,407.368882428514,10
2024-09-17 15:53:35.096,407.3339537903688,7
2024-09-17 15:53:35.125,407.36030257461294,8
2024-09-17 15:53:35.150,407.3916964019639,1002
2024-09-17 15:53:35.322,407.3966753990687,8
2024-09-17 15:53:35.457,407.3920091867069,98
2024-09-17 15:53:35.526,407.391394207633,997
2024-09-17 15:53:35.540,407.3705665586777,12
2024-09-17 15:53:35.744,407.38460147547806,7
2024-09-17 15:53:35.841,407.3457327550524,1002
2024-09-17 15:53:35.908,407.3480399419267,8
2024-09-17 15:53:36.030,407.38772880671377,15
2024-09-17 15:53:36.034,407.3361024899101,14
2024-09-17 15:53:36.091,407.365386505522,1004
2024-09-17 15:53:36.283,407.4018874971899,8
2024-09-17 15:53:36.382,407.3987427473353,12
2024-09-17 15:53:36.447,407.39433176586607,997
2024-09-17 15:53:36.469,407.3900026731816,5
2024-09-17 15:53:36.477,407.4029463145652,999
2024-09-17 15:53:36.504,407.3681439438855,9
2024-09-17 15:53:36.606,407.3957810594654,997
2024-09-17 15:53:36.621,407.4003783131141,98
2024-09-17 15:53:36.849,407.3440136628718,101
2024-09-17 15:53:36.888,407.3534330014082,14
2024-09-17 15:53:36.924,407.37473900125536,104
2024-09-17 15:53:36.969,407.3856295324301,100
2024-09-17 15:53:37.030,407.3608468438592,1002
2024-09-17 15:53:37.072,407.39401211339776,1003
2024-09-17 15:53:37.110,407.3823644472838,96
2024-09-17 15:53:37.142,407.388442870026,101
2024-09-17 15:53:37.194,407.3652029174981,1001
2024-09-17 15:53:37.203,407.3758404089061,997
2024-09-17 15:53:37.268,407.4038772388624,95
2024-09-17 15:53:37.298,407.4137787649578,1005
2024-09-17 15:53:37.474,407.3859417645608,104
2024-09-17 15:53:37.578,407.3779461076543,98
2024-09-17 15:53:37.581,407.4112253417219,13
2024-09-17 15:53:37.633,407.4008610834245,7
2024-09-17 15:53:37.730,407.38145585239823,100
2024-09-17 15:53:37.772,407.3881973688672,8
2024-09-17 15:53:37.885,407.3685713437378,996
2024-09-17 15:53:39.098,407.4334293103036,101
2024-09-17 15:53:39.104,407.4248754431756,12
2024-09-17 15:53:39.176,407.4157320533604,6
2024-09-17 15:53:39.482,407.3916000244734,5
2024-09-17 15:53:39.740,407.4053926052191,997
2024-09-17 15:53:39.855,407.404196226745,14
2024-09-17 15:53:40.215,407.3940852629557,95
2024-09-17 15:53:40.669,407.37670168900456,98
2024-09-17 15:53:41.025,407.3730463574826,102
2024-09-17 15:53:41.153,407.371809592887,104
2024-09-17 15:53:41.273,407.3854987143886,7
2024-09-17 15:53:41.299,407.3947914476716,96
2024-09-17 15:53:41.759,407.384666208363,11
2024-09-17 15:53:42.007,407.4141591395848,6
2024-09-17 15:53:42.008,407.4170293889704,9
2024-09-17 15:53:42.033,407.43608948472576,7
2024-09-17 15:53:42.033,407.3744443845067,13
2024-09-17 15:53:42.097,407.3739292714419,9
2024-09-17 15:53:42.113,407.4077620149105,1000
2024-09-17 15:53:42.148,407.4200435957999,97
2024-09-17 15:53:42.167,407.3965571936968,100
2024-09-17 15:53:42.203,407.4160018455166,10
2024-09-17 15:53:42.224,407.41782842161575,999
2024-09-17 15:53:42.403,407.40251515207154,100
2024-09-17 15:53:42.475,407.4055970946968,103
2024-09-17 15:53:42.582,407.42292370426736,13
2024-09-17 15:53:42.598,407.37432261731146,5
2024-09-17 15:53:42.614,407.4284251959654,104
2024-09-17 15:53:42.634,407.400289246143,15
2024-09-17 15:53:42.671,407.3953894428186,8
2024-09-17 15:53:42.684,407.3727824346566,1004
2024-09-17 15:53:42.694,407.400986965454,12
2024-09-17 15:53:42.755,407.3717897529917,997
2024-09-17 15:53:42.825,407.4298714529922,105
2024-09-17 15:53:42.835,407.41575251551166,97
2024-09-17 15:53:42.838,407.3767171582061,8
2024-09-17 15:53:42.850,407.40323534369264,6
2024-09-17 15:53:42.868,407.4109006149373,1000
2024-09-17 15:53:42.874,407.3956210034714,97
2024-09-17 15:53:42.941,407.38831572517546,13
2024-09-17 15:53:43.029,407.3908148532984,1003
2024-09-17 15:53:43.127,407.37343304880005,98
2024-09-17 15:53:43.197,407.3892636535414,15
2024-09-17 15:53:43.287,407.36147066326265,1000
2024-09-17 15:53:43.298,407.38629822362446,103
2024-09-17 15:53:43.368,407.3669711279635,96
2024-09-17 15:53:43.369,407.3794489886606,996
2024-09-17 15:53:43.399,407.36891917268,102
2024-09-17 15:53:43.417,407.3776140134989,1004
2024-09-17 15:53:43.613,407.3667858129143,9
2024-09-17 15:53:43.681,407.3982092710119,100
2024-09-17 15:53:43.738,407.3982706612924,10
2024-09-17 15:53:43.773,407.3951403596286,1003
2024-09-17 15:53:43.806,407.36999891212486,1002
2024-09-17 15:53:43.827,407.394137592616,10
2024-09-17 15:53:43.833,407.3738652760893,13
2024-09-17 15:53:43.856,407.3708120023525,998
2024-09-17 15:53:43.864,414.759788127054,101
2024-09-17 15:53:43.866,407.37646194193087,96
2024-09-17 15:53:43.935,407.3758984919533,995
2024-09-17 15:53:43.937,407.3650573291165,1003
2024-09-17 15:53:44.149,407.38871088200034,1004
2024-09-17 15:53:44.268,407.3635273202162,104
2024-09-17 15:53:44.673,414.81096241973177,8
2024-09-17 15:53:45.010,407.4630610045589,102
2024-09-17 15:53:45.057,407.3996038843407,10
2024-09-17 15:53:45.067,407.4046178414287,7
2024-09-17 15:53:45.099,407.4117376568118,100
2024-09-17 15:53:45.117,407.4026993580183,1003
2024-09-17 15:53:45.283,407.4475287471571,10
2024-09-17 15:53:45.290,407.4425278605264,101
2024-09-17 15:53:45.313,407.388746743314,1005
2024-09-17 15:53:45.357,407.4337453964682,96
2024-09-17 15:53:45.451,407.4207618069835,1005
2024-09-17 15:53:45.461,407.3956554135698,9
2024-09-17 15:53:45.510,407.385413069788,104
2024-09-17 15:53:45.584,407.4526668640901,1005
2024-09-17 15:53:45.590,407.4359272817829,10
2024-09-17 15:53:45.592,407.39490487794046,8
2024-09-17 15:53:45.605,407.39613209613503,11
2024-09-17 15:53:45.782,407.3999073105296,9
2024-09-17 15:53:45.885,407.40692415948325,1004
2024-09-17 15:53:45.911,407.4284047185996,101
2024-09-17 15:53:45.946,407.4044999159005,101
2024-09-17 15:53:45.950,407.41878169530696,13
2024-09-17 15:53:46.488,414.794751748227,1005
2024-09-17 15:53:46.806,407.40132290816126,6
2024-09-17 15:53:46.816,407.4099465898954,14
2024-09-17 15:53:47.102,407.41688486064913,95
2024-09-17 15:53:47.148,407.4170475063439,103
2024-09-17 15:53:47.242,407.3722761769696,10
2024-09-17 15:53:47.297,407.4029328096832,12
2024-09-17 15:53:47.388,407.386110444719,99
2024-09-17 15:53:47.930,407.39392502612696,7
2024-09-17 15:53:47.985,407.37275994444747,1001
2024-09-17 15:53:48.067,407.4015300952443,5
2024-09-17 15:53:48.143,407.4099062503,998
2024-09-17 15:53:48.322,407.4003185336081,101
2024-09-17 15:53:48.334,407.4150965515839,1004
2024-09-17 15:53:48.341,407.3937747954674,101
2024-09-17 15:53:48.402,407.39071938219206,8
2024-09-17 15:53:48.552,407.3987603849111,999
2024-09-17 15:53:48.586,407.40487457971113,996
2024-09-17 15:53:48.646,407.4162496573116,7
2024-09-17 15:53:48.665,407.3977173207787,104
2024-09-17 15:53:48.959,407.4031045536859,6
2024-09-17 15:53:48.974,407.40224464229607,6
2024-09-17 15:53:48.995,407.42704606387343,1000
2024-09-17 15:53:49.007,40.74063027822227,9
2024-09-17 15:53:49.026,407.3667596334136,1004
2024-09-17 15:53:49.076,407.3764409724616,7
2024-09-17 15:53:49.090,407.3707633857297,102
2024-09-17 15:53:49.137,407.3732732965675,96
2024-09-17 15:53:49.146,407.3798521871592,8
2024-09-17 15:53:49.153,407.4016159263122,7
2024-09-17 15:53:49.175,407.3768479978152,1002
2024-09-17 15:53:49.181,407.38512826750815,14
2024-09-17 15:53:49.261,407.3898850302678,8
2024-09-17 15:53:49.274,407.3801174829068,995
2024-09-17 15:53:49.278,407.4224992319789,8
2024-09-17 15:53:49.284,407.39346284645393,105
2024-09-17 15:53:49.304,407.38707367109487,11
2024-09-17 15:53:49.343,407.4125966404659,12
2024-09-17 15:53:49.361,407.3731287499357,105
2024-09-17 15:53:49.385,407.3831253099349,102
2024-09-17 15:53:49.421,407.4067729471261,1004
2024-09-17 15:53:49.584,407.4018401420505,1004
2024-09-17 15:53:49.654,407.371499529299,98
2024-09-17 15:53:49.693,407.3724881182143,98
2024-09-17 15:53:49.753,407.3873245129923,7
2024-09-17 15:53:49.763,407.4028075798406,995
2024-09-17 15:53:49.779,407.37821230270026,103
2024-09-17 15:53:49.830,,102
2024-09-17 15:53:49.840,407.39293040938674,995
2024-09-17 15:53:49.888,407.37789631625856,8
2024-09-17 15:53:49.952,407.3689518323311,1004
2024-09-17 15:53:49.969,407.3810307619203,14
2024-09-17 15:53:50.014,407.38341559654026,97
2024-09-17 15:53:50.036,407.39979617123294,99
2024-09-17 15:53:50.106,407.3725067368949,7
2024-09-17 15:53:50.135,,14
2024-09-17 15:53:50.154,407.3739887728637,101
2024-09-17 15:53:50.155,407.39714048995984,1003
2024-09-17 15:53:50.192,407.4025205788472,97
2024-09-17 15:53:50.244,407.40694734003154,104
2024-09-17 15:53:50.271,407.3829147975038,998
2024-09-17 15:53:50.289,407.3842458882067,15
2024-09-17 15:53:50.290,407.3959398549316,8
2024-09-17 15:53:50.302,407.3905038706536,997
2024-09-17 15:53:50.393,407.4233050711064,12
2024-09-17 15:53:50.475,407.40571143742505,9
2024-09-17 15:53:50.503,407.3980755596862,7
2024-09-17 15:53:50.567,407.4100885565618,6
2024-09-17 15:53:50.734,407.4122671923479,97
2024-09-17 15:53:50.853,407.4086913334995,999
2024-09-17 15:53:50.897,407.39681567980807,104
2024-09-17 15:53:50.915,407.3968070918425,102
2024-09-17 15:53:50.929,407.3787466492911,1005
2024-09-17 15:53:51.353,407.3867994814297,11
2024-09-17 15:53:51.462,407.371394662207,998
2024-09-17 15:53:51.551,407.3747994913731,95
2024-09-17 15:53:51.609,407.40008731576,8
2024-09-17 15:53:51.681,407.36534633919655,101
2024-09-17 15:53:51.725,407.36430851306096,14
2024-09-17 15:53:51.975,407.4032232866347,99
2024-09-17 15:53:52.094,407.3636999947782,9
2024-09-17 15:53:52.599,407.3779991059131,1004
2024-09-17 15:53:52.645,407.360548377386,96
2024-09-17 15:53:52.861,407.3515029199642,1002
2024-09-17 15:53:53.007,407.42580514817314,996
2024-09-17 15:53:53.063,40.74589854811004,15
2024-09-17 15:53:53.069,407.35408023965823,14
2024-09-17 15:53:53.118,407.4590870386639,6
2024-09-17 15:53:53.237,407.4322080983575,6
2024-09-17 15:53:53.238,407.4981709770354,1005
2024-09-17 15:53:53.302,407.4545866601887,11
2024-09-17 15:53:53.319,407.4517354280224,996
2024-09-17 15:53:53.321,407.4429360825628,9
2024-09-17 15:53:53.400,407.4588490353028,96
2024-09-17 15:53:53.429,407.4040861174539,13
2024-09-17 15:53:53.438,407.405996424654,999
2024-09-17 15:53:53.452,407.40053022675374,996
2024-09-17 15:53:53.454,407.43559720689353,99
2024-09-17 15:53:53.472,407.3616252705455,14
2024-09-17 15:53:53.546,407.4287489428872,1005
2024-09-17 15:53:53.548,407.4618962554161,103
2024-09-17 15:53:53.580,407.4505571371845,1000
2024-09-17 15:53:53.687,407.51984767793607,95
2024-09-17 15:53:53.789,407.4876177818293,95
2024-09-17 15:53:53.805,40.74356960630992,100
2024-09-17 15:53:53.863,407.505397016899,104
2024-09-17 15:53:53.875,407.37978369748487,1000
2024-09-17 15:53:53.912,40.746157876749166,998
2024-09-17 15:53:53.939,407.44688248258205,1005
2024-09-17 15:53:53.971,407.42743707739055,6
2024-09-17 15:53:53.983,407.4751077828116,98
2024-09-17 15:53:54.105,-407.4276007028121,103
2024-09-17 15:53:54.111,407.43138084420514,9
2024-09-17 15:53:54.258,407.43666918044784,13
2024-09-17 15:53:54.365,407.43543124024126,6
2024-09-17 15:53:54.387,407.44501040807177,102
2024-09-17 15:53:54.424,407.4219040910743,15
2024-09-17 15:53:54.548,407.45382908030376,5
2024-09-17 15:53:54.597,407.4518573943899,7
2024-09-17 15:53:54.623,407.489872141788,997
2024-09-17 15:53:54.723,407.4454412871652,15
2024-09-17 15:53:54.753,407.50217550994427,97
2024-09-17 15:53:54.798,407.4706849715661,97
2024-09-17 15:53:54.852,407.4685656600821,9
2024-09-17 15:53:54.903,407.4325791079309,95
2024-09-17 15:53:55.038,407.4195984345402,101
2024-09-17 15:53:55.044,407.43943923913946,100
2024-09-17 15:53:55.074,407.45541405791,8
2024-09-17 15:53:55.085,407.4460188353178,1003
2024-09-17 15:53:55.187,407.4243837676344,6
2024-09-17 15:53:55.228,407.4550578147801,1004
2024-09-17 15:53:55.298,407.422933485475,102
2024-09-17 15:53:55.327,407.4569034548206,98
2024-09-17 15:53:55.431,407.4672325790458,97
2024-09-17 15:53:55.536,407.4149759728064,98
2024-09-17 15:53:55.666,407.4645652244377,997
2024-09-17 15:53:55.726,407.4459062200115,998
2024-09-17 15:53:55.728,407.4548599041384,101
2024-09-17 15:53:55.905,407.4368882897553,14
2024-09-17 15:53:55.959,407.4463543838841,998
2024-09-17 15:53:55.967,407.4217604453456,13
2024-09-17 15:53:56.018,407.4307133673117,8
2024-09-17 15:53:56.057,407.4218044004996,13
2024-09-17 15:53:56.076,407.43736348819857,15
2024-09-17 15:53:56.091,407.5211452465461,14
2024-09-17 15:53:56.095,407.4988003043632,95
2024-09-17 15:53:56.121,407.5229520600103,101
2024-09-17 15:53:56.140,407.4321903122177,997
2024-09-17 15:53:56.141,407.41606617688666,995
2024-09-17 15:53:56.143,407.4400790906767,104
2024-09-17 15:53:56.227,407.42970623860447,7
2024-09-17 15:53:56.372,407.4787108554148,104
2024-09-17 15:53:56.390,407.4026219253676,5
2024-09-17 15:53:56.432,407.4590414462357,1004
2024-09-17 15:53:56.493,407.4885297721343,1000
2024-09-17 15:53:56.523,407.4371495123493,98
2024-09-17 15:53:56.629,407.4336678944101,101
2024-09-17 15:53:56.645,407.5086464193084,7
2024-09-17 15:53:56.655,407.5238648327901,10
2024-09-17 15:53:56.736,407.46769856880326,104
2024-09-17 15:53:56.804,407.5130699589354,97
2024-09-17 15:53:56.820,407.4411348518676,1000
2024-09-17 15:53:56.844,407.4682658855508,11
2024-09-17 15:53:56.897,407.4560017425924,105
2024-09-17 15:53:56.914,407.4049161866543,96
2024-09-17 15:53:56.979,407.5182457121044,103
2024-09-17 15:53:56.990,407.47531186597615,998
2024-09-17 15:53:57.046,407.5340952724632,1005
2024-09-17 15:53:57.148,407.5386000688686,1002
2024-09-17 15:53:57.276,414.7068761159754,103
2024-09-17 15:53:57.331,407.54440920326994,97
2024-09-17 15:53:57.401,407.5346403462977,104
2024-09-17 15:53:57.528,407.5335245244264,996
2024-09-17 15:53:57.532,407.532063424989,10
2024-09-17 15:53:57.601,407.5696648179835,99
2024-09-17 15:53:57.636,407.53076658231765,8
2024-09-17 15:53:57.798,407.5271254902469,96
2024-09-17 15:53:58.030,407.5255466148092,11
2024-09-17 15:53:58.044,407.5448359121687,14
2024-09-17 15:53:58.088,407.5238977842115,1005
2024-09-17 15:53:58.134,407.5422878391808,996
2024-09-17 15:53:58.152,407.53660116006375,1000
2024-09-17 15:53:58.193,407.52614435111127,9
2024-09-17 15:53:58.198,407.56670306973706,7
2024-09-17 15:53:58.217,40.754687767096215,96
2024-09-17 15:53:58.288,407.5101979695067,5
2024-09-17 15:53:58.289,407.5383493821506,6
2024-09-17 15:53:58.295,407.5586988804329,995
2024-09-17 15:53:58.304,407.5358561162267,999
2024-09-17 15:53:58.375,407.5887851548756,12
2024-09-17 15:53:58.389,407.5198217467745,998
2024-09-17 15:53:58.395,407.5407027546124,99
2024-09-17 15:53:58.481,407.50327602035054,996
2024-09-17 15:53:58.485,407.5739701578594,7
2024-09-17 15:53:58.496,407.5746706248068,9
2024-09-17 15:53:58.552,407.5163707104247,6
2024-09-17 15:53:58.563,407.531601966195,104
2024-09-17 15:53:58.631,407.5386319893684,996
2024-09-17 15:53:58.633,407.5318535690243,104
2024-09-17 15:53:58.713,407.53860517370254,996
2024-09-17 15:53:58.765,407.5427483665039,5
2024-09-17 15:53:58.792,40.75703011756124,1000
2024-09-17 15:53:58.818,407.517406537723,7
2024-09-17 15:53:58.871,407.5743508296102,97
2024-09-17 15:53:58.887,407.50991359612897,105
2024-09-17 15:53:58.957,407.5285744602023,9
2024-09-17 15:53:58.977,407.5315370362919,96
2024-09-17 15:53:59.057,407.52479462139576,96
2024-09-17 15:53:59.087,40.75453528796799,103
2024-09-17 15:53:59.180,407.5331937599912,1003
2024-09-17 15:53:59.191,407.5050622086412,996
2024-09-17 15:53:59.258,407.5009186764848,7
2024-09-17 15:53:59.336,407.4915233218796,13
2024-09-17 15:53:59.377,407.5575349391773,1005
2024-09-17 15:53:59.395,407.50085823315504,101
2024-09-17 15:53:59.423,407.5409356065563,98
2024-09-17 15:53:59.439,407.5401636327436,996
2024-09-17 15:53:59.523,407.5530913653325,104
2024-09-17 15:53:59.548,407.5374575966274,1003
2024-09-17 15:53:59.573,407.5327041366561,97
2024-09-17 15:53:59.575,407.5378087294757,10
2024-09-17 15:53:59.609,407.5511812586994,995
2024-09-17 15:53:59.648,407.5104462391735,995
2024-09-17 15:53:59.666,407.5375510980965,997
2024-09-17 15:53:59.692,407.5403332408426,14
2024-09-17 15:53:59.715,407.5292727955999,6
2024-09-17 15:53:59.734,407.5304997548112,97
2024-09-17 15:53:59.814,407.55853271903146,100
2024-09-17 15:53:59.878,407.5361778503319,101
2024-09-17 15:53:59.949,407.5501816023519,7
2024-09-17 15:53:59.988,407.5372026192573,13
2024-09-17 15:53:59.996,407.5165044834933,8
