Timestamp,Price,Size
2024-09-20 09:49:00.028,422.7292080267525,100
2024-09-20 09:49:00.046,422.68497087649655,98
2024-09-20 09:49:00.046,422.71158112228136,98
2024-09-20 09:49:00.081,422.73163567110674,997
2024-09-20 09:49:00.145,422.6798603995571,999
2024-09-20 09:49:00.261,422.78280158276897,10
2024-09-20 09:49:00.307,422.7906704909126,100
2024-09-20 09:49:00.312,422.73235859562845,7
2024-09-20 09:49:00.342,422.73333335965134,100
2024-09-20 09:49:00.353,422.72358932232464,103
2024-09-20 09:49:00.376,422.7138966016792,96
2024-09-20 09:49:00.420,422.77322390905215,104
2024-09-20 09:49:00.425,422.6869104021189,10
2024-09-20 09:49:00.520,422.73245894849146,1002
2024-09-20 09:49:00.521,422.72429279034753,1001
2024-09-20 09:49:00.567,422.7064652183435,95
2024-09-20 09:49:00.584,422.7187058276991,998
2024-09-20 09:49:00.610,422.7671532029056,10
2024-09-20 09:49:00.679,422.7817117864551,96
2024-09-20 09:49:00.732,422.7878705026208,104
2024-09-20 09:49:00.756,422.6872663484441,7
2024-09-20 09:49:00.763,422.7231975422324,995
2024-09-20 09:49:00.782,422.7629381181111,1000
2024-09-20 09:49:00.863,422.6928225823588,1005
2024-09-20 09:49:00.895,422.6725831542416,1003
2024-09-20 09:49:00.912,422.66922137721457,104
2024-09-20 09:49:00.920,422.7969871971516,5
2024-09-20 09:49:00.924,422.6778093649423,96
2024-09-20 09:49:01.492,,1002
2024-09-20 09:49:02.030,422.5258951528033,998
2024-09-20 09:49:02.096,422.59188334258926,95
2024-09-20 09:49:02.146,422.5932687862279,1003
2024-09-20 09:49:02.150,422.58784477934034,103
2024-09-20 09:49:02.151,422.5595429922634,997
2024-09-20 09:49:02.193,422.5314356468138,7
2024-09-20 09:49:02.214,422.4619768481098,97
2024-09-20 09:49:02.276,422.6441136893059,5
2024-09-20 09:49:02.294,422.6710444008359,97
2024-09-20 09:49:02.341,422.4823150235472,999
2024-09-20 09:49:02.410,422.58157923610537,998
2024-09-20 09:49:02.453,422.5063630656225,5
2024-09-20 09:49:02.480,422.6739023624921,998
2024-09-20 09:49:02.572,422.6250248606389,104
2024-09-20 09:49:02.659,422.5751360018067,998
2024-09-20 09:49:02.701,,10
2024-09-20 09:49:02.764,422.52863402508814,104
2024-09-20 09:49:02.788,422.529022459831,1001
2024-09-20 09:49:02.817,422.5437156081389,999
2024-09-20 09:49:02.869,-422.6265967993369,995
2024-09-20 09:49:02.875,422.4975364862753,996
2024-09-20 09:49:02.916,422.58278090634286,5
2024-09-20 09:49:02.943,422.5766538255123,8
2024-09-20 09:49:03.077,422.5277655655621,13
2024-09-20 09:49:03.174,422.5370715084249,1003
2024-09-20 09:49:03.207,422.5283940613809,1000
2024-09-20 09:49:03.245,422.51466473261945,995
2024-09-20 09:49:03.303,422.4903554537789,95
2024-09-20 09:49:03.376,422.5235618203766,999
2024-09-20 09:49:03.428,422.5264210415952,96
2024-09-20 09:49:03.430,422.53284158216735,999
2024-09-20 09:49:03.455,422.5018787579904,1005
2024-09-20 09:49:03.484,422.4950113820629,5
2024-09-20 09:49:03.656,422.52091218941126,103
2024-09-20 09:49:03.694,422.5090064131901,1002
2024-09-20 09:49:03.915,422.5226215958212,13
2024-09-20 09:49:04.371,422.5184172094649,11
2024-09-20 09:49:05.043,422.4656055411196,998
2024-09-20 09:49:05.353,42.247751630015046,104
2024-09-20 09:49:05.372,422.5160641338152,99
2024-09-20 09:49:05.540,422.5011650582872,10
2024-09-20 09:49:06.009,422.5526632890676,1003
2024-09-20 09:49:06.140,422.55297112250327,999
2024-09-20 09:49:06.157,422.5072602830221,104
2024-09-20 09:49:06.243,422.5047552416922,1003
2024-09-20 09:49:06.253,422.4805961345589,8
2024-09-20 09:49:06.254,422.5468931381894,996
2024-09-20 09:49:06.263,422.4842201079709,1000
2024-09-20 09:49:06.268,422.5433527028824,9
2024-09-20 09:49:06.341,422.5375488550991,5
2024-09-20 09:49:06.428,422.5318671924901,998
2024-09-20 09:49:06.576,422.5162669268792,8
2024-09-20 09:49:06.739,422.5139529786704,11
2024-09-20 09:49:06.801,422.4737812463106,98
2024-09-20 09:49:06.870,422.4905662905391,1003
2024-09-20 09:49:06.870,422.5058186578757,1000
2024-09-20 09:49:07.101,422.56224019393073,103
2024-09-20 09:49:07.210,422.57048578962383,997
2024-09-20 09:49:07.237,422.5350239708002,1004
2024-09-20 09:49:07.453,422.5194131049306,1005
2024-09-20 09:49:07.460,422.54181305551566,1001
2024-09-20 09:49:07.666,422.5210664676357,1002
2024-09-20 09:49:07.791,422.52975877847206,12
2024-09-20 09:49:08.163,422.5815150273956,99
2024-09-20 09:49:08.168,422.5587642044504,95
2024-09-20 09:49:08.295,422.5791719711646,997
2024-09-20 09:49:08.298,422.5648787257996,1003
2024-09-20 09:49:08.565,-422.57977082232384,12
2024-09-20 09:49:08.635,422.5756863302454,99
2024-09-20 09:49:08.828,422.5763225280919,995
2024-09-20 09:49:09.041,422.5806387985268,100
2024-09-20 09:49:09.042,422.6077596011122,11
2024-09-20 09:49:09.076,422.6427111666073,99
2024-09-20 09:49:09.113,422.6150643938346,8
2024-09-20 09:49:09.133,422.6273308744707,95
2024-09-20 09:49:09.144,422.6246054763186,8
2024-09-20 09:49:09.146,422.6261376497721,11
2024-09-20 09:49:09.261,422.6315255449687,101
2024-09-20 09:49:09.290,422.57271587104486,95
2024-09-20 09:49:09.335,422.63327069861697,1004
2024-09-20 09:49:09.375,422.659840318183,95
2024-09-20 09:49:09.383,422.62691728811336,105
2024-09-20 09:49:09.409,422.66385105543634,997
2024-09-20 09:49:09.456,422.5645981817671,96
2024-09-20 09:49:09.473,422.6696285669264,995
2024-09-20 09:49:09.476,422.564177150664,997
2024-09-20 09:49:09.491,422.5957570025962,1002
2024-09-20 09:49:09.543,422.5989601776948,998
2024-09-20 09:49:09.558,422.57973841634464,997
2024-09-20 09:49:09.564,422.6581966703174,995
2024-09-20 09:49:09.756,422.5766237500518,995
2024-09-20 09:49:09.765,422.5759243508328,105
2024-09-20 09:49:09.775,422.5837277000617,99
2024-09-20 09:49:09.775,422.62862203998,104
2024-09-20 09:49:09.826,422.6225380500585,99
2024-09-20 09:49:09.888,422.5783094511451,1002
2024-09-20 09:49:09.993,422.645736715651,998
2024-09-20 09:49:09.998,422.5810633745873,8
2024-09-20 09:49:10.043,422.6301962842877,1003
2024-09-20 09:49:10.081,422.6286780594566,13
2024-09-20 09:49:10.200,422.6336554233048,7
2024-09-20 09:49:10.417,422.6058688721663,105
2024-09-20 09:49:10.417,422.6366581608774,96
2024-09-20 09:49:10.426,422.6181774945741,13
2024-09-20 09:49:10.580,422.62368073569405,8
2024-09-20 09:49:10.832,422.6343509009105,97
2024-09-20 09:49:10.961,422.641141093774,99
2024-09-20 09:49:10.974,422.62297959871626,13
2024-09-20 09:49:11.045,422.63186282117925,997
2024-09-20 09:49:11.050,422.59595166730753,105
2024-09-20 09:49:11.204,422.59608127375446,999
2024-09-20 09:49:11.238,422.6514389369453,1003
2024-09-20 09:49:11.286,422.61411083355625,103
2024-09-20 09:49:11.325,422.64197202192025,104
2024-09-20 09:49:11.332,422.6551957366304,1000
2024-09-20 09:49:11.366,422.61593310126057,97
2024-09-20 09:49:11.444,422.57049234337535,11
2024-09-20 09:49:11.478,422.6436624156486,11
2024-09-20 09:49:11.567,422.6249004405895,1004
2024-09-20 09:49:11.603,422.5484172246864,98
2024-09-20 09:49:12.066,422.549238513716,103
2024-09-20 09:49:12.160,422.5013934856655,997
2024-09-20 09:49:12.184,422.5624608526844,96
2024-09-20 09:49:12.225,422.5090290414753,105
2024-09-20 09:49:12.358,422.5292988114616,996
2024-09-20 09:49:12.397,422.5328580955035,11
2024-09-20 09:49:12.459,422.5175805357238,101
2024-09-20 09:49:12.467,422.5359268438018,1005
2024-09-20 09:49:12.485,422.5441405510194,997
2024-09-20 09:49:12.585,422.5416128599528,1004
2024-09-20 09:49:12.589,422.5532953325236,103
2024-09-20 09:49:12.794,422.5095724491395,14
2024-09-20 09:49:12.840,422.5674147100407,8
2024-09-20 09:49:12.917,422.5493490193886,101
2024-09-20 09:49:13.235,422.54103290452855,1002
2024-09-20 09:49:13.264,422.5212486446863,1000
2024-09-20 09:49:13.495,422.5405932532292,99
2024-09-20 09:49:14.101,422.3840797323539,104
2024-09-20 09:49:14.113,422.3471871153826,96
2024-09-20 09:49:14.135,422.44918898854087,999
2024-09-20 09:49:14.201,422.4201417895116,95
2024-09-20 09:49:14.268,422.3922765265213,5
2024-09-20 09:49:14.305,422.4499209402619,104
2024-09-20 09:49:14.306,422.5121527375312,98
2024-09-20 09:49:14.320,422.3524246124384,102
2024-09-20 09:49:14.362,422.350092628999,10
2024-09-20 09:49:14.379,422.40731290166127,1005
2024-09-20 09:49:14.413,422.5041906624302,1004
2024-09-20 09:49:14.507,422.3350585928524,995
2024-09-20 09:49:14.531,422.4295798508273,1003
2024-09-20 09:49:14.550,422.46236367978656,997
2024-09-20 09:49:14.551,422.4231034392441,104
2024-09-20 09:49:14.665,422.344736451568,99
2024-09-20 09:49:14.689,422.3895383237493,96
2024-09-20 09:49:14.729,422.3795719247677,9
2024-09-20 09:49:14.735,422.42786076287285,999
2024-09-20 09:49:14.739,422.419486207786,98
2024-09-20 09:49:14.778,422.4887409048069,995
2024-09-20 09:49:14.996,422.37427390358033,8
2024-09-20 09:49:15.209,422.3047998918783,9
2024-09-20 09:49:15.231,422.30449149984736,97
2024-09-20 09:49:15.493,-422.3185161165196,105
2024-09-20 09:49:15.509,422.3076650880379,97
2024-09-20 09:49:15.538,422.2932758718428,996
2024-09-20 09:49:15.648,422.3321761204247,1002
2024-09-20 09:49:15.670,422.3212759770728,100
2024-09-20 09:49:16.074,422.3211484631804,6
2024-09-20 09:49:16.166,422.37790673154046,998
2024-09-20 09:49:16.167,422.32334819928656,10
2024-09-20 09:49:16.252,422.300254844144,100
2024-09-20 09:49:16.260,422.3704395444083,10
2024-09-20 09:49:16.412,422.3303899480978,1001
2024-09-20 09:49:16.413,422.3661479117996,7
2024-09-20 09:49:16.421,422.3346610308296,96
2024-09-20 09:49:16.521,422.36409770520623,11
2024-09-20 09:49:16.683,422.38338901131,999
2024-09-20 09:49:16.684,422.3887040979327,101
2024-09-20 09:49:16.728,422.3219986327766,7
2024-09-20 09:49:16.745,422.31280978585016,996
2024-09-20 09:49:16.829,422.32405304641657,995
2024-09-20 09:49:17.010,422.3495362648953,1001
2024-09-20 09:49:17.044,422.3685374040492,104
2024-09-20 09:49:17.078,422.3529740705335,1003
2024-09-20 09:49:17.114,422.33710389901046,999
2024-09-20 09:49:17.138,422.354225893097,997
2024-09-20 09:49:17.156,422.3524753373633,104
2024-09-20 09:49:17.331,422.3509950428012,998
2024-09-20 09:49:17.368,422.3547745471649,1000
2024-09-20 09:49:17.398,422.3462873531975,104
2024-09-20 09:49:17.724,422.3436273913025,8
2024-09-20 09:49:17.728,422.3510715761247,998
2024-09-20 09:49:17.765,422.35528556759874,995
2024-09-20 09:49:17.788,422.3444621960245,99
2024-09-20 09:49:17.952,422.3715677535956,96
2024-09-20 09:49:17.994,422.3401335574737,14
2024-09-20 09:49:18.045,422.3702432567881,15
2024-09-20 09:49:18.066,422.4759642882473,96
2024-09-20 09:49:18.095,422.45065665679033,12
2024-09-20 09:49:18.144,422.3982759775001,99
2024-09-20 09:49:18.180,422.3586761724487,96
2024-09-20 09:49:18.190,422.3921205587176,104
2024-09-20 09:49:18.193,422.4798822295927,100
2024-09-20 09:49:18.197,422.3460747472036,14
2024-09-20 09:49:18.279,422.3648078779991,100
2024-09-20 09:49:18.335,422.34320572422047,11
2024-09-20 09:49:18.409,422.3731640487001,995
2024-09-20 09:49:18.490,422.4289273630265,1002
2024-09-20 09:49:18.500,422.36280155888,1004
2024-09-20 09:49:18.508,422.39478599211,1005
2024-09-20 09:49:18.534,422.37029026147184,999
2024-09-20 09:49:18.777,422.3679812785052,995
2024-09-20 09:49:18.788,422.3333896653972,97
2024-09-20 09:49:18.846,422.3643685578986,105
2024-09-20 09:49:18.866,422.3654068237367,1002
2024-09-20 09:49:18.884,422.4248858641603,997
2024-09-20 09:49:18.973,422.41236927646975,998
2024-09-20 09:49:18.988,422.4139133899247,995
2024-09-20 09:49:18.993,422.3533136797943,997
2024-09-20 09:49:19.020,422.50277698631794,8
2024-09-20 09:49:19.042,422.49533788497945,6
2024-09-20 09:49:19.098,422.5428079934603,96
2024-09-20 09:49:19.149,422.54611100241846,1005
2024-09-20 09:49:19.221,422.4945208797377,1001
2024-09-20 09:49:19.342,422.5281293026082,1003
2024-09-20 09:49:19.504,422.60007810399696,1004
2024-09-20 09:49:19.513,422.5369785154567,8
2024-09-20 09:49:19.519,422.57733226653806,10
2024-09-20 09:49:19.617,422.529185030762,96
2024-09-20 09:49:19.661,422.5698488220194,998
2024-09-20 09:49:19.681,422.5854026386012,1003
2024-09-20 09:49:19.695,422.499547167608,97
2024-09-20 09:49:19.795,422.5462432543416,105
2024-09-20 09:49:19.850,422.521841169757,5
2024-09-20 09:49:19.899,422.5374778995208,7
2024-09-20 09:49:19.912,422.5569081698016,102
2024-09-20 09:49:19.917,422.60105531533856,9
2024-09-20 09:49:19.966,422.50287709788114,7
2024-09-20 09:49:19.970,422.4859331540424,10
2024-09-20 09:49:20.011,422.5308446269832,995
2024-09-20 09:49:20.269,422.5410047729065,105
2024-09-20 09:49:20.277,422.5594587037986,1004
2024-09-20 09:49:20.544,422.5708464280982,102
2024-09-20 09:49:20.586,422.538374631356,12
2024-09-20 09:49:20.745,422.5432074512484,5
2024-09-20 09:49:20.748,422.5599041048753,95
2024-09-20 09:49:20.855,,11
2024-09-20 09:49:20.928,422.5653709016803,98
2024-09-20 09:49:21.474,422.5695269134569,1001
2024-09-20 09:49:22.051,422.61350450486646,997
2024-09-20 09:49:22.076,422.554654806164,11
2024-09-20 09:49:22.130,422.5860858469972,9
2024-09-20 09:49:22.334,422.5954605707356,98
2024-09-20 09:49:22.396,422.5618795000564,12
2024-09-20 09:49:22.439,422.6007374789753,1002
2024-09-20 09:49:22.472,422.5599861721287,103
2024-09-20 09:49:22.555,422.5500801661936,998
2024-09-20 09:49:22.563,422.5471556472035,100
2024-09-20 09:49:22.600,422.5847359179343,95
2024-09-20 09:49:22.637,422.55577818033134,100
2024-09-20 09:49:22.711,422.5900638543101,13
2024-09-20 09:49:22.732,422.58664777884434,97
2024-09-20 09:49:22.751,422.5693961888078,103
2024-09-20 09:49:22.843,422.5591483500127,98
2024-09-20 09:49:22.858,422.5883802239469,1004
2024-09-20 09:49:22.881,422.57738928912863,103
2024-09-20 09:49:23.001,422.5587300204416,8
2024-09-20 09:49:23.037,422.57395437192105,9
2024-09-20 09:49:23.071,422.56974413995744,103
2024-09-20 09:49:23.095,422.5951621219409,100
2024-09-20 09:49:23.170,422.5774466384005,11
2024-09-20 09:49:23.191,422.58500910865456,9
2024-09-20 09:49:23.217,422.57908390295626,11
2024-09-20 09:49:23.226,422.5693011498402,1004
2024-09-20 09:49:23.281,422.590507321682,997
2024-09-20 09:49:23.466,422.5762413672973,1003
2024-09-20 09:49:23.493,422.58463492441285,102
2024-09-20 09:49:23.521,422.5875242753573,11
2024-09-20 09:49:23.615,422.5920688410292,7
2024-09-20 09:49:23.717,422.57140820274,97
2024-09-20 09:49:23.839,422.5804588414146,1002
2024-09-20 09:49:23.902,422.5654039490643,7
2024-09-20 09:49:23.924,422.5551786875842,10
2024-09-20 09:49:23.961,422.5791567283571,10
2024-09-20 09:49:23.985,422.5788496031464,1001
2024-09-20 09:49:23.990,422.5584916477308,95
2024-09-20 09:49:24.143,42.262522982988976,13
2024-09-20 09:49:24.181,422.6090876868056,104
2024-09-20 09:49:24.211,422.66808680793497,1002
2024-09-20 09:49:24.293,422.63782371148034,12
2024-09-20 09:49:24.300,422.6193201840064,11
2024-09-20 09:49:24.334,422.6179690079842,15
2024-09-20 09:49:24.517,422.64980416687206,1003
2024-09-20 09:49:24.595,422.6153433452407,13
2024-09-20 09:49:24.697,422.5984107032817,98
2024-09-20 09:49:24.716,422.62468253371503,995
2024-09-20 09:49:24.755,-422.640122869558,1000
2024-09-20 09:49:24.826,422.6189872942997,99
2024-09-20 09:49:24.915,422.6286298790107,11
2024-09-20 09:49:24.940,422.65818421346086,9
2024-09-20 09:49:25.141,422.6757635028495,14
2024-09-20 09:49:25.526,422.6954691269871,102
2024-09-20 09:49:25.887,422.67879122088783,6
2024-09-20 09:49:26.010,422.60483879688746,1003
2024-09-20 09:49:26.081,422.6202417024717,15
2024-09-20 09:49:26.100,42.26416037760509,95
2024-09-20 09:49:26.117,422.5958213574911,1000
2024-09-20 09:49:26.231,422.6383991137778,99
2024-09-20 09:49:26.256,422.5991301640452,99
2024-09-20 09:49:26.258,422.63692420685936,5
2024-09-20 09:49:26.259,422.65784690249296,6
2024-09-20 09:49:26.437,422.629992293728,96
2024-09-20 09:49:26.477,422.6150210032221,8
2024-09-20 09:49:26.481,422.6212583822215,12
2024-09-20 09:49:26.495,422.625437589185,14
2024-09-20 09:49:26.505,422.64739257638894,997
2024-09-20 09:49:26.572,422.650480409085,1005
2024-09-20 09:49:26.582,422.6065413734162,15
2024-09-20 09:49:26.585,422.6400183319946,13
2024-09-20 09:49:26.685,422.700321542705,996
2024-09-20 09:49:26.702,422.6811125409053,99
2024-09-20 09:49:26.725,422.6175149316994,12
2024-09-20 09:49:26.738,422.6175517338348,7
2024-09-20 09:49:26.836,422.6450614844675,97
2024-09-20 09:49:26.837,42.26167712148113,7
2024-09-20 09:49:26.845,422.6469916444124,95
2024-09-20 09:49:26.850,422.62662486470543,15
2024-09-20 09:49:26.915,422.6117907019638,105
2024-09-20 09:49:26.939,422.6581977152584,98
2024-09-20 09:49:26.940,422.6328174089769,102
2024-09-20 09:49:26.966,422.6384431072465,103
2024-09-20 09:49:26.978,422.5977542070791,1000
2024-09-20 09:49:27.015,422.6366467399898,12
2024-09-20 09:49:27.038,422.6391765215263,7
2024-09-20 09:49:27.214,422.6427402254491,1002
2024-09-20 09:49:27.226,422.63270611799015,9
2024-09-20 09:49:27.301,422.6184767310342,1000
2024-09-20 09:49:27.430,422.6505419809496,95
2024-09-20 09:49:27.498,422.6137856366744,10
2024-09-20 09:49:27.519,422.6194414952615,1004
2024-09-20 09:49:27.528,422.61626959549614,1001
2024-09-20 09:49:27.545,422.6036806726481,7
2024-09-20 09:49:27.585,422.6000097039368,101
2024-09-20 09:49:27.615,422.6535392355217,1001
2024-09-20 09:49:27.638,422.6396166662887,98
2024-09-20 09:49:27.646,422.6022548476204,1004
2024-09-20 09:49:27.687,422.5988219324223,1004
2024-09-20 09:49:27.728,422.6268250374941,6
2024-09-20 09:49:27.776,422.63775521808543,1002
2024-09-20 09:49:27.927,422.6043211165893,105
2024-09-20 09:49:27.966,422.62539405833616,96
2024-09-20 09:49:28.068,422.6453314499743,5
2024-09-20 09:49:28.099,422.6514448781778,14
2024-09-20 09:49:28.173,422.6814220646555,101
2024-09-20 09:49:28.280,422.66860943364577,6
2024-09-20 09:49:28.344,422.6557681646969,997
2024-09-20 09:49:28.363,422.6354449794042,1001
2024-09-20 09:49:28.367,422.6547079425112,104
2024-09-20 09:49:28.414,422.62881557182544,15
2024-09-20 09:49:28.414,422.658158020794,7
2024-09-20 09:49:28.422,422.6774746164096,1002
2024-09-20 09:49:28.434,422.6393394087882,15
2024-09-20 09:49:28.463,422.6298066730874,100
2024-09-20 09:49:28.546,422.6457683802938,101
2024-09-20 09:49:28.590,422.6565254242632,103
2024-09-20 09:49:28.655,422.6379188729,105
2024-09-20 09:49:28.739,422.6787787880355,95
2024-09-20 09:49:28.854,422.6491396578507,10
2024-09-20 09:49:28.986,422.666356256352,11
2024-09-20 09:49:29.040,422.6733710747674,15
2024-09-20 09:49:29.045,422.7581648827793,103
2024-09-20 09:49:29.089,422.6812650110225,6
2024-09-20 09:49:29.126,422.7505117687135,6
2024-09-20 09:49:29.156,422.7057118546212,98
2024-09-20 09:49:29.208,422.7432027259398,999
2024-09-20 09:49:29.225,422.7477846422146,995
2024-09-20 09:49:29.292,422.7179797540531,7
2024-09-20 09:49:29.293,422.6800022356816,102
2024-09-20 09:49:29.358,422.7130553309842,105
2024-09-20 09:49:29.425,422.75369631954703,9
2024-09-20 09:49:29.563,422.740049052151,98
2024-09-20 09:49:29.626,422.6861812515999,995
2024-09-20 09:49:29.658,422.711797979178,6
2024-09-20 09:49:29.719,422.67824073930274,103
2024-09-20 09:49:29.723,422.7597308264153,12
2024-09-20 09:49:29.750,422.6667031459796,10
2024-09-20 09:49:29.761,422.6544872008145,997
2024-09-20 09:49:29.817,422.7451985284834,101
2024-09-20 09:49:29.821,422.7481682129191,14
2024-09-20 09:49:29.866,422.6972731407114,96
2024-09-20 09:49:29.923,422.7236202763837,999
2024-09-20 09:49:29.998,422.7644374497993,1003
2024-09-20 09:49:30.042,422.71670496614814,996
2024-09-20 09:49:30.605,422.7296259063832,996
2024-09-20 09:49:30.631,422.7119828592748,101
2024-09-20 09:49:30.735,422.72022353753033,1002
2024-09-20 09:49:30.788,,9
2024-09-20 09:49:30.803,422.7091776165212,1004
2024-09-20 09:49:31.057,422.6450234966531,1005
2024-09-20 09:49:31.062,422.6940745777342,101
2024-09-20 09:49:31.074,422.7193559531362,996
2024-09-20 09:49:31.214,422.65403576062965,998
2024-09-20 09:49:31.238,422.6844299805506,6
2024-09-20 09:49:31.421,422.6796758556261,999
2024-09-20 09:49:31.474,422.6693629328781,98
2024-09-20 09:49:31.569,422.7173361227175,100
2024-09-20 09:49:31.578,422.6621972459696,996
2024-09-20 09:49:31.578,422.697680976735,1004
2024-09-20 09:49:31.589,422.6737702264731,10
2024-09-20 09:49:31.610,422.66655499300987,103
2024-09-20 09:49:31.620,422.671394647974,1001
2024-09-20 09:49:31.628,422.7108816398881,99
2024-09-20 09:49:31.657,422.6842520212105,11
2024-09-20 09:49:31.689,422.6710433288331,12
2024-09-20 09:49:31.770,422.6856750014149,6
2024-09-20 09:49:31.806,422.6933928447405,103
2024-09-20 09:49:31.931,422.66916800625074,103
2024-09-20 09:49:32.016,422.6708846492091,13
2024-09-20 09:49:32.044,422.66880884071065,12
2024-09-20 09:49:32.131,422.68083776450464,5
2024-09-20 09:49:32.135,422.6728672094338,1001
2024-09-20 09:49:32.135,422.6433097062992,102
2024-09-20 09:49:32.160,422.6708463399379,100
2024-09-20 09:49:32.227,422.6608862361885,100
2024-09-20 09:49:32.281,422.6491176348055,8
2024-09-20 09:49:32.299,422.6422006533724,1001
2024-09-20 09:49:32.372,422.670193864915,1002
2024-09-20 09:49:32.432,422.6824711742546,11
2024-09-20 09:49:32.477,422.6648136712416,96
2024-09-20 09:49:32.480,422.6677842542812,105
2024-09-20 09:49:32.538,422.6851147495635,7
2024-09-20 09:49:32.577,422.65693645268817,1003
2024-09-20 09:49:32.627,422.682027935673,95
2024-09-20 09:49:32.787,422.64632453220696,101
2024-09-20 09:49:32.823,422.66589921176967,1004
2024-09-20 09:49:32.836,422.68713739976914,996
2024-09-20 09:49:32.851,422.684589091635,10
2024-09-20 09:49:32.951,422.68714885526566,11
2024-09-20 09:49:33.040,422.6730977279348,97
2024-09-20 09:49:33.273,422.6717445937042,102
2024-09-20 09:49:33.375,422.7024142506632,1002
2024-09-20 09:49:33.475,422.6581073422333,995
2024-09-20 09:49:33.482,422.7161107379703,999
2024-09-20 09:49:33.536,422.6833491005818,95
2024-09-20 09:49:33.832,422.6902045451419,995
2024-09-20 09:49:34.014,422.7058667364989,997
2024-09-20 09:49:34.034,422.7348646206318,7
2024-09-20 09:49:34.054,422.69042560763705,15
2024-09-20 09:49:34.067,422.6990369589866,10
2024-09-20 09:49:34.144,422.714107448457,1002
2024-09-20 09:49:34.156,422.6932233169673,995
2024-09-20 09:49:34.271,422.72094417034657,1003
2024-09-20 09:49:34.314,422.70363218362303,1001
2024-09-20 09:49:34.346,422.7193155227338,1005
2024-09-20 09:49:34.467,422.71541963922937,98
2024-09-20 09:49:34.620,422.7000634750154,996
2024-09-20 09:49:34.859,422.6866630681392,95
2024-09-20 09:49:34.995,422.7347069181246,13
2024-09-20 09:49:35.169,422.6121500422825,104
2024-09-20 09:49:35.196,422.6725005223471,97
2024-09-20 09:49:35.294,422.700486708512,98
2024-09-20 09:49:35.305,422.666920942379,102
2024-09-20 09:49:35.310,422.6701233144548,996
2024-09-20 09:49:35.361,422.6976589008943,97
2024-09-20 09:49:35.381,422.64592967189446,15
2024-09-20 09:49:35.455,422.6697159716337,9
2024-09-20 09:49:35.471,422.7111157574432,103
2024-09-20 09:49:35.646,422.6254637194291,998
2024-09-20 09:49:35.678,422.71364835752695,15
2024-09-20 09:49:35.683,422.6276912910967,997
2024-09-20 09:49:35.739,422.6622710960475,98
2024-09-20 09:49:35.891,422.7193922941837,97
2024-09-20 09:49:35.965,422.7048838531516,8
2024-09-20 09:49:36.202,422.60556967387424,103
2024-09-20 09:49:36.211,422.6154802037576,99
2024-09-20 09:49:36.225,422.6153955477585,997
2024-09-20 09:49:36.707,422.6337596601526,97
2024-09-20 09:49:36.726,422.62049839126087,97
2024-09-20 09:49:37.053,422.6420834844413,100
2024-09-20 09:49:37.066,422.7060455575726,1001
2024-09-20 09:49:37.203,422.6559661540555,97
2024-09-20 09:49:37.220,422.6842322735238,996
2024-09-20 09:49:37.273,422.7168597310354,1003
2024-09-20 09:49:37.349,422.719320241579,1000
2024-09-20 09:49:37.375,422.6711110832365,101
2024-09-20 09:49:37.397,422.7216618216332,105
2024-09-20 09:49:37.419,422.69191339817775,10
2024-09-20 09:49:37.509,422.6820390835101,11
2024-09-20 09:49:37.584,422.624443715804,998
2024-09-20 09:49:37.619,422.6831914960788,10
2024-09-20 09:49:37.871,422.7047446966998,97
2024-09-20 09:49:37.875,422.6938952663144,1000
2024-09-20 09:49:37.884,422.7284163745256,1005
2024-09-20 09:49:37.965,422.6547564198301,103
2024-09-20 09:49:38.292,422.6572538135841,103
2024-09-20 09:49:38.618,422.6910765014033,105
2024-09-20 09:49:38.673,422.7381974030362,13
2024-09-20 09:49:38.830,422.7033570651515,7
2024-09-20 09:49:38.867,422.729159503033,102
2024-09-20 09:49:38.937,422.66633960591446,103
2024-09-20 09:49:38.965,422.7023787724638,12
2024-09-20 09:49:39.004,422.6545790240187,105
2024-09-20 09:49:39.133,422.7064576380579,100
2024-09-20 09:49:39.141,422.6909837701228,100
2024-09-20 09:49:39.250,422.6702062460164,8
2024-09-20 09:49:39.326,42.2682439913352,1004
2024-09-20 09:49:39.364,422.6874026923472,8
2024-09-20 09:49:39.384,422.6983923790966,997
2024-09-20 09:49:39.465,422.7132351771602,103
2024-09-20 09:49:39.540,422.6788418904968,7
2024-09-20 09:49:39.556,422.6657386869447,996
2024-09-20 09:49:39.570,422.6776057392837,96
2024-09-20 09:49:39.577,422.6661476987919,997
2024-09-20 09:49:39.667,422.7156053205714,9
2024-09-20 09:49:39.749,422.72186466032514,6
2024-09-20 09:49:39.756,422.6796223643564,1005
2024-09-20 09:49:39.887,422.64874319811616,103
2024-09-20 09:49:39.967,422.6998198361549,1004
2024-09-20 09:49:39.988,422.67898380301807,7
2024-09-20 09:49:40.045,422.73415277174126,996
2024-09-20 09:49:40.056,422.6850111044938,102
2024-09-20 09:49:40.158,422.7188470467301,1000
2024-09-20 09:49:40.161,422.7215929089161,1002
2024-09-20 09:49:40.166,422.7327733817402,5
2024-09-20 09:49:40.203,422.7077268313863,996
2024-09-20 09:49:40.232,422.7220057266198,15
2024-09-20 09:49:40.308,422.700265667728,8
2024-09-20 09:49:40.317,422.7093983093728,12
2024-09-20 09:49:40.412,422.7169146795082,5
2024-09-20 09:49:40.430,422.71493653314815,1002
2024-09-20 09:49:40.442,422.7161991414057,5
2024-09-20 09:49:40.446,422.6821536765485,10
2024-09-20 09:49:40.451,422.7033601322168,10
2024-09-20 09:49:40.455,42.270764465660896,1004
2024-09-20 09:49:40.489,422.6889606424537,103
2024-09-20 09:49:40.506,422.6916449585784,98
2024-09-20 09:49:40.506,422.687980026293,104
2024-09-20 09:49:40.538,422.6852307663023,98
2024-09-20 09:49:40.576,422.7124900095717,101
2024-09-20 09:49:40.594,422.7098378414452,10
2024-09-20 09:49:40.692,422.7027265078494,1000
2024-09-20 09:49:40.703,422.7064756459199,999
2024-09-20 09:49:40.705,422.7200162121782,12
2024-09-20 09:49:40.774,422.7058533971025,96
2024-09-20 09:49:40.847,422.72860831417233,5
2024-09-20 09:49:40.904,422.708932292123,96
2024-09-20 09:49:40.923,422.720637621445,100
2024-09-20 09:49:40.997,422.7052360681513,101
2024-09-20 09:49:41.138,422.70085514534486,105
2024-09-20 09:49:41.767,422.719937018423,12
2024-09-20 09:49:41.837,422.6968379401017,95
2024-09-20 09:49:42.306,422.7277115049522,1001
2024-09-20 09:49:42.801,422.7231182267087,1004
2024-09-20 09:49:42.839,422.7360899562386,1001
2024-09-20 09:49:43.034,42.27363211296978,1005
2024-09-20 09:49:43.655,422.69130967862185,1004
2024-09-20 09:49:43.681,422.6875215872319,5
2024-09-20 09:49:43.748,422.6980883642233,999
2024-09-20 09:49:43.800,422.7105670847312,104
2024-09-20 09:49:43.979,422.7074118686168,105
2024-09-20 09:49:44.045,422.726310854655,96
2024-09-20 09:49:44.201,422.73514915270897,100
2024-09-20 09:49:44.483,422.7059236143169,103
2024-09-20 09:49:44.638,422.7365335109097,105
2024-09-20 09:49:44.724,422.7265408860585,101
2024-09-20 09:49:44.858,422.7281108265564,13
2024-09-20 09:49:44.914,422.7222179832281,101
2024-09-20 09:49:45.039,422.7080718272001,10
2024-09-20 09:49:45.144,422.7069068432371,996
2024-09-20 09:49:45.472,422.7083498129624,104
2024-09-20 09:49:45.647,422.7363980717499,1000
2024-09-20 09:49:45.720,422.7124399730848,7
2024-09-20 09:49:45.785,422.7245022388369,996
2024-09-20 09:49:45.823,422.7217402145839,14
2024-09-20 09:49:45.880,422.7166921465521,98
2024-09-20 09:49:47.018,-422.6497360233864,104
2024-09-20 09:49:47.067,422.57967277998586,6
2024-09-20 09:49:47.218,422.6353499295402,95
2024-09-20 09:49:47.237,422.5798682971201,14
2024-09-20 09:49:47.292,422.6693004523586,998
2024-09-20 09:49:47.349,422.5681260862248,105
2024-09-20 09:49:47.465,422.6905256017307,96
2024-09-20 09:49:47.472,422.7032777499943,6
2024-09-20 09:49:47.474,422.6266615412734,12
2024-09-20 09:49:47.481,422.588465852962,15
2024-09-20 09:49:47.589,422.6663035398524,1001
2024-09-20 09:49:47.867,422.6058928261553,5
2024-09-20 09:49:47.890,422.6992400631621,101
2024-09-20 09:49:47.901,422.5674590187666,997
2024-09-20 09:49:47.978,422.6509636979077,1003
2024-09-20 09:49:47.997,422.6900040005789,95
2024-09-20 09:49:48.023,422.55868154160856,97
2024-09-20 09:49:48.030,422.5761550895025,1001
2024-09-20 09:49:48.064,422.5743537941239,998
2024-09-20 09:49:48.098,422.63712324344016,1005
2024-09-20 09:49:48.100,422.5641968033407,999
2024-09-20 09:49:48.222,422.57773149932376,100
2024-09-20 09:49:48.254,422.5660265797427,1005
2024-09-20 09:49:48.264,422.581599129276,14
2024-09-20 09:49:48.391,422.5786036765148,105
2024-09-20 09:49:48.415,422.5899780147536,97
2024-09-20 09:49:48.473,422.56781649694176,98
2024-09-20 09:49:48.480,422.5950483076289,105
2024-09-20 09:49:48.500,422.6263862229652,12
2024-09-20 09:49:48.548,422.5663089886006,10
2024-09-20 09:49:48.607,422.5862125877832,5
2024-09-20 09:49:48.619,422.62208172892616,104
2024-09-20 09:49:48.646,422.6175814856238,13
2024-09-20 09:49:48.669,422.5896145658458,11
2024-09-20 09:49:48.766,422.5833075320201,101
2024-09-20 09:49:48.856,422.5883432555857,8
2024-09-20 09:49:48.869,422.5919058425043,1003
2024-09-20 09:49:48.888,422.6071584379569,1003
2024-09-20 09:49:48.909,422.5764376503157,13
2024-09-20 09:49:48.929,422.5539263493711,1000
2024-09-20 09:49:48.945,422.57840039432745,995
2024-09-20 09:49:48.957,422.628357026135,995
2024-09-20 09:49:49.010,422.69026787466936,1000
2024-09-20 09:49:49.068,422.6348956740936,995
2024-09-20 09:49:49.078,422.6628534364364,7
2024-09-20 09:49:49.094,422.6300699214422,995
2024-09-20 09:49:49.139,422.679216981216,1005
2024-09-20 09:49:49.149,422.6729501434742,97
2024-09-20 09:49:49.269,422.69385284294,104
2024-09-20 09:49:49.292,422.6943232775392,15
2024-09-20 09:49:49.386,422.644564914255,998
2024-09-20 09:49:49.400,422.6626197598268,1003
2024-09-20 09:49:49.456,422.6700468207808,9
2024-09-20 09:49:49.505,422.64636892774513,9
2024-09-20 09:49:49.541,422.6402102728021,1002
2024-09-20 09:49:49.548,422.72699011048064,1004
2024-09-20 09:49:49.607,422.6778134381528,8
2024-09-20 09:49:49.626,422.6729365761734,101
2024-09-20 09:49:49.651,422.6442407166298,97
2024-09-20 09:49:49.655,422.6995541721161,1002
2024-09-20 09:49:49.682,422.6932231714786,103
2024-09-20 09:49:49.733,422.68419854971705,97
2024-09-20 09:49:49.735,422.70563376252375,999
2024-09-20 09:49:49.761,422.6783909929331,8
2024-09-20 09:49:49.816,422.6627419371154,99
2024-09-20 09:49:49.842,422.66169865662334,1005
2024-09-20 09:49:49.891,422.6984200525219,95
2024-09-20 09:49:49.908,422.7098475733942,14
2024-09-20 09:49:49.956,422.6584504370803,1002
2024-09-20 09:49:49.990,422.6135082085116,1001
2024-09-20 09:49:50.148,422.6107639000152,1001
2024-09-20 09:49:50.249,422.6419916219225,104
2024-09-20 09:49:50.256,422.6068584854672,1000
2024-09-20 09:49:50.396,422.6257069583478,11
2024-09-20 09:49:50.471,422.660576386649,99
2024-09-20 09:49:50.484,422.6395679832747,999
2024-09-20 09:49:51.032,422.6111091288557,1005
2024-09-20 09:49:51.068,422.6063476212886,997
2024-09-20 09:49:51.094,422.6266824165921,6
2024-09-20 09:49:51.110,422.62759068210136,999
2024-09-20 09:49:51.112,422.6306838432577,104
2024-09-20 09:49:51.226,422.6038389719572,6
2024-09-20 09:49:51.317,422.6440080239517,7
2024-09-20 09:49:51.330,422.6431536626373,996
2024-09-20 09:49:51.354,422.598358861528,104
2024-09-20 09:49:51.380,422.6337467851286,1000
2024-09-20 09:49:51.532,422.6285886352609,98
2024-09-20 09:49:51.569,422.61554455158256,99
2024-09-20 09:49:51.690,422.641232482118,102
2024-09-20 09:49:51.714,422.6282603903673,998
2024-09-20 09:49:51.735,422.61247716306383,1000
2024-09-20 09:49:51.738,422.6270277667145,103
2024-09-20 09:49:51.769,422.6363853727947,15
2024-09-20 09:49:51.846,422.6030511222044,10
2024-09-20 09:49:51.934,422.6470630402048,102
2024-09-20 09:49:52.073,422.6669830405169,96
2024-09-20 09:49:52.153,422.6683579470842,95
2024-09-20 09:49:52.190,422.65375320234335,98
2024-09-20 09:49:52.257,422.6530264902592,11
2024-09-20 09:49:52.567,422.6532412260565,998
2024-09-20 09:49:52.756,422.6402746086973,13
2024-09-20 09:49:52.885,422.65904313557934,15
2024-09-20 09:49:52.976,422.6639127114853,10
2024-09-20 09:49:52.986,422.6609098178731,95
2024-09-20 09:49:53.029,422.6200188695241,5
2024-09-20 09:49:53.056,422.592053031968,997
2024-09-20 09:49:53.074,422.6206237934634,12
2024-09-20 09:49:53.092,422.599646204509,6
2024-09-20 09:49:53.093,422.61706602155215,15
2024-09-20 09:49:53.098,422.597342819893,97
2024-09-20 09:49:53.157,422.5881409453844,1003
2024-09-20 09:49:53.348,422.603812507039,98
2024-09-20 09:49:53.366,422.61671698844407,998
2024-09-20 09:49:53.558,422.5826415375711,998
2024-09-20 09:49:53.567,422.592715217396,97
2024-09-20 09:49:53.584,422.59696228076587,1004
2024-09-20 09:49:53.622,422.623074975946,1002
2024-09-20 09:49:53.631,422.6001008697298,15
2024-09-20 09:49:53.646,422.61880225980633,96
2024-09-20 09:49:53.709,422.6297571502837,1000
2024-09-20 09:49:53.750,422.61930900430536,6
2024-09-20 09:49:53.757,422.6077368123965,1005
2024-09-20 09:49:53.854,422.588120467016,104
2024-09-20 09:49:53.898,422.62408309067393,13
2024-09-20 09:49:53.931,-422.6167192865439,1004
2024-09-20 09:49:53.958,422.5979182242332,101
2024-09-20 09:49:53.976,422.6100339375029,1002
2024-09-20 09:49:54.015,422.5766910140249,999
2024-09-20 09:49:54.056,422.62041925261184,103
2024-09-20 09:49:54.073,422.5966127024797,1001
2024-09-20 09:49:54.099,422.6517166833643,998
2024-09-20 09:49:54.102,422.65027362853726,98
2024-09-20 09:49:54.165,422.6332600526548,105
2024-09-20 09:49:54.168,422.5806352285263,6
2024-09-20 09:49:54.261,,97
2024-09-20 09:49:54.372,422.6215007267366,11
2024-09-20 09:49:54.465,422.6456365875087,1004
2024-09-20 09:49:54.544,422.6538479250466,104
2024-09-20 09:49:54.577,422.57902787897535,7
2024-09-20 09:49:54.581,422.6241346792222,105
2024-09-20 09:49:54.587,422.6536965971748,9
2024-09-20 09:49:54.663,422.647289344014,7
2024-09-20 09:49:54.804,422.6315231673032,100
2024-09-20 09:49:54.856,422.5777522921696,100
2024-09-20 09:49:54.933,422.63652485980407,7
2024-09-20 09:49:54.979,422.6461806048603,15
2024-09-20 09:49:56.057,422.6663161655555,105
2024-09-20 09:49:56.163,422.6693489409847,95
2024-09-20 09:49:56.201,422.6507898525348,995
2024-09-20 09:49:56.245,422.6931699807116,1001
2024-09-20 09:49:56.272,422.6861810618996,96
2024-09-20 09:49:56.392,422.6625964244238,999
2024-09-20 09:49:56.459,422.6620968575892,1000
2024-09-20 09:49:56.510,422.6583844334903,998
2024-09-20 09:49:56.530,422.6647450845308,1002
2024-09-20 09:49:56.615,422.67675715796565,9
2024-09-20 09:49:56.710,422.64624872464026,14
2024-09-20 09:49:56.749,422.6623942287412,1004
2024-09-20 09:49:56.757,422.6550106591599,996
2024-09-20 09:49:56.793,422.6808587436688,97
2024-09-20 09:49:56.836,422.6692041488404,100
2024-09-20 09:49:56.935,422.6655163051799,12
2024-09-20 09:49:56.988,422.66697698358814,997
2024-09-20 09:49:57.035,422.69985804262393,10
2024-09-20 09:49:57.091,422.6530665538408,99
2024-09-20 09:49:57.155,422.6928085229145,100
2024-09-20 09:49:57.174,422.6520252576707,95
2024-09-20 09:49:57.206,422.6701329684663,998
2024-09-20 09:49:57.362,422.6801922791877,1002
2024-09-20 09:49:57.417,422.6940505189607,6
2024-09-20 09:49:57.421,422.64958772933335,5
2024-09-20 09:49:57.427,422.7033775821582,1002
2024-09-20 09:49:57.440,422.6922085967395,5
2024-09-20 09:49:57.467,422.6634531282894,96
2024-09-20 09:49:57.475,422.6936438023246,997
2024-09-20 09:49:57.605,422.6690483040721,7
2024-09-20 09:49:57.633,422.6564718360741,104
2024-09-20 09:49:57.638,422.65158493246224,11
2024-09-20 09:49:57.654,422.697151538194,11
2024-09-20 09:49:57.728,422.6849396615968,1003
2024-09-20 09:49:57.731,422.6514082129426,7
2024-09-20 09:49:57.765,422.701466640664,9
2024-09-20 09:49:57.812,422.6628826194132,5
2024-09-20 09:49:57.870,422.6932982573516,12
2024-09-20 09:49:57.881,-422.64725696696974,13
2024-09-20 09:49:57.951,422.6612499291112,996
2024-09-20 09:49:57.969,422.6603051125054,14
2024-09-20 09:49:57.990,422.7066481215863,6
2024-09-20 09:49:58.272,422.7044394605413,1005
2024-09-20 09:49:58.407,422.7069364551455,7
2024-09-20 09:49:58.495,422.74685022844335,97
2024-09-20 09:49:58.568,422.74681525694433,5
2024-09-20 09:49:58.570,422.7224250094886,103
2024-09-20 09:49:58.722,422.74016935270674,1004
2024-09-20 09:49:58.796,422.6754622075421,98
2024-09-20 09:49:58.827,422.7094471478543,1003
2024-09-20 09:49:58.877,422.69765958460295,97
2024-09-20 09:49:58.955,422.7047207929997,995
2024-09-20 09:49:58.983,422.65014539642806,98
2024-09-20 09:49:58.989,422.70685321595136,15
2024-09-20 09:49:59.119,422.7330479467116,1002
2024-09-20 09:49:59.149,422.7766106186868,12
2024-09-20 09:49:59.181,422.7508823860992,999
2024-09-20 09:49:59.303,422.7545699558515,997
2024-09-20 09:49:59.403,422.7545649313512,998
2024-09-20 09:49:59.444,422.74639143248834,1000
2024-09-20 09:49:59.482,422.77704369584734,998
2024-09-20 09:49:59.484,422.7465619344493,12
2024-09-20 09:49:59.581,422.7577002589976,996
2024-09-20 09:49:59.616,422.7506304620742,5
2024-09-20 09:49:59.651,422.7620175700602,7
2024-09-20 09:49:59.672,422.7793339042328,998
2024-09-20 09:49:59.686,422.7836852377188,1002
2024-09-20 09:49:59.695,422.7148653886711,96
2024-09-20 09:49:59.699,422.7472664101196,11
2024-09-20 09:49:59.747,422.7360861705536,101
2024-09-20 09:49:59.875,422.7608606326961,6
2024-09-20 09:49:59.971,422.75505507519847,7
