Timestamp,Price,Size
2024-09-18 15:59:00.004,416.0286537114928,996
2024-09-18 15:59:00.022,416.0215286651058,10
2024-09-18 15:59:00.140,416.01247852096526,1005
2024-09-18 15:59:00.143,416.0062678691499,11
2024-09-18 15:59:00.153,416.0233001105337,98
2024-09-18 15:59:00.182,415.9995994317137,100
2024-09-18 15:59:00.215,416.0281887782284,95
2024-09-18 15:59:00.257,416.0216736667546,1004
2024-09-18 15:59:00.268,416.0173103572849,97
2024-09-18 15:59:00.349,416.02187551900846,996
2024-09-18 15:59:00.442,416.0166679527182,999
2024-09-18 15:59:00.556,416.0030239045459,102
2024-09-18 15:59:00.628,416.0205948267437,15
2024-09-18 15:59:00.663,416.0112081680798,97
2024-09-18 15:59:00.907,416.0244182359903,1002
2024-09-18 15:59:00.988,416.01817909997726,996
2024-09-18 15:59:01.064,415.9922305649883,15
2024-09-18 15:59:01.074,416.0146845781925,999
2024-09-18 15:59:01.157,415.99737825128665,11
2024-09-18 15:59:01.164,416.0461861649636,98
2024-09-18 15:59:01.174,416.0380172177781,1000
2024-09-18 15:59:01.265,416.038812014319,100
2024-09-18 15:59:01.307,416.0087936459371,7
2024-09-18 15:59:01.346,415.99277274249545,105
2024-09-18 15:59:01.351,416.0306544904336,12
2024-09-18 15:59:01.370,416.0286430390374,102
2024-09-18 15:59:01.397,416.0231685159857,13
2024-09-18 15:59:01.421,416.0502004194828,998
2024-09-18 15:59:01.465,416.007054362049,1004
2024-09-18 15:59:01.540,416.01746536685926,1002
2024-09-18 15:59:01.591,416.0219198611354,8
2024-09-18 15:59:01.629,415.9887910468816,15
2024-09-18 15:59:01.661,416.0307987620645,999
2024-09-18 15:59:01.667,416.0287585808607,7
2024-09-18 15:59:01.706,416.02950175278033,99
2024-09-18 15:59:01.768,416.0348739388812,98
2024-09-18 15:59:01.769,416.001725341639,999
2024-09-18 15:59:01.827,416.0301252966468,1004
2024-09-18 15:59:01.871,416.0148246549594,97
2024-09-18 15:59:02.019,416.0314319710432,10
2024-09-18 15:59:02.133,416.0152132840845,100
2024-09-18 15:59:02.146,416.0273222435278,102
2024-09-18 15:59:02.497,416.0179882855291,1000
2024-09-18 15:59:02.508,416.00122943275846,1003
2024-09-18 15:59:02.527,416.05365847648176,5
2024-09-18 15:59:02.560,416.0206406563584,98
2024-09-18 15:59:02.574,416.00096195879087,1002
2024-09-18 15:59:02.626,416.044962233572,100
2024-09-18 15:59:02.628,416.0164127183471,998
2024-09-18 15:59:02.651,416.0342667460791,999
2024-09-18 15:59:02.659,416.0294945765123,996
2024-09-18 15:59:02.754,416.0096034379718,1000
2024-09-18 15:59:02.800,416.0237147200221,15
2024-09-18 15:59:02.811,416.0168087713845,1000
2024-09-18 15:59:02.832,416.0231535728776,1002
2024-09-18 15:59:02.860,416.0110728300799,6
2024-09-18 15:59:02.963,416.0464027474491,96
2024-09-18 15:59:03.117,416.0934684085451,998
2024-09-18 15:59:03.310,416.0735434314192,13
2024-09-18 15:59:03.381,416.0714503734352,10
2024-09-18 15:59:03.461,416.066107015938,12
2024-09-18 15:59:03.661,416.06635809621366,100
2024-09-18 15:59:03.723,416.0738085086794,105
2024-09-18 15:59:04.104,416.2126775906153,15
2024-09-18 15:59:04.126,416.1196359944942,996
2024-09-18 15:59:04.154,416.106419623356,6
2024-09-18 15:59:04.168,416.1174184389964,103
2024-09-18 15:59:04.238,416.1611461380187,98
2024-09-18 15:59:04.281,416.1223706616559,1001
2024-09-18 15:59:04.339,416.19485211536266,1004
2024-09-18 15:59:04.378,416.0696043058245,6
2024-09-18 15:59:04.405,416.0777982814441,15
2024-09-18 15:59:04.416,416.1850092998519,95
2024-09-18 15:59:04.429,416.202823261831,104
2024-09-18 15:59:04.456,416.1156649948698,7
2024-09-18 15:59:04.538,416.13376314285694,998
2024-09-18 15:59:04.595,416.1341916518885,1004
2024-09-18 15:59:04.617,416.0904231510379,1005
2024-09-18 15:59:04.673,416.1637603062392,101
2024-09-18 15:59:04.687,416.1573181244458,1002
2024-09-18 15:59:04.701,416.1028828550391,103
2024-09-18 15:59:04.705,416.1443869365659,101
2024-09-18 15:59:04.709,416.09698906660986,8
2024-09-18 15:59:04.728,416.173411914099,105
2024-09-18 15:59:04.733,416.2046352849014,100
2024-09-18 15:59:04.775,416.16214252697137,10
2024-09-18 15:59:04.777,416.13353869116565,9
2024-09-18 15:59:04.879,416.06636719685054,102
2024-09-18 15:59:04.970,416.18555783342975,98
2024-09-18 15:59:05.662,416.143565596534,6
2024-09-18 15:59:06.015,416.08544649373954,7
2024-09-18 15:59:06.019,416.10803857804433,102
2024-09-18 15:59:06.033,416.0928387290133,99
2024-09-18 15:59:06.036,416.1383374067816,13
2024-09-18 15:59:06.065,416.1243765521522,1001
2024-09-18 15:59:06.068,416.122211481949,104
2024-09-18 15:59:06.075,416.1342536090604,1005
2024-09-18 15:59:06.196,416.15044173098016,99
2024-09-18 15:59:06.273,416.112421440605,6
2024-09-18 15:59:06.305,416.1203146861468,999
2024-09-18 15:59:06.357,416.09728015084687,105
2024-09-18 15:59:06.406,416.1060712459666,8
2024-09-18 15:59:06.469,416.0827114228717,98
2024-09-18 15:59:06.519,416.1393562389067,5
2024-09-18 15:59:06.618,416.11313454772585,15
2024-09-18 15:59:06.685,416.0958232633636,15
2024-09-18 15:59:06.693,416.0891811007878,1003
2024-09-18 15:59:06.694,416.1345876022145,1000
2024-09-18 15:59:06.697,416.10238698719314,1004
2024-09-18 15:59:06.705,416.1039519841976,1002
2024-09-18 15:59:06.710,416.1308766088995,102
2024-09-18 15:59:06.722,416.1346761471168,101
2024-09-18 15:59:06.751,416.115502722408,15
2024-09-18 15:59:06.800,416.1025016813424,96
2024-09-18 15:59:06.920,416.11255933545897,101
2024-09-18 15:59:07.007,416.04603032076136,97
2024-09-18 15:59:07.010,416.03207271227154,999
2024-09-18 15:59:07.030,416.0790609284644,1000
2024-09-18 15:59:07.070,416.01206993689385,15
2024-09-18 15:59:07.099,416.0321634705375,11
2024-09-18 15:59:07.121,416.0246382329893,999
2024-09-18 15:59:07.138,416.0953111702715,1003
2024-09-18 15:59:07.296,416.0391237222899,96
2024-09-18 15:59:07.303,416.0845278790418,7
2024-09-18 15:59:07.400,-416.0207220401164,100
2024-09-18 15:59:07.416,416.0459269439104,1003
2024-09-18 15:59:07.502,416.0927965992674,11
2024-09-18 15:59:07.630,416.0406985543372,13
2024-09-18 15:59:07.682,416.0878618835016,96
2024-09-18 15:59:07.726,416.04271973601095,95
2024-09-18 15:59:07.863,416.06504999739394,95
2024-09-18 15:59:07.939,416.0617704477082,1005
2024-09-18 15:59:07.982,416.0372979417333,9
2024-09-18 15:59:09.203,416.0435860602998,998
2024-09-18 15:59:10.069,416.0307973160772,995
2024-09-18 15:59:10.089,416.03984600696725,9
2024-09-18 15:59:10.091,416.0415229722289,998
2024-09-18 15:59:10.099,416.04214744897206,104
2024-09-18 15:59:10.114,,997
2024-09-18 15:59:10.151,416.0371302737347,1000
2024-09-18 15:59:10.242,416.0705341117134,1001
2024-09-18 15:59:10.293,416.0373464244677,102
2024-09-18 15:59:10.299,416.0746250104112,12
2024-09-18 15:59:10.332,416.0430829053456,1005
2024-09-18 15:59:10.334,416.0632339769,996
2024-09-18 15:59:10.366,416.0005259878544,99
2024-09-18 15:59:10.384,416.06983460313177,997
2024-09-18 15:59:10.413,416.0467558795726,998
2024-09-18 15:59:10.434,416.0695285124848,8
2024-09-18 15:59:10.461,416.0659822725263,1005
2024-09-18 15:59:10.550,416.0249553476469,999
2024-09-18 15:59:10.578,41.60317630735466,1002
2024-09-18 15:59:10.588,416.0510968500763,98
2024-09-18 15:59:10.659,416.0495383912239,12
2024-09-18 15:59:10.662,416.0781062460463,1002
2024-09-18 15:59:10.730,416.0447140018126,101
2024-09-18 15:59:10.796,416.0460801750242,5
2024-09-18 15:59:10.799,416.0496646713595,98
2024-09-18 15:59:10.858,416.0388184853381,1001
2024-09-18 15:59:10.973,416.0407721933978,15
2024-09-18 15:59:11.640,41.60161006129427,8
2024-09-18 15:59:11.804,416.0159924514883,1003
2024-09-18 15:59:11.950,416.0154530908521,7
2024-09-18 15:59:11.980,416.0119687065374,998
2024-09-18 15:59:12.213,415.991050681512,995
2024-09-18 15:59:12.226,416.0116892973828,100
2024-09-18 15:59:12.294,416.0121809227128,1005
2024-09-18 15:59:12.307,415.9794344567505,96
2024-09-18 15:59:12.320,416.001867840788,9
2024-09-18 15:59:12.329,415.9753075252737,105
2024-09-18 15:59:12.332,415.98656660387167,1005
2024-09-18 15:59:12.340,415.9584672842609,10
2024-09-18 15:59:12.381,415.98894868110256,98
2024-09-18 15:59:12.434,415.9905664339539,14
2024-09-18 15:59:12.472,415.9765890136628,1000
2024-09-18 15:59:12.560,415.9878527660944,1000
2024-09-18 15:59:12.754,416.0146038613249,9
2024-09-18 15:59:12.847,415.9686310015246,96
2024-09-18 15:59:12.855,-415.9787636587736,15
2024-09-18 15:59:12.898,416.0008780090326,13
2024-09-18 15:59:12.902,415.9756916029367,97
2024-09-18 15:59:13.019,415.9837138170432,13
2024-09-18 15:59:13.023,416.0115783886398,1003
2024-09-18 15:59:13.023,415.98234402301,8
2024-09-18 15:59:13.028,415.9770325050591,11
2024-09-18 15:59:13.033,415.9981368018952,8
2024-09-18 15:59:13.044,415.983608176894,5
2024-09-18 15:59:13.207,,9
2024-09-18 15:59:13.274,415.96193264149406,105
2024-09-18 15:59:13.310,415.9908284165647,11
2024-09-18 15:59:13.321,415.9703480996148,996
2024-09-18 15:59:13.333,416.011613495253,95
2024-09-18 15:59:13.384,415.9712885716103,996
2024-09-18 15:59:13.424,415.99630117279736,97
2024-09-18 15:59:13.445,415.9955248231593,103
2024-09-18 15:59:13.450,415.9774101891069,5
2024-09-18 15:59:13.493,415.9965503617746,1001
2024-09-18 15:59:13.556,415.9812441846436,999
2024-09-18 15:59:13.575,415.9967376085096,96
2024-09-18 15:59:13.582,415.9816813694874,98
2024-09-18 15:59:13.604,415.9794882006543,12
2024-09-18 15:59:13.620,415.9893886619965,999
2024-09-18 15:59:13.669,415.9862908612631,97
2024-09-18 15:59:13.774,415.9905343473208,95
2024-09-18 15:59:13.781,41.59894351697366,96
2024-09-18 15:59:13.818,415.9591284646672,5
2024-09-18 15:59:13.873,416.0019291669637,105
2024-09-18 15:59:13.967,415.9652279986203,11
2024-09-18 15:59:13.988,,995
2024-09-18 15:59:14.001,415.9960390897883,11
2024-09-18 15:59:14.206,416.0222753904831,15
2024-09-18 15:59:14.425,415.9945030257408,998
2024-09-18 15:59:14.628,416.01065119666174,996
2024-09-18 15:59:14.892,416.0072273237585,8
2024-09-18 15:59:15.551,415.9947328620933,15
2024-09-18 15:59:15.637,415.9949010761414,102
2024-09-18 15:59:15.644,415.9887047542548,100
2024-09-18 15:59:15.771,416.0185592838535,104
2024-09-18 15:59:15.890,416.01301224494233,997
2024-09-18 15:59:16.058,416.0151861234642,10
2024-09-18 15:59:16.083,416.02513111080935,105
2024-09-18 15:59:16.084,416.0163818609403,95
2024-09-18 15:59:16.131,416.0536778560017,1000
2024-09-18 15:59:16.161,415.9956670800443,95
2024-09-18 15:59:16.169,416.059978484012,97
2024-09-18 15:59:16.171,416.0739967603844,10
2024-09-18 15:59:16.392,-416.051395996966,105
2024-09-18 15:59:16.429,416.0452554220873,1000
2024-09-18 15:59:16.490,415.9779583505101,5
2024-09-18 15:59:16.503,416.0236234148342,998
2024-09-18 15:59:16.579,416.05587024094734,995
2024-09-18 15:59:16.626,416.06187183226007,999
2024-09-18 15:59:16.688,416.0459106041177,1002
2024-09-18 15:59:16.717,416.0418412436661,997
2024-09-18 15:59:16.726,416.0103429859033,14
2024-09-18 15:59:16.740,416.06030023725714,1005
2024-09-18 15:59:16.781,416.0410666408255,103
2024-09-18 15:59:16.861,416.0219478945039,13
2024-09-18 15:59:16.960,416.0685661725388,1005
2024-09-18 15:59:16.960,416.0556651509185,9
2024-09-18 15:59:17.056,415.97935223027946,7
2024-09-18 15:59:17.093,416.0074762790075,997
2024-09-18 15:59:17.117,416.0133029185771,1002
2024-09-18 15:59:17.166,415.9882992607172,6
2024-09-18 15:59:17.248,415.99462633608704,999
2024-09-18 15:59:17.249,416.0227047343146,101
2024-09-18 15:59:17.266,416.044763925207,13
2024-09-18 15:59:17.287,416.04305953956094,998
2024-09-18 15:59:17.293,416.0590519998224,98
2024-09-18 15:59:17.300,416.0075832098889,1004
2024-09-18 15:59:17.325,416.0263218040039,101
2024-09-18 15:59:17.378,416.0726584873247,997
2024-09-18 15:59:17.381,415.9804400880848,13
2024-09-18 15:59:17.411,416.0156950163592,1004
2024-09-18 15:59:17.470,416.0111900981779,1001
2024-09-18 15:59:17.517,415.997846170475,8
2024-09-18 15:59:17.567,416.01248561450205,99
2024-09-18 15:59:17.619,416.00640798759815,12
2024-09-18 15:59:17.691,415.9858183677611,102
2024-09-18 15:59:17.698,416.0454739775298,998
2024-09-18 15:59:17.860,416.0542933671694,997
2024-09-18 15:59:17.880,416.0058765419375,99
2024-09-18 15:59:17.890,416.02257090548727,1000
2024-09-18 15:59:17.982,416.0300920649508,1002
2024-09-18 15:59:17.983,415.99837769787325,13
2024-09-18 15:59:17.986,416.0314238664637,10
2024-09-18 15:59:18.028,415.98773360904886,998
2024-09-18 15:59:18.036,415.9927355591244,95
2024-09-18 15:59:18.081,415.9701253511762,997
2024-09-18 15:59:18.098,416.0006484940918,6
2024-09-18 15:59:18.159,416.043145541069,95
2024-09-18 15:59:18.198,416.0333964772957,1001
2024-09-18 15:59:18.232,415.986176990528,98
2024-09-18 15:59:18.262,415.9416126199931,1004
2024-09-18 15:59:18.267,415.9780681485304,8
2024-09-18 15:59:18.288,415.99897407740247,103
2024-09-18 15:59:18.324,415.9899923897849,104
2024-09-18 15:59:18.377,415.9448497982905,1000
2024-09-18 15:59:18.409,415.95363434054894,95
2024-09-18 15:59:18.433,416.00798644348833,15
2024-09-18 15:59:18.454,415.9951932680322,101
2024-09-18 15:59:18.474,415.9947561790939,14
2024-09-18 15:59:18.619,415.9976688221413,101
2024-09-18 15:59:18.714,416.01400926671926,5
2024-09-18 15:59:18.726,415.9656082487696,1001
2024-09-18 15:59:18.796,416.00790979235296,7
2024-09-18 15:59:18.799,415.9587547394326,12
2024-09-18 15:59:18.809,415.99454018414775,101
2024-09-18 15:59:18.873,415.9428163946692,8
2024-09-18 15:59:18.897,416.001179724267,100
2024-09-18 15:59:18.922,415.9752669685555,97
2024-09-18 15:59:18.960,415.9784657693868,8
2024-09-18 15:59:19.117,415.91410759366937,7
2024-09-18 15:59:19.122,415.99365418588775,96
2024-09-18 15:59:19.150,415.9421117937142,7
2024-09-18 15:59:19.171,415.9328560787114,105
2024-09-18 15:59:19.195,415.9423225810339,105
2024-09-18 15:59:19.228,415.9318999552584,14
2024-09-18 15:59:19.282,415.9074923299892,98
2024-09-18 15:59:19.334,415.9984810596204,103
2024-09-18 15:59:19.335,415.9363638801941,7
2024-09-18 15:59:19.442,415.95259252531577,1003
2024-09-18 15:59:19.458,415.94832172967386,995
2024-09-18 15:59:19.487,415.928183797747,100
2024-09-18 15:59:19.795,415.966268451757,5
2024-09-18 15:59:19.900,415.9222091484562,98
2024-09-18 15:59:19.975,415.9337927829251,1005
2024-09-18 15:59:20.009,415.9586297535178,15
2024-09-18 15:59:20.021,415.97730656477125,999
2024-09-18 15:59:20.062,415.9837482290172,15
2024-09-18 15:59:20.217,412.2320227032488,1005
2024-09-18 15:59:20.268,415.96525484441486,13
2024-09-18 15:59:20.393,415.94602614199056,15
2024-09-18 15:59:20.432,415.9490967633121,101
2024-09-18 15:59:20.553,415.9179645872829,103
2024-09-18 15:59:20.584,415.9373207414114,99
2024-09-18 15:59:20.619,415.91435917508113,997
2024-09-18 15:59:20.649,415.9380138283757,102
2024-09-18 15:59:20.765,415.97922500629807,5
2024-09-18 15:59:20.839,415.94146344406136,1002
2024-09-18 15:59:20.902,415.9345545964976,96
2024-09-18 15:59:20.956,415.9065401602053,1003
2024-09-18 15:59:20.996,415.9312885300046,9
2024-09-18 15:59:21.000,415.9071405171077,1004
2024-09-18 15:59:21.060,415.8658944101198,96
2024-09-18 15:59:21.128,415.8973927328307,102
2024-09-18 15:59:21.153,415.8367367403635,95
2024-09-18 15:59:21.222,415.8211693596103,995
2024-09-18 15:59:21.290,415.9400981005449,102
2024-09-18 15:59:21.307,415.8587504343956,14
2024-09-18 15:59:21.351,415.7989161351056,1001
2024-09-18 15:59:21.364,415.85750302566026,103
2024-09-18 15:59:21.393,415.8777410871618,95
2024-09-18 15:59:21.486,415.8513923550877,97
2024-09-18 15:59:21.565,415.8526949984974,1004
2024-09-18 15:59:21.611,415.91136593377206,101
2024-09-18 15:59:21.622,415.8948221517008,96
2024-09-18 15:59:21.636,415.8138048906016,995
2024-09-18 15:59:21.636,415.8960345063308,7
2024-09-18 15:59:21.670,415.8282613919176,105
2024-09-18 15:59:21.753,415.8399374357929,1004
2024-09-18 15:59:21.769,415.9451720142732,1005
2024-09-18 15:59:21.788,415.8869933631944,1001
2024-09-18 15:59:21.794,415.8274141069567,102
2024-09-18 15:59:21.797,415.8181409287529,103
2024-09-18 15:59:21.852,415.8251982187895,1001
2024-09-18 15:59:21.888,415.8562725690526,10
2024-09-18 15:59:21.904,415.92012408010135,95
2024-09-18 15:59:21.914,415.80866216797455,101
2024-09-18 15:59:21.933,415.8167453256037,1000
2024-09-18 15:59:21.966,415.8784177325071,995
2024-09-18 15:59:21.991,415.9260623462795,103
2024-09-18 15:59:22.015,415.9196445709686,13
2024-09-18 15:59:22.020,415.91965863136136,10
2024-09-18 15:59:22.028,415.90641700947646,1004
2024-09-18 15:59:22.059,415.90048085570254,97
2024-09-18 15:59:22.123,415.9011626125253,998
2024-09-18 15:59:22.129,415.92019930508985,996
2024-09-18 15:59:22.132,415.90599574246266,13
2024-09-18 15:59:22.170,415.90479607602543,96
2024-09-18 15:59:22.177,415.9192406495008,97
2024-09-18 15:59:22.289,415.9057325433009,5
2024-09-18 15:59:22.345,41.5914806537717,998
2024-09-18 15:59:22.352,415.9096601498997,996
2024-09-18 15:59:22.392,415.89537707426354,102
2024-09-18 15:59:22.426,415.89932534642577,100
2024-09-18 15:59:22.454,415.9054301248575,995
2024-09-18 15:59:22.478,415.9055982091869,15
2024-09-18 15:59:22.534,415.9066597057449,104
2024-09-18 15:59:22.595,415.916517174492,96
2024-09-18 15:59:22.604,415.9130876289144,8
2024-09-18 15:59:22.609,415.9244664836593,12
2024-09-18 15:59:22.700,415.8931372121496,1004
2024-09-18 15:59:22.733,415.9212825240576,95
2024-09-18 15:59:22.838,415.8994011943258,5
2024-09-18 15:59:22.838,415.9352389071496,1004
2024-09-18 15:59:22.850,415.9072770660808,95
2024-09-18 15:59:22.870,415.8942949777833,996
2024-09-18 15:59:22.930,415.910233998243,14
2024-09-18 15:59:22.937,415.9103260305218,102
2024-09-18 15:59:22.965,415.899595477874,101
2024-09-18 15:59:22.985,415.9065344344402,12
2024-09-18 15:59:23.591,415.8937329918739,95
2024-09-18 15:59:23.896,415.9071236654345,105
2024-09-18 15:59:24.030,41.585291197674536,15
2024-09-18 15:59:24.047,415.8432833139275,15
2024-09-18 15:59:24.082,415.88724048967424,98
2024-09-18 15:59:24.084,415.8789759486118,95
2024-09-18 15:59:24.132,415.87913987450287,14
2024-09-18 15:59:24.239,415.874251177701,8
2024-09-18 15:59:24.253,415.8532867060563,13
2024-09-18 15:59:24.315,415.8374005649352,104
2024-09-18 15:59:24.324,415.8853580440631,100
2024-09-18 15:59:24.345,415.8877791119078,97
2024-09-18 15:59:24.388,415.8842606675439,996
2024-09-18 15:59:24.444,415.90972659471873,12
2024-09-18 15:59:24.497,415.8901461165042,996
2024-09-18 15:59:24.501,415.8641990052106,96
2024-09-18 15:59:24.556,415.8746932281701,104
2024-09-18 15:59:24.660,415.8661542963033,96
2024-09-18 15:59:24.688,415.8508863392517,98
2024-09-18 15:59:24.738,415.836222090477,11
2024-09-18 15:59:24.739,415.8927704902257,11
2024-09-18 15:59:24.771,415.9063045998437,104
2024-09-18 15:59:24.798,415.8941011806232,96
2024-09-18 15:59:24.903,415.8739866713845,1004
2024-09-18 15:59:24.933,415.86573403558015,1005
2024-09-18 15:59:24.945,415.8445615138352,100
2024-09-18 15:59:24.950,415.8533709242888,103
2024-09-18 15:59:25.007,415.8373848708615,100
2024-09-18 15:59:25.192,415.8382774194703,97
2024-09-18 15:59:26.048,415.830391602876,98
2024-09-18 15:59:26.083,415.8283727948024,997
2024-09-18 15:59:26.146,415.8191409113739,1004
2024-09-18 15:59:26.174,415.8429067478301,1002
2024-09-18 15:59:26.221,415.8473513340201,97
2024-09-18 15:59:26.270,415.82527842211385,1003
2024-09-18 15:59:26.403,415.8248534233997,96
2024-09-18 15:59:26.454,415.79225798684126,100
2024-09-18 15:59:26.524,415.83583779096085,997
2024-09-18 15:59:26.561,415.8320801217299,1002
2024-09-18 15:59:26.579,415.8447658561117,12
2024-09-18 15:59:26.585,415.83402464308,9
2024-09-18 15:59:26.620,415.8134892039105,1005
2024-09-18 15:59:26.642,415.82218626228695,8
2024-09-18 15:59:26.659,415.8127186820483,95
2024-09-18 15:59:26.819,415.8120974091031,97
2024-09-18 15:59:26.822,415.8489498311744,9
2024-09-18 15:59:26.824,415.8380842433995,98
2024-09-18 15:59:26.829,412.22264227465104,1005
2024-09-18 15:59:26.830,415.8518872682743,11
2024-09-18 15:59:26.840,415.823651477748,9
2024-09-18 15:59:26.883,415.8057739025579,6
2024-09-18 15:59:26.914,415.8062592092528,7
2024-09-18 15:59:26.949,415.8244634804302,1005
2024-09-18 15:59:26.955,415.84190720236415,5
2024-09-18 15:59:26.967,415.823310083344,996
2024-09-18 15:59:27.038,415.8069094586036,998
2024-09-18 15:59:27.058,415.8376964206175,96
2024-09-18 15:59:27.078,415.8362891096794,96
2024-09-18 15:59:27.080,415.80964876343626,99
2024-09-18 15:59:27.085,415.8273419393354,12
2024-09-18 15:59:27.101,41.58249299607798,96
2024-09-18 15:59:27.240,415.8173436347987,1005
2024-09-18 15:59:27.317,415.8116969551717,999
2024-09-18 15:59:27.370,415.8326997452109,10
2024-09-18 15:59:27.377,415.8216046007483,5
2024-09-18 15:59:27.499,415.8313341684939,8
2024-09-18 15:59:27.559,415.8245995590274,7
2024-09-18 15:59:27.618,415.81231157148056,103
2024-09-18 15:59:27.654,415.8116874564128,13
2024-09-18 15:59:27.691,415.82650400461335,8
2024-09-18 15:59:27.770,415.8190213057924,11
2024-09-18 15:59:27.788,415.8262898728032,11
2024-09-18 15:59:27.874,415.8130370415393,7
2024-09-18 15:59:27.961,415.8394359512549,996
2024-09-18 15:59:27.980,415.81814892717375,96
2024-09-18 15:59:27.991,415.79001986537867,9
2024-09-18 15:59:28.022,415.8666415824439,102
2024-09-18 15:59:28.149,415.89862961014535,13
2024-09-18 15:59:28.189,415.8911197518424,10
2024-09-18 15:59:28.202,415.8634040250509,13
2024-09-18 15:59:28.217,415.8818042122162,101
2024-09-18 15:59:28.225,415.8920541191408,97
2024-09-18 15:59:28.238,415.8641194382048,104
2024-09-18 15:59:28.271,415.9020021621321,8
2024-09-18 15:59:28.301,415.8513174721568,1004
2024-09-18 15:59:28.348,415.905392510413,1003
2024-09-18 15:59:28.422,415.8976841708112,8
2024-09-18 15:59:28.483,415.8351364539472,13
2024-09-18 15:59:28.574,415.9111195267392,9
2024-09-18 15:59:28.584,415.9192267970792,8
2024-09-18 15:59:28.625,415.8863057630478,8
2024-09-18 15:59:28.626,415.9130944895667,5
2024-09-18 15:59:28.685,415.9015923993581,995
2024-09-18 15:59:28.696,415.90151543742246,102
2024-09-18 15:59:28.706,415.8208273392432,5
2024-09-18 15:59:28.761,415.8508989861152,101
2024-09-18 15:59:28.798,415.903126148218,995
2024-09-18 15:59:28.814,415.8634701521232,98
2024-09-18 15:59:28.829,415.877458574271,996
2024-09-18 15:59:28.842,415.9053017330723,1002
2024-09-18 15:59:28.904,415.8787249592301,11
2024-09-18 15:59:28.942,415.8698184759714,997
2024-09-18 15:59:28.970,415.88393138003534,14
2024-09-18 15:59:28.973,415.8694126794418,996
2024-09-18 15:59:29.001,415.875191525544,105
2024-09-18 15:59:29.044,415.82191455469615,100
2024-09-18 15:59:29.048,415.8206185131338,1001
2024-09-18 15:59:29.053,415.764691988554,105
2024-09-18 15:59:29.080,415.7317619045033,1003
2024-09-18 15:59:29.089,415.7694009421555,104
2024-09-18 15:59:29.131,415.7762940061505,98
2024-09-18 15:59:29.177,415.7822421216903,5
2024-09-18 15:59:29.238,415.79817075754295,13
2024-09-18 15:59:29.287,415.774569783381,102
2024-09-18 15:59:29.288,415.8114286048739,96
2024-09-18 15:59:29.300,415.8183324950657,14
2024-09-18 15:59:29.323,415.7735084917232,99
2024-09-18 15:59:29.435,415.8304102789734,95
2024-09-18 15:59:29.440,415.7697518063406,96
2024-09-18 15:59:29.491,415.88012467601015,14
2024-09-18 15:59:29.538,415.7813997939088,995
2024-09-18 15:59:29.550,415.8556937504457,998
2024-09-18 15:59:29.643,415.8144716852512,97
2024-09-18 15:59:29.653,415.7816196377402,5
2024-09-18 15:59:29.692,415.7794478402025,14
2024-09-18 15:59:29.731,415.8164074777095,103
2024-09-18 15:59:29.739,415.837607353584,100
2024-09-18 15:59:29.765,415.8014584030221,997
2024-09-18 15:59:29.807,415.7750197894109,10
2024-09-18 15:59:29.857,415.7973857575346,995
2024-09-18 15:59:29.883,415.7444035279381,13
2024-09-18 15:59:29.919,415.7950953376941,10
2024-09-18 15:59:30.293,415.7390355913892,98
2024-09-18 15:59:30.510,415.73187904367256,100
2024-09-18 15:59:30.928,415.7338010901984,97
2024-09-18 15:59:31.261,415.7360683728931,11
2024-09-18 15:59:31.610,415.7349874954158,14
2024-09-18 15:59:31.768,415.7311912064947,996
2024-09-18 15:59:31.984,415.7385033301842,999
2024-09-18 15:59:31.984,415.7460382002428,1000
2024-09-18 15:59:32.013,415.7659525232696,99
2024-09-18 15:59:32.082,415.7464599757424,8
2024-09-18 15:59:32.190,415.75546342192735,996
2024-09-18 15:59:32.223,415.7625309485514,8
2024-09-18 15:59:32.257,415.7596874797803,15
2024-09-18 15:59:32.272,415.7429642957307,1001
2024-09-18 15:59:32.334,415.7386258221948,999
2024-09-18 15:59:32.350,415.7454663213143,15
2024-09-18 15:59:32.423,415.7028035027497,96
2024-09-18 15:59:32.466,415.7075192082709,9
2024-09-18 15:59:32.497,415.7474076276048,96
2024-09-18 15:59:32.502,415.7322679131015,996
2024-09-18 15:59:32.503,415.75344478630194,1004
2024-09-18 15:59:32.549,415.7012731049768,95
2024-09-18 15:59:32.549,415.7162280978152,100
2024-09-18 15:59:32.578,415.7330208763028,995
2024-09-18 15:59:32.594,415.7494545262766,11
2024-09-18 15:59:32.633,415.75867306751513,996
2024-09-18 15:59:32.641,415.7305377170363,98
2024-09-18 15:59:32.691,415.7632049775611,7
2024-09-18 15:59:32.693,415.7562765721786,995
2024-09-18 15:59:32.791,415.75472369427496,105
2024-09-18 15:59:32.819,415.72231251610486,997
2024-09-18 15:59:32.826,415.7531232085387,12
2024-09-18 15:59:32.845,415.7592018084076,99
2024-09-18 15:59:32.896,415.7287093929293,6
2024-09-18 15:59:32.906,415.76795440851015,12
2024-09-18 15:59:33.025,415.7269073759149,996
2024-09-18 15:59:33.042,415.7597721815128,14
2024-09-18 15:59:33.072,415.71274476748977,11
2024-09-18 15:59:33.166,415.8022236631443,8
2024-09-18 15:59:33.206,415.7989499628136,12
2024-09-18 15:59:33.214,41.58186628500706,1002
2024-09-18 15:59:33.240,415.7538250566506,9
2024-09-18 15:59:33.246,415.77637642023245,101
2024-09-18 15:59:33.334,415.7175764269512,998
2024-09-18 15:59:33.484,415.7354088498428,995
2024-09-18 15:59:33.660,415.7241205737795,995
2024-09-18 15:59:33.681,415.7169132374737,102
2024-09-18 15:59:33.726,415.7811799645128,8
2024-09-18 15:59:33.760,415.7188613515344,99
2024-09-18 15:59:33.852,415.7692899498745,98
2024-09-18 15:59:33.864,415.7382119674532,1001
2024-09-18 15:59:33.871,415.7964329820711,98
2024-09-18 15:59:33.890,415.8133756139581,14
2024-09-18 15:59:33.911,415.7554751415928,11
2024-09-18 15:59:33.936,415.76447860967625,10
2024-09-18 15:59:33.987,415.8130700795669,104
2024-09-18 15:59:33.991,415.7342938659941,105
2024-09-18 15:59:34.723,415.83272887249,996
2024-09-18 15:59:34.755,415.8245554860479,100
2024-09-18 15:59:35.002,415.77615849013273,12
2024-09-18 15:59:35.080,415.7757586345367,100
2024-09-18 15:59:35.152,415.7497276789768,998
2024-09-18 15:59:35.158,415.815392820308,6
2024-09-18 15:59:35.176,415.7513795445556,11
2024-09-18 15:59:35.177,415.8666839890963,11
2024-09-18 15:59:35.198,415.8619462568256,1005
2024-09-18 15:59:35.234,415.86957196332986,12
2024-09-18 15:59:35.247,415.7510340307096,105
2024-09-18 15:59:35.248,415.8492300556344,1003
2024-09-18 15:59:35.265,412.3066868613238,101
2024-09-18 15:59:35.442,415.838635816669,1005
2024-09-18 15:59:35.472,415.7562749365786,15
2024-09-18 15:59:35.482,415.8357283219537,1002
2024-09-18 15:59:35.494,415.86063206400434,12
2024-09-18 15:59:35.585,415.7738350140539,102
2024-09-18 15:59:35.590,415.828750145293,6
2024-09-18 15:59:35.628,415.8400721849539,104
2024-09-18 15:59:35.638,415.77766847308817,8
2024-09-18 15:59:35.757,415.7817750455227,14
2024-09-18 15:59:35.828,415.75543951683386,997
2024-09-18 15:59:35.845,415.85506254321774,1003
2024-09-18 15:59:35.858,415.7610091793384,1002
2024-09-18 15:59:35.881,415.7898345099841,14
2024-09-18 15:59:35.898,415.80926204981097,101
2024-09-18 15:59:36.157,415.7393366671822,98
2024-09-18 15:59:36.239,415.7412269512214,13
2024-09-18 15:59:36.323,415.7379568547988,12
2024-09-18 15:59:36.351,415.7254150497844,100
2024-09-18 15:59:36.402,41.57408836575627,1004
2024-09-18 15:59:36.497,415.7229611017795,11
2024-09-18 15:59:36.651,415.7414925986944,105
2024-09-18 15:59:36.711,415.7402843480404,996
2024-09-18 15:59:37.103,415.6732189696904,10
2024-09-18 15:59:37.118,415.70096878640817,997
2024-09-18 15:59:37.144,415.67764651190726,6
2024-09-18 15:59:37.148,415.6825900873752,1005
2024-09-18 15:59:37.186,415.6873885121287,6
2024-09-18 15:59:37.227,415.6842761905059,102
2024-09-18 15:59:37.249,415.66535743609785,1002
2024-09-18 15:59:37.264,415.69069838286094,8
2024-09-18 15:59:37.294,415.675742871002,1004
2024-09-18 15:59:37.302,415.7077367697932,105
2024-09-18 15:59:37.309,415.6995630228229,99
2024-09-18 15:59:37.368,415.6621313910967,105
2024-09-18 15:59:37.379,415.6694698845597,7
2024-09-18 15:59:37.401,415.67906037898985,1000
2024-09-18 15:59:37.410,415.708800722468,998
2024-09-18 15:59:37.426,415.68447217183177,102
2024-09-18 15:59:37.431,415.6667888222617,9
2024-09-18 15:59:37.448,415.6829126287046,12
2024-09-18 15:59:37.481,415.6639028147829,14
2024-09-18 15:59:37.525,415.70481234948375,102
2024-09-18 15:59:37.575,415.6544664018917,7
2024-09-18 15:59:37.609,415.67004294319423,1005
2024-09-18 15:59:37.621,415.711958269417,1004
2024-09-18 15:59:37.711,415.7203784370772,103
2024-09-18 15:59:37.731,415.6787742959237,97
2024-09-18 15:59:37.794,415.71614482820246,6
2024-09-18 15:59:37.799,415.6949036187935,996
2024-09-18 15:59:37.848,415.66653733278025,1001
2024-09-18 15:59:37.917,415.7041548910735,103
2024-09-18 15:59:37.992,415.6959376513588,997
2024-09-18 15:59:38.536,415.6855661218759,5
2024-09-18 15:59:38.710,415.6805508689076,6
2024-09-18 15:59:39.460,415.7265632960238,14
2024-09-18 15:59:39.473,415.7239078308443,12
2024-09-18 15:59:39.629,415.7570673685155,14
2024-09-18 15:59:39.884,415.7107940394559,99
2024-09-18 15:59:39.995,415.7722326812862,9
2024-09-18 15:59:40.260,415.7646688306247,999
2024-09-18 15:59:40.275,415.79659764146464,1002
2024-09-18 15:59:40.276,415.7967760825791,13
2024-09-18 15:59:40.278,415.81731699040415,999
2024-09-18 15:59:40.319,415.80236450897513,95
2024-09-18 15:59:40.347,415.7805261712703,102
2024-09-18 15:59:40.417,415.791036111496,999
2024-09-18 15:59:40.517,415.8014254885481,95
2024-09-18 15:59:40.553,415.8177609226771,99
2024-09-18 15:59:40.621,415.7621985904239,103
2024-09-18 15:59:40.661,415.7812755727039,998
2024-09-18 15:59:40.677,415.7721770445473,1004
2024-09-18 15:59:40.699,415.8017937596821,1001
2024-09-18 15:59:40.773,415.8024561816314,8
2024-09-18 15:59:40.832,415.80548692622665,999
2024-09-18 15:59:40.832,415.7828006136674,1004
2024-09-18 15:59:40.868,415.79845455464425,1004
2024-09-18 15:59:40.920,415.7906836667127,15
2024-09-18 15:59:40.941,415.7910476279706,998
2024-09-18 15:59:40.957,415.77075991701867,1000
2024-09-18 15:59:41.048,415.91089017316096,996
2024-09-18 15:59:41.181,415.87537102925074,95
2024-09-18 15:59:41.222,415.9376426053334,14
2024-09-18 15:59:41.231,415.9475885906221,96
2024-09-18 15:59:41.268,415.9436936041584,97
2024-09-18 15:59:41.272,415.8063051078384,10
2024-09-18 15:59:41.275,415.9208226564642,999
2024-09-18 15:59:41.308,415.8500959093009,996
2024-09-18 15:59:41.345,415.9358645544986,100
2024-09-18 15:59:41.402,415.9384791977857,103
2024-09-18 15:59:41.482,415.9388500458484,14
2024-09-18 15:59:41.514,415.9428938701989,996
2024-09-18 15:59:41.552,415.88243687861353,100
2024-09-18 15:59:41.573,415.9394813717816,105
2024-09-18 15:59:41.596,415.817182227536,9
2024-09-18 15:59:41.693,415.836476127882,14
2024-09-18 15:59:41.744,415.8676579743709,97
2024-09-18 15:59:41.827,415.8985351647022,11
2024-09-18 15:59:41.999,415.79917781236367,997
2024-09-18 15:59:42.009,415.9815018242792,6
2024-09-18 15:59:42.033,416.0135188782445,999
2024-09-18 15:59:42.046,415.9969355219975,102
2024-09-18 15:59:42.166,415.93299826055545,95
2024-09-18 15:59:42.194,415.9723441265832,98
2024-09-18 15:59:42.239,415.969651796413,105
2024-09-18 15:59:42.247,415.9688783609616,7
2024-09-18 15:59:42.286,415.9319730180784,1001
2024-09-18 15:59:42.351,412.436311801952,14
2024-09-18 15:59:42.498,415.91048227194045,103
2024-09-18 15:59:42.524,415.9707646740084,998
2024-09-18 15:59:42.604,415.9581882227,1000
2024-09-18 15:59:42.610,415.98072807179074,101
2024-09-18 15:59:42.674,415.9289637716868,103
2024-09-18 15:59:42.709,415.96487808674,5
2024-09-18 15:59:42.764,415.9695379800361,996
2024-09-18 15:59:42.794,,9
2024-09-18 15:59:42.837,415.9646008420288,1000
2024-09-18 15:59:42.879,415.979700280969,995
2024-09-18 15:59:42.886,415.96505152450686,5
2024-09-18 15:59:42.891,416.0172103539889,1000
2024-09-18 15:59:42.937,415.9667598928798,8
2024-09-18 15:59:42.941,415.96449566701295,1004
2024-09-18 15:59:42.986,415.9972918613374,1003
2024-09-18 15:59:43.028,416.0016301530828,8
2024-09-18 15:59:43.127,416.0221517893267,13
2024-09-18 15:59:43.140,416.02407706525423,103
2024-09-18 15:59:43.141,416.0405138426924,10
2024-09-18 15:59:43.171,416.013999318612,995
2024-09-18 15:59:43.185,416.0226868667801,996
2024-09-18 15:59:43.201,415.97725410464255,103
2024-09-18 15:59:43.204,416.0074933737633,1001
2024-09-18 15:59:43.259,415.99798910097,95
2024-09-18 15:59:43.320,416.0266936232925,96
2024-09-18 15:59:43.328,416.0166554604598,98
2024-09-18 15:59:43.330,416.0113126057078,6
2024-09-18 15:59:43.353,416.0185907484109,104
2024-09-18 15:59:43.363,415.9951675843024,96
2024-09-18 15:59:43.384,415.9926512437908,12
2024-09-18 15:59:43.426,415.9968701633378,1001
2024-09-18 15:59:43.430,415.9976510770165,12
2024-09-18 15:59:43.481,415.9642845105707,1004
2024-09-18 15:59:43.483,416.0169134415492,996
2024-09-18 15:59:43.602,416.0298933706001,998
2024-09-18 15:59:43.638,416.0364681563881,97
2024-09-18 15:59:43.647,416.02422432921634,9
2024-09-18 15:59:43.764,416.0157377280624,1002
2024-09-18 15:59:43.798,416.0122766141944,13
2024-09-18 15:59:43.899,416.0200696193165,101
2024-09-18 15:59:44.250,416.0097356041685,97
2024-09-18 15:59:44.286,415.97032699529984,1005
2024-09-18 15:59:44.322,416.0470378545902,1001
2024-09-18 15:59:44.633,415.9667259996594,998
2024-09-18 15:59:44.673,416.03519486741936,14
2024-09-18 15:59:44.894,415.9750305522746,100
2024-09-18 15:59:44.912,415.9884790448575,14
2024-09-18 15:59:44.940,416.009812007799,100
2024-09-18 15:59:45.062,416.069346400577,13
2024-09-18 15:59:45.096,416.0851811392455,1003
2024-09-18 15:59:45.238,416.0591525347933,9
2024-09-18 15:59:45.257,416.0568753051986,14
2024-09-18 15:59:45.286,416.051753766709,15
2024-09-18 15:59:45.347,416.05595505537,14
2024-09-18 15:59:45.436,416.04096174067865,1002
2024-09-18 15:59:45.480,416.0802532753986,13
2024-09-18 15:59:45.501,416.06951285943336,1002
2024-09-18 15:59:45.647,416.0448266838478,97
2024-09-18 15:59:45.690,416.0707200124506,104
2024-09-18 15:59:45.761,416.0575550655614,97
2024-09-18 15:59:45.783,416.0610671335878,7
2024-09-18 15:59:45.914,416.0494695782622,101
2024-09-18 15:59:46.022,416.1361799903479,6
2024-09-18 15:59:46.059,416.1075045543532,104
2024-09-18 15:59:46.091,416.1078444843408,101
2024-09-18 15:59:46.241,416.0557501377306,8
2024-09-18 15:59:46.288,416.0966287476121,98
2024-09-18 15:59:46.289,416.11489310333286,98
2024-09-18 15:59:46.291,416.1057420271041,10
2024-09-18 15:59:46.299,416.1010557612904,104
2024-09-18 15:59:46.305,416.1401664541899,995
2024-09-18 15:59:46.309,416.093389572045,10
2024-09-18 15:59:46.370,416.1025132457375,1000
2024-09-18 15:59:46.372,416.085604973105,6
2024-09-18 15:59:46.400,416.09356218208006,8
2024-09-18 15:59:46.448,416.1154478308956,14
2024-09-18 15:59:46.453,416.0998367436113,9
2024-09-18 15:59:46.592,416.0882922675895,996
2024-09-18 15:59:46.660,416.0968413776302,7
2024-09-18 15:59:46.661,416.12360213821273,1000
2024-09-18 15:59:46.693,416.0836017226239,10
2024-09-18 15:59:46.698,416.1083325772161,995
2024-09-18 15:59:46.699,416.1125114690179,1003
2024-09-18 15:59:46.729,416.0929353594756,7
2024-09-18 15:59:46.745,416.06571629087193,8
2024-09-18 15:59:46.864,416.13033710929216,99
2024-09-18 15:59:46.890,416.0951918391757,14
2024-09-18 15:59:46.927,416.0967737282668,1001
2024-09-18 15:59:46.964,416.1252850659869,1000
2024-09-18 15:59:47.327,416.1414078686827,13
2024-09-18 15:59:47.450,416.1244836656909,97
2024-09-18 15:59:47.450,416.08348887267096,6
2024-09-18 15:59:47.470,416.1068972209917,5
2024-09-18 15:59:47.619,416.1293055732522,9
2024-09-18 15:59:47.627,416.0958710179284,97
2024-09-18 15:59:47.820,416.1049309952516,10
2024-09-18 15:59:47.885,416.10787616383794,9
2024-09-18 15:59:48.095,416.1503175733257,12
2024-09-18 15:59:48.489,416.1341439397413,6
2024-09-18 15:59:48.575,416.1451124537706,8
2024-09-18 15:59:48.716,416.1705132090951,1003
2024-09-18 15:59:49.007,416.1533273657717,1000
2024-09-18 15:59:49.076,416.1418271905764,104
2024-09-18 15:59:49.095,41.61311911027469,998
2024-09-18 15:59:49.144,416.1205548451777,98
2024-09-18 15:59:49.374,416.1465994101711,13
2024-09-18 15:59:49.432,416.1281339506273,103
2024-09-18 15:59:49.505,416.12990525694215,98
2024-09-18 15:59:49.506,416.1587923119725,8
2024-09-18 15:59:49.596,416.1203470520487,995
2024-09-18 15:59:49.644,416.1470507521081,1003
2024-09-18 15:59:49.662,416.152860569448,996
2024-09-18 15:59:49.685,416.130404609806,95
2024-09-18 15:59:49.698,416.1558765051708,995
2024-09-18 15:59:49.720,416.1374924006651,1004
2024-09-18 15:59:49.780,416.14813387448027,13
2024-09-18 15:59:49.784,416.15807672619616,96
2024-09-18 15:59:49.798,416.1286758125543,997
2024-09-18 15:59:49.911,416.1540392815188,104
2024-09-18 15:59:49.986,416.1649524893856,97
2024-09-18 15:59:50.006,416.0494720306324,995
2024-09-18 15:59:50.010,416.1038537759911,95
2024-09-18 15:59:50.014,416.0576933453911,101
2024-09-18 15:59:50.091,416.085624882652,1000
2024-09-18 15:59:50.115,416.0608917342295,104
2024-09-18 15:59:50.172,416.0514571703198,97
2024-09-18 15:59:50.189,416.1023728375551,10
2024-09-18 15:59:50.201,416.0886257274632,999
2024-09-18 15:59:50.239,416.1103471878446,1001
2024-09-18 15:59:50.244,416.05413257734233,998
2024-09-18 15:59:50.311,416.07629662744114,96
2024-09-18 15:59:50.335,416.09599691379344,995
2024-09-18 15:59:50.336,416.1058079863029,102
2024-09-18 15:59:50.356,416.0507086309634,997
2024-09-18 15:59:50.372,416.06280026848486,15
2024-09-18 15:59:50.398,416.0525409408683,13
2024-09-18 15:59:50.517,416.0910762201645,13
2024-09-18 15:59:50.543,416.0813565264072,101
2024-09-18 15:59:50.635,416.0821240700199,105
2024-09-18 15:59:50.689,416.0663895381449,97
2024-09-18 15:59:50.733,416.1254654151359,996
2024-09-18 15:59:50.806,416.0673128832414,9
2024-09-18 15:59:50.869,416.0569753036304,100
2024-09-18 15:59:50.876,416.0498268282156,11
2024-09-18 15:59:50.969,41.60709370062931,6
2024-09-18 15:59:51.011,416.0450564136065,99
2024-09-18 15:59:51.313,416.0682783981528,15
2024-09-18 15:59:51.348,416.04504397351576,997
2024-09-18 15:59:51.395,416.03905274711343,9
2024-09-18 15:59:51.410,416.0693874642675,8
2024-09-18 15:59:51.541,416.0204231144221,999
2024-09-18 15:59:51.628,416.0458533549397,1002
2024-09-18 15:59:51.676,416.0357367335215,12
2024-09-18 15:59:51.735,416.0378787930873,102
2024-09-18 15:59:51.747,416.032993332629,98
2024-09-18 15:59:51.885,416.0491818840985,6
2024-09-18 15:59:51.920,416.0583847250845,14
2024-09-18 15:59:51.962,416.0374092439663,104
2024-09-18 15:59:51.973,416.0394450568555,14
2024-09-18 15:59:52.000,416.062299823058,12
2024-09-18 15:59:52.661,416.0689646161932,5
2024-09-18 15:59:53.006,416.0364387764522,5
2024-09-18 15:59:53.100,416.0395103586171,998
2024-09-18 15:59:53.176,416.0437977248538,997
2024-09-18 15:59:53.494,416.0533246556965,9
2024-09-18 15:59:53.721,416.0495511982882,13
2024-09-18 15:59:53.857,416.0459397315802,1001
2024-09-18 15:59:53.975,416.06393611382975,998
2024-09-18 15:59:53.980,416.08185723844497,104
2024-09-18 15:59:54.128,416.0349506217976,101
2024-09-18 15:59:54.347,416.0051175835624,99
2024-09-18 15:59:54.382,416.0176573864375,11
2024-09-18 15:59:54.407,415.9977745381134,1001
2024-09-18 15:59:54.525,416.0119065118262,103
2024-09-18 15:59:54.586,415.9949772505823,105
2024-09-18 15:59:54.586,416.00764070571535,105
2024-09-18 15:59:54.728,416.0201294405509,101
2024-09-18 15:59:54.847,416.0154059685456,1002
2024-09-18 15:59:54.860,416.00687506707993,995
2024-09-18 15:59:54.864,416.0015727251735,96
2024-09-18 15:59:54.896,415.9968409850378,104
2024-09-18 15:59:54.960,416.02540367142745,1000
2024-09-18 15:59:54.970,416.0065616054228,99
2024-09-18 15:59:54.994,416.019006531579,103
2024-09-18 15:59:54.996,415.99545181885856,101
2024-09-18 15:59:55.074,416.076285735097,97
2024-09-18 15:59:55.082,416.07804637260574,14
2024-09-18 15:59:55.090,416.1143531560708,95
2024-09-18 15:59:55.136,416.1023374487935,104
2024-09-18 15:59:55.137,416.0815699284797,999
2024-09-18 15:59:55.146,416.0609459112264,97
2024-09-18 15:59:55.319,416.043885408993,6
2024-09-18 15:59:55.349,416.1272654049325,1004
2024-09-18 15:59:55.402,416.0776363973008,101
2024-09-18 15:59:55.431,416.0939735367755,5
2024-09-18 15:59:55.451,416.0164471969679,99
2024-09-18 15:59:55.452,416.0591176400395,996
2024-09-18 15:59:55.460,416.073279394745,8
2024-09-18 15:59:55.466,416.0881457604216,1003
2024-09-18 15:59:55.475,416.079930368258,11
2024-09-18 15:59:55.476,416.0878072471136,7
2024-09-18 15:59:55.492,416.06379339502166,5
2024-09-18 15:59:55.558,416.11183627575895,96
2024-09-18 15:59:55.562,416.1274386024159,96
2024-09-18 15:59:55.610,41.60352184798144,100
2024-09-18 15:59:55.650,416.1099002454447,1003
2024-09-18 15:59:55.650,416.0749140244581,1000
2024-09-18 15:59:55.652,416.1032678132299,99
2024-09-18 15:59:55.703,412.6573363346366,101
2024-09-18 15:59:55.829,416.07678072440063,10
2024-09-18 15:59:55.872,416.1215847431928,100
2024-09-18 15:59:55.967,416.10108366633386,997
2024-09-18 15:59:55.984,416.0859338650904,100
2024-09-18 15:59:56.603,416.1122957918359,1000
2024-09-18 15:59:56.958,416.1228241867381,103
2024-09-18 15:59:57.102,416.11134488869993,997
2024-09-18 15:59:57.116,416.08978700914895,997
2024-09-18 15:59:57.379,416.1282449798542,104
2024-09-18 15:59:57.709,416.1145350157989,5
2024-09-18 15:59:57.892,416.11093815544126,1004
2024-09-18 15:59:57.937,416.125051858745,1005
2024-09-18 15:59:58.032,416.0739719011389,9
2024-09-18 15:59:58.083,416.0611272275084,995
2024-09-18 15:59:58.328,416.0609928223152,14
2024-09-18 15:59:58.408,416.0597512219325,101
2024-09-18 15:59:58.722,416.0793310215562,98
2024-09-18 15:59:58.942,416.081208137671,12
2024-09-18 15:59:59.100,416.1502853413383,997
2024-09-18 15:59:59.127,416.11337368870505,996
2024-09-18 15:59:59.150,416.153442398146,995
2024-09-18 15:59:59.189,416.1581210469391,13
2024-09-18 15:59:59.211,416.1545252853631,1001
2024-09-18 15:59:59.223,416.1678706674113,98
2024-09-18 15:59:59.245,416.1571833561242,1004
2024-09-18 15:59:59.257,416.1022883067564,96
2024-09-18 15:59:59.264,416.13010571381886,1002
2024-09-18 15:59:59.372,416.155502455786,104
2024-09-18 15:59:59.378,416.05091518130655,1001
2024-09-18 15:59:59.459,416.1363130913462,1004
2024-09-18 15:59:59.470,41.6139988197037,104
2024-09-18 15:59:59.509,416.144012907755,102
2024-09-18 15:59:59.760,416.088235750105,104
2024-09-18 15:59:59.770,416.053156621691,11
2024-09-18 15:59:59.942,416.1471803038668,11
2024-09-18 15:59:59.942,416.1491350826542,1005
2024-09-18 15:59:59.961,416.1367351645613,1002
2024-09-18 15:59:59.977,416.1109379019072,8
