Timestamp,Price,Size
2024-09-18 15:06:00.020,415.41727278748345,998
2024-09-18 15:06:00.086,415.40681536698617,98
2024-09-18 15:06:00.276,415.4010319790101,8
2024-09-18 15:06:00.369,415.38661989033056,1002
2024-09-18 15:06:00.407,415.41010313167294,14
2024-09-18 15:06:00.428,415.3928926017807,98
2024-09-18 15:06:00.444,415.4017607763576,14
2024-09-18 15:06:00.465,415.4193264762785,100
2024-09-18 15:06:00.532,415.38474629185725,9
2024-09-18 15:06:00.577,415.3924771750852,6
2024-09-18 15:06:00.734,415.4349270683676,9
2024-09-18 15:06:00.902,415.3828017207625,97
2024-09-18 15:06:00.911,407.6509110531829,999
2024-09-18 15:06:00.960,415.4002012875039,6
2024-09-18 15:06:00.999,415.4045677463092,1000
2024-09-18 15:06:01.119,415.4444900096327,98
2024-09-18 15:06:01.160,415.40874733106193,999
2024-09-18 15:06:01.199,415.4498985698378,8
2024-09-18 15:06:01.217,415.3984017717796,9
2024-09-18 15:06:01.288,415.4219589397911,997
2024-09-18 15:06:01.293,415.4457182456878,103
2024-09-18 15:06:01.389,415.4110888789958,999
2024-09-18 15:06:01.475,415.4099394525052,8
2024-09-18 15:06:01.532,415.4078842650432,997
2024-09-18 15:06:01.546,415.4312881515438,9
2024-09-18 15:06:01.555,415.4232481790631,9
2024-09-18 15:06:01.561,415.4311620272439,5
2024-09-18 15:06:01.562,415.44109484480254,13
2024-09-18 15:06:01.566,415.43404693787954,1004
2024-09-18 15:06:01.590,415.43823657713386,15
2024-09-18 15:06:01.708,415.4061164503803,11
2024-09-18 15:06:01.771,415.417857420526,10
2024-09-18 15:06:01.879,415.4490949255799,1004
2024-09-18 15:06:02.329,415.42545947835066,996
2024-09-18 15:06:02.414,415.4243367549467,95
2024-09-18 15:06:02.424,415.3906845156903,996
2024-09-18 15:06:02.464,415.4382046647126,11
2024-09-18 15:06:02.472,415.4417482233205,1000
2024-09-18 15:06:02.580,415.4441127541263,995
2024-09-18 15:06:02.784,415.4412911120864,98
2024-09-18 15:06:03.201,415.3830388704631,9
2024-09-18 15:06:03.301,415.403686110464,97
2024-09-18 15:06:03.486,415.37045490678094,998
2024-09-18 15:06:03.538,415.3776555964665,11
2024-09-18 15:06:03.587,415.39156933983713,8
2024-09-18 15:06:03.598,415.3762882008188,5
2024-09-18 15:06:03.749,415.395577571266,105
2024-09-18 15:06:03.750,415.37916475648257,98
2024-09-18 15:06:03.804,415.3745339943309,15
2024-09-18 15:06:03.955,415.38765115842176,999
2024-09-18 15:06:04.945,415.37703774113646,103
2024-09-18 15:06:05.041,415.3540591205254,6
2024-09-18 15:06:05.158,415.3879517361414,99
2024-09-18 15:06:05.163,415.4055110730796,9
2024-09-18 15:06:05.190,415.3824676131661,97
2024-09-18 15:06:05.205,415.4247230810354,1001
2024-09-18 15:06:05.245,415.4056181775514,101
2024-09-18 15:06:05.253,415.37525067287817,99
2024-09-18 15:06:05.283,415.3688266736781,105
2024-09-18 15:06:05.294,415.370983100198,104
2024-09-18 15:06:05.341,415.38905612091673,101
2024-09-18 15:06:05.369,415.3941768964925,6
2024-09-18 15:06:05.404,415.3769741281527,1002
2024-09-18 15:06:05.429,415.3768645765583,101
2024-09-18 15:06:05.466,415.3713740931084,998
2024-09-18 15:06:05.512,415.4291236430793,7
2024-09-18 15:06:05.519,415.409146711004,13
2024-09-18 15:06:05.533,415.3671645363864,14
2024-09-18 15:06:05.576,415.41009798066864,97
2024-09-18 15:06:05.678,415.3954119597959,102
2024-09-18 15:06:05.788,415.3945053958156,5
2024-09-18 15:06:05.824,415.3984464269132,1005
2024-09-18 15:06:05.851,415.3704591504743,95
2024-09-18 15:06:05.855,415.40953520228805,15
2024-09-18 15:06:05.870,415.3785549652764,998
2024-09-18 15:06:05.872,415.3934180018924,7
2024-09-18 15:06:05.922,415.38460868882754,102
2024-09-18 15:06:05.954,415.3657693796161,1005
2024-09-18 15:06:05.972,415.3893911018064,6
2024-09-18 15:06:05.973,415.3646738356681,996
2024-09-18 15:06:05.995,415.3882144834165,98
2024-09-18 15:06:06.013,415.4614122641491,7
2024-09-18 15:06:06.039,415.4279862871739,996
2024-09-18 15:06:06.046,415.3959036275182,7
2024-09-18 15:06:06.272,415.46355575031606,14
2024-09-18 15:06:06.285,415.38594693515233,997
2024-09-18 15:06:06.324,415.36588719953113,6
2024-09-18 15:06:06.437,415.40215584530176,103
2024-09-18 15:06:06.454,415.4487187631596,11
2024-09-18 15:06:06.464,415.3867470545808,5
2024-09-18 15:06:06.509,415.3868162642253,8
2024-09-18 15:06:06.575,415.47495849249714,104
2024-09-18 15:06:06.623,415.445334241528,8
2024-09-18 15:06:06.675,415.4200465047168,104
2024-09-18 15:06:06.694,,104
2024-09-18 15:06:06.729,415.3999556353215,1005
2024-09-18 15:06:06.764,415.4303419925417,6
2024-09-18 15:06:06.881,415.4345789937746,1001
2024-09-18 15:06:06.919,415.4063181414604,995
2024-09-18 15:06:06.976,415.4044937557702,101
2024-09-18 15:06:07.034,415.4248237680708,995
2024-09-18 15:06:07.069,415.4177396942573,102
2024-09-18 15:06:07.075,415.4464818522021,95
2024-09-18 15:06:07.080,415.435913488429,999
2024-09-18 15:06:07.088,415.4049292685501,5
2024-09-18 15:06:07.124,415.4260487337161,995
2024-09-18 15:06:07.216,415.4594021351136,14
2024-09-18 15:06:07.219,415.44743575166257,14
2024-09-18 15:06:07.224,415.4413205079082,97
2024-09-18 15:06:07.232,415.4411702563205,9
2024-09-18 15:06:07.321,415.4296048015722,97
2024-09-18 15:06:07.376,415.46512221991134,9
2024-09-18 15:06:07.380,415.4592276082408,98
2024-09-18 15:06:07.380,415.4739015288946,98
2024-09-18 15:06:07.408,415.449995657349,11
2024-09-18 15:06:07.420,415.4535952657738,1003
2024-09-18 15:06:07.425,415.4371002692173,14
2024-09-18 15:06:07.487,415.4378728426185,997
2024-09-18 15:06:07.524,415.443386376523,104
2024-09-18 15:06:07.568,415.4170346022783,1000
2024-09-18 15:06:07.571,415.43543718098607,1003
2024-09-18 15:06:07.648,415.44207991194,1002
2024-09-18 15:06:07.734,415.4497922607574,8
2024-09-18 15:06:07.828,415.46206722447386,95
2024-09-18 15:06:07.875,415.4501230136143,6
2024-09-18 15:06:07.890,415.45871136918896,7
2024-09-18 15:06:07.934,415.4395979344444,1001
2024-09-18 15:06:08.299,415.49429444622166,11
2024-09-18 15:06:09.030,415.5327282097185,998
2024-09-18 15:06:09.040,415.5239546757313,9
2024-09-18 15:06:09.113,415.5158825476025,99
2024-09-18 15:06:09.185,415.5214681060478,996
2024-09-18 15:06:09.346,41.55132041681834,103
2024-09-18 15:06:09.640,415.5053109632522,7
2024-09-18 15:06:09.709,415.5201250563613,97
2024-09-18 15:06:09.740,415.5079332045215,97
2024-09-18 15:06:09.761,415.53779466675314,1001
2024-09-18 15:06:09.914,415.52573578089874,15
2024-09-18 15:06:10.117,415.42111304015725,9
2024-09-18 15:06:10.171,415.5136939912667,1005
2024-09-18 15:06:10.252,415.4258345238694,99
2024-09-18 15:06:10.302,415.4218809087862,12
2024-09-18 15:06:10.313,415.4357604681696,9
2024-09-18 15:06:10.361,415.4434101261694,103
2024-09-18 15:06:10.407,415.4357013198755,13
2024-09-18 15:06:10.424,415.5044787536883,99
2024-09-18 15:06:10.502,415.4249656541097,998
2024-09-18 15:06:10.533,415.4509565913995,14
2024-09-18 15:06:10.566,415.4368337536934,100
2024-09-18 15:06:10.642,415.49447059736445,105
2024-09-18 15:06:10.683,415.5170244118162,12
2024-09-18 15:06:10.704,415.4682342787452,8
2024-09-18 15:06:10.750,415.505384651729,996
2024-09-18 15:06:10.776,415.4281693613818,6
2024-09-18 15:06:10.835,415.4438146312808,1003
2024-09-18 15:06:10.859,415.4715237738656,100
2024-09-18 15:06:10.910,415.4877680934696,1001
2024-09-18 15:06:11.110,415.4239479183297,8
2024-09-18 15:06:11.119,415.4407960101001,14
2024-09-18 15:06:11.125,415.4548865059477,995
2024-09-18 15:06:11.156,415.4286135891116,6
2024-09-18 15:06:11.225,415.4130445818705,15
2024-09-18 15:06:11.228,415.4544765192324,100
2024-09-18 15:06:11.243,415.4606492763635,95
2024-09-18 15:06:11.292,415.45002040466153,97
2024-09-18 15:06:11.319,415.4382051902266,1001
2024-09-18 15:06:11.407,415.42672717952746,1003
2024-09-18 15:06:11.435,415.4203834529013,9
2024-09-18 15:06:11.450,415.44494880384326,1005
2024-09-18 15:06:11.473,415.4228037306961,1003
2024-09-18 15:06:11.552,415.4505922214808,999
2024-09-18 15:06:11.603,415.4353150355393,995
2024-09-18 15:06:11.619,415.43472047891385,10
2024-09-18 15:06:11.638,415.4600874609246,96
2024-09-18 15:06:11.657,415.4782599161499,1002
2024-09-18 15:06:11.677,415.43024707179137,95
2024-09-18 15:06:11.732,415.436868949571,1002
2024-09-18 15:06:11.772,415.46175849935486,101
2024-09-18 15:06:11.801,415.4315919545282,5
2024-09-18 15:06:11.825,415.45103689656975,14
2024-09-18 15:06:11.899,415.43413579915057,7
2024-09-18 15:06:11.937,415.4364912826497,98
2024-09-18 15:06:11.955,415.4407316405523,1004
2024-09-18 15:06:11.990,415.41242951538686,13
2024-09-18 15:06:12.050,415.4265181292236,10
2024-09-18 15:06:12.128,415.4526080613604,1004
2024-09-18 15:06:12.191,415.42561479454616,5
2024-09-18 15:06:12.255,415.4612209958004,6
2024-09-18 15:06:12.318,415.34430935293057,1000
2024-09-18 15:06:12.336,415.4630777295432,14
2024-09-18 15:06:12.457,415.4476796118234,7
2024-09-18 15:06:12.539,415.350180638981,7
2024-09-18 15:06:12.547,415.43374817768296,15
2024-09-18 15:06:12.625,415.37441773232297,1003
2024-09-18 15:06:12.734,415.37467155036137,997
2024-09-18 15:06:12.750,415.37234434455615,1004
2024-09-18 15:06:12.883,415.36364940426336,8
2024-09-18 15:06:12.927,415.42896136550456,96
2024-09-18 15:06:12.931,415.3992663267642,8
2024-09-18 15:06:12.941,415.35170915084166,9
2024-09-18 15:06:13.028,415.30151546486655,10
2024-09-18 15:06:13.042,415.30600152938285,999
2024-09-18 15:06:13.083,415.3336541611569,1001
2024-09-18 15:06:13.160,415.37743284488135,7
2024-09-18 15:06:13.167,415.3342764457162,1005
2024-09-18 15:06:13.224,415.34807611199295,15
2024-09-18 15:06:13.330,415.3147315699316,1005
2024-09-18 15:06:13.348,415.3247422497807,105
2024-09-18 15:06:13.365,415.37680794747,8
2024-09-18 15:06:13.387,415.33899697093074,11
2024-09-18 15:06:13.393,415.35015415929024,105
2024-09-18 15:06:13.398,415.3689064940278,1005
2024-09-18 15:06:13.413,415.37319581750046,7
2024-09-18 15:06:13.422,415.3612535006418,1003
2024-09-18 15:06:13.512,415.3320255182765,14
2024-09-18 15:06:13.541,415.3643918040769,998
2024-09-18 15:06:13.570,415.3397532207804,14
2024-09-18 15:06:13.600,415.32323968950766,995
2024-09-18 15:06:13.728,415.3409295782801,96
2024-09-18 15:06:13.737,415.353235678138,104
2024-09-18 15:06:13.741,41.53199564989126,10
2024-09-18 15:06:13.824,415.3262865524038,15
2024-09-18 15:06:13.844,415.31817293716136,6
2024-09-18 15:06:13.881,415.3545782454543,1001
2024-09-18 15:06:13.889,415.3490135327438,999
2024-09-18 15:06:13.919,415.3507653986248,1004
2024-09-18 15:06:13.990,415.3503542204957,97
2024-09-18 15:06:14.080,415.3117552782857,104
2024-09-18 15:06:14.233,415.2932085609583,13
2024-09-18 15:06:14.325,415.30006436007096,999
2024-09-18 15:06:14.368,415.3314766497747,104
2024-09-18 15:06:14.404,415.31455116459045,8
2024-09-18 15:06:14.489,407.6239438682063,999
2024-09-18 15:06:14.510,415.3089168721394,6
2024-09-18 15:06:14.577,415.3294340877728,99
2024-09-18 15:06:14.900,415.2888034662454,98
2024-09-18 15:06:14.905,415.30025281735,104
2024-09-18 15:06:15.012,415.300617526054,999
2024-09-18 15:06:15.605,415.3151099858612,996
2024-09-18 15:06:15.927,415.3008880085424,1003
2024-09-18 15:06:15.944,415.3133255841024,10
2024-09-18 15:06:16.634,415.3319092785992,101
2024-09-18 15:06:16.680,415.32691897966623,97
2024-09-18 15:06:17.036,415.32618870606746,1003
2024-09-18 15:06:17.061,415.3211762939651,1002
2024-09-18 15:06:17.244,415.3304516560887,96
2024-09-18 15:06:17.468,415.3400657811491,104
2024-09-18 15:06:17.588,415.2973083733127,995
2024-09-18 15:06:17.644,415.2956112758028,999
2024-09-18 15:06:17.730,41.53032984978708,997
2024-09-18 15:06:17.836,415.33595044468746,14
2024-09-18 15:06:18.016,415.3611080678244,1005
2024-09-18 15:06:18.019,415.3707322302106,98
2024-09-18 15:06:18.053,415.3873154705233,9
2024-09-18 15:06:18.080,415.3783232919317,996
2024-09-18 15:06:18.169,415.364805431328,1003
2024-09-18 15:06:18.205,415.36001402173656,997
2024-09-18 15:06:18.230,415.3268332305377,5
2024-09-18 15:06:18.240,415.3781108435734,996
2024-09-18 15:06:18.284,415.37525786119136,7
2024-09-18 15:06:18.330,415.3074261680312,96
2024-09-18 15:06:18.464,415.3831302664451,996
2024-09-18 15:06:18.565,415.3638076555383,105
2024-09-18 15:06:18.621,415.3824571248245,999
2024-09-18 15:06:18.665,415.32118837494016,12
2024-09-18 15:06:18.665,415.31422725587936,998
2024-09-18 15:06:18.683,415.3474660528989,15
2024-09-18 15:06:18.781,415.3609813147031,98
2024-09-18 15:06:18.837,415.3728467205966,1004
2024-09-18 15:06:18.839,415.38657142075135,12
2024-09-18 15:06:19.079,415.3681198482258,996
2024-09-18 15:06:19.129,415.39129811457,102
2024-09-18 15:06:19.216,415.3809802797877,7
2024-09-18 15:06:19.253,415.4113539983982,1003
2024-09-18 15:06:19.274,415.3745129145694,999
2024-09-18 15:06:19.356,415.3916647853264,97
2024-09-18 15:06:19.399,415.3779158840399,99
2024-09-18 15:06:19.439,415.3845580986691,99
2024-09-18 15:06:19.478,415.3910526020976,996
2024-09-18 15:06:19.517,415.37078306079854,5
2024-09-18 15:06:19.578,415.36895675893504,12
2024-09-18 15:06:19.618,415.3790314022914,15
2024-09-18 15:06:19.650,415.3971560415211,14
2024-09-18 15:06:19.732,415.3762193058575,9
2024-09-18 15:06:19.743,415.3979421416951,1004
2024-09-18 15:06:19.776,415.4069746604064,101
2024-09-18 15:06:19.781,415.39295963211816,104
2024-09-18 15:06:19.782,415.3996351061778,103
2024-09-18 15:06:19.822,415.37344433442775,105
2024-09-18 15:06:19.846,415.3759472458814,999
2024-09-18 15:06:19.935,415.3841532089993,9
2024-09-18 15:06:20.091,415.37595599576815,1001
2024-09-18 15:06:20.096,415.414927438615,13
2024-09-18 15:06:20.112,415.3797296132794,1002
2024-09-18 15:06:20.121,415.4009152246214,105
2024-09-18 15:06:20.152,415.40040277212375,11
2024-09-18 15:06:20.198,415.3838352263288,1004
2024-09-18 15:06:20.349,415.4867582435213,98
2024-09-18 15:06:20.432,415.414910114385,12
2024-09-18 15:06:20.490,415.41899035674265,1002
2024-09-18 15:06:20.491,415.4789554131861,105
2024-09-18 15:06:20.498,415.4637728959724,97
2024-09-18 15:06:20.523,415.3761430773458,1003
2024-09-18 15:06:20.536,415.4175933950123,104
2024-09-18 15:06:20.537,415.3949689783202,14
2024-09-18 15:06:20.601,415.4569408397744,997
2024-09-18 15:06:20.639,415.4286584600016,8
2024-09-18 15:06:20.759,415.3794187538086,13
2024-09-18 15:06:20.828,415.4308734091169,103
2024-09-18 15:06:20.842,415.464617970832,1000
2024-09-18 15:06:20.854,415.3872402648265,5
2024-09-18 15:06:20.931,415.4283208425972,1004
2024-09-18 15:06:20.934,415.3907434056587,1001
2024-09-18 15:06:20.935,415.3781525675109,7
2024-09-18 15:06:20.985,415.3754879342943,999
2024-09-18 15:06:21.331,415.4481778723853,998
2024-09-18 15:06:22.024,415.4991829862803,14
2024-09-18 15:06:22.054,415.530200999835,99
2024-09-18 15:06:22.123,415.4933591750488,7
2024-09-18 15:06:22.127,415.5253737649553,105
2024-09-18 15:06:22.145,415.5254257973608,1001
2024-09-18 15:06:22.148,415.5293247053001,1005
2024-09-18 15:06:22.177,415.52929989017815,13
2024-09-18 15:06:22.196,415.47406144795417,102
2024-09-18 15:06:22.201,415.52536578871,103
2024-09-18 15:06:22.454,415.52749418542726,12
2024-09-18 15:06:22.468,415.52954849758027,1005
2024-09-18 15:06:22.476,415.4906323887744,10
2024-09-18 15:06:22.563,415.53576475684537,998
2024-09-18 15:06:22.583,415.5113792018362,995
2024-09-18 15:06:22.685,415.52954416377503,7
2024-09-18 15:06:22.695,415.5284130542972,13
2024-09-18 15:06:22.843,415.4817990637534,105
2024-09-18 15:06:22.882,415.48496245323537,13
2024-09-18 15:06:22.900,415.47916438122775,12
2024-09-18 15:06:22.921,415.49390019681096,100
2024-09-18 15:06:22.952,415.4696205540869,97
2024-09-18 15:06:22.953,415.47299320232617,1002
2024-09-18 15:06:23.012,415.4565183832689,97
2024-09-18 15:06:23.022,415.4468652302097,10
2024-09-18 15:06:23.109,415.46437336811584,101
2024-09-18 15:06:23.128,415.49751607885474,1005
2024-09-18 15:06:23.224,415.4407518635172,7
2024-09-18 15:06:23.291,415.430260650279,9
2024-09-18 15:06:23.307,415.4642337931541,12
2024-09-18 15:06:23.357,415.4649486286971,8
2024-09-18 15:06:23.390,-415.5079776623203,9
2024-09-18 15:06:23.466,415.4400846003116,998
2024-09-18 15:06:23.515,415.4424576876759,1000
2024-09-18 15:06:23.550,415.4840713320228,6
2024-09-18 15:06:23.609,407.7709752751829,1000
2024-09-18 15:06:23.698,415.4468673535661,12
2024-09-18 15:06:23.795,415.4938096642289,998
2024-09-18 15:06:23.924,415.441302637772,105
2024-09-18 15:06:23.956,415.4942249693335,101
2024-09-18 15:06:23.959,415.4398785221781,10
2024-09-18 15:06:23.997,415.4367053452192,1002
2024-09-18 15:06:24.286,415.3964381407905,101
2024-09-18 15:06:24.327,415.37939658265697,8
2024-09-18 15:06:24.464,41.54264232306247,102
2024-09-18 15:06:24.472,415.3854079311896,1001
2024-09-18 15:06:24.549,415.3755714160832,1001
2024-09-18 15:06:24.559,415.37884868896646,105
2024-09-18 15:06:24.684,415.42425203399074,13
2024-09-18 15:06:24.702,415.3901167423352,8
2024-09-18 15:06:24.711,415.3885987793826,995
2024-09-18 15:06:24.714,,95
2024-09-18 15:06:24.769,415.4407188190106,96
2024-09-18 15:06:24.871,41.53868912173432,100
2024-09-18 15:06:24.893,415.4261515409136,96
2024-09-18 15:06:24.905,415.4121954788709,998
2024-09-18 15:06:24.916,415.4044340543098,8
2024-09-18 15:06:24.946,415.4256739947743,13
2024-09-18 15:06:25.005,415.4001995102787,997
2024-09-18 15:06:25.073,415.4068168842068,996
2024-09-18 15:06:25.129,415.39707040585455,12
2024-09-18 15:06:25.159,415.3989029403665,995
2024-09-18 15:06:25.166,415.4032436413086,5
2024-09-18 15:06:25.223,415.4026147286952,996
2024-09-18 15:06:25.303,415.4149050147817,102
2024-09-18 15:06:25.308,415.4014540615766,1001
2024-09-18 15:06:25.315,415.4240421211312,104
2024-09-18 15:06:25.328,415.4026986043048,1003
2024-09-18 15:06:25.358,415.4074202058004,95
2024-09-18 15:06:25.479,415.3929560805569,995
2024-09-18 15:06:25.533,415.4058075159955,1003
2024-09-18 15:06:25.589,415.39913468437567,9
2024-09-18 15:06:25.656,407.72566376405535,998
2024-09-18 15:06:25.712,415.41267500435015,999
2024-09-18 15:06:25.731,415.368127525776,8
2024-09-18 15:06:25.732,415.395349741185,14
2024-09-18 15:06:25.738,415.41106109094926,102
2024-09-18 15:06:25.761,415.41040210641154,1002
2024-09-18 15:06:25.768,415.4133454417452,100
2024-09-18 15:06:25.845,415.4213015273513,995
2024-09-18 15:06:25.878,415.3976370782281,15
2024-09-18 15:06:25.948,415.4105334492544,14
2024-09-18 15:06:25.974,415.4315029378945,5
2024-09-18 15:06:26.003,415.3162791741867,13
2024-09-18 15:06:26.094,415.4411769359114,1004
2024-09-18 15:06:26.111,415.3498386249352,1002
2024-09-18 15:06:26.124,415.30817703372577,1004
2024-09-18 15:06:26.127,415.41672061878654,1000
2024-09-18 15:06:26.212,415.426464272731,102
2024-09-18 15:06:26.227,415.3981512344657,13
2024-09-18 15:06:26.240,415.4194447411458,15
2024-09-18 15:06:26.256,415.3619949166728,14
2024-09-18 15:06:26.362,415.4210104769554,995
2024-09-18 15:06:26.536,415.3504749500534,97
2024-09-18 15:06:26.552,415.2954250886136,99
2024-09-18 15:06:26.579,415.4184321361301,11
2024-09-18 15:06:26.591,415.4011662830709,6
2024-09-18 15:06:26.601,415.4051583920763,998
2024-09-18 15:06:26.622,415.4190121374989,9
2024-09-18 15:06:26.686,415.34267737965615,1005
2024-09-18 15:06:26.725,415.3754520652004,98
2024-09-18 15:06:26.741,415.36167178869374,6
2024-09-18 15:06:26.768,415.3679121768944,14
2024-09-18 15:06:26.860,415.4019587659168,100
2024-09-18 15:06:26.872,415.2965327352614,1003
2024-09-18 15:06:26.893,415.33172262129006,997
2024-09-18 15:06:27.003,415.2917866693326,101
2024-09-18 15:06:27.268,415.2956301795626,11
2024-09-18 15:06:27.302,407.76687635986326,10
2024-09-18 15:06:27.332,415.2980741230988,102
2024-09-18 15:06:27.348,415.29851020337406,8
2024-09-18 15:06:27.463,415.2930691167535,1003
2024-09-18 15:06:27.609,415.3029617220824,1005
2024-09-18 15:06:27.630,415.2894497709117,100
2024-09-18 15:06:27.789,415.3015759221904,13
2024-09-18 15:06:27.826,415.3026237564803,104
2024-09-18 15:06:27.871,415.2849756216247,97
2024-09-18 15:06:27.975,415.29658246175,1000
2024-09-18 15:06:28.088,415.3256064311652,99
2024-09-18 15:06:28.117,415.2843463327267,9
2024-09-18 15:06:28.217,415.31732834486326,5
2024-09-18 15:06:28.256,415.2506253072771,103
2024-09-18 15:06:28.277,415.2801752452432,98
2024-09-18 15:06:28.295,415.283190572301,102
2024-09-18 15:06:28.364,415.28435514411655,8
2024-09-18 15:06:28.392,415.3044364718044,104
2024-09-18 15:06:28.449,415.2817654385453,105
2024-09-18 15:06:28.526,415.2824967859372,104
2024-09-18 15:06:28.541,415.33943845299336,102
2024-09-18 15:06:28.566,415.2994800046537,99
2024-09-18 15:06:28.576,415.3250445636961,10
2024-09-18 15:06:28.610,415.2671545107191,13
2024-09-18 15:06:28.617,41.52947132068101,101
2024-09-18 15:06:28.647,415.3005676800572,13
2024-09-18 15:06:28.669,415.2932777430144,7
2024-09-18 15:06:28.695,415.2701746098032,999
2024-09-18 15:06:28.741,415.2803747008689,15
2024-09-18 15:06:28.757,415.2753505198086,995
2024-09-18 15:06:28.839,415.26263440479306,15
2024-09-18 15:06:28.875,415.2739927061704,12
2024-09-18 15:06:28.897,415.24905237404494,998
2024-09-18 15:06:28.915,415.3202381229482,103
2024-09-18 15:06:28.951,415.2900419208194,102
2024-09-18 15:06:28.981,415.2603638101353,102
2024-09-18 15:06:29.286,415.3005441380383,102
2024-09-18 15:06:29.348,415.3108604303055,1001
2024-09-18 15:06:29.360,415.3318607365856,98
2024-09-18 15:06:29.400,415.2893871481271,95
2024-09-18 15:06:29.405,415.31855830860894,102
2024-09-18 15:06:29.427,415.28912050540094,13
2024-09-18 15:06:29.545,415.3088793736001,1004
2024-09-18 15:06:29.560,415.3035951768127,105
2024-09-18 15:06:29.582,415.2992668487374,996
2024-09-18 15:06:29.636,415.3267696846154,1003
2024-09-18 15:06:29.680,415.338110435177,999
2024-09-18 15:06:29.711,415.321852080196,101
2024-09-18 15:06:29.742,415.29146023775047,13
2024-09-18 15:06:29.805,415.3203750656836,96
2024-09-18 15:06:29.819,415.3224673016724,5
2024-09-18 15:06:29.901,415.3061229533111,101
2024-09-18 15:06:29.917,415.3402598228693,98
2024-09-18 15:06:29.990,415.33895876401095,5
2024-09-18 15:06:29.992,415.297651676002,999
2024-09-18 15:06:30.018,415.2357098648736,15
2024-09-18 15:06:30.108,415.1885680351151,100
2024-09-18 15:06:30.145,415.2349158042033,5
2024-09-18 15:06:30.313,415.28069052096,100
2024-09-18 15:06:30.362,415.2074828349442,1004
2024-09-18 15:06:30.626,415.1862619248136,15
2024-09-18 15:06:30.648,415.20665047951337,1003
2024-09-18 15:06:30.985,415.2309204127955,5
2024-09-18 15:06:31.044,415.1620000048463,103
2024-09-18 15:06:31.101,415.1488364068257,999
2024-09-18 15:06:31.206,415.19375271958495,1001
2024-09-18 15:06:31.246,415.19920793755193,1003
2024-09-18 15:06:31.250,415.1343479162327,98
2024-09-18 15:06:31.304,415.1727914627061,1004
2024-09-18 15:06:31.328,415.1746186031808,12
2024-09-18 15:06:31.344,415.1265481632574,996
2024-09-18 15:06:31.361,415.1831525488065,105
2024-09-18 15:06:31.421,415.14532632908094,6
2024-09-18 15:06:31.430,415.20978114120055,98
2024-09-18 15:06:31.447,415.19193443864,101
2024-09-18 15:06:31.503,415.1806114218125,9
2024-09-18 15:06:31.530,415.1061068679896,13
2024-09-18 15:06:31.559,41.521192408287206,998
2024-09-18 15:06:31.596,415.13743917033753,995
2024-09-18 15:06:31.677,415.1955228742757,102
2024-09-18 15:06:31.787,415.1233856673022,11
2024-09-18 15:06:31.807,415.1930796027382,10
2024-09-18 15:06:31.823,415.1534510666857,999
2024-09-18 15:06:31.855,415.1411997838436,1003
2024-09-18 15:06:31.947,415.1840941401896,103
2024-09-18 15:06:32.441,415.125321472697,95
2024-09-18 15:06:32.796,415.14378316407686,6
2024-09-18 15:06:32.963,415.1430438760968,99
2024-09-18 15:06:33.036,415.17696754195913,5
2024-09-18 15:06:33.079,415.164688294013,96
2024-09-18 15:06:33.146,415.1486546623851,95
2024-09-18 15:06:33.168,415.1800684186752,10
2024-09-18 15:06:33.235,415.163364253333,95
2024-09-18 15:06:33.346,415.187731415312,1001
2024-09-18 15:06:33.455,415.1355579027125,96
2024-09-18 15:06:33.469,415.1601896307067,102
2024-09-18 15:06:33.539,415.1754782218961,1005
2024-09-18 15:06:33.547,415.1874048275289,6
2024-09-18 15:06:33.584,415.1896070083317,999
2024-09-18 15:06:33.597,415.168622740838,8
2024-09-18 15:06:33.629,415.1800697757636,1002
2024-09-18 15:06:33.646,415.1765681905653,13
2024-09-18 15:06:33.655,415.1828242351961,1003
2024-09-18 15:06:33.664,415.1561209308285,1002
2024-09-18 15:06:33.677,415.1783570535479,10
2024-09-18 15:06:33.705,415.17401847998735,1005
2024-09-18 15:06:33.709,415.2135711173281,100
2024-09-18 15:06:33.719,415.164559963569,8
2024-09-18 15:06:33.772,415.1596853476257,103
2024-09-18 15:06:33.784,415.17961067563937,997
2024-09-18 15:06:33.826,415.2149885705213,1001
2024-09-18 15:06:33.909,415.19428812197407,102
2024-09-18 15:06:33.922,415.172887841688,97
2024-09-18 15:06:33.929,415.14272357148894,6
2024-09-18 15:06:34.014,415.24877861030666,6
2024-09-18 15:06:34.033,415.2440380845854,103
2024-09-18 15:06:34.059,415.2066922685386,99
2024-09-18 15:06:34.100,415.2359709256074,95
2024-09-18 15:06:34.107,415.219806530175,5
2024-09-18 15:06:34.119,415.1702439417937,1004
2024-09-18 15:06:34.274,415.2292514888129,7
2024-09-18 15:06:34.376,415.1644658437959,9
2024-09-18 15:06:34.514,415.2323314128959,100
2024-09-18 15:06:34.732,415.2670500032832,1005
2024-09-18 15:06:34.792,415.1739994076685,5
2024-09-18 15:06:34.804,415.2746546109601,6
2024-09-18 15:06:34.960,415.2694259165609,995
2024-09-18 15:06:34.967,415.2473492910975,1000
2024-09-18 15:06:34.979,415.2366961318864,995
2024-09-18 15:06:34.987,415.2686874454145,1002
2024-09-18 15:06:34.989,415.2732608675662,1003
2024-09-18 15:06:35.164,415.2417811842882,97
2024-09-18 15:06:35.223,415.2187622955833,6
2024-09-18 15:06:35.263,415.221332288767,999
2024-09-18 15:06:35.277,415.26310619913625,995
2024-09-18 15:06:35.346,415.2199389290941,100
2024-09-18 15:06:35.348,415.2555951057568,9
2024-09-18 15:06:35.373,415.2058624835538,104
2024-09-18 15:06:35.580,415.2286255464398,1003
2024-09-18 15:06:35.632,415.2337660744875,7
2024-09-18 15:06:35.793,415.2282603670364,1003
2024-09-18 15:06:35.877,415.2563003470329,1002
2024-09-18 15:06:35.882,415.225034989081,105
2024-09-18 15:06:35.883,415.2534144035554,98
2024-09-18 15:06:35.897,415.2398953812423,6
2024-09-18 15:06:35.958,415.2906225833632,14
2024-09-18 15:06:36.001,415.2796186966732,100
2024-09-18 15:06:36.035,415.316449955082,9
2024-09-18 15:06:36.177,415.3154247976803,1003
2024-09-18 15:06:36.313,415.32674187936095,6
2024-09-18 15:06:36.338,415.30935265290975,1004
2024-09-18 15:06:36.356,415.25394197427255,7
2024-09-18 15:06:36.368,415.3715511339654,1001
2024-09-18 15:06:36.375,415.31958652513975,995
2024-09-18 15:06:36.389,415.3625320841148,101
2024-09-18 15:06:36.398,415.3088977154912,104
2024-09-18 15:06:36.413,415.3026702672096,1003
2024-09-18 15:06:36.458,415.3094019037208,995
2024-09-18 15:06:36.505,415.318919265094,1002
2024-09-18 15:06:36.521,415.2860888182725,105
2024-09-18 15:06:36.561,415.3094731687787,6
2024-09-18 15:06:36.563,41.52816504927617,98
2024-09-18 15:06:36.621,-415.28654042111447,8
2024-09-18 15:06:36.623,415.2866646198632,95
2024-09-18 15:06:36.625,415.2944245113841,10
2024-09-18 15:06:36.688,415.2831267487324,1005
2024-09-18 15:06:36.717,415.27713863822873,5
2024-09-18 15:06:36.772,415.3466423623551,96
2024-09-18 15:06:36.793,415.3172788038553,10
2024-09-18 15:06:36.820,415.3215503566598,96
2024-09-18 15:06:36.827,415.3039705528584,101
2024-09-18 15:06:36.905,415.27269498713696,10
2024-09-18 15:06:36.959,415.3224958906772,7
2024-09-18 15:06:36.968,415.3654649632448,97
2024-09-18 15:06:37.127,415.3762640535783,6
2024-09-18 15:06:37.136,415.36204526318136,100
2024-09-18 15:06:37.143,415.3867962313125,5
2024-09-18 15:06:37.162,415.3721789542279,997
2024-09-18 15:06:37.203,415.377298753994,995
2024-09-18 15:06:37.256,415.3714328723849,104
2024-09-18 15:06:37.273,415.3713873862459,101
2024-09-18 15:06:37.313,415.36706699673925,97
2024-09-18 15:06:37.323,408.1295096229142,105
2024-09-18 15:06:37.359,415.3716000155079,13
2024-09-18 15:06:37.392,415.38548614269126,100
2024-09-18 15:06:37.414,415.3620958303859,95
2024-09-18 15:06:37.447,415.3786788515427,5
2024-09-18 15:06:37.513,415.35529025831175,11
2024-09-18 15:06:37.691,415.3545187035185,996
2024-09-18 15:06:37.692,415.3578837902532,100
2024-09-18 15:06:37.694,415.35975055060624,95
2024-09-18 15:06:37.757,415.370194246739,103
2024-09-18 15:06:37.807,415.3486703246513,105
2024-09-18 15:06:37.910,415.37207487265175,1003
2024-09-18 15:06:37.991,415.34551009079206,100
2024-09-18 15:06:38.050,415.43168143606414,14
2024-09-18 15:06:38.139,415.4522790356564,103
2024-09-18 15:06:38.218,415.4332577247845,6
2024-09-18 15:06:38.267,415.4232852771021,99
2024-09-18 15:06:38.303,415.4532057589051,1000
2024-09-18 15:06:38.309,415.4642310203598,101
2024-09-18 15:06:38.360,415.3862249227884,11
2024-09-18 15:06:38.372,415.4538045399524,104
2024-09-18 15:06:38.456,415.4208942668721,998
2024-09-18 15:06:38.494,415.4345898608767,1005
2024-09-18 15:06:38.525,415.4391552225767,10
2024-09-18 15:06:38.526,415.4446540846686,98
2024-09-18 15:06:38.537,415.44535260106807,998
2024-09-18 15:06:38.579,415.42557582690097,1001
2024-09-18 15:06:38.632,415.419072834825,1000
2024-09-18 15:06:38.688,415.4403815241857,1005
2024-09-18 15:06:38.711,415.4379265543293,98
2024-09-18 15:06:38.752,415.4384117116244,1002
2024-09-18 15:06:38.798,415.4458345944998,9
2024-09-18 15:06:38.877,415.4190774301253,105
2024-09-18 15:06:38.897,415.45916739249446,996
2024-09-18 15:06:38.980,415.443196204025,13
2024-09-18 15:06:38.996,415.44838933012346,999
2024-09-18 15:06:39.042,415.4752895703524,1002
2024-09-18 15:06:39.212,415.4222136807794,96
2024-09-18 15:06:39.237,415.4407010598898,1003
2024-09-18 15:06:39.320,415.46465793910255,5
2024-09-18 15:06:39.386,415.4422338178732,1003
2024-09-18 15:06:39.425,415.45543007470025,15
2024-09-18 15:06:39.735,415.4271431094527,5
2024-09-18 15:06:39.917,415.4657988894608,5
2024-09-18 15:06:39.932,415.44732983918686,1001
2024-09-18 15:06:40.005,415.4391023863896,103
2024-09-18 15:06:40.012,415.4658438524581,6
2024-09-18 15:06:40.020,415.4658562435037,100
2024-09-18 15:06:40.068,415.44764415580346,995
2024-09-18 15:06:40.095,-415.4999684723543,14
2024-09-18 15:06:40.108,415.4610279566,9
2024-09-18 15:06:40.117,415.4279605320653,8
2024-09-18 15:06:40.118,415.492341093897,9
2024-09-18 15:06:40.131,415.4207169758556,1004
2024-09-18 15:06:40.134,41.54098826088395,5
2024-09-18 15:06:40.182,415.44812410086536,1005
2024-09-18 15:06:40.306,415.4190463561931,98
2024-09-18 15:06:40.326,415.47781309585446,998
2024-09-18 15:06:40.336,415.4715313021493,103
2024-09-18 15:06:40.489,415.4441440710441,104
2024-09-18 15:06:40.506,415.4417514661265,1001
2024-09-18 15:06:40.519,415.5020220723896,10
2024-09-18 15:06:40.548,415.4495183749589,12
2024-09-18 15:06:40.557,415.44598295929467,100
2024-09-18 15:06:40.610,415.4320156565119,1004
2024-09-18 15:06:40.687,415.4258421433832,10
2024-09-18 15:06:40.717,415.48751085058217,1003
2024-09-18 15:06:40.755,415.4330400244364,97
2024-09-18 15:06:40.960,415.4171163538236,102
2024-09-18 15:06:40.992,415.4883628549187,8
2024-09-18 15:06:41.028,415.433978168066,15
2024-09-18 15:06:41.059,415.42341756022296,998
2024-09-18 15:06:41.097,415.4498222370888,102
2024-09-18 15:06:41.101,415.4243832696973,1000
2024-09-18 15:06:41.138,415.45256138324976,99
2024-09-18 15:06:41.238,415.4255033137477,99
2024-09-18 15:06:41.276,415.4291186949068,1005
2024-09-18 15:06:41.280,415.4444582484401,1003
2024-09-18 15:06:41.336,415.45527408700906,1004
2024-09-18 15:06:41.414,415.438800469114,12
2024-09-18 15:06:41.424,415.4159769356085,15
2024-09-18 15:06:41.428,415.4359114952858,98
2024-09-18 15:06:41.522,415.4271977796148,10
2024-09-18 15:06:41.535,415.44227510088064,1003
2024-09-18 15:06:41.633,415.4289121677699,997
2024-09-18 15:06:41.692,415.4288162801064,1005
2024-09-18 15:06:41.713,415.4200056122688,7
2024-09-18 15:06:41.892,415.422108888177,1000
2024-09-18 15:06:41.930,415.4295476047413,12
2024-09-18 15:06:41.945,415.4059280972569,12
2024-09-18 15:06:41.981,415.42532837338,12
2024-09-18 15:06:42.038,415.4626166010432,104
2024-09-18 15:06:42.172,415.5068988687187,12
2024-09-18 15:06:42.186,415.5226452775564,101
2024-09-18 15:06:42.207,415.46121413823096,12
2024-09-18 15:06:42.414,415.5431609374186,1004
2024-09-18 15:06:42.422,415.45659553890505,15
2024-09-18 15:06:42.423,415.54905980250135,999
2024-09-18 15:06:42.770,415.540128322984,998
2024-09-18 15:06:42.823,415.50441149126766,95
2024-09-18 15:06:42.991,415.5251851373886,12
2024-09-18 15:06:43.006,415.5769812223868,5
2024-09-18 15:06:43.055,415.5640963831684,999
2024-09-18 15:06:43.151,415.5806395059839,1003
2024-09-18 15:06:43.159,415.6145980160968,997
2024-09-18 15:06:43.172,415.62844211426005,8
2024-09-18 15:06:43.314,415.5901319907669,99
2024-09-18 15:06:43.323,415.5629758716328,1005
2024-09-18 15:06:43.324,415.575904006804,8
2024-09-18 15:06:43.337,415.5608342510056,102
2024-09-18 15:06:43.473,415.6188998581181,998
2024-09-18 15:06:43.513,415.5652864734676,8
2024-09-18 15:06:43.514,415.5839962002474,999
2024-09-18 15:06:43.567,415.5756608816314,98
2024-09-18 15:06:43.584,415.5717351899272,98
2024-09-18 15:06:43.606,415.5623369520104,102
2024-09-18 15:06:43.652,,13
2024-09-18 15:06:43.681,415.5712427889003,95
2024-09-18 15:06:43.741,415.5646521102967,104
2024-09-18 15:06:43.749,415.625245167231,95
2024-09-18 15:06:43.767,415.5623808627293,11
2024-09-18 15:06:43.785,415.57349807104015,102
2024-09-18 15:06:43.811,415.5670640585279,9
2024-09-18 15:06:43.819,415.5692528423676,102
2024-09-18 15:06:43.839,415.6167958923711,999
2024-09-18 15:06:43.854,415.60047557706366,105
2024-09-18 15:06:43.940,415.5785911361843,103
2024-09-18 15:06:43.956,415.5750835632874,5
2024-09-18 15:06:43.961,415.5710692517427,1003
2024-09-18 15:06:43.961,415.5727952191257,996
2024-09-18 15:06:44.134,415.5453155270889,99
2024-09-18 15:06:44.138,415.545319163998,96
2024-09-18 15:06:44.186,415.5500872165945,999
2024-09-18 15:06:44.188,415.5375707252269,13
2024-09-18 15:06:44.295,415.5530274893301,12
2024-09-18 15:06:44.295,415.5575594369174,9
2024-09-18 15:06:44.302,415.5311043200749,7
2024-09-18 15:06:44.319,415.5463550827734,1001
2024-09-18 15:06:44.342,415.5352565835651,7
2024-09-18 15:06:44.403,415.5409776565122,97
2024-09-18 15:06:44.430,415.5501803483516,1004
2024-09-18 15:06:44.475,415.52945315088834,100
2024-09-18 15:06:44.513,415.5467174251675,1002
2024-09-18 15:06:44.593,415.55391284023256,13
2024-09-18 15:06:44.596,415.53713643031614,1001
2024-09-18 15:06:44.643,415.5340698942047,1004
2024-09-18 15:06:44.648,415.5512418753207,105
2024-09-18 15:06:44.663,415.5562158265416,997
2024-09-18 15:06:44.756,408.0890789668789,11
2024-09-18 15:06:44.756,415.5331326239679,995
2024-09-18 15:06:44.799,415.5457887952931,102
2024-09-18 15:06:44.820,415.5341136375537,1000
2024-09-18 15:06:44.823,415.5539919981719,8
2024-09-18 15:06:44.915,415.5571895789682,11
2024-09-18 15:06:44.919,415.5838195743282,1001
2024-09-18 15:06:44.927,415.5392993242517,101
2024-09-18 15:06:44.936,415.547412429892,10
2024-09-18 15:06:44.961,415.5384195154244,995
2024-09-18 15:06:45.035,415.59134971704304,996
2024-09-18 15:06:45.094,415.6048010826344,102
2024-09-18 15:06:45.124,415.6026822238173,10
2024-09-18 15:06:45.302,415.591743717386,1004
2024-09-18 15:06:45.310,415.5906962521266,98
2024-09-18 15:06:45.388,415.5893854660741,101
2024-09-18 15:06:45.445,415.5785277989035,5
2024-09-18 15:06:45.511,415.592647085658,14
2024-09-18 15:06:45.837,415.612752405672,15
2024-09-18 15:06:45.933,415.59407815566766,1001
2024-09-18 15:06:46.672,415.6353653615301,9
2024-09-18 15:06:46.772,415.6366978138876,1002
2024-09-18 15:06:46.829,415.6253920287997,998
2024-09-18 15:06:46.839,415.6088367303189,995
2024-09-18 15:06:47.036,415.62056181099786,998
2024-09-18 15:06:47.177,415.6299423503426,997
2024-09-18 15:06:47.204,415.60407919636975,95
2024-09-18 15:06:47.256,415.5680212702571,1002
2024-09-18 15:06:47.257,415.6213182839784,8
2024-09-18 15:06:47.314,415.6243289792012,103
2024-09-18 15:06:47.317,415.59803097970496,10
2024-09-18 15:06:47.387,415.5953863447133,1003
2024-09-18 15:06:47.434,415.6140965517421,5
2024-09-18 15:06:47.458,415.6027252199317,10
2024-09-18 15:06:47.584,415.5780937720173,96
2024-09-18 15:06:47.595,415.628682303712,999
2024-09-18 15:06:47.661,415.5882345957141,95
2024-09-18 15:06:47.692,415.6110617731933,1004
2024-09-18 15:06:47.727,415.5938997278757,98
2024-09-18 15:06:47.758,415.6270160679495,1004
2024-09-18 15:06:47.788,415.6014539973833,1000
2024-09-18 15:06:47.873,415.56788658309887,5
2024-09-18 15:06:47.996,415.5507430871556,1004
2024-09-18 15:06:48.089,-415.6283160530186,8
2024-09-18 15:06:48.124,415.5887931159824,5
2024-09-18 15:06:48.128,415.6075628793346,103
2024-09-18 15:06:48.168,415.6022222017857,100
2024-09-18 15:06:48.205,415.6060209643304,10
2024-09-18 15:06:48.365,415.5817940048252,96
2024-09-18 15:06:48.571,415.57730244044416,997
2024-09-18 15:06:48.611,415.5848721518464,1003
2024-09-18 15:06:48.631,415.6155534734694,97
2024-09-18 15:06:48.661,415.6211697970194,98
2024-09-18 15:06:49.060,415.5829749173167,99
2024-09-18 15:06:49.085,415.5998894942673,14
2024-09-18 15:06:49.117,415.5992498568153,105
2024-09-18 15:06:49.149,415.5629772313011,998
2024-09-18 15:06:49.242,415.5827782555901,102
2024-09-18 15:06:49.253,415.6179887845987,999
2024-09-18 15:06:49.316,415.5702799108929,100
2024-09-18 15:06:49.351,415.6206731325693,12
2024-09-18 15:06:49.357,415.5793210550411,15
2024-09-18 15:06:49.423,415.5513072655066,14
2024-09-18 15:06:49.444,415.62668673467016,104
2024-09-18 15:06:49.519,415.5734624531103,1003
2024-09-18 15:06:49.562,415.5781317438652,998
2024-09-18 15:06:49.797,415.5629918071037,97
2024-09-18 15:06:49.951,415.5902534871626,997
2024-09-18 15:06:50.001,415.5537518114293,5
2024-09-18 15:06:50.154,415.5318220938428,13
2024-09-18 15:06:50.177,415.5404430830975,1003
2024-09-18 15:06:50.327,415.5321608487484,95
2024-09-18 15:06:50.384,415.5881806550447,999
2024-09-18 15:06:50.410,415.58877282005017,998
2024-09-18 15:06:50.443,415.58888204998937,1000
2024-09-18 15:06:50.497,415.5900485539925,10
2024-09-18 15:06:50.520,415.5392365966722,1002
2024-09-18 15:06:50.722,415.5739539281864,96
2024-09-18 15:06:50.761,415.53978922149,1003
2024-09-18 15:06:50.902,407.9686165702825,14
2024-09-18 15:06:50.938,415.59062612435457,101
2024-09-18 15:06:50.974,415.5458967122921,104
2024-09-18 15:06:50.996,415.55321159162605,98
2024-09-18 15:06:51.012,415.5902373986171,996
2024-09-18 15:06:51.634,415.6014916920946,99
2024-09-18 15:06:51.798,415.6032912167631,96
2024-09-18 15:06:51.851,415.586841403366,997
2024-09-18 15:06:51.924,415.56395488596274,104
2024-09-18 15:06:52.135,415.5811276622077,103
2024-09-18 15:06:52.174,407.97978781911473,13
2024-09-18 15:06:52.257,415.5656771033658,98
2024-09-18 15:06:52.293,415.5401723169896,100
2024-09-18 15:06:52.310,415.5296781681528,104
2024-09-18 15:06:52.329,415.5308414774436,7
2024-09-18 15:06:52.490,415.5020592025068,998
2024-09-18 15:06:52.688,415.5663686468866,996
2024-09-18 15:06:52.743,415.59138899366,105
2024-09-18 15:06:52.747,415.5776884118589,5
2024-09-18 15:06:52.981,415.5870611333154,5
2024-09-18 15:06:53.135,415.5328530093233,97
2024-09-18 15:06:53.163,415.5238781743422,96
2024-09-18 15:06:53.172,415.51965664961386,103
2024-09-18 15:06:53.198,415.5021167454031,7
2024-09-18 15:06:53.292,415.4885015300211,995
2024-09-18 15:06:53.392,415.5017498527878,13
2024-09-18 15:06:53.459,415.4931510701764,105
2024-09-18 15:06:53.511,415.5395437683141,14
2024-09-18 15:06:53.512,415.48568904094265,995
2024-09-18 15:06:53.524,415.50790670217725,97
2024-09-18 15:06:53.549,415.498287249545,5
2024-09-18 15:06:53.603,415.5302164081654,8
2024-09-18 15:06:53.843,415.4910721595956,7
2024-09-18 15:06:53.847,415.50771516351136,101
2024-09-18 15:06:53.970,415.49765164246793,99
2024-09-18 15:06:54.119,415.4977387663644,104
2024-09-18 15:06:54.126,415.47100277482417,1002
2024-09-18 15:06:54.171,415.5728656296836,995
2024-09-18 15:06:54.173,415.46278285615193,12
2024-09-18 15:06:54.378,415.5268547094197,5
2024-09-18 15:06:54.407,415.5614447357512,7
2024-09-18 15:06:54.429,415.5274859544424,14
2024-09-18 15:06:54.438,415.56862745948206,1003
2024-09-18 15:06:54.452,415.4836744556526,15
2024-09-18 15:06:54.460,415.47326207267855,1001
2024-09-18 15:06:54.510,415.54229066952166,98
2024-09-18 15:06:54.525,415.5386629610927,98
2024-09-18 15:06:54.534,415.4713355017474,1005
2024-09-18 15:06:54.604,415.4766308729908,14
2024-09-18 15:06:54.609,415.47561999535714,102
2024-09-18 15:06:54.691,415.5405471100895,998
2024-09-18 15:06:54.698,415.5312024739399,5
2024-09-18 15:06:54.797,415.5480621778449,9
2024-09-18 15:06:54.865,415.4660778022692,15
2024-09-18 15:06:54.888,415.46172260156885,8
2024-09-18 15:06:54.889,415.5180136381966,13
2024-09-18 15:06:54.896,415.5343361488052,5
2024-09-18 15:06:54.900,415.5440100238262,104
2024-09-18 15:06:54.908,415.52843545863664,9
2024-09-18 15:06:54.919,415.56172061716353,6
2024-09-18 15:06:54.968,415.5618666902868,100
2024-09-18 15:06:55.046,415.48708360389503,95
2024-09-18 15:06:55.552,408.1427241551188,7
2024-09-18 15:06:55.586,415.497836064728,13
2024-09-18 15:06:56.041,415.456046728753,997
2024-09-18 15:06:56.173,415.4542368747519,9
2024-09-18 15:06:56.211,415.4553441668001,996
2024-09-18 15:06:56.260,415.49141027649966,105
2024-09-18 15:06:56.346,415.469700846238,96
2024-09-18 15:06:56.363,415.4899991887326,15
2024-09-18 15:06:56.423,415.4951923564135,6
2024-09-18 15:06:56.469,415.4794592991528,104
2024-09-18 15:06:56.514,415.4500418185024,101
2024-09-18 15:06:56.551,415.4589082418517,15
2024-09-18 15:06:56.558,415.4530786807781,1005
2024-09-18 15:06:56.755,,96
2024-09-18 15:06:56.815,415.4427352914903,1003
2024-09-18 15:06:56.840,415.4722256620342,997
2024-09-18 15:06:56.908,415.4428766830052,997
2024-09-18 15:06:56.958,415.4774092083224,7
2024-09-18 15:06:56.989,415.48427429524935,14
2024-09-18 15:06:58.027,415.4309631772722,998
2024-09-18 15:06:58.028,415.4505852610379,998
2024-09-18 15:06:58.062,415.478517645754,101
2024-09-18 15:06:58.158,415.4965965703864,95
2024-09-18 15:06:58.169,415.424437598562,997
2024-09-18 15:06:58.180,415.485970987647,101
2024-09-18 15:06:58.226,415.4242631852378,105
2024-09-18 15:06:58.352,415.4875403469304,1003
2024-09-18 15:06:58.388,415.418025194945,8
2024-09-18 15:06:58.402,415.456244852431,9
2024-09-18 15:06:58.404,415.5026363967668,999
2024-09-18 15:06:58.567,415.4166967216489,103
2024-09-18 15:06:58.590,415.438620229646,99
2024-09-18 15:06:58.655,415.4049091504345,999
2024-09-18 15:06:58.664,415.4015045211172,12
2024-09-18 15:06:58.707,415.42484575542977,1003
2024-09-18 15:06:58.713,415.4262488119879,11
2024-09-18 15:06:58.742,415.5149439376148,8
2024-09-18 15:06:58.762,415.4854055853799,101
2024-09-18 15:06:58.837,,1005
2024-09-18 15:06:58.846,415.4962304265025,10
2024-09-18 15:06:58.909,415.49504592026864,14
2024-09-18 15:06:58.947,415.4970346259778,7
2024-09-18 15:06:58.975,415.4837692280087,103
2024-09-18 15:06:59.085,415.4263346619084,997
2024-09-18 15:06:59.097,415.42824737397353,15
2024-09-18 15:06:59.204,415.4265194196748,996
2024-09-18 15:06:59.215,415.4641511523765,1003
2024-09-18 15:06:59.270,415.4327872729067,996
2024-09-18 15:06:59.404,415.42953872462544,101
2024-09-18 15:06:59.409,415.4606100689487,9
2024-09-18 15:06:59.463,415.4557051942354,997
2024-09-18 15:06:59.479,415.4166441128824,6
2024-09-18 15:06:59.585,415.4419015211062,1002
2024-09-18 15:06:59.622,415.4252922584266,995
2024-09-18 15:06:59.626,415.4159086156055,997
2024-09-18 15:06:59.650,415.44371419653527,1005
2024-09-18 15:06:59.746,415.4189330775325,997
2024-09-18 15:06:59.777,415.4204312166488,14
