Timestamp,Price,Size
2024-09-17 13:59:00.351,401.86100612023,995
2024-09-17 13:59:00.483,401.8519186068263,95
2024-09-17 13:59:00.706,401.8631072928294,1005
2024-09-17 13:59:01.336,401.90269084549936,6
2024-09-17 13:59:01.410,401.8645358541931,11
2024-09-17 13:59:01.576,401.8670719802686,103
2024-09-17 13:59:01.680,401.8728188760133,96
2024-09-17 13:59:01.771,401.8662442670973,12
2024-09-17 13:59:01.783,401.88351109229336,998
2024-09-17 13:59:01.909,401.9190246716676,10
2024-09-17 13:59:02.099,401.9138341869742,15
2024-09-17 13:59:02.135,401.8922198479528,1000
2024-09-17 13:59:02.198,401.89629135992,100
2024-09-17 13:59:02.208,401.9005087490037,1001
2024-09-17 13:59:02.286,401.9122138744169,104
2024-09-17 13:59:02.337,401.90272822398674,96
2024-09-17 13:59:02.376,401.9069796823178,96
2024-09-17 13:59:02.495,401.91168153707457,100
2024-09-17 13:59:02.624,40.192456397377306,1002
2024-09-17 13:59:02.652,401.9303431107489,1002
2024-09-17 13:59:02.714,401.9050083430423,98
2024-09-17 13:59:02.748,401.89070809444985,104
2024-09-17 13:59:02.786,401.8990624499352,1001
2024-09-17 13:59:03.008,401.9634534712023,1004
2024-09-17 13:59:03.061,401.8923197655465,995
2024-09-17 13:59:03.092,401.9548094924391,95
2024-09-17 13:59:03.193,401.9512563577032,998
2024-09-17 13:59:03.197,401.92065339950966,15
2024-09-17 13:59:03.198,401.9102299334033,13
2024-09-17 13:59:03.229,401.9336503468277,997
2024-09-17 13:59:03.301,401.9126125235745,10
2024-09-17 13:59:03.320,401.9498805122144,98
2024-09-17 13:59:03.321,401.9142643791206,97
2024-09-17 13:59:03.505,401.8945671693044,1003
2024-09-17 13:59:03.510,401.9127652850314,99
2024-09-17 13:59:03.605,401.9194771475219,100
2024-09-17 13:59:03.608,401.9485779205989,999
2024-09-17 13:59:03.683,401.9079423033999,98
2024-09-17 13:59:03.718,401.9086934285533,96
2024-09-17 13:59:03.811,401.9090562960325,997
2024-09-17 13:59:03.867,401.9604757833231,99
2024-09-17 13:59:03.992,401.9404282954485,1005
2024-09-17 13:59:04.047,401.9462388109168,1001
2024-09-17 13:59:04.059,401.94097927217126,10
2024-09-17 13:59:04.116,401.9553318947465,105
2024-09-17 13:59:04.135,402.001563863553,5
2024-09-17 13:59:04.281,401.9833389774032,1000
2024-09-17 13:59:04.283,401.961645624837,101
2024-09-17 13:59:04.412,401.96271472963394,103
2024-09-17 13:59:04.425,402.02583643824073,99
2024-09-17 13:59:04.562,401.9269849406445,998
2024-09-17 13:59:04.610,40.194704776180686,1004
2024-09-17 13:59:04.621,401.9758907212917,105
2024-09-17 13:59:04.658,401.9472090298243,103
2024-09-17 13:59:04.677,401.9369284104195,1005
2024-09-17 13:59:04.685,402.02587096030607,998
2024-09-17 13:59:04.691,401.9761123329234,1003
2024-09-17 13:59:04.691,401.9744653733613,5
2024-09-17 13:59:04.751,401.9389956274062,9
2024-09-17 13:59:04.764,401.9451343543197,1004
2024-09-17 13:59:04.769,402.0207223091053,1004
2024-09-17 13:59:04.826,401.9662731019967,998
2024-09-17 13:59:04.845,401.9569594191415,5
2024-09-17 13:59:04.855,401.9248916494657,100
2024-09-17 13:59:04.921,401.9581293128976,997
2024-09-17 13:59:05.048,401.98603616093857,1003
2024-09-17 13:59:05.210,401.9874615846312,1002
2024-09-17 13:59:05.349,402.0063708576016,998
2024-09-17 13:59:05.382,402.0021426921408,1001
2024-09-17 13:59:05.466,401.9821793160328,104
2024-09-17 13:59:05.575,402.01138780680407,11
2024-09-17 13:59:05.586,401.9967764642773,96
2024-09-17 13:59:05.640,401.9890469652752,997
2024-09-17 13:59:05.661,401.9829339870094,13
2024-09-17 13:59:05.698,401.9904006322122,99
2024-09-17 13:59:05.724,402.0003778971311,998
2024-09-17 13:59:05.758,401.983192964455,100
2024-09-17 13:59:05.920,401.9763418816512,5
2024-09-17 13:59:06.035,402.00691799436896,1002
2024-09-17 13:59:06.092,402.0059165016901,996
2024-09-17 13:59:06.110,401.9959873269533,95
2024-09-17 13:59:06.156,401.98642276652186,999
2024-09-17 13:59:06.224,401.9758731400009,97
2024-09-17 13:59:06.268,402.0144936506819,15
2024-09-17 13:59:06.354,402.0105059875689,12
2024-09-17 13:59:06.366,402.0084727214716,13
2024-09-17 13:59:06.403,401.9786794649911,97
2024-09-17 13:59:06.420,402.0067324938753,12
2024-09-17 13:59:06.428,401.98266811429016,102
2024-09-17 13:59:06.429,402.0428421445407,100
2024-09-17 13:59:06.472,401.9860478569377,7
2024-09-17 13:59:06.510,402.0240741806588,998
2024-09-17 13:59:06.539,401.9932387431356,995
2024-09-17 13:59:06.607,401.9962680578728,101
2024-09-17 13:59:06.607,401.9893312346388,11
2024-09-17 13:59:06.615,401.97676868742417,101
2024-09-17 13:59:06.782,401.9997731390347,999
2024-09-17 13:59:06.824,401.97766143898014,10
2024-09-17 13:59:06.879,402.017669355583,1004
2024-09-17 13:59:06.900,402.0351930031812,996
2024-09-17 13:59:06.908,401.9937708907856,104
2024-09-17 13:59:06.909,402.0108778438653,12
2024-09-17 13:59:06.919,401.99381813912265,6
2024-09-17 13:59:06.961,401.99523375077786,1004
2024-09-17 13:59:06.999,402.00785716839897,6
2024-09-17 13:59:07.024,401.9456721181154,997
2024-09-17 13:59:07.084,401.90757134921085,96
2024-09-17 13:59:07.169,401.93808386025967,997
2024-09-17 13:59:07.219,401.9714204894142,100
2024-09-17 13:59:07.244,401.93177048363833,95
2024-09-17 13:59:07.424,401.9410323966682,9
2024-09-17 13:59:07.443,401.9477300705325,5
2024-09-17 13:59:07.481,401.9480575414237,1003
2024-09-17 13:59:07.548,401.93114215426687,1002
2024-09-17 13:59:07.726,40.194891351203125,1003
2024-09-17 13:59:07.727,401.9553501062555,9
2024-09-17 13:59:07.872,401.9537727709941,996
2024-09-17 13:59:07.898,401.9105324368339,9
2024-09-17 13:59:08.127,401.9294823681696,1005
2024-09-17 13:59:08.181,401.93983100106095,102
2024-09-17 13:59:08.311,401.90881813773126,11
2024-09-17 13:59:08.311,401.9274454033196,997
2024-09-17 13:59:08.510,401.9408403968805,996
2024-09-17 13:59:08.513,401.91766996105935,102
2024-09-17 13:59:08.525,401.9328601298181,5
2024-09-17 13:59:08.627,401.92031021668754,1000
2024-09-17 13:59:08.758,401.9450537923237,997
2024-09-17 13:59:08.764,401.93028290759753,13
2024-09-17 13:59:08.780,401.90623157351627,97
2024-09-17 13:59:08.912,401.90765379204856,104
2024-09-17 13:59:08.931,401.9447522688331,14
2024-09-17 13:59:08.991,401.8955060370741,998
2024-09-17 13:59:09.003,401.8902145444277,105
2024-09-17 13:59:09.003,401.9214717708536,7
2024-09-17 13:59:09.061,401.88027010371815,999
2024-09-17 13:59:09.215,401.8877817867265,1004
2024-09-17 13:59:09.256,401.8902724337581,105
2024-09-17 13:59:09.265,401.9306903819265,96
2024-09-17 13:59:09.545,401.9310237473225,97
2024-09-17 13:59:09.583,401.9151151019522,13
2024-09-17 13:59:09.850,401.9097295630838,98
2024-09-17 13:59:09.857,401.9235249919127,998
2024-09-17 13:59:09.943,401.92882388459145,9
2024-09-17 13:59:10.016,401.9040218332152,7
2024-09-17 13:59:10.026,401.9492668164473,15
2024-09-17 13:59:10.036,401.9370015157743,103
2024-09-17 13:59:10.046,401.9026680414184,103
2024-09-17 13:59:10.079,401.8956767871496,13
2024-09-17 13:59:10.122,401.9417650130107,13
2024-09-17 13:59:10.173,401.9216310912228,13
2024-09-17 13:59:10.269,401.93396228871904,5
2024-09-17 13:59:10.309,-401.95149895680896,1001
2024-09-17 13:59:10.325,401.91440408161264,5
2024-09-17 13:59:10.485,401.92132955519486,105
2024-09-17 13:59:10.570,401.8984601834735,13
2024-09-17 13:59:10.638,401.9046296671186,7
2024-09-17 13:59:10.703,401.9396367415353,14
2024-09-17 13:59:10.880,401.8894718193632,103
2024-09-17 13:59:11.021,401.88788043978593,1005
2024-09-17 13:59:11.062,401.9031019059266,7
2024-09-17 13:59:11.070,401.9501074381253,998
2024-09-17 13:59:11.227,-401.9013527592157,98
2024-09-17 13:59:11.293,401.9272238268099,1003
2024-09-17 13:59:11.297,401.9576743560093,1001
2024-09-17 13:59:11.332,401.95671265270914,15
2024-09-17 13:59:11.382,401.9601548933947,7
2024-09-17 13:59:11.548,401.9583733544759,6
2024-09-17 13:59:11.553,401.9592751833884,12
2024-09-17 13:59:11.601,401.93388761955794,5
2024-09-17 13:59:11.615,401.9375126351827,96
2024-09-17 13:59:11.636,401.9137327300696,104
2024-09-17 13:59:11.652,401.8904692820115,7
2024-09-17 13:59:11.869,401.968140758267,96
2024-09-17 13:59:11.892,401.9428404561988,7
2024-09-17 13:59:11.893,401.9613244101333,997
2024-09-17 13:59:11.938,401.90541551449314,104
2024-09-17 13:59:11.956,401.9630206333416,1000
2024-09-17 13:59:12.078,401.9525815938889,103
2024-09-17 13:59:12.099,401.96223647382425,1004
2024-09-17 13:59:12.143,401.96239738023394,7
2024-09-17 13:59:12.224,401.9408945510647,15
2024-09-17 13:59:12.245,401.94847403103154,8
2024-09-17 13:59:12.370,401.9072818993863,103
2024-09-17 13:59:12.379,401.9564389910489,103
2024-09-17 13:59:12.473,401.9373912523853,95
2024-09-17 13:59:12.532,401.9573458644781,12
2024-09-17 13:59:12.570,401.9627618919432,995
2024-09-17 13:59:12.639,401.9581627592916,999
2024-09-17 13:59:12.717,401.936129769372,6
2024-09-17 13:59:12.724,401.95714852472383,105
2024-09-17 13:59:12.736,401.954668734404,12
2024-09-17 13:59:12.820,401.96798263372233,1005
2024-09-17 13:59:12.823,401.9536538613703,15
2024-09-17 13:59:12.826,401.954065447109,95
2024-09-17 13:59:12.912,401.94523327560125,95
2024-09-17 13:59:13.098,401.9436314633139,98
2024-09-17 13:59:13.114,401.9209612272136,101
2024-09-17 13:59:13.360,401.94557312142064,95
2024-09-17 13:59:13.620,401.9314241776361,1002
2024-09-17 13:59:14.277,401.9527777082773,13
2024-09-17 13:59:14.386,401.9656831191044,1005
2024-09-17 13:59:14.415,401.9818276494175,15
2024-09-17 13:59:14.516,401.96438629663936,1001
2024-09-17 13:59:14.597,-401.9482173000284,14
2024-09-17 13:59:14.611,401.96463773410505,11
2024-09-17 13:59:14.645,401.96214740648287,1000
2024-09-17 13:59:14.667,401.9682468840478,14
2024-09-17 13:59:14.675,401.9863356124151,7
2024-09-17 13:59:14.755,401.9747230753012,8
2024-09-17 13:59:14.781,401.976996915071,7
2024-09-17 13:59:15.029,402.0237133786231,8
2024-09-17 13:59:15.061,402.0263738877434,96
2024-09-17 13:59:15.096,402.0914808005193,103
2024-09-17 13:59:15.176,402.007783649377,998
2024-09-17 13:59:15.213,402.1245232197416,1001
2024-09-17 13:59:15.215,402.0261556144968,7
2024-09-17 13:59:15.280,402.1334668915644,102
2024-09-17 13:59:15.294,401.9825375875615,995
2024-09-17 13:59:15.309,401.9927909683453,1002
2024-09-17 13:59:15.312,401.9678712632461,995
2024-09-17 13:59:15.337,402.056261087127,7
2024-09-17 13:59:15.379,402.0689579121568,14
2024-09-17 13:59:15.384,401.97823380503615,1003
2024-09-17 13:59:15.385,401.9823606610681,97
2024-09-17 13:59:15.482,402.1508151558818,100
2024-09-17 13:59:15.501,402.02673097057897,6
2024-09-17 13:59:15.513,402.1450970173213,996
2024-09-17 13:59:15.523,402.0427089609454,103
2024-09-17 13:59:15.565,402.03305097139486,12
2024-09-17 13:59:15.672,402.0355926348149,12
2024-09-17 13:59:15.714,402.0239774759598,1005
2024-09-17 13:59:15.741,402.08433835572777,8
2024-09-17 13:59:15.757,401.99704080564703,103
2024-09-17 13:59:15.800,402.07566027274834,97
2024-09-17 13:59:15.863,402.02208419620456,13
2024-09-17 13:59:15.868,401.9828416233445,95
2024-09-17 13:59:15.922,402.0144947438207,998
2024-09-17 13:59:15.974,401.99399900408514,99
2024-09-17 13:59:16.294,-402.1655917268301,7
2024-09-17 13:59:16.338,402.1503507792681,102
2024-09-17 13:59:16.737,402.1408132173406,8
2024-09-17 13:59:16.778,402.1326538544665,998
2024-09-17 13:59:17.103,402.13104119263454,96
2024-09-17 13:59:17.120,402.10705295465215,99
2024-09-17 13:59:17.391,402.1426985163555,10
2024-09-17 13:59:17.461,402.17221764894447,15
2024-09-17 13:59:17.526,402.1516712300703,15
2024-09-17 13:59:17.760,,998
2024-09-17 13:59:17.794,402.1410221183442,15
2024-09-17 13:59:17.902,402.106792692561,11
2024-09-17 13:59:17.950,402.12183209276367,6
2024-09-17 13:59:18.006,402.1455643448824,95
2024-09-17 13:59:18.085,402.16043192603735,13
2024-09-17 13:59:18.119,402.1611390790223,998
2024-09-17 13:59:18.123,402.1584102225124,11
2024-09-17 13:59:18.135,402.1244362145898,100
2024-09-17 13:59:18.183,402.1550159078915,996
2024-09-17 13:59:18.286,402.14842247182594,1003
2024-09-17 13:59:18.362,402.166010590541,100
2024-09-17 13:59:18.431,402.14714347385313,13
2024-09-17 13:59:18.434,402.2124611924833,999
2024-09-17 13:59:18.443,402.14535710519255,5
2024-09-17 13:59:18.477,402.1456488366328,105
2024-09-17 13:59:18.519,-402.1511913025536,995
2024-09-17 13:59:18.544,402.19039050060417,1004
2024-09-17 13:59:18.573,402.1283158104607,999
2024-09-17 13:59:18.574,402.1379038801108,102
2024-09-17 13:59:18.641,402.1432585105472,101
2024-09-17 13:59:18.684,402.13126194111817,9
2024-09-17 13:59:18.704,402.1551698979697,1001
2024-09-17 13:59:18.705,402.16143136710673,996
2024-09-17 13:59:18.777,402.2024732408459,7
2024-09-17 13:59:18.868,402.1516568176575,100
2024-09-17 13:59:18.918,402.2041112627217,997
2024-09-17 13:59:18.966,402.1372398030167,99
2024-09-17 13:59:19.051,402.1964669037354,104
2024-09-17 13:59:19.104,402.200146776193,104
2024-09-17 13:59:19.162,402.17851499286985,101
2024-09-17 13:59:19.175,402.1782197619005,105
2024-09-17 13:59:19.206,402.1384328673492,11
2024-09-17 13:59:19.242,402.2144427592195,100
2024-09-17 13:59:19.266,402.1420976879195,995
2024-09-17 13:59:19.380,402.203917439148,11
2024-09-17 13:59:19.401,402.191587417323,5
2024-09-17 13:59:19.482,402.2072196989669,103
2024-09-17 13:59:19.488,402.16905358478033,5
2024-09-17 13:59:19.513,402.175531470628,1005
2024-09-17 13:59:19.591,402.1717633926978,13
2024-09-17 13:59:19.786,402.19122366026926,9
2024-09-17 13:59:19.864,402.1876052853232,97
2024-09-17 13:59:19.998,402.1562489969232,998
2024-09-17 13:59:20.008,402.16056511565466,997
2024-09-17 13:59:20.044,402.16653601369103,103
2024-09-17 13:59:20.071,40.21356548300977,100
2024-09-17 13:59:20.109,402.1745700978996,97
2024-09-17 13:59:20.123,402.1536927657939,10
2024-09-17 13:59:20.319,402.1436396705452,13
2024-09-17 13:59:20.387,402.1511526615686,9
2024-09-17 13:59:20.420,402.1588929675937,10
2024-09-17 13:59:20.475,402.1291732287804,997
2024-09-17 13:59:20.615,402.1504193339253,995
2024-09-17 13:59:20.676,402.1517357625685,998
2024-09-17 13:59:20.777,402.172055196148,999
2024-09-17 13:59:20.777,402.1629002567084,998
2024-09-17 13:59:20.923,402.1642634981403,97
2024-09-17 13:59:21.015,402.18242454886575,97
2024-09-17 13:59:21.028,402.1837076151367,995
2024-09-17 13:59:21.208,402.1855949474025,1005
2024-09-17 13:59:21.453,402.155654961621,102
2024-09-17 13:59:21.750,,995
2024-09-17 13:59:21.901,402.15054142502566,97
2024-09-17 13:59:21.951,402.1685654418023,15
2024-09-17 13:59:22.007,402.1685647936383,103
2024-09-17 13:59:22.052,402.1692365288167,11
2024-09-17 13:59:22.199,402.158363865858,95
2024-09-17 13:59:22.263,402.1786017296166,10
2024-09-17 13:59:22.287,402.1617018548558,1001
2024-09-17 13:59:22.487,402.182578987137,12
2024-09-17 13:59:22.938,402.16987353286646,998
2024-09-17 13:59:23.092,402.1924279340132,996
2024-09-17 13:59:23.351,402.2008669827324,97
2024-09-17 13:59:23.373,402.1875894455843,13
2024-09-17 13:59:23.493,402.2013115662882,997
2024-09-17 13:59:23.759,402.1910748714499,997
2024-09-17 13:59:23.791,402.1889883127689,8
2024-09-17 13:59:23.912,402.1941113018096,12
2024-09-17 13:59:24.126,402.23736058359486,9
2024-09-17 13:59:24.218,402.2173194570777,1001
2024-09-17 13:59:24.243,402.21582257922006,1000
2024-09-17 13:59:24.264,402.1895210081031,15
2024-09-17 13:59:24.269,402.2243787749939,96
2024-09-17 13:59:24.295,402.2149991731328,95
2024-09-17 13:59:24.336,402.199290134796,5
2024-09-17 13:59:24.353,402.208212121877,995
2024-09-17 13:59:24.387,402.198740306264,15
2024-09-17 13:59:24.417,402.2137345799995,1003
2024-09-17 13:59:24.446,402.2133895149847,999
2024-09-17 13:59:24.514,402.22232673252216,14
2024-09-17 13:59:24.532,402.1812616470232,1002
2024-09-17 13:59:24.551,402.1734622638919,995
2024-09-17 13:59:24.635,402.2035576879135,13
2024-09-17 13:59:24.649,402.2068455438306,103
2024-09-17 13:59:24.650,402.1903837577965,998
2024-09-17 13:59:24.667,402.2145074702042,104
2024-09-17 13:59:24.686,402.1730040651793,15
2024-09-17 13:59:24.717,402.2224490787183,13
2024-09-17 13:59:24.848,402.2137668516441,102
2024-09-17 13:59:24.895,402.22514678834574,101
2024-09-17 13:59:24.910,402.2285132524953,1005
2024-09-17 13:59:24.918,402.216800774254,1000
2024-09-17 13:59:24.927,402.232444299834,1004
2024-09-17 13:59:24.959,402.23015240582464,12
2024-09-17 13:59:24.971,402.2345277139757,1004
2024-09-17 13:59:24.980,402.2155733674347,101
2024-09-17 13:59:25.232,402.224829263778,98
2024-09-17 13:59:25.254,402.21628809458366,999
2024-09-17 13:59:25.327,402.2014494101535,102
2024-09-17 13:59:25.382,402.1956916545948,103
2024-09-17 13:59:25.389,402.207924773558,103
2024-09-17 13:59:25.473,402.2069395015631,12
2024-09-17 13:59:25.852,402.1975092422919,8
2024-09-17 13:59:25.867,402.1728855207638,7
2024-09-17 13:59:25.961,402.2236905426204,101
2024-09-17 13:59:26.002,402.1128864261906,1002
2024-09-17 13:59:26.046,402.139960389985,103
2024-09-17 13:59:26.050,402.1406645529271,10
2024-09-17 13:59:26.087,402.1266680157432,103
2024-09-17 13:59:26.091,402.1376970964019,100
2024-09-17 13:59:26.169,402.12827891707286,8
2024-09-17 13:59:26.272,402.1224628087637,100
2024-09-17 13:59:26.287,402.11221606620313,14
2024-09-17 13:59:26.289,402.1310091440312,97
2024-09-17 13:59:26.506,402.1414756720712,13
2024-09-17 13:59:26.519,402.1078733331565,999
2024-09-17 13:59:26.588,402.14300756664153,11
2024-09-17 13:59:26.673,402.1663699547162,13
2024-09-17 13:59:26.705,402.1679072509479,12
2024-09-17 13:59:26.745,402.1332095931495,1002
2024-09-17 13:59:26.752,402.1458665944803,1001
2024-09-17 13:59:26.820,402.1282469238863,99
2024-09-17 13:59:26.907,402.1538084388123,996
2024-09-17 13:59:26.961,402.16481164635854,1003
2024-09-17 13:59:27.065,402.1320849845167,12
2024-09-17 13:59:27.271,402.1516522488628,98
2024-09-17 13:59:27.299,402.1529347752149,997
2024-09-17 13:59:27.500,402.1204708203086,100
2024-09-17 13:59:27.515,402.1846360893591,9
2024-09-17 13:59:27.601,402.1306507952449,10
2024-09-17 13:59:27.685,402.18133762113087,12
2024-09-17 13:59:27.719,402.17020692923495,1004
2024-09-17 13:59:27.722,402.1536127895406,95
2024-09-17 13:59:27.783,402.1576149191387,1004
2024-09-17 13:59:27.951,402.1866195178869,99
2024-09-17 13:59:27.973,402.166621830268,9
2024-09-17 13:59:28.002,402.148113009711,100
2024-09-17 13:59:28.033,402.1150088453935,1005
2024-09-17 13:59:28.049,402.15854414684617,1002
2024-09-17 13:59:28.084,402.1218903930488,10
2024-09-17 13:59:28.154,402.15128003874224,97
2024-09-17 13:59:28.176,402.1316382649428,102
2024-09-17 13:59:28.180,402.155812879791,1003
2024-09-17 13:59:28.198,402.13951007025344,1002
2024-09-17 13:59:28.221,40.2144624527559,103
2024-09-17 13:59:28.256,402.1629074644577,102
2024-09-17 13:59:28.265,402.1213557487915,103
2024-09-17 13:59:28.294,402.1178911754951,100
2024-09-17 13:59:28.379,402.1236588186081,1001
2024-09-17 13:59:28.412,402.15424012196655,996
2024-09-17 13:59:28.425,402.1631272563539,96
2024-09-17 13:59:28.466,402.1475526582422,1003
2024-09-17 13:59:28.479,402.1194593597937,1005
2024-09-17 13:59:28.513,402.1418738644726,13
2024-09-17 13:59:28.528,402.14301309296246,995
2024-09-17 13:59:28.590,402.1682601973507,1002
2024-09-17 13:59:28.592,402.1153819375066,104
2024-09-17 13:59:28.609,402.15362363333,996
2024-09-17 13:59:28.613,402.114245636458,5
2024-09-17 13:59:28.614,402.1497604585736,97
2024-09-17 13:59:28.678,402.12163372684927,103
2024-09-17 13:59:28.715,402.1470077158804,998
2024-09-17 13:59:28.790,402.1465329852228,1004
2024-09-17 13:59:28.894,402.1197500440573,104
2024-09-17 13:59:28.913,402.1195305685612,101
2024-09-17 13:59:29.032,40.21676215168082,103
2024-09-17 13:59:29.108,402.1366779287235,99
2024-09-17 13:59:29.109,402.1400110200114,1000
2024-09-17 13:59:29.161,402.1332633926409,999
2024-09-17 13:59:29.171,402.1615930286271,96
2024-09-17 13:59:29.361,402.1428109267277,1003
2024-09-17 13:59:29.464,402.1293897430753,997
2024-09-17 13:59:29.613,402.1261635744125,103
2024-09-17 13:59:29.614,402.1185119718946,11
2024-09-17 13:59:29.668,402.1332932980626,10
2024-09-17 13:59:29.751,402.1337657895022,96
2024-09-17 13:59:29.803,402.1567121337208,9
2024-09-17 13:59:29.924,402.155357977746,101
2024-09-17 13:59:29.944,402.151348231234,7
2024-09-17 13:59:29.965,402.1216470990201,101
2024-09-17 13:59:30.420,402.15460054273694,99
2024-09-17 13:59:30.584,402.1481665361764,6
2024-09-17 13:59:30.690,402.14717021939566,101
2024-09-17 13:59:30.708,402.1579738518879,104
2024-09-17 13:59:30.924,402.1580459665714,8
2024-09-17 13:59:30.932,402.1455998991065,102
2024-09-17 13:59:30.948,402.155319661391,10
2024-09-17 13:59:31.020,402.1037518929483,1004
2024-09-17 13:59:31.114,402.1228123907983,101
2024-09-17 13:59:31.162,402.1126937943312,12
2024-09-17 13:59:31.176,402.1374808748758,99
2024-09-17 13:59:31.191,402.1465434630357,13
2024-09-17 13:59:31.223,402.1247947777457,9
2024-09-17 13:59:31.270,402.119482153722,998
2024-09-17 13:59:31.302,402.1271156637666,96
2024-09-17 13:59:31.400,402.1109439654152,999
2024-09-17 13:59:31.449,402.1254123694339,13
2024-09-17 13:59:31.515,402.11882756961904,12
2024-09-17 13:59:31.536,402.103130739369,99
2024-09-17 13:59:31.553,402.1271088395113,14
2024-09-17 13:59:31.572,402.1170725798385,13
2024-09-17 13:59:32.155,402.11569321029646,1001
2024-09-17 13:59:32.374,402.11039065278266,1001
2024-09-17 13:59:32.377,402.1286425805852,11
2024-09-17 13:59:32.465,402.11353066957633,5
2024-09-17 13:59:32.493,402.1142058161689,104
2024-09-17 13:59:32.800,402.1042103510729,99
2024-09-17 13:59:32.810,402.10229636508967,100
2024-09-17 13:59:32.848,402.1257412932259,5
2024-09-17 13:59:32.993,402.1130089168764,6
2024-09-17 13:59:33.408,402.1151177572892,1000
2024-09-17 13:59:33.534,402.1133630743008,998
2024-09-17 13:59:34.022,402.1175473599392,98
2024-09-17 13:59:34.033,402.1073040662473,98
2024-09-17 13:59:34.040,402.10731032401657,1004
2024-09-17 13:59:34.084,402.1141446926854,6
2024-09-17 13:59:34.104,402.0892024388759,96
2024-09-17 13:59:34.126,402.0810036519885,14
2024-09-17 13:59:34.133,402.0758585445274,996
2024-09-17 13:59:34.410,402.0826995562919,97
2024-09-17 13:59:34.425,402.0656942855664,14
2024-09-17 13:59:34.435,402.0758268799388,998
2024-09-17 13:59:34.481,402.0651329938127,1000
2024-09-17 13:59:34.518,402.0638408720173,9
2024-09-17 13:59:34.620,402.0558110220063,96
2024-09-17 13:59:34.637,402.0628351065122,99
2024-09-17 13:59:34.643,402.0822564478556,11
2024-09-17 13:59:34.694,402.1331885721976,1002
2024-09-17 13:59:34.695,402.1218159117434,999
2024-09-17 13:59:34.796,402.1196042689048,1002
2024-09-17 13:59:34.830,402.0618456304746,996
2024-09-17 13:59:34.931,402.0866624505399,995
2024-09-17 13:59:34.984,402.0526663843354,100
2024-09-17 13:59:34.995,402.0530966014365,995
2024-09-17 13:59:35.041,402.076543038378,6
2024-09-17 13:59:35.049,402.0787977069736,104
2024-09-17 13:59:35.117,402.0728103518034,8
2024-09-17 13:59:35.138,402.0333679139534,14
2024-09-17 13:59:35.174,402.0869385932234,98
2024-09-17 13:59:35.217,402.05408766059946,8
2024-09-17 13:59:35.318,402.0955613273729,104
2024-09-17 13:59:35.431,402.0074198784283,11
2024-09-17 13:59:35.437,402.0685133376448,996
2024-09-17 13:59:35.484,402.0518112914467,1002
2024-09-17 13:59:35.555,402.0008162409096,1000
2024-09-17 13:59:35.615,402.0724881771323,12
2024-09-17 13:59:35.626,402.0826610924397,14
2024-09-17 13:59:35.649,402.0355101004575,102
2024-09-17 13:59:35.676,402.06443367999617,97
2024-09-17 13:59:35.790,402.050620445849,14
2024-09-17 13:59:35.824,402.0765169243893,97
2024-09-17 13:59:35.932,401.9964576708799,1005
2024-09-17 13:59:35.933,402.05187623723833,9
2024-09-17 13:59:35.960,402.00285634386114,1003
2024-09-17 13:59:36.029,401.9806291386983,1001
2024-09-17 13:59:36.230,401.9779728005358,103
2024-09-17 13:59:36.233,402.0305227113132,996
2024-09-17 13:59:36.274,401.9736377660293,96
2024-09-17 13:59:36.286,401.9938378798492,1000
2024-09-17 13:59:36.323,401.9744417077324,98
2024-09-17 13:59:36.325,402.0059882050344,996
2024-09-17 13:59:36.337,402.0329668352889,101
2024-09-17 13:59:36.413,401.9773777286935,998
2024-09-17 13:59:36.460,401.9700887180516,998
2024-09-17 13:59:36.480,401.9789809728404,15
2024-09-17 13:59:36.519,402.0531685714618,6
2024-09-17 13:59:36.550,401.98080303469504,98
2024-09-17 13:59:36.593,402.0544735167499,10
2024-09-17 13:59:36.610,402.059113039542,10
2024-09-17 13:59:36.632,402.0419421797176,1004
2024-09-17 13:59:36.722,401.9800437746229,10
2024-09-17 13:59:36.747,401.9838284243622,6
2024-09-17 13:59:36.748,402.0311126915827,999
2024-09-17 13:59:36.870,402.0384862850192,96
2024-09-17 13:59:36.933,401.97055663398777,997
2024-09-17 13:59:36.939,402.053879631,104
2024-09-17 13:59:36.952,401.990974850873,105
2024-09-17 13:59:36.998,401.9760120431659,11
2024-09-17 13:59:37.017,402.0583195360196,97
2024-09-17 13:59:37.027,402.09896057262193,1004
2024-09-17 13:59:37.059,402.0720404370826,7
2024-09-17 13:59:37.063,402.0993746072318,101
2024-09-17 13:59:37.121,402.1207697204794,5
2024-09-17 13:59:37.211,402.0560187917618,1005
2024-09-17 13:59:37.263,402.0850975920389,105
2024-09-17 13:59:37.273,402.0701335376687,98
2024-09-17 13:59:37.278,402.089638440702,103
2024-09-17 13:59:37.321,402.0513052791589,12
2024-09-17 13:59:37.381,402.1066489605148,104
2024-09-17 13:59:37.383,402.05396460011,1001
2024-09-17 13:59:37.453,402.1186749002783,7
2024-09-17 13:59:37.512,402.0819689837329,5
2024-09-17 13:59:37.591,402.043000769998,1003
2024-09-17 13:59:37.615,402.04584201575216,14
2024-09-17 13:59:37.646,402.0751465402943,97
2024-09-17 13:59:37.659,402.084524477252,998
2024-09-17 13:59:37.737,402.0400406835484,995
2024-09-17 13:59:37.836,40.20431823026212,12
2024-09-17 13:59:37.860,402.0402418572127,995
2024-09-17 13:59:37.869,402.0414987858733,1005
2024-09-17 13:59:37.894,402.0705841085584,101
2024-09-17 13:59:37.900,402.0405469741248,1001
2024-09-17 13:59:37.938,402.0463516899871,996
2024-09-17 13:59:37.968,402.0995332463406,103
2024-09-17 13:59:37.984,402.0637062738944,998
2024-09-17 13:59:38.069,402.1096329650222,101
2024-09-17 13:59:38.131,402.0892891524213,8
2024-09-17 13:59:38.141,,8
2024-09-17 13:59:38.232,40.212366786342216,996
2024-09-17 13:59:38.271,402.0864465950808,13
2024-09-17 13:59:38.349,402.1227264000781,1002
2024-09-17 13:59:38.362,402.14203981255287,1003
2024-09-17 13:59:38.418,402.1212873895478,96
2024-09-17 13:59:38.498,402.0646477645495,103
2024-09-17 13:59:38.510,402.1115530125168,99
2024-09-17 13:59:38.587,402.07361694662416,1000
2024-09-17 13:59:38.648,402.0753069311394,97
2024-09-17 13:59:38.984,402.0612072036898,97
2024-09-17 13:59:39.022,402.1089577106896,96
2024-09-17 13:59:39.078,402.12008805840577,10
2024-09-17 13:59:39.125,402.1376993991505,9
2024-09-17 13:59:39.169,402.1376127224888,100
2024-09-17 13:59:39.201,402.1137454030334,104
2024-09-17 13:59:39.434,402.1051092104592,11
2024-09-17 13:59:39.502,402.1462922826414,7
2024-09-17 13:59:39.595,402.1227006766746,104
2024-09-17 13:59:39.597,402.11700834379405,9
2024-09-17 13:59:39.707,402.1166166894759,8
2024-09-17 13:59:39.747,402.1273589291516,14
2024-09-17 13:59:39.961,402.1207733327663,1000
2024-09-17 13:59:40.526,-402.1321503052383,6
2024-09-17 13:59:40.701,402.1152022658947,104
2024-09-17 13:59:40.959,402.1496307360367,995
2024-09-17 13:59:41.213,402.1230280996625,97
2024-09-17 13:59:41.643,402.12925020168433,5
2024-09-17 13:59:41.872,402.1337051903344,6
2024-09-17 13:59:42.238,402.1251885928605,100
2024-09-17 13:59:42.286,402.1222697533344,999
2024-09-17 13:59:42.302,402.11750959227913,103
2024-09-17 13:59:42.501,402.13026289575424,102
2024-09-17 13:59:42.789,402.1214458391922,1000
2024-09-17 13:59:43.081,402.0784695836505,1003
2024-09-17 13:59:43.098,402.0720978950316,996
2024-09-17 13:59:43.142,402.0479428997721,1002
2024-09-17 13:59:43.178,402.0602905422284,96
2024-09-17 13:59:43.187,402.0424471017769,105
2024-09-17 13:59:43.233,402.0702577462814,996
2024-09-17 13:59:43.275,402.0665176178297,95
2024-09-17 13:59:43.343,402.0884357187196,995
2024-09-17 13:59:43.352,402.0970414581989,1000
2024-09-17 13:59:43.400,402.08558900630953,11
2024-09-17 13:59:43.541,402.0591074233536,6
2024-09-17 13:59:43.606,402.0711289051503,1002
2024-09-17 13:59:43.651,402.0662847261264,997
2024-09-17 13:59:43.660,402.0721625964084,13
2024-09-17 13:59:43.707,402.1027731099804,1004
2024-09-17 13:59:43.719,402.0695730125356,104
2024-09-17 13:59:43.746,402.0600227495647,100
2024-09-17 13:59:43.759,402.09696684369663,998
2024-09-17 13:59:43.775,402.125896513662,1005
2024-09-17 13:59:43.787,402.08043933668006,7
2024-09-17 13:59:43.794,402.10206292508775,1003
2024-09-17 13:59:43.836,402.096467749713,98
2024-09-17 13:59:43.946,402.1326116663653,1005
2024-09-17 13:59:44.059,402.068464221769,98
2024-09-17 13:59:44.097,402.0407888850973,96
2024-09-17 13:59:44.124,402.0302012753712,1005
2024-09-17 13:59:44.146,402.048614124905,8
2024-09-17 13:59:44.155,402.0447466699322,11
2024-09-17 13:59:44.186,402.0342270200402,103
2024-09-17 13:59:44.190,402.054787212057,100
2024-09-17 13:59:44.192,402.0533090718729,1001
2024-09-17 13:59:44.220,402.0255063700951,997
2024-09-17 13:59:44.268,402.03725633264514,14
2024-09-17 13:59:44.323,402.02732787591,96
2024-09-17 13:59:44.472,402.0487611611893,10
2024-09-17 13:59:44.484,402.0534260844764,9
2024-09-17 13:59:44.526,402.0508940702711,102
2024-09-17 13:59:44.578,402.03478496986935,103
2024-09-17 13:59:44.791,402.0301678290411,7
2024-09-17 13:59:44.824,402.0721448585054,101
2024-09-17 13:59:44.874,402.0258845451741,12
2024-09-17 13:59:45.159,402.057279477482,996
2024-09-17 13:59:45.189,402.0342368670946,11
2024-09-17 13:59:45.286,402.05987923913153,100
2024-09-17 13:59:45.314,402.0395176237954,105
2024-09-17 13:59:45.319,402.0378094873537,996
2024-09-17 13:59:45.375,402.0518083146644,1003
2024-09-17 13:59:45.376,402.03958967670087,8
2024-09-17 13:59:45.461,402.04300581630383,6
2024-09-17 13:59:45.864,402.0559555206075,999
2024-09-17 13:59:45.913,402.04385531335737,996
2024-09-17 13:59:46.264,402.08335805287913,998
2024-09-17 13:59:46.304,402.0421626027898,104
2024-09-17 13:59:46.411,,96
2024-09-17 13:59:46.451,402.0487829025529,14
2024-09-17 13:59:46.728,402.073945044236,1001
2024-09-17 13:59:46.738,402.0659913722743,995
2024-09-17 13:59:46.897,402.0522895116434,1000
2024-09-17 13:59:47.085,402.1488350869101,14
2024-09-17 13:59:47.104,402.1260037475251,1001
2024-09-17 13:59:47.194,402.08312389605175,99
2024-09-17 13:59:47.214,402.0747270764076,997
2024-09-17 13:59:47.266,402.06668269842703,101
2024-09-17 13:59:47.280,402.1329639219476,100
2024-09-17 13:59:47.504,402.1385250244071,95
2024-09-17 13:59:47.599,402.0935344139571,6
2024-09-17 13:59:47.601,402.118152683032,8
2024-09-17 13:59:47.709,402.07627491516297,5
2024-09-17 13:59:47.865,402.1090650956513,12
2024-09-17 13:59:47.913,402.0664936941422,1003
2024-09-17 13:59:47.925,402.1060522672312,104
2024-09-17 13:59:48.014,402.1051291263768,98
2024-09-17 13:59:48.074,402.1167866093498,9
2024-09-17 13:59:48.332,402.1343665358182,95
2024-09-17 13:59:48.556,402.0993691065476,999
2024-09-17 13:59:48.612,402.0957616168938,10
2024-09-17 13:59:48.696,402.0889530675127,1002
2024-09-17 13:59:48.768,402.0991432485699,1001
2024-09-17 13:59:49.015,402.1196546438799,10
2024-09-17 13:59:49.071,-402.0946482841444,11
2024-09-17 13:59:49.209,402.1188175167035,1004
2024-09-17 13:59:49.241,402.10092495585207,5
2024-09-17 13:59:49.252,402.1011974980271,998
2024-09-17 13:59:49.254,402.1325879843375,99
2024-09-17 13:59:49.310,402.14953559046256,98
2024-09-17 13:59:49.321,402.1291659941189,1005
2024-09-17 13:59:49.331,402.10873268645054,1002
2024-09-17 13:59:49.362,402.1180216093008,1001
2024-09-17 13:59:49.402,402.1049709971616,8
2024-09-17 13:59:49.438,402.1143681718038,95
2024-09-17 13:59:49.544,402.10730108705457,11
2024-09-17 13:59:49.629,402.0944346384451,8
2024-09-17 13:59:49.697,402.11722538393,1002
2024-09-17 13:59:49.712,402.1261368461967,12
2024-09-17 13:59:49.712,402.1155145233935,95
2024-09-17 13:59:49.731,402.1229964502909,6
2024-09-17 13:59:49.796,402.12822175057386,104
2024-09-17 13:59:49.798,402.1119593723001,7
2024-09-17 13:59:49.810,402.12041373149896,12
2024-09-17 13:59:49.849,402.1268503683197,1005
2024-09-17 13:59:49.856,402.1231298437369,996
2024-09-17 13:59:49.871,402.1134700880099,10
2024-09-17 13:59:49.909,402.11012777303097,98
2024-09-17 13:59:49.922,402.1566531659512,1004
2024-09-17 13:59:49.937,402.1419853098826,998
2024-09-17 13:59:49.937,402.126310232127,998
2024-09-17 13:59:49.976,402.1383005874014,995
2024-09-17 13:59:50.170,402.1309242638683,97
2024-09-17 13:59:50.239,402.1248207943152,1001
2024-09-17 13:59:50.295,402.1259582846343,95
2024-09-17 13:59:50.314,402.13934038894274,15
2024-09-17 13:59:50.344,402.1197430356514,1002
2024-09-17 13:59:50.352,402.12986435812746,97
2024-09-17 13:59:50.405,402.1205192568119,100
2024-09-17 13:59:50.406,402.1276329476783,99
2024-09-17 13:59:50.412,402.1388956776573,1005
2024-09-17 13:59:50.442,402.1314684989997,14
2024-09-17 13:59:50.798,402.14600666507664,12
2024-09-17 13:59:50.809,402.1414599602184,1003
2024-09-17 13:59:50.916,402.1169429736568,7
2024-09-17 13:59:51.075,402.039213875924,14
2024-09-17 13:59:51.112,402.0604428303226,8
2024-09-17 13:59:51.188,402.10751649284,10
2024-09-17 13:59:51.226,402.12258215691367,1004
2024-09-17 13:59:51.241,402.0405745895303,100
2024-09-17 13:59:51.252,402.0668381432896,5
2024-09-17 13:59:51.257,,13
2024-09-17 13:59:51.317,402.1114554692118,103
2024-09-17 13:59:51.348,402.0433965067691,9
2024-09-17 13:59:51.433,402.0298485002628,1003
2024-09-17 13:59:51.486,402.07447727332,1004
2024-09-17 13:59:51.542,402.0805489987211,996
2024-09-17 13:59:51.554,402.0438626757508,1005
2024-09-17 13:59:51.562,402.1365992188015,101
2024-09-17 13:59:51.613,402.0457864393164,998
2024-09-17 13:59:51.651,402.0938320608947,102
2024-09-17 13:59:51.797,402.0506032584912,103
2024-09-17 13:59:51.815,402.0687228195126,1003
2024-09-17 13:59:51.825,402.1345834420351,5
2024-09-17 13:59:51.876,402.1295726903444,13
2024-09-17 13:59:51.942,402.0584247797099,997
2024-09-17 13:59:51.970,402.0989864588928,11
2024-09-17 13:59:52.017,402.0350843815482,998
2024-09-17 13:59:52.129,402.0495701128942,100
2024-09-17 13:59:52.313,402.0229660758652,12
2024-09-17 13:59:52.331,402.0284507548454,101
2024-09-17 13:59:52.632,402.0309741490238,999
2024-09-17 13:59:52.861,402.0245189151749,9
2024-09-17 13:59:53.099,402.0464843378426,1001
2024-09-17 13:59:53.134,402.0470627302877,105
2024-09-17 13:59:53.233,402.0176347254672,11
2024-09-17 13:59:53.248,402.02465106125726,95
2024-09-17 13:59:53.340,402.0143948120855,995
2024-09-17 13:59:53.442,402.03827148787946,14
2024-09-17 13:59:53.450,402.01775078744106,5
2024-09-17 13:59:53.570,402.0150028178674,12
2024-09-17 13:59:53.629,402.0151690527077,95
2024-09-17 13:59:53.681,401.994200057529,101
2024-09-17 13:59:53.718,402.0111047640797,11
2024-09-17 13:59:53.726,402.0096933149348,101
2024-09-17 13:59:53.738,402.0069323325053,103
2024-09-17 13:59:53.761,402.0375191325912,999
2024-09-17 13:59:53.774,402.0175726666019,97
2024-09-17 13:59:53.909,402.0349417689641,996
2024-09-17 13:59:53.949,402.0162580379731,996
2024-09-17 13:59:53.972,402.00128418582784,1005
2024-09-17 13:59:53.978,402.021821038334,1005
2024-09-17 13:59:53.991,402.0035647924773,105
2024-09-17 13:59:54.050,401.9833935042199,997
2024-09-17 13:59:54.117,401.99171200719576,101
2024-09-17 13:59:54.132,401.9771310507924,12
2024-09-17 13:59:54.312,401.98544053885377,998
2024-09-17 13:59:54.356,401.9817528132712,9
2024-09-17 13:59:54.393,402.0051218242803,999
2024-09-17 13:59:54.460,401.99874107350274,1001
2024-09-17 13:59:54.460,401.9808753677688,7
2024-09-17 13:59:54.638,402.0212869070954,999
2024-09-17 13:59:54.748,402.0134162808168,100
2024-09-17 13:59:54.779,401.991555326549,97
2024-09-17 13:59:54.779,402.0076907111052,95
2024-09-17 13:59:54.851,402.00388025165125,14
2024-09-17 13:59:54.879,401.999437199877,95
2024-09-17 13:59:54.921,401.98233943871367,104
2024-09-17 13:59:54.950,401.9594397190855,97
2024-09-17 13:59:54.996,401.97803624384414,998
2024-09-17 13:59:55.063,401.96937203383953,10
2024-09-17 13:59:55.069,401.9456823412921,7
2024-09-17 13:59:55.300,,100
2024-09-17 13:59:55.409,401.97622295468017,998
2024-09-17 13:59:55.478,401.9630849838355,95
2024-09-17 13:59:55.511,401.96614922843605,997
2024-09-17 13:59:55.680,401.9794644545752,13
2024-09-17 13:59:55.766,401.9669925058906,97
2024-09-17 13:59:55.871,401.96667819352047,98
2024-09-17 13:59:55.877,401.9593025391712,11
2024-09-17 13:59:55.958,401.969442156776,1000
2024-09-17 13:59:56.158,401.9696273719713,997
2024-09-17 13:59:56.214,401.93570077576896,995
2024-09-17 13:59:56.229,401.9749711950948,95
2024-09-17 13:59:56.275,401.9421898199688,102
2024-09-17 13:59:56.347,401.9302112702212,15
2024-09-17 13:59:56.349,401.9120606198056,6
2024-09-17 13:59:56.384,401.9106986827434,5
2024-09-17 13:59:56.401,401.92979430345,15
2024-09-17 13:59:56.493,401.9099140077298,997
2024-09-17 13:59:56.708,401.926817630214,999
2024-09-17 13:59:56.752,401.9684559728976,95
2024-09-17 13:59:56.755,401.9147004698378,96
2024-09-17 13:59:56.866,401.9777984564081,103
2024-09-17 13:59:57.045,401.8856852575382,11
2024-09-17 13:59:57.101,401.9086513563615,100
2024-09-17 13:59:57.238,401.8884565006927,99
2024-09-17 13:59:57.279,401.8939891123595,1000
2024-09-17 13:59:57.433,401.9129570842949,11
2024-09-17 13:59:57.497,401.9157249402461,103
2024-09-17 13:59:57.547,401.9151599768213,1004
2024-09-17 13:59:57.577,401.9069437727825,1003
2024-09-17 13:59:57.613,401.897451773315,98
2024-09-17 13:59:57.703,401.86609688388046,1005
2024-09-17 13:59:57.721,401.8746243746772,11
2024-09-17 13:59:57.764,401.9037968157264,1004
2024-09-17 13:59:57.912,401.906169729144,105
2024-09-17 13:59:57.951,401.92501618703614,995
2024-09-17 13:59:58.102,401.86715430765696,1001
2024-09-17 13:59:58.121,401.84769349589794,105
2024-09-17 13:59:58.193,401.9054940860874,103
2024-09-17 13:59:58.233,401.8501886958189,101
2024-09-17 13:59:58.280,401.8693944192407,1004
2024-09-17 13:59:58.436,401.8541503399585,999
2024-09-17 13:59:58.473,401.844616096204,102
2024-09-17 13:59:58.539,401.8526905342976,1001
2024-09-17 13:59:58.613,401.8730940446915,105
2024-09-17 13:59:58.623,401.8636607225184,997
2024-09-17 13:59:58.669,401.8309977252687,7
2024-09-17 13:59:58.676,401.8962955632027,101
2024-09-17 13:59:58.875,401.8736420531859,15
2024-09-17 13:59:58.892,401.8620664927168,14
2024-09-17 13:59:58.944,401.84451718167145,99
2024-09-17 13:59:58.990,401.8477186673156,995
2024-09-17 13:59:58.997,401.85709212425706,7
2024-09-17 13:59:59.023,401.6663687739024,6
2024-09-17 13:59:59.063,401.8002630729137,13
2024-09-17 13:59:59.133,401.8603147154561,1002
2024-09-17 13:59:59.146,401.7059773437165,5
2024-09-17 13:59:59.151,401.6822055055905,11
2024-09-17 13:59:59.165,401.7654877010586,998
2024-09-17 13:59:59.263,401.73997866661233,995
2024-09-17 13:59:59.279,401.764246285352,103
2024-09-17 13:59:59.280,401.8842749228303,5
2024-09-17 13:59:59.342,401.7186433915804,10
2024-09-17 13:59:59.385,401.6807657531815,1002
2024-09-17 13:59:59.393,401.80680440626577,9
2024-09-17 13:59:59.443,401.7004157365331,7
2024-09-17 13:59:59.512,401.8479698594668,997
2024-09-17 13:59:59.558,401.69029871437147,9
2024-09-17 13:59:59.592,401.7822251082977,5
2024-09-17 13:59:59.594,401.7876810484447,1001
2024-09-17 13:59:59.616,401.7997617551873,998
2024-09-17 13:59:59.631,,998
2024-09-17 13:59:59.664,401.76043176939714,10
2024-09-17 13:59:59.747,401.8813445982271,102
2024-09-17 13:59:59.748,401.6967339887743,105
2024-09-17 13:59:59.854,401.7710186879136,996
2024-09-17 13:59:59.893,-401.8193322629015,95
2024-09-17 13:59:59.900,401.77238911985415,99
2024-09-17 13:59:59.925,401.87746136736905,995
2024-09-17 13:59:59.957,401.7055092833082,11
2024-09-17 13:59:59.985,401.8655569380811,99
