Timestamp,Price,Size
2024-09-19 09:49:01.072,414.3595183723572,105
2024-09-19 09:49:01.182,414.3565369295234,996
2024-09-19 09:49:01.190,414.3714855507552,1000
2024-09-19 09:49:01.323,414.37561865510605,1001
2024-09-19 09:49:01.465,414.3983718714903,15
2024-09-19 09:49:01.613,414.3830238965765,1003
2024-09-19 09:49:01.624,414.3929300629028,101
2024-09-19 09:49:01.692,414.3897297798137,104
2024-09-19 09:49:01.696,414.3884303708299,12
2024-09-19 09:49:01.758,414.3895605985252,11
2024-09-19 09:49:01.896,414.3767337004583,7
2024-09-19 09:49:02.765,414.3649560095205,13
2024-09-19 09:49:02.926,414.3593101090091,15
2024-09-19 09:49:03.030,414.35925872724494,15
2024-09-19 09:49:03.279,414.3779563981037,8
2024-09-19 09:49:03.307,414.395115138847,5
2024-09-19 09:49:03.338,414.384834189364,98
2024-09-19 09:49:03.377,414.3910008751952,10
2024-09-19 09:49:03.407,414.3565206929151,9
2024-09-19 09:49:03.577,414.3436117415525,1003
2024-09-19 09:49:03.722,414.35477425512937,12
2024-09-19 09:49:03.743,414.3898423405402,1003
2024-09-19 09:49:03.758,414.3820492977288,997
2024-09-19 09:49:03.780,414.3662697317061,997
2024-09-19 09:49:03.795,414.3853942101992,998
2024-09-19 09:49:03.838,414.3893144851533,101
2024-09-19 09:49:03.965,414.33526631399104,1000
2024-09-19 09:49:04.061,414.3494959752901,103
2024-09-19 09:49:04.141,414.3640097863763,100
2024-09-19 09:49:04.226,414.37978692027366,99
2024-09-19 09:49:04.512,414.3761569220029,104
2024-09-19 09:49:04.540,414.356248690236,8
2024-09-19 09:49:04.789,414.3522040743149,11
2024-09-19 09:49:04.947,414.3805094122632,13
2024-09-19 09:49:04.961,414.4043583554873,1004
2024-09-19 09:49:05.013,414.3315027133327,1001
2024-09-19 09:49:05.016,414.2680995873244,5
2024-09-19 09:49:05.082,414.3179072679034,995
2024-09-19 09:49:05.140,414.30999027012587,15
2024-09-19 09:49:05.204,414.2988828621744,1001
2024-09-19 09:49:05.209,414.2859022900215,1002
2024-09-19 09:49:05.216,414.253668116618,95
2024-09-19 09:49:05.249,414.28679641012246,1003
2024-09-19 09:49:05.285,414.3416115691467,995
2024-09-19 09:49:05.294,414.2949820515455,101
2024-09-19 09:49:05.413,414.3540638733498,1002
2024-09-19 09:49:05.503,414.35522135544113,5
2024-09-19 09:49:05.510,414.3648171501776,12
2024-09-19 09:49:05.568,414.3421944882078,1000
2024-09-19 09:49:05.569,414.30970167807976,998
2024-09-19 09:49:05.593,414.35531894386014,1005
2024-09-19 09:49:05.686,414.3545902828959,95
2024-09-19 09:49:05.855,414.2963738823981,1001
2024-09-19 09:49:05.892,414.351734467957,95
2024-09-19 09:49:05.893,414.308442557424,1005
2024-09-19 09:49:05.917,414.310323972421,1004
2024-09-19 09:49:06.032,414.2715130458389,1005
2024-09-19 09:49:06.087,414.2036433076426,10
2024-09-19 09:49:06.129,414.2251619012949,101
2024-09-19 09:49:06.186,414.23560694678906,10
2024-09-19 09:49:06.193,414.2389317157041,1005
2024-09-19 09:49:06.210,414.179671143389,998
2024-09-19 09:49:06.213,414.1730053277044,6
2024-09-19 09:49:06.248,414.19133086641847,1001
2024-09-19 09:49:06.270,414.2604840814352,1003
2024-09-19 09:49:06.275,414.1684176673284,101
2024-09-19 09:49:06.322,414.1898875927285,997
2024-09-19 09:49:06.362,414.208403645761,1002
2024-09-19 09:49:06.412,414.1876866930482,998
2024-09-19 09:49:06.437,414.1983124042397,99
2024-09-19 09:49:06.482,414.1793693345876,95
2024-09-19 09:49:06.621,414.22977443804086,999
2024-09-19 09:49:06.698,414.2637500493127,105
2024-09-19 09:49:06.790,414.23513771804977,1004
2024-09-19 09:49:06.794,414.2093702939068,98
2024-09-19 09:49:06.794,414.2591496050695,97
2024-09-19 09:49:06.960,414.2104710656664,101
2024-09-19 09:49:07.011,414.22799075529656,5
2024-09-19 09:49:07.019,414.2379043584348,14
2024-09-19 09:49:07.113,414.2105883980404,5
2024-09-19 09:49:07.202,414.194925452665,1005
2024-09-19 09:49:07.206,414.1932876965968,105
2024-09-19 09:49:07.210,414.1889303024314,14
2024-09-19 09:49:07.255,414.1960031151083,996
2024-09-19 09:49:07.255,414.2158828016027,1005
2024-09-19 09:49:07.285,414.26667337452176,1000
2024-09-19 09:49:07.348,414.2086684793719,997
2024-09-19 09:49:07.550,414.2108113904605,8
2024-09-19 09:49:07.577,414.27473005169537,98
2024-09-19 09:49:07.594,414.2505375898372,14
2024-09-19 09:49:07.600,414.182318649908,995
2024-09-19 09:49:07.731,414.2821137215791,105
2024-09-19 09:49:07.886,414.28003922180574,998
2024-09-19 09:49:07.897,414.2284140396848,1005
2024-09-19 09:49:07.902,414.21398125126655,996
2024-09-19 09:49:08.071,414.1698730101201,1002
2024-09-19 09:49:08.131,414.164177585582,105
2024-09-19 09:49:08.207,414.0321679106749,95
2024-09-19 09:49:08.219,414.0608427558236,104
2024-09-19 09:49:08.238,414.04690879568494,14
2024-09-19 09:49:08.328,414.1475481954128,1004
2024-09-19 09:49:08.356,414.16817056904375,998
2024-09-19 09:49:08.358,414.0438096259592,14
2024-09-19 09:49:08.364,414.1287815586895,995
2024-09-19 09:49:08.365,414.0299031286384,7
2024-09-19 09:49:08.423,414.0724141321823,1000
2024-09-19 09:49:08.452,414.0791963081729,97
2024-09-19 09:49:08.586,414.04448311925,997
2024-09-19 09:49:08.603,414.0559405573845,10
2024-09-19 09:49:08.608,414.1142921009282,1001
2024-09-19 09:49:08.618,414.1637187378409,1001
2024-09-19 09:49:08.641,414.1400423653574,1001
2024-09-19 09:49:08.751,414.0481486081514,1000
2024-09-19 09:49:08.788,414.0855414196624,997
2024-09-19 09:49:08.827,414.1533517121748,14
2024-09-19 09:49:08.906,414.144527351724,105
2024-09-19 09:49:08.928,414.0470409957186,1003
2024-09-19 09:49:08.938,414.0886605168048,99
2024-09-19 09:49:08.963,414.0542673785896,1002
2024-09-19 09:49:08.978,414.081219859742,14
2024-09-19 09:49:09.130,414.0338490926964,98
2024-09-19 09:49:09.265,413.9901391988063,1002
2024-09-19 09:49:09.287,414.0465205439716,1005
2024-09-19 09:49:09.415,413.9755608983859,998
2024-09-19 09:49:09.426,414.01159175686,10
2024-09-19 09:49:09.575,413.9776613158944,5
2024-09-19 09:49:09.835,413.9835388669279,15
2024-09-19 09:49:09.853,413.9929510899292,996
2024-09-19 09:49:10.028,414.027719325578,1000
2024-09-19 09:49:10.039,414.18209900778174,998
2024-09-19 09:49:10.039,41.41344024848755,1002
2024-09-19 09:49:10.098,414.13713288585535,102
2024-09-19 09:49:10.119,414.1288907915805,1001
2024-09-19 09:49:10.173,414.1295484599557,1004
2024-09-19 09:49:10.187,414.1619769670987,102
2024-09-19 09:49:10.201,414.1689504102299,9
2024-09-19 09:49:10.217,414.1054544668256,15
2024-09-19 09:49:10.231,413.9820999953546,11
2024-09-19 09:49:10.234,414.19013595325686,1003
2024-09-19 09:49:10.255,414.0967647456448,105
2024-09-19 09:49:10.416,413.9840547033724,1004
2024-09-19 09:49:10.476,414.0109288923465,96
2024-09-19 09:49:10.525,414.0944983600549,14
2024-09-19 09:49:10.571,414.1239540176908,98
2024-09-19 09:49:10.601,414.16450012139154,105
2024-09-19 09:49:10.604,414.1113698430776,6
2024-09-19 09:49:10.644,414.1443354874504,8
2024-09-19 09:49:10.658,414.1750363454475,997
2024-09-19 09:49:10.666,414.14723278258055,15
2024-09-19 09:49:10.709,414.0425345898028,8
2024-09-19 09:49:10.724,414.1745436224255,15
2024-09-19 09:49:10.783,414.1741530043,996
2024-09-19 09:49:10.897,414.0191992270077,101
2024-09-19 09:49:10.961,414.1610770113558,102
2024-09-19 09:49:10.962,,1005
2024-09-19 09:49:10.988,414.0619356555876,5
2024-09-19 09:49:10.990,413.9861587519133,6
2024-09-19 09:49:10.995,414.1643350631873,96
2024-09-19 09:49:11.098,414.16953962909867,1005
2024-09-19 09:49:11.125,414.1635124136433,997
2024-09-19 09:49:11.186,414.1407167473263,102
2024-09-19 09:49:11.216,414.1703616118906,1001
2024-09-19 09:49:11.409,414.1654491785511,996
2024-09-19 09:49:11.493,414.1523627956519,10
2024-09-19 09:49:11.545,414.1355678297567,1003
2024-09-19 09:49:11.556,414.15446886086175,6
2024-09-19 09:49:11.580,414.139470896429,9
2024-09-19 09:49:11.663,414.1480152964699,98
2024-09-19 09:49:11.692,414.1564721028119,99
2024-09-19 09:49:11.754,414.1671011085774,998
2024-09-19 09:49:11.863,414.1689759531291,102
2024-09-19 09:49:12.015,414.1759200082157,14
2024-09-19 09:49:12.027,414.1695221500357,105
2024-09-19 09:49:12.293,414.12392298221874,105
2024-09-19 09:49:12.304,414.1426299476737,1005
2024-09-19 09:49:12.309,414.1379860172588,14
2024-09-19 09:49:12.316,414.12926727829193,1003
2024-09-19 09:49:12.331,414.1266608360536,5
2024-09-19 09:49:12.365,414.13190799309234,12
2024-09-19 09:49:12.368,414.146492335563,6
2024-09-19 09:49:12.394,414.15006135165953,996
2024-09-19 09:49:12.483,414.1742311040197,1000
2024-09-19 09:49:12.488,414.1602164667563,1003
2024-09-19 09:49:12.520,414.15460018186246,998
2024-09-19 09:49:12.549,414.1517953763532,997
2024-09-19 09:49:12.633,414.1234051716032,1000
2024-09-19 09:49:12.752,414.1355216274623,998
2024-09-19 09:49:12.790,414.1418899665308,995
2024-09-19 09:49:12.792,414.1502159578452,998
2024-09-19 09:49:12.836,414.1203719340463,102
2024-09-19 09:49:12.845,414.125374110808,1000
2024-09-19 09:49:12.863,414.17199177128987,1002
2024-09-19 09:49:12.887,414.1383029828233,998
2024-09-19 09:49:12.929,414.153286357644,15
2024-09-19 09:49:12.933,414.144937442387,14
2024-09-19 09:49:12.939,414.1380335801107,7
2024-09-19 09:49:12.987,414.1271223367093,9
2024-09-19 09:49:13.239,414.1305396838761,100
2024-09-19 09:49:13.670,414.1236056813976,98
2024-09-19 09:49:14.007,414.1578160431602,103
2024-09-19 09:49:14.018,414.18657221759895,96
2024-09-19 09:49:14.028,414.1603784738944,103
2024-09-19 09:49:14.036,414.19292770306186,997
2024-09-19 09:49:14.326,414.1829207231699,1004
2024-09-19 09:49:14.495,414.1906070284816,15
2024-09-19 09:49:14.911,414.1448831191025,999
2024-09-19 09:49:15.002,414.2545893414599,97
2024-09-19 09:49:15.030,414.2422858258992,1005
2024-09-19 09:49:15.037,414.2255996115,9
2024-09-19 09:49:15.061,414.2620432577109,102
2024-09-19 09:49:15.123,,998
2024-09-19 09:49:15.151,414.2243183414779,1001
2024-09-19 09:49:15.229,414.18516832098607,9
2024-09-19 09:49:15.235,414.2542055791227,103
2024-09-19 09:49:15.291,414.192227433993,95
2024-09-19 09:49:15.301,414.26186433382526,996
2024-09-19 09:49:15.317,414.2619371960606,8
2024-09-19 09:49:15.334,414.1924072916533,7
2024-09-19 09:49:15.351,414.20260615266255,8
2024-09-19 09:49:15.367,414.1880933431209,9
2024-09-19 09:49:15.385,,998
2024-09-19 09:49:15.419,414.205843393056,6
2024-09-19 09:49:15.433,414.2208116887816,999
2024-09-19 09:49:15.472,414.21044296417233,11
2024-09-19 09:49:15.530,414.1845263991988,15
2024-09-19 09:49:15.575,414.2151626398445,6
2024-09-19 09:49:15.577,414.25557236584297,104
2024-09-19 09:49:15.629,414.2108027733789,1003
2024-09-19 09:49:15.636,414.2062836300132,996
2024-09-19 09:49:15.655,414.260240080727,104
2024-09-19 09:49:15.725,414.19699055091365,11
2024-09-19 09:49:15.735,414.19239890136345,105
2024-09-19 09:49:15.851,414.2266960590687,100
2024-09-19 09:49:15.867,414.2340621531311,99
2024-09-19 09:49:16.167,414.30126766032674,105
2024-09-19 09:49:16.229,414.25571817872014,105
2024-09-19 09:49:16.641,414.2744521268857,6
2024-09-19 09:49:16.747,414.2728780254498,14
2024-09-19 09:49:16.974,414.2913664625984,996
2024-09-19 09:49:17.001,414.26684574213607,8
2024-09-19 09:49:17.158,414.291832021181,105
2024-09-19 09:49:17.173,414.2423568393879,1005
2024-09-19 09:49:17.179,414.2544674884562,101
2024-09-19 09:49:17.224,414.2899617126591,999
2024-09-19 09:49:17.265,414.2703016133656,1002
2024-09-19 09:49:17.405,414.2948268983247,104
2024-09-19 09:49:17.470,414.25749353725627,7
2024-09-19 09:49:17.484,414.2649217309039,103
2024-09-19 09:49:17.864,414.2658303043952,995
2024-09-19 09:49:17.975,414.2672249697965,104
2024-09-19 09:49:18.587,414.2571086194992,14
2024-09-19 09:49:19.481,414.2479876765333,96
2024-09-19 09:49:19.566,414.2599863316217,96
2024-09-19 09:49:20.102,414.2999513538437,100
2024-09-19 09:49:20.128,414.28555833370814,104
2024-09-19 09:49:20.391,414.2658860595485,103
2024-09-19 09:49:20.393,,996
2024-09-19 09:49:20.436,414.2796609256394,95
2024-09-19 09:49:20.516,414.2798512154912,8
2024-09-19 09:49:20.580,414.2939281772652,6
2024-09-19 09:49:20.631,414.2884936146922,1003
2024-09-19 09:49:20.772,414.2567620813357,10
2024-09-19 09:49:20.865,414.2685443631773,1002
2024-09-19 09:49:20.886,414.268076662492,102
2024-09-19 09:49:20.933,414.28889468602375,12
2024-09-19 09:49:20.940,414.2916918779004,102
2024-09-19 09:49:21.021,414.2982821863389,14
2024-09-19 09:49:21.147,414.2957641362382,15
2024-09-19 09:49:21.337,414.31962351769465,8
2024-09-19 09:49:21.395,414.303363086034,96
2024-09-19 09:49:21.427,414.2987330486065,102
2024-09-19 09:49:21.430,414.3017491389131,13
2024-09-19 09:49:21.457,414.3042315793343,102
2024-09-19 09:49:21.519,414.2917842449321,995
2024-09-19 09:49:21.597,414.2969048734408,999
2024-09-19 09:49:21.672,414.2994226413359,95
2024-09-19 09:49:21.848,414.2947550638173,97
2024-09-19 09:49:21.849,414.3331836982459,101
2024-09-19 09:49:21.862,414.3000074965425,1001
2024-09-19 09:49:21.899,414.2927945206436,102
2024-09-19 09:49:21.911,414.316483058485,104
2024-09-19 09:49:21.975,414.2996810294721,14
2024-09-19 09:49:22.641,414.2891685127293,9
2024-09-19 09:49:22.859,414.2955657557599,98
2024-09-19 09:49:23.043,414.2953529949459,998
2024-09-19 09:49:23.185,414.30530492731407,6
2024-09-19 09:49:23.354,414.27729876842506,15
2024-09-19 09:49:24.046,414.299223999098,999
2024-09-19 09:49:24.193,414.2765708635866,1002
2024-09-19 09:49:24.194,414.2907194334157,998
2024-09-19 09:49:24.296,414.29000671526495,998
2024-09-19 09:49:24.394,414.3041137233079,1004
2024-09-19 09:49:24.408,414.28494736370607,1004
2024-09-19 09:49:24.526,414.2986911177067,1000
2024-09-19 09:49:24.527,414.2763619758021,10
2024-09-19 09:49:24.541,414.2824681269531,98
2024-09-19 09:49:24.614,414.3366969189317,98
2024-09-19 09:49:24.738,414.29896664182377,999
2024-09-19 09:49:24.778,414.3343433926976,997
2024-09-19 09:49:24.798,414.2741079195014,105
2024-09-19 09:49:24.887,414.2845081203411,6
2024-09-19 09:49:25.077,414.32349160764994,102
2024-09-19 09:49:25.098,414.31706112267375,9
2024-09-19 09:49:25.137,414.2982817666271,6
2024-09-19 09:49:25.159,414.30618686227416,1005
2024-09-19 09:49:25.160,414.34966967817934,101
2024-09-19 09:49:25.169,414.36440847771854,998
2024-09-19 09:49:25.169,414.35364135735153,1000
2024-09-19 09:49:25.262,414.353273845061,999
2024-09-19 09:49:25.272,414.3026759761735,12
2024-09-19 09:49:25.317,414.3228834434733,12
2024-09-19 09:49:25.324,414.34785182707054,995
2024-09-19 09:49:25.355,414.3215166336421,104
2024-09-19 09:49:25.407,414.3560680733497,97
2024-09-19 09:49:25.436,414.3700569741928,99
2024-09-19 09:49:25.652,414.3481967127474,102
2024-09-19 09:49:25.654,414.3199217065958,1002
2024-09-19 09:49:25.662,414.32671703958704,1003
2024-09-19 09:49:25.671,414.3169139877025,100
2024-09-19 09:49:25.714,414.326759727814,995
2024-09-19 09:49:25.735,414.3085947532373,5
2024-09-19 09:49:25.739,414.3465612591309,1001
2024-09-19 09:49:25.798,414.3705633389383,95
2024-09-19 09:49:25.799,414.3546584983739,103
2024-09-19 09:49:25.844,414.3615588721867,1000
2024-09-19 09:49:25.858,414.3276673872162,8
2024-09-19 09:49:25.859,414.3734251642292,7
2024-09-19 09:49:25.865,414.334877510515,6
2024-09-19 09:49:25.897,414.3248764769185,12
2024-09-19 09:49:25.979,414.3567157206514,10
2024-09-19 09:49:26.004,414.3529364934385,999
2024-09-19 09:49:26.007,414.3675469110472,998
2024-09-19 09:49:26.091,414.33776382379546,1003
2024-09-19 09:49:26.176,414.3650815774947,13
2024-09-19 09:49:26.177,414.37857943401445,6
2024-09-19 09:49:26.209,414.37939178563,96
2024-09-19 09:49:26.258,414.35878769776986,998
2024-09-19 09:49:26.312,414.3504069892832,999
2024-09-19 09:49:26.395,414.3308470804861,5
2024-09-19 09:49:26.476,414.3442116379095,11
2024-09-19 09:49:26.478,414.3697730491412,11
2024-09-19 09:49:26.491,414.3431685997298,104
2024-09-19 09:49:26.693,414.3610171903026,13
2024-09-19 09:49:26.730,414.3619834352714,999
2024-09-19 09:49:26.766,414.3491759846504,95
2024-09-19 09:49:26.874,414.3638863673881,7
2024-09-19 09:49:26.887,414.3488966640723,8
2024-09-19 09:49:26.929,414.3358697222241,5
2024-09-19 09:49:26.946,414.3470591059498,8
2024-09-19 09:49:26.947,414.31511119007627,999
2024-09-19 09:49:26.956,414.361198926731,9
2024-09-19 09:49:27.018,414.3429826147448,6
2024-09-19 09:49:27.026,414.36862465698033,996
2024-09-19 09:49:27.028,414.3671341541304,1004
2024-09-19 09:49:27.070,414.35849107999866,15
2024-09-19 09:49:27.119,414.3569400515681,1003
2024-09-19 09:49:27.125,414.3751780912148,11
2024-09-19 09:49:27.132,414.4064741691817,10
2024-09-19 09:49:27.150,414.40885237370105,13
2024-09-19 09:49:27.201,414.3431851839845,13
2024-09-19 09:49:27.288,414.38761300492337,97
2024-09-19 09:49:27.365,414.3389672823232,7
2024-09-19 09:49:27.392,41.43666259184136,99
2024-09-19 09:49:27.404,414.3553126738218,996
2024-09-19 09:49:27.461,414.33609082357816,1000
2024-09-19 09:49:27.526,414.3669362601433,102
2024-09-19 09:49:27.608,414.35507358376793,1001
2024-09-19 09:49:27.623,414.33767543786905,5
2024-09-19 09:49:27.663,414.3515598209222,999
2024-09-19 09:49:27.732,414.3513837578639,7
2024-09-19 09:49:27.747,414.4095691987811,13
2024-09-19 09:49:27.773,414.3374285070112,5
2024-09-19 09:49:27.789,414.40117150305485,998
2024-09-19 09:49:27.850,414.36249704722144,1000
2024-09-19 09:49:27.914,414.35426570298296,96
2024-09-19 09:49:27.941,414.3410641547802,101
2024-09-19 09:49:28.026,-414.2998559666645,7
2024-09-19 09:49:28.039,414.3160414141827,998
2024-09-19 09:49:28.072,414.3333026832189,14
2024-09-19 09:49:28.085,414.31678929006455,1004
2024-09-19 09:49:28.164,414.3500362533392,998
2024-09-19 09:49:28.186,414.2848627670624,97
2024-09-19 09:49:28.215,414.3168148356992,103
2024-09-19 09:49:28.225,414.3069327009241,5
2024-09-19 09:49:28.305,414.30297008825386,103
2024-09-19 09:49:28.326,414.32588454099374,10
2024-09-19 09:49:28.355,414.3232113750564,1000
2024-09-19 09:49:28.376,414.28671487464686,15
2024-09-19 09:49:28.397,414.3057830096304,10
2024-09-19 09:49:28.471,414.3170829929609,5
2024-09-19 09:49:28.485,414.3227933687648,9
2024-09-19 09:49:28.499,414.3147129904051,1004
2024-09-19 09:49:28.520,414.2939359663919,1003
2024-09-19 09:49:28.565,414.3230408211137,101
2024-09-19 09:49:28.566,414.316089979508,5
2024-09-19 09:49:28.653,414.2923595603904,104
2024-09-19 09:49:28.672,414.2915260938534,10
2024-09-19 09:49:28.704,414.3200777187034,7
2024-09-19 09:49:28.750,414.30601255701714,100
2024-09-19 09:49:28.761,414.2829354895273,15
2024-09-19 09:49:28.765,414.32197354175366,995
2024-09-19 09:49:28.806,414.2968496922257,1001
2024-09-19 09:49:28.834,414.2907839965111,9
2024-09-19 09:49:28.884,414.2745139612282,100
2024-09-19 09:49:28.910,414.3352481464313,1002
2024-09-19 09:49:29.135,414.2831123204368,11
2024-09-19 09:49:29.231,414.29591101478303,5
2024-09-19 09:49:29.504,414.2850089357364,100
2024-09-19 09:49:29.593,414.3035087741658,1001
2024-09-19 09:49:29.720,414.2676675745912,99
2024-09-19 09:49:29.739,414.2599952597415,97
2024-09-19 09:49:30.024,,1002
2024-09-19 09:49:30.031,414.2994636029063,996
2024-09-19 09:49:30.165,414.2950093826696,102
2024-09-19 09:49:30.174,414.295398604842,100
2024-09-19 09:49:30.188,414.3165485025764,105
2024-09-19 09:49:30.390,414.3052548849363,1005
2024-09-19 09:49:30.412,414.3069385028474,1000
2024-09-19 09:49:30.419,414.3189966980059,1004
2024-09-19 09:49:30.485,414.34575731090615,98
2024-09-19 09:49:30.552,414.32549559328027,1003
2024-09-19 09:49:30.552,414.3099315441298,998
2024-09-19 09:49:30.694,414.307026652844,104
2024-09-19 09:49:30.843,414.306243064477,1000
2024-09-19 09:49:30.882,414.32443577180135,103
2024-09-19 09:49:30.945,414.2916477653769,9
2024-09-19 09:49:30.983,414.3175521717331,99
2024-09-19 09:49:30.987,414.31307911367605,103
2024-09-19 09:49:31.032,,1001
2024-09-19 09:49:31.032,414.3191600516456,996
2024-09-19 09:49:31.091,414.3501193319429,13
2024-09-19 09:49:31.210,414.3278552378478,6
2024-09-19 09:49:31.381,414.32398065214267,7
2024-09-19 09:49:31.384,414.34888940584,104
2024-09-19 09:49:31.490,414.32090722762285,997
2024-09-19 09:49:31.689,41.43409017176618,95
2024-09-19 09:49:31.700,414.3205369152564,9
2024-09-19 09:49:31.715,414.3162093928979,998
2024-09-19 09:49:31.746,414.3340956658837,8
2024-09-19 09:49:31.778,414.30303740703,999
2024-09-19 09:49:31.881,414.3419175482365,1003
2024-09-19 09:49:32.009,414.3699621395444,1004
2024-09-19 09:49:32.017,414.3771310440658,1003
2024-09-19 09:49:32.076,414.3750691237516,95
2024-09-19 09:49:32.111,414.3799916309374,999
2024-09-19 09:49:32.189,414.37949495728543,997
2024-09-19 09:49:32.277,414.38707695394095,96
2024-09-19 09:49:32.395,414.3701091034953,12
2024-09-19 09:49:32.611,414.3856585792755,10
2024-09-19 09:49:32.766,414.3889290820096,104
2024-09-19 09:49:32.775,414.382473316097,1003
2024-09-19 09:49:32.857,414.3595251021724,95
2024-09-19 09:49:32.883,414.3724724915271,102
2024-09-19 09:49:32.935,414.3840810456066,12
2024-09-19 09:49:33.087,414.35238632791015,1003
2024-09-19 09:49:33.113,414.3780247051391,5
2024-09-19 09:49:33.113,414.347295665023,103
2024-09-19 09:49:33.144,414.3983533628111,105
2024-09-19 09:49:33.164,414.3890356463979,1001
2024-09-19 09:49:33.179,414.37796941397903,1005
2024-09-19 09:49:33.182,414.3913049986686,997
2024-09-19 09:49:33.182,414.3725564366053,103
2024-09-19 09:49:33.231,414.394707168501,1005
2024-09-19 09:49:33.255,414.3770811579248,101
2024-09-19 09:49:33.266,414.41175990786513,100
2024-09-19 09:49:33.280,414.40691486546143,9
2024-09-19 09:49:33.281,414.3855696906167,5
2024-09-19 09:49:33.307,414.3535899683347,1001
2024-09-19 09:49:33.357,414.3689382907156,13
2024-09-19 09:49:33.357,414.378264302552,11
2024-09-19 09:49:33.376,414.4079778328715,8
2024-09-19 09:49:33.640,414.3690091073295,999
2024-09-19 09:49:33.665,414.3949372169888,100
2024-09-19 09:49:33.666,414.4061592061912,97
2024-09-19 09:49:33.726,414.3855386419348,998
2024-09-19 09:49:33.801,414.3649137402092,1000
2024-09-19 09:49:33.813,414.3865882432741,1001
2024-09-19 09:49:33.926,414.3852284770629,995
2024-09-19 09:49:33.965,414.37104383150194,13
2024-09-19 09:49:33.996,414.35118445897007,7
2024-09-19 09:49:34.096,414.4025529872689,104
2024-09-19 09:49:34.141,414.4066398720393,995
2024-09-19 09:49:34.156,414.43563982989394,101
2024-09-19 09:49:34.182,414.40950461686873,97
2024-09-19 09:49:34.267,414.4170602875366,1003
2024-09-19 09:49:34.269,414.3640091230188,14
2024-09-19 09:49:34.789,414.3816828956169,11
2024-09-19 09:49:34.848,414.4101602186452,103
2024-09-19 09:49:34.853,414.41736534167217,1001
2024-09-19 09:49:34.871,414.3899344770834,1005
2024-09-19 09:49:34.902,414.3944373017223,101
2024-09-19 09:49:35.063,414.3557082363103,105
2024-09-19 09:49:35.074,414.35790054134,1001
2024-09-19 09:49:35.103,414.348909413398,997
2024-09-19 09:49:35.115,414.3587808746496,95
2024-09-19 09:49:35.285,414.4197690236044,105
2024-09-19 09:49:35.287,414.34976837185405,100
2024-09-19 09:49:35.368,414.4259289996839,11
2024-09-19 09:49:35.421,414.3743111347078,95
2024-09-19 09:49:35.436,414.36000581733214,105
2024-09-19 09:49:35.480,414.4417622308631,1001
2024-09-19 09:49:35.480,414.3971082195801,1000
2024-09-19 09:49:35.481,414.4099691071074,101
2024-09-19 09:49:35.517,414.4299326147018,7
2024-09-19 09:49:35.528,414.3574453156037,100
2024-09-19 09:49:35.589,414.3391959784568,1005
2024-09-19 09:49:35.659,414.39859505178913,95
2024-09-19 09:49:35.662,414.3795587155009,1004
2024-09-19 09:49:35.770,,14
2024-09-19 09:49:35.843,414.340752943662,7
2024-09-19 09:49:35.891,414.33646126967705,96
2024-09-19 09:49:35.952,414.3285607185349,6
2024-09-19 09:49:35.996,414.35628889872936,9
2024-09-19 09:49:36.110,414.27016858473615,14
2024-09-19 09:49:36.124,414.288774254892,104
2024-09-19 09:49:36.173,414.3098831004327,995
2024-09-19 09:49:36.175,414.2936215800461,102
2024-09-19 09:49:36.201,414.3000940435304,998
2024-09-19 09:49:36.225,414.2729825091831,95
2024-09-19 09:49:36.227,414.2794679663701,98
2024-09-19 09:49:36.260,414.3030804058935,1000
2024-09-19 09:49:36.266,414.293677678336,1004
2024-09-19 09:49:36.286,414.3122368428575,1003
2024-09-19 09:49:36.369,414.2726540442272,1002
2024-09-19 09:49:36.417,414.2973434316529,5
2024-09-19 09:49:36.420,414.3215275652588,99
2024-09-19 09:49:36.534,414.3047716702268,102
2024-09-19 09:49:36.553,414.29149138433337,8
2024-09-19 09:49:36.566,414.3079228713291,95
2024-09-19 09:49:36.633,414.2686865944435,997
2024-09-19 09:49:36.634,414.28104608487473,996
2024-09-19 09:49:36.700,414.2852915473946,103
2024-09-19 09:49:36.717,414.3391817544355,13
2024-09-19 09:49:36.796,414.282328140437,15
2024-09-19 09:49:36.796,414.30444624492594,6
2024-09-19 09:49:36.805,414.31379781487504,14
2024-09-19 09:49:36.840,414.2968081729466,11
2024-09-19 09:49:36.905,414.2851665545468,103
2024-09-19 09:49:36.989,414.265227767918,10
2024-09-19 09:49:36.996,414.33438532791234,7
2024-09-19 09:49:37.001,414.2856909126932,1005
2024-09-19 09:49:37.049,414.27425528941575,1000
2024-09-19 09:49:37.102,414.27814937796495,97
2024-09-19 09:49:37.129,414.2889068461939,999
2024-09-19 09:49:37.150,414.2840547704639,9
2024-09-19 09:49:37.323,414.306872867178,99
2024-09-19 09:49:37.359,414.2789248869906,1004
2024-09-19 09:49:37.365,414.2807102509144,12
2024-09-19 09:49:37.443,414.2741622490203,7
2024-09-19 09:49:37.517,414.2651383358193,100
2024-09-19 09:49:37.556,414.2737075051082,996
2024-09-19 09:49:37.624,414.2469140750218,10
2024-09-19 09:49:37.762,414.2782469565328,9
2024-09-19 09:49:37.765,414.2433774606341,5
2024-09-19 09:49:37.873,414.2516246367391,1004
2024-09-19 09:49:37.957,414.2465426167573,99
2024-09-19 09:49:37.964,414.2627359475295,12
2024-09-19 09:49:37.973,414.2790604994488,105
2024-09-19 09:49:38.159,414.26285440652975,11
2024-09-19 09:49:38.342,414.26896660910256,102
2024-09-19 09:49:38.366,414.2780523440828,99
2024-09-19 09:49:38.428,414.2630539052258,12
2024-09-19 09:49:38.434,414.27351070664514,1003
2024-09-19 09:49:38.476,414.2579044248162,1004
2024-09-19 09:49:38.493,414.2620159587764,99
2024-09-19 09:49:38.620,41.42524018080557,105
2024-09-19 09:49:38.787,414.26873305728,1001
2024-09-19 09:49:38.795,414.2553800017746,999
2024-09-19 09:49:38.822,414.26629265649456,95
2024-09-19 09:49:38.830,414.24765261776497,98
2024-09-19 09:49:38.851,414.2582281921913,104
2024-09-19 09:49:38.874,414.2612563270318,104
2024-09-19 09:49:38.941,414.28300597063577,98
2024-09-19 09:49:38.955,-414.2567680263847,997
2024-09-19 09:49:39.067,414.27124970631854,1005
2024-09-19 09:49:39.076,414.2621201982712,9
2024-09-19 09:49:39.120,414.28757440789786,997
2024-09-19 09:49:39.127,414.290364398701,1001
2024-09-19 09:49:39.154,414.2567165297875,103
2024-09-19 09:49:39.201,414.2924330956799,99
2024-09-19 09:49:39.207,414.277110639112,5
2024-09-19 09:49:39.434,414.285085933117,100
2024-09-19 09:49:39.437,414.2957076358712,8
2024-09-19 09:49:39.488,414.2604624580812,102
2024-09-19 09:49:39.492,414.2553958870888,11
2024-09-19 09:49:39.514,414.2805313105019,14
2024-09-19 09:49:39.606,414.2923959772296,997
2024-09-19 09:49:39.668,414.2934495118415,12
2024-09-19 09:49:39.687,414.3036454480881,999
2024-09-19 09:49:39.794,414.2640751647993,1004
2024-09-19 09:49:40.048,414.30525896433903,996
2024-09-19 09:49:40.050,414.31490653717225,102
2024-09-19 09:49:40.090,414.2977314757025,95
2024-09-19 09:49:40.119,414.32749005024107,15
2024-09-19 09:49:40.153,414.3141144607104,99
2024-09-19 09:49:40.176,414.2675392343176,11
2024-09-19 09:49:40.186,414.2939614138692,15
2024-09-19 09:49:40.199,414.30456080848927,998
2024-09-19 09:49:40.207,414.2917478795084,12
2024-09-19 09:49:40.227,414.2915297179067,8
2024-09-19 09:49:40.286,414.3068726636111,995
2024-09-19 09:49:40.318,414.27646038078456,1004
2024-09-19 09:49:40.436,414.3109985088008,8
2024-09-19 09:49:40.454,414.2828513440453,100
2024-09-19 09:49:40.478,414.269265311561,14
2024-09-19 09:49:40.506,414.2964378243357,8
2024-09-19 09:49:40.530,414.3090013493023,6
2024-09-19 09:49:40.594,414.30927919377376,6
2024-09-19 09:49:40.619,414.2597727789712,103
2024-09-19 09:49:40.716,414.27317221332,99
2024-09-19 09:49:40.772,414.2801216640793,99
2024-09-19 09:49:40.983,414.2968193378903,96
2024-09-19 09:49:40.993,414.25235137805447,98
2024-09-19 09:49:41.124,414.2312529835318,6
2024-09-19 09:49:41.193,414.2544906031984,999
2024-09-19 09:49:41.220,414.2289007089278,995
2024-09-19 09:49:41.341,414.2303612729816,100
2024-09-19 09:49:41.460,414.2372014820231,1003
2024-09-19 09:49:41.492,414.2738565339739,100
2024-09-19 09:49:41.608,414.204167010336,10
2024-09-19 09:49:41.620,414.2159740878252,105
2024-09-19 09:49:41.622,414.1967153210186,998
2024-09-19 09:49:42.260,414.238988128378,1001
2024-09-19 09:49:42.272,414.2226965897866,97
2024-09-19 09:49:42.457,414.2324004353956,6
2024-09-19 09:49:42.479,414.1986052803583,997
2024-09-19 09:49:42.710,414.2129134789667,12
2024-09-19 09:49:42.782,414.2547461080704,10
2024-09-19 09:49:43.087,414.148525648807,12
2024-09-19 09:49:43.094,414.1812502918812,100
2024-09-19 09:49:43.142,414.2087401992581,998
2024-09-19 09:49:43.171,414.208674658223,100
2024-09-19 09:49:43.192,414.15210720469423,1001
2024-09-19 09:49:43.236,414.1739924892912,103
2024-09-19 09:49:43.279,414.170276519969,999
2024-09-19 09:49:43.325,414.1658548806592,105
2024-09-19 09:49:43.370,414.1639654236811,1001
2024-09-19 09:49:43.370,414.210549778902,1001
2024-09-19 09:49:43.375,414.1948093892775,12
2024-09-19 09:49:43.421,414.1775414581987,101
2024-09-19 09:49:43.432,414.20021898242896,103
2024-09-19 09:49:43.508,414.1782761356318,102
2024-09-19 09:49:43.721,414.2078580789594,7
2024-09-19 09:49:43.798,414.1966018189144,5
2024-09-19 09:49:43.827,414.157415171317,998
2024-09-19 09:49:43.838,414.1433657287672,101
2024-09-19 09:49:43.997,414.1607648399632,15
2024-09-19 09:49:44.085,-414.1478438430708,98
2024-09-19 09:49:44.126,414.1541533303997,1003
2024-09-19 09:49:44.141,414.1921761532221,995
2024-09-19 09:49:44.152,414.1358180586853,1002
2024-09-19 09:49:44.153,414.17706650503527,996
2024-09-19 09:49:44.171,414.1448259835413,104
2024-09-19 09:49:44.232,414.1815463475581,11
2024-09-19 09:49:44.251,414.1941335558951,101
2024-09-19 09:49:44.306,414.191872952658,100
2024-09-19 09:49:44.369,414.146939738438,996
2024-09-19 09:49:44.528,414.1862024195706,1001
2024-09-19 09:49:44.642,414.1446522472265,8
2024-09-19 09:49:44.804,414.1956789169188,995
2024-09-19 09:49:44.819,414.2091969896004,12
2024-09-19 09:49:44.822,414.1709657669524,1003
2024-09-19 09:49:44.899,414.1753912504794,99
2024-09-19 09:49:45.084,414.1814807479611,102
2024-09-19 09:49:45.150,414.2135185530889,1005
2024-09-19 09:49:45.152,414.21790471100246,5
2024-09-19 09:49:45.188,414.20219720949433,10
2024-09-19 09:49:45.281,414.1992090191984,8
2024-09-19 09:49:45.314,414.2166238715,11
2024-09-19 09:49:45.359,414.2274030594498,14
2024-09-19 09:49:45.384,414.1783923915289,1000
2024-09-19 09:49:45.427,414.1683081131603,1005
2024-09-19 09:49:45.461,414.2046050986905,7
2024-09-19 09:49:45.477,414.2280243753659,996
2024-09-19 09:49:45.515,414.2168073586244,1001
2024-09-19 09:49:45.524,414.22155844059375,98
2024-09-19 09:49:45.614,414.1860101195712,14
2024-09-19 09:49:45.685,414.2185851401105,1000
2024-09-19 09:49:45.757,414.2115198281427,8
2024-09-19 09:49:45.849,414.1941028612733,996
2024-09-19 09:49:45.853,414.1720766515073,999
2024-09-19 09:49:45.855,414.2209132976724,1004
2024-09-19 09:49:45.892,414.2042191600525,10
2024-09-19 09:49:45.959,414.20221543017885,999
2024-09-19 09:49:46.040,414.2635485535928,96
2024-09-19 09:49:46.048,414.2481823298715,98
2024-09-19 09:49:46.116,414.2849140559265,14
2024-09-19 09:49:46.137,414.2998064164736,102
2024-09-19 09:49:46.193,414.2994420013495,96
2024-09-19 09:49:46.204,414.3019976556105,995
2024-09-19 09:49:46.229,414.2473432614825,10
2024-09-19 09:49:46.236,414.2596332787942,998
2024-09-19 09:49:46.251,414.2407488631425,1003
2024-09-19 09:49:46.293,414.2433755516792,1004
2024-09-19 09:49:46.300,414.3066965971826,998
2024-09-19 09:49:46.388,414.2355962601506,10
2024-09-19 09:49:46.443,414.2445975821625,995
2024-09-19 09:49:46.446,414.3164418668726,15
2024-09-19 09:49:46.519,414.302448332619,1003
2024-09-19 09:49:46.535,414.23445505486814,105
2024-09-19 09:49:46.558,414.2444977810249,96
2024-09-19 09:49:46.579,414.2419332404559,98
2024-09-19 09:49:46.715,414.201485287233,1003
2024-09-19 09:49:46.766,414.2868608659469,6
2024-09-19 09:49:46.832,414.2629710846151,13
2024-09-19 09:49:46.899,414.21997790391305,13
2024-09-19 09:49:46.918,414.257983606599,95
2024-09-19 09:49:46.961,414.2547176399216,95
2024-09-19 09:49:46.996,414.2690670645504,6
2024-09-19 09:49:47.013,414.3164846732688,7
2024-09-19 09:49:47.076,414.33699778193983,14
2024-09-19 09:49:47.272,414.3265994431211,995
2024-09-19 09:49:47.297,414.2972000847836,5
2024-09-19 09:49:47.526,414.3174340250055,999
2024-09-19 09:49:47.530,414.3071419983849,10
2024-09-19 09:49:47.602,414.3130072772735,1005
2024-09-19 09:49:47.634,414.30520955036377,997
2024-09-19 09:49:47.721,414.3173284898139,15
2024-09-19 09:49:47.769,414.32340427305456,6
2024-09-19 09:49:47.794,414.3227478108509,11
2024-09-19 09:49:48.048,414.2889282958405,1003
2024-09-19 09:49:48.133,414.2576637804845,15
2024-09-19 09:49:48.187,414.27410115391865,102
2024-09-19 09:49:48.408,414.26593270730353,1002
2024-09-19 09:49:48.515,414.2806685682239,103
2024-09-19 09:49:48.564,414.2878467300994,1002
2024-09-19 09:49:48.638,414.2533505789929,13
2024-09-19 09:49:48.701,414.2968231078245,996
2024-09-19 09:49:48.773,414.3091590842352,6
2024-09-19 09:49:48.828,414.33221869606416,998
2024-09-19 09:49:49.018,414.2920893346585,1000
2024-09-19 09:49:49.028,414.3090602092915,10
2024-09-19 09:49:49.331,414.28359643925774,95
2024-09-19 09:49:49.350,414.27929942252143,999
2024-09-19 09:49:49.351,414.3048290833984,100
2024-09-19 09:49:49.364,414.27461482775067,95
2024-09-19 09:49:49.519,414.2810532106631,7
2024-09-19 09:49:49.671,414.3075046203664,15
2024-09-19 09:49:49.914,414.307693105923,103
2024-09-19 09:49:50.024,414.2560157311221,995
2024-09-19 09:49:50.025,414.2996639387085,10
2024-09-19 09:49:50.194,414.2228391450077,14
2024-09-19 09:49:50.263,414.2949174773474,14
2024-09-19 09:49:50.333,414.2889993105709,1001
2024-09-19 09:49:50.398,414.2588690148384,99
2024-09-19 09:49:50.462,414.2841128244379,1005
2024-09-19 09:49:50.487,414.2328102648907,104
2024-09-19 09:49:50.512,414.302986183309,104
2024-09-19 09:49:50.560,414.2771184099861,998
2024-09-19 09:49:50.619,414.2521470171693,12
2024-09-19 09:49:50.624,414.2903398942751,97
2024-09-19 09:49:50.658,414.271852401706,11
2024-09-19 09:49:50.683,414.2602559242868,999
2024-09-19 09:49:50.731,414.2929782722607,8
2024-09-19 09:49:50.775,414.2961342546965,5
2024-09-19 09:49:50.824,414.2524003942205,105
2024-09-19 09:49:50.837,414.3048253960036,105
2024-09-19 09:49:50.838,414.2838551981464,1002
2024-09-19 09:49:50.852,414.286234447709,12
2024-09-19 09:49:50.894,414.30043888990826,1002
2024-09-19 09:49:50.920,414.3094481703538,1004
2024-09-19 09:49:51.005,414.234390299949,1000
2024-09-19 09:49:51.032,414.1560862132006,997
2024-09-19 09:49:51.063,414.2076482119101,96
2024-09-19 09:49:51.169,414.1780110610461,7
2024-09-19 09:49:51.191,414.2397187040244,101
2024-09-19 09:49:51.232,414.24143216825206,5
2024-09-19 09:49:51.239,414.2151270255993,7
2024-09-19 09:49:51.251,414.16684638151935,104
2024-09-19 09:49:51.252,414.1813640358086,101
2024-09-19 09:49:51.262,414.1928071115764,105
2024-09-19 09:49:51.376,414.1802321147177,14
2024-09-19 09:49:51.390,414.19560038140486,104
2024-09-19 09:49:51.403,414.1989089965746,98
2024-09-19 09:49:51.423,414.17871919081904,11
2024-09-19 09:49:51.426,414.1932636951438,104
2024-09-19 09:49:51.483,414.1559979161207,8
2024-09-19 09:49:51.518,414.1616019572684,7
2024-09-19 09:49:51.553,414.178654973882,104
2024-09-19 09:49:51.769,414.12563267441686,7
2024-09-19 09:49:51.872,414.1304289950069,14
2024-09-19 09:49:52.105,413.97180821055406,10
2024-09-19 09:49:52.201,414.12704964316,8
2024-09-19 09:49:52.227,413.99066444605097,103
2024-09-19 09:49:52.234,414.159043049447,8
2024-09-19 09:49:52.249,414.08286470238176,1003
2024-09-19 09:49:52.282,414.1622656114831,6
2024-09-19 09:49:52.287,414.15410497872375,7
2024-09-19 09:49:52.290,414.1589445526565,96
2024-09-19 09:49:52.382,414.02733700957634,1004
2024-09-19 09:49:52.384,414.1303784520694,95
2024-09-19 09:49:52.388,414.0889433679236,99
2024-09-19 09:49:52.423,414.0835577178564,996
2024-09-19 09:49:52.522,414.137761519107,5
2024-09-19 09:49:52.538,414.1358002157765,1003
2024-09-19 09:49:52.542,414.1653726092457,996
2024-09-19 09:49:52.555,414.14951743268944,11
2024-09-19 09:49:52.572,414.0948567234702,7
2024-09-19 09:49:52.590,414.037486309578,998
2024-09-19 09:49:52.603,414.01841031526055,1002
2024-09-19 09:49:52.643,414.0894126326836,13
2024-09-19 09:49:52.649,414.0883396898256,96
2024-09-19 09:49:52.680,414.05889571778414,105
2024-09-19 09:49:52.692,414.1298352207601,998
2024-09-19 09:49:52.718,414.07517948089145,998
2024-09-19 09:49:52.761,414.067470472149,6
2024-09-19 09:49:52.827,414.14029732984267,9
2024-09-19 09:49:52.895,413.9776021002794,996
2024-09-19 09:49:53.065,413.9446039103445,100
2024-09-19 09:49:53.115,413.9787188572169,11
2024-09-19 09:49:53.168,413.9551858961332,1000
2024-09-19 09:49:53.216,413.985289902642,1003
2024-09-19 09:49:53.321,413.9919958673064,103
2024-09-19 09:49:53.356,413.9733859662121,95
2024-09-19 09:49:53.357,413.9909830297934,11
2024-09-19 09:49:53.388,413.9494892700597,6
2024-09-19 09:49:53.434,413.9106555186563,1005
2024-09-19 09:49:53.442,413.9425255831856,103
2024-09-19 09:49:53.463,413.8936402688349,6
2024-09-19 09:49:53.544,413.9203871582687,101
2024-09-19 09:49:53.581,413.9509853164335,12
2024-09-19 09:49:53.650,413.9693572603604,995
2024-09-19 09:49:53.688,413.9709563039483,7
2024-09-19 09:49:53.692,41.40010485077492,14
2024-09-19 09:49:53.741,413.9772666531232,11
2024-09-19 09:49:53.812,413.8867366595686,1003
2024-09-19 09:49:53.849,413.98310077113246,10
2024-09-19 09:49:53.862,413.9158684737309,103
2024-09-19 09:49:53.942,413.96112880544274,96
2024-09-19 09:49:54.051,413.9841414252812,99
2024-09-19 09:49:54.053,413.956733545654,12
2024-09-19 09:49:54.236,413.97967250742687,6
2024-09-19 09:49:54.284,413.975668814468,9
2024-09-19 09:49:54.686,413.96747480927,97
2024-09-19 09:49:54.708,413.95878843024695,13
2024-09-19 09:49:54.854,413.9747529257744,7
2024-09-19 09:49:55.007,,1002
2024-09-19 09:49:55.033,413.9530024117106,95
2024-09-19 09:49:55.038,413.94266947716,998
2024-09-19 09:49:55.039,414.0153763216742,1004
2024-09-19 09:49:55.082,413.948899394571,13
2024-09-19 09:49:55.149,413.9649980700564,11
2024-09-19 09:49:55.197,413.9564758795612,103
2024-09-19 09:49:55.315,413.9575752186615,1003
2024-09-19 09:49:55.321,413.949242331562,13
2024-09-19 09:49:55.330,413.953343667164,1000
2024-09-19 09:49:55.365,413.9499402741,1005
2024-09-19 09:49:55.404,413.9656194298255,103
2024-09-19 09:49:55.436,413.98308634798144,103
2024-09-19 09:49:55.439,413.9768773474455,6
2024-09-19 09:49:55.455,413.9543395633788,1003
2024-09-19 09:49:55.459,413.94864633873766,95
2024-09-19 09:49:55.466,413.9919320297663,1003
2024-09-19 09:49:55.484,413.9611440949808,8
2024-09-19 09:49:55.555,,13
2024-09-19 09:49:55.591,414.0020271988554,999
2024-09-19 09:49:55.640,413.9451499007263,104
2024-09-19 09:49:55.659,413.97257563422784,995
2024-09-19 09:49:55.666,414.0038200580496,102
2024-09-19 09:49:55.747,,14
2024-09-19 09:49:55.791,413.9670318856674,12
2024-09-19 09:49:55.818,413.9918946307978,1005
2024-09-19 09:49:55.920,413.9552703920022,7
2024-09-19 09:49:55.963,413.9396793243599,1004
2024-09-19 09:49:55.982,413.9380488267541,10
2024-09-19 09:49:56.085,413.9445047138584,102
2024-09-19 09:49:56.088,413.961725129134,996
2024-09-19 09:49:56.217,413.9637486039713,996
2024-09-19 09:49:56.531,413.9588228271361,998
2024-09-19 09:49:56.599,413.9570797262931,1003
2024-09-19 09:49:56.616,413.9523982653318,103
2024-09-19 09:49:56.651,413.9524267671534,8
2024-09-19 09:49:56.669,413.9565068722428,99
2024-09-19 09:49:56.688,413.9616340349893,1000
2024-09-19 09:49:56.689,413.9711620400348,12
2024-09-19 09:49:56.707,413.94756618629793,995
2024-09-19 09:49:56.746,413.9518137171005,1000
2024-09-19 09:49:56.822,413.96526406174576,95
2024-09-19 09:49:56.907,413.9475424901923,95
2024-09-19 09:49:57.029,413.93739724657627,12
2024-09-19 09:49:57.137,413.9392779823978,12
2024-09-19 09:49:57.146,413.9336108890079,103
2024-09-19 09:49:57.174,413.9187894300938,15
2024-09-19 09:49:57.239,413.9210342946293,6
2024-09-19 09:49:57.253,413.9179064405555,996
2024-09-19 09:49:57.285,413.9386834425547,96
2024-09-19 09:49:57.292,413.9006007246705,14
2024-09-19 09:49:57.298,413.9237677044972,97
2024-09-19 09:49:57.377,413.9336688720493,14
2024-09-19 09:49:57.405,413.9252069844002,1004
2024-09-19 09:49:57.406,413.899332069263,104
2024-09-19 09:49:57.411,413.9083134085012,103
2024-09-19 09:49:57.659,,96
2024-09-19 09:49:57.673,413.90796979652936,96
2024-09-19 09:49:57.734,413.9357053066376,103
2024-09-19 09:49:57.819,413.9305007471009,99
2024-09-19 09:49:57.873,413.9020355831264,9
2024-09-19 09:49:57.901,413.9421989666976,97
2024-09-19 09:49:57.912,413.92531040471806,95
2024-09-19 09:49:57.967,413.9356431726972,103
2024-09-19 09:49:58.011,413.9051342709758,1000
2024-09-19 09:49:58.063,413.9233765351466,1003
2024-09-19 09:49:58.134,413.9464085602488,1005
2024-09-19 09:49:58.209,413.93174148752655,995
2024-09-19 09:49:58.212,413.97994361905,9
2024-09-19 09:49:58.274,413.96775765101495,97
2024-09-19 09:49:58.284,413.9403800961057,101
2024-09-19 09:49:58.285,413.9527491639102,10
2024-09-19 09:49:58.313,413.95202650561225,105
2024-09-19 09:49:58.318,413.9743881843201,15
2024-09-19 09:49:58.456,413.9638591121651,100
2024-09-19 09:49:58.510,413.9513535710828,99
2024-09-19 09:49:58.779,413.8896257308697,9
2024-09-19 09:49:58.839,413.9455129576151,101
2024-09-19 09:49:58.917,413.9750085249159,95
2024-09-19 09:49:58.936,413.957701432874,15
2024-09-19 09:49:58.966,413.9073339987376,102
2024-09-19 09:49:59.028,414.0234376783629,98
2024-09-19 09:49:59.063,414.03382812325066,11
2024-09-19 09:49:59.116,414.0297609533638,101
2024-09-19 09:49:59.143,414.03599309061445,995
2024-09-19 09:49:59.154,414.0277861101239,102
2024-09-19 09:49:59.209,413.9951046583383,995
2024-09-19 09:49:59.302,414.0244082737095,9
2024-09-19 09:49:59.413,414.0429947610555,102
2024-09-19 09:49:59.423,414.0083481321805,8
2024-09-19 09:49:59.440,414.0605798668728,97
2024-09-19 09:49:59.460,414.0134414702081,100
2024-09-19 09:49:59.485,,8
2024-09-19 09:49:59.504,413.99519601021234,99
2024-09-19 09:49:59.614,414.05539031132935,1003
2024-09-19 09:49:59.615,414.007015106212,103
2024-09-19 09:49:59.725,414.0508900068414,1000
2024-09-19 09:49:59.754,414.0164462231009,5
2024-09-19 09:49:59.785,414.020285434065,8
2024-09-19 09:49:59.938,414.0375278285582,13
2024-09-19 09:49:59.954,414.02653805965593,6
2024-09-19 09:49:59.969,414.0148652130325,9
2024-09-19 09:49:59.979,413.9850524064548,9
