Timestamp,Price,Size
2024-09-20 14:10:00.057,429.57234647529344,101
2024-09-20 14:10:00.436,429.5685377396248,6
2024-09-20 14:10:00.454,429.5569591605404,998
2024-09-20 14:10:00.609,429.5665315139237,5
2024-09-20 14:10:01.054,429.4843804081557,998
2024-09-20 14:10:01.076,429.5312141475997,1005
2024-09-20 14:10:01.081,429.5292878104496,10
2024-09-20 14:10:01.087,429.50537176210986,96
2024-09-20 14:10:01.132,429.5068344773305,5
2024-09-20 14:10:01.209,429.5250045372832,98
2024-09-20 14:10:01.287,429.5297233532786,997
2024-09-20 14:10:01.317,429.5103679547672,11
2024-09-20 14:10:01.346,429.5386539273649,100
2024-09-20 14:10:01.391,429.5177701695726,1005
2024-09-20 14:10:01.394,429.4889455838752,1000
2024-09-20 14:10:01.509,429.5153714159852,9
2024-09-20 14:10:01.542,429.4816494534136,96
2024-09-20 14:10:01.554,429.529991761096,103
2024-09-20 14:10:01.559,429.5072420798297,95
2024-09-20 14:10:01.629,429.5274143274521,1005
2024-09-20 14:10:01.632,429.5066713289529,995
2024-09-20 14:10:01.680,429.5239924303054,103
2024-09-20 14:10:01.780,429.4964675885138,6
2024-09-20 14:10:01.839,429.5422277272206,996
2024-09-20 14:10:01.980,429.51381671312527,996
2024-09-20 14:10:01.981,429.4997857243813,96
2024-09-20 14:10:02.004,429.543849299972,14
2024-09-20 14:10:02.169,429.5449177500976,1001
2024-09-20 14:10:02.267,429.5325004113473,8
2024-09-20 14:10:02.288,429.54466907674527,97
2024-09-20 14:10:02.323,429.5613511776809,105
2024-09-20 14:10:02.600,429.5309559640211,96
2024-09-20 14:10:02.755,,10
2024-09-20 14:10:02.780,429.5299260019028,1004
2024-09-20 14:10:02.873,429.5525149435505,997
2024-09-20 14:10:02.948,429.55604707970735,99
2024-09-20 14:10:02.966,429.5360882292329,1002
2024-09-20 14:10:03.086,429.51929545673175,9
2024-09-20 14:10:03.087,429.51082335933626,102
2024-09-20 14:10:03.143,429.5490616102103,95
2024-09-20 14:10:03.176,429.4913798014595,15
2024-09-20 14:10:03.246,429.5021400822093,1005
2024-09-20 14:10:03.410,429.50861216431264,1003
2024-09-20 14:10:03.417,429.5634336780987,1000
2024-09-20 14:10:03.471,429.5419060736252,1003
2024-09-20 14:10:03.510,429.52997466212616,10
2024-09-20 14:10:03.532,429.485357326629,96
2024-09-20 14:10:03.589,429.5013187541152,1004
2024-09-20 14:10:03.649,429.53519183163263,1002
2024-09-20 14:10:03.668,429.51298323091805,1000
2024-09-20 14:10:03.732,429.55064537690544,96
2024-09-20 14:10:03.806,429.51691877988304,105
2024-09-20 14:10:03.808,429.5583099008176,15
2024-09-20 14:10:03.829,429.4971071914164,1004
2024-09-20 14:10:03.945,429.547097957445,102
2024-09-20 14:10:05.074,429.49038547266986,100
2024-09-20 14:10:05.101,429.5364532758453,103
2024-09-20 14:10:05.142,429.570691330325,995
2024-09-20 14:10:05.146,429.5766746127955,100
2024-09-20 14:10:05.151,-429.52786527609726,10
2024-09-20 14:10:05.153,429.5584941586773,1002
2024-09-20 14:10:05.163,429.55922394276433,10
2024-09-20 14:10:05.231,429.4543613760227,96
2024-09-20 14:10:05.235,429.5601498513396,105
2024-09-20 14:10:05.260,429.5061666815532,999
2024-09-20 14:10:05.292,429.5512426616201,998
2024-09-20 14:10:05.313,429.4801682634853,1002
2024-09-20 14:10:05.381,429.54270788537787,1003
2024-09-20 14:10:05.400,429.4487835384505,1003
2024-09-20 14:10:05.411,429.5592980349619,998
2024-09-20 14:10:05.419,429.5387279152893,9
2024-09-20 14:10:05.465,429.4992120629183,1005
2024-09-20 14:10:05.650,429.4794811013251,996
2024-09-20 14:10:05.734,429.5503594118908,996
2024-09-20 14:10:05.750,429.5426151675369,102
2024-09-20 14:10:05.790,429.5389157449805,6
2024-09-20 14:10:05.810,429.5596794606062,15
2024-09-20 14:10:05.818,429.4743926833272,12
2024-09-20 14:10:05.910,429.4844963759483,96
2024-09-20 14:10:05.913,429.5444974794489,1003
2024-09-20 14:10:05.938,429.5459189281613,1001
2024-09-20 14:10:06.162,429.57934530157297,105
2024-09-20 14:10:06.358,429.5826384286996,98
2024-09-20 14:10:06.401,429.5814614644629,11
2024-09-20 14:10:06.441,429.5893325093169,999
2024-09-20 14:10:06.450,429.5602214644106,999
2024-09-20 14:10:06.501,429.54493007758833,103
2024-09-20 14:10:06.598,429.5890976183357,11
2024-09-20 14:10:06.748,429.59601874211023,995
2024-09-20 14:10:06.821,429.5410107948398,13
2024-09-20 14:10:06.881,429.5534501801603,997
2024-09-20 14:10:07.023,429.5459693568892,996
2024-09-20 14:10:07.068,429.5667323496001,7
2024-09-20 14:10:07.092,429.5338869929932,9
2024-09-20 14:10:07.093,429.5358744868825,104
2024-09-20 14:10:07.230,429.5429696215665,8
2024-09-20 14:10:07.233,429.53613971531735,104
2024-09-20 14:10:07.250,429.54074516387294,102
2024-09-20 14:10:07.255,429.55187240416245,102
2024-09-20 14:10:07.276,429.53319280654375,1003
2024-09-20 14:10:07.381,429.526753718236,97
2024-09-20 14:10:07.401,429.5349286825255,8
2024-09-20 14:10:07.430,429.51729577035775,998
2024-09-20 14:10:07.473,429.5233484756869,7
2024-09-20 14:10:07.532,429.5365719238053,99
2024-09-20 14:10:07.549,429.5089324360326,1002
2024-09-20 14:10:07.665,429.512498236301,14
2024-09-20 14:10:07.689,429.5649690533258,95
2024-09-20 14:10:07.699,429.5274721723247,11
2024-09-20 14:10:07.704,429.5414956323239,11
2024-09-20 14:10:07.705,429.54594569474574,15
2024-09-20 14:10:07.782,429.54965831174417,15
2024-09-20 14:10:07.789,429.5155935152486,9
2024-09-20 14:10:07.820,429.54426620819294,95
2024-09-20 14:10:07.936,429.5464846106841,1002
2024-09-20 14:10:08.059,429.5938355136113,1004
2024-09-20 14:10:08.098,429.50475172456674,7
2024-09-20 14:10:08.140,429.5058095883528,995
2024-09-20 14:10:08.171,429.5038998739301,13
2024-09-20 14:10:08.180,429.5210912149204,999
2024-09-20 14:10:08.226,429.49143241844587,9
2024-09-20 14:10:08.297,429.5108410967362,999
2024-09-20 14:10:08.333,429.5190929682164,1005
2024-09-20 14:10:08.365,429.5802285216723,105
2024-09-20 14:10:08.398,429.5143642970715,96
2024-09-20 14:10:08.531,429.5421984622236,11
2024-09-20 14:10:08.606,429.5681024460847,97
2024-09-20 14:10:08.655,429.5138083233599,7
2024-09-20 14:10:08.742,429.4932471589513,103
2024-09-20 14:10:08.749,429.54852503058805,7
2024-09-20 14:10:08.750,429.522144488558,1004
2024-09-20 14:10:08.760,429.57591899015137,99
2024-09-20 14:10:08.793,429.53609101900497,99
2024-09-20 14:10:08.845,429.5270387360616,98
2024-09-20 14:10:08.869,429.5102297037777,14
2024-09-20 14:10:08.962,429.5296259557399,996
2024-09-20 14:10:09.117,429.5807245536185,1004
2024-09-20 14:10:09.488,429.56990528930817,15
2024-09-20 14:10:09.834,429.5957938820829,996
2024-09-20 14:10:09.894,429.5923288173569,100
2024-09-20 14:10:09.897,429.5675926801112,103
2024-09-20 14:10:10.438,429.58634479324985,8
2024-09-20 14:10:10.519,-429.5844409050884,103
2024-09-20 14:10:10.913,429.5835713226424,6
2024-09-20 14:10:11.064,429.5868093647015,999
2024-09-20 14:10:11.171,429.62744552204265,103
2024-09-20 14:10:11.214,429.7042202506954,14
2024-09-20 14:10:11.216,429.6582617763348,1004
2024-09-20 14:10:11.319,429.6510606164785,105
2024-09-20 14:10:11.341,429.61957015366414,1000
2024-09-20 14:10:11.347,429.5937119657634,1004
2024-09-20 14:10:11.436,429.5679849195207,102
2024-09-20 14:10:11.484,429.60143286271966,8
2024-09-20 14:10:11.543,429.6241832376159,996
2024-09-20 14:10:11.599,429.6445528988707,105
2024-09-20 14:10:11.603,429.6985417080883,1000
2024-09-20 14:10:11.616,429.6354170806511,999
2024-09-20 14:10:11.630,429.650295372525,99
2024-09-20 14:10:11.638,429.6172147154746,100
2024-09-20 14:10:11.651,429.5932712852405,1003
2024-09-20 14:10:11.652,429.6634745155154,104
2024-09-20 14:10:11.686,429.5601460852744,1000
2024-09-20 14:10:11.692,429.5748226561804,15
2024-09-20 14:10:11.703,429.5874779117586,8
2024-09-20 14:10:11.714,42.95907020102182,5
2024-09-20 14:10:11.762,429.6848790203916,98
2024-09-20 14:10:11.783,429.63984693788575,95
2024-09-20 14:10:11.796,429.6892830350803,14
2024-09-20 14:10:11.886,429.635465656679,1001
2024-09-20 14:10:11.927,429.6105136013369,997
2024-09-20 14:10:12.087,429.64332068822085,1005
2024-09-20 14:10:12.118,429.6355761057271,8
2024-09-20 14:10:12.197,429.6414513930647,999
2024-09-20 14:10:12.217,429.6438833952696,6
2024-09-20 14:10:12.256,429.6363801887877,999
2024-09-20 14:10:12.268,429.655451539093,1000
2024-09-20 14:10:12.282,429.6679546801088,1004
2024-09-20 14:10:12.306,429.6569388311783,7
2024-09-20 14:10:12.641,429.66453095859214,9
2024-09-20 14:10:12.653,429.6350550936513,1001
2024-09-20 14:10:12.761,429.6360432244502,14
2024-09-20 14:10:12.807,429.68340029453526,103
2024-09-20 14:10:12.823,429.64266797734297,105
2024-09-20 14:10:12.913,429.6735916219287,97
2024-09-20 14:10:12.925,429.6414689112132,1001
2024-09-20 14:10:12.966,429.65860046354254,95
2024-09-20 14:10:13.169,429.6921707762311,9
2024-09-20 14:10:13.172,429.67077321955855,102
2024-09-20 14:10:13.204,429.6634835451956,1000
2024-09-20 14:10:13.344,429.7095720022609,10
2024-09-20 14:10:13.409,429.6926000979437,98
2024-09-20 14:10:13.440,429.6951402883345,12
2024-09-20 14:10:13.555,429.6866126062676,105
2024-09-20 14:10:13.560,429.6915639345361,99
2024-09-20 14:10:13.580,429.7021739921928,996
2024-09-20 14:10:13.584,429.67048214837456,11
2024-09-20 14:10:13.821,429.67264670857656,998
2024-09-20 14:10:14.002,429.66569186594086,102
2024-09-20 14:10:14.165,429.6781071248476,1003
2024-09-20 14:10:14.194,429.684401537899,1004
2024-09-20 14:10:14.289,429.69401627294775,10
2024-09-20 14:10:14.328,429.66800492200497,6
2024-09-20 14:10:14.338,429.6466939217291,15
2024-09-20 14:10:14.338,429.6665761474568,99
2024-09-20 14:10:14.408,429.67922786074746,96
2024-09-20 14:10:14.531,429.66748427702254,101
2024-09-20 14:10:14.539,429.6879513506085,6
2024-09-20 14:10:14.542,429.65923186377137,98
2024-09-20 14:10:14.555,429.63604079831225,100
2024-09-20 14:10:14.642,429.6613775770291,1003
2024-09-20 14:10:14.705,429.67002786621856,102
2024-09-20 14:10:14.730,429.6673468514979,998
2024-09-20 14:10:14.740,429.6658417545377,95
2024-09-20 14:10:14.772,429.66910374001264,999
2024-09-20 14:10:14.831,429.6573185872475,97
2024-09-20 14:10:14.834,429.6612904841281,1005
2024-09-20 14:10:14.885,429.6529129004488,99
2024-09-20 14:10:14.889,429.6557924402344,996
2024-09-20 14:10:14.912,429.6830227631683,1002
2024-09-20 14:10:14.989,429.670578317625,15
2024-09-20 14:10:14.998,429.6922953248721,1000
2024-09-20 14:10:15.109,429.5752458076047,97
2024-09-20 14:10:15.320,429.6218202109686,997
2024-09-20 14:10:15.370,429.572747555893,102
2024-09-20 14:10:15.414,429.623367799307,99
2024-09-20 14:10:15.439,429.6105908267539,997
2024-09-20 14:10:15.448,429.5738457253147,97
2024-09-20 14:10:15.777,429.6113906924069,999
2024-09-20 14:10:15.820,429.5935553038124,10
2024-09-20 14:10:15.970,429.63279683586416,997
2024-09-20 14:10:16.058,429.5747105640946,105
2024-09-20 14:10:16.078,429.5867030810983,8
2024-09-20 14:10:16.141,429.5888220857021,15
2024-09-20 14:10:16.261,429.5968834911324,7
2024-09-20 14:10:16.311,429.5668675845725,96
2024-09-20 14:10:16.321,429.6032412547422,1004
2024-09-20 14:10:16.322,429.56461370983146,997
2024-09-20 14:10:16.360,429.57457424767495,99
2024-09-20 14:10:16.375,429.57581453897967,1003
2024-09-20 14:10:16.423,429.5611151305905,95
2024-09-20 14:10:16.476,429.5619189145501,101
2024-09-20 14:10:16.495,429.6054533136844,105
2024-09-20 14:10:16.500,429.5565709085108,996
2024-09-20 14:10:16.513,429.58549968058975,105
2024-09-20 14:10:16.536,429.5924134342452,7
2024-09-20 14:10:16.592,429.5575805695718,99
2024-09-20 14:10:16.658,429.5705772171893,95
2024-09-20 14:10:16.810,429.6078515623252,100
2024-09-20 14:10:16.878,429.5760760363578,999
2024-09-20 14:10:16.911,429.56715483977183,1003
2024-09-20 14:10:16.962,429.562446025951,15
2024-09-20 14:10:17.117,429.6099764516912,101
2024-09-20 14:10:17.118,429.5942317881182,102
2024-09-20 14:10:17.170,429.5747039445004,5
2024-09-20 14:10:17.172,429.5812681402092,96
2024-09-20 14:10:17.176,429.6139553714496,101
2024-09-20 14:10:17.283,429.6015622802796,15
2024-09-20 14:10:17.285,429.5853938742173,9
2024-09-20 14:10:17.296,429.59570535953793,999
2024-09-20 14:10:17.305,429.5979069733978,10
2024-09-20 14:10:17.343,429.5933985249635,98
2024-09-20 14:10:17.387,429.6203823413928,98
2024-09-20 14:10:17.399,429.6035020274247,1001
2024-09-20 14:10:17.486,429.5863338441828,97
2024-09-20 14:10:17.504,429.610432603704,1003
2024-09-20 14:10:17.513,429.5979044009312,997
2024-09-20 14:10:17.531,429.59045444575656,1004
2024-09-20 14:10:17.600,429.58015674159526,1002
2024-09-20 14:10:17.606,429.59368446158726,1005
2024-09-20 14:10:17.608,429.6005600058649,105
2024-09-20 14:10:17.691,429.6126312411067,998
2024-09-20 14:10:17.723,,1002
2024-09-20 14:10:17.741,429.5964500771006,6
2024-09-20 14:10:17.770,429.5687445313204,15
2024-09-20 14:10:17.897,429.6033406751181,100
2024-09-20 14:10:17.944,429.6015863525127,101
2024-09-20 14:10:17.976,429.580065736594,100
2024-09-20 14:10:17.985,429.60889311569673,10
2024-09-20 14:10:18.041,429.6217719401544,995
2024-09-20 14:10:18.083,429.6163312464165,10
2024-09-20 14:10:18.098,429.6629064493703,1002
2024-09-20 14:10:18.129,429.6384351657663,100
2024-09-20 14:10:18.197,429.6455283878752,14
2024-09-20 14:10:18.213,429.68259611546864,15
2024-09-20 14:10:18.245,429.636014025563,10
2024-09-20 14:10:18.415,429.6727923984625,1002
2024-09-20 14:10:18.422,429.66051365105295,9
2024-09-20 14:10:18.422,429.6502996909132,105
2024-09-20 14:10:18.426,429.64078339478095,6
2024-09-20 14:10:18.566,429.63814635318096,5
2024-09-20 14:10:18.627,429.60818982199777,98
2024-09-20 14:10:18.637,429.6987097142489,9
2024-09-20 14:10:18.647,429.6663681679746,96
2024-09-20 14:10:18.669,429.6810308110094,99
2024-09-20 14:10:18.699,429.67473672092353,95
2024-09-20 14:10:18.742,429.65749145285145,998
2024-09-20 14:10:18.779,429.677852584014,9
2024-09-20 14:10:18.788,429.6404222603709,5
2024-09-20 14:10:18.814,429.6695972759196,99
2024-09-20 14:10:18.837,429.67861913906654,96
2024-09-20 14:10:18.887,429.6754353569406,10
2024-09-20 14:10:18.934,429.675922771962,1005
2024-09-20 14:10:18.963,429.6741036672914,100
2024-09-20 14:10:19.007,429.738555853622,101
2024-09-20 14:10:19.011,429.7270368351085,101
2024-09-20 14:10:19.062,429.7223588613305,1004
2024-09-20 14:10:19.284,429.7283447789723,6
2024-09-20 14:10:19.356,42.97198877640194,1005
2024-09-20 14:10:19.420,429.7252163714215,1004
2024-09-20 14:10:19.659,429.7373396496162,1002
2024-09-20 14:10:19.764,429.72945172151225,999
2024-09-20 14:10:19.765,429.7062869753365,102
2024-09-20 14:10:19.771,429.71266153262746,1005
2024-09-20 14:10:19.794,429.6995415687839,1002
2024-09-20 14:10:19.961,429.7280593099046,8
2024-09-20 14:10:19.979,429.7120035275018,99
2024-09-20 14:10:20.068,429.73928933896144,998
2024-09-20 14:10:20.123,429.725315748895,999
2024-09-20 14:10:20.388,429.7247611854258,999
2024-09-20 14:10:20.433,429.7304415070739,14
2024-09-20 14:10:20.494,429.72355889705375,100
2024-09-20 14:10:20.502,429.7291356942208,1003
2024-09-20 14:10:21.045,429.776780907267,102
2024-09-20 14:10:21.063,429.7670361650891,1002
2024-09-20 14:10:21.138,429.8048525547972,12
2024-09-20 14:10:21.142,429.8112008407912,1004
2024-09-20 14:10:21.186,429.7486972271145,105
2024-09-20 14:10:21.212,429.80571217988575,101
2024-09-20 14:10:21.276,42.97747118729528,1004
2024-09-20 14:10:21.325,429.76549422579245,14
2024-09-20 14:10:21.327,429.7401424247949,10
2024-09-20 14:10:21.355,429.7613273209416,13
2024-09-20 14:10:21.361,429.8376498642048,7
2024-09-20 14:10:21.390,429.786621174797,102
2024-09-20 14:10:21.488,429.7584758906039,1004
2024-09-20 14:10:21.521,429.76166035318766,102
2024-09-20 14:10:21.536,429.7551730579785,997
2024-09-20 14:10:21.558,429.7668195101735,99
2024-09-20 14:10:21.573,429.7859203682952,1001
2024-09-20 14:10:21.745,429.7421712882757,105
2024-09-20 14:10:21.756,429.7490485841873,5
2024-09-20 14:10:21.785,429.7664870463531,998
2024-09-20 14:10:21.789,429.75794455439626,8
2024-09-20 14:10:21.791,429.7671750248714,95
2024-09-20 14:10:21.851,429.74979799568416,1003
2024-09-20 14:10:21.882,42.97722206008351,8
2024-09-20 14:10:21.934,429.7963789492227,995
2024-09-20 14:10:22.126,429.8209336567653,98
2024-09-20 14:10:22.131,429.8194039584352,996
2024-09-20 14:10:22.132,429.8076876385491,11
2024-09-20 14:10:22.176,429.7997185073604,997
2024-09-20 14:10:22.295,429.7978356629268,103
2024-09-20 14:10:22.332,429.7985126432097,999
2024-09-20 14:10:22.337,429.8034922903799,101
2024-09-20 14:10:22.370,429.8164418074424,96
2024-09-20 14:10:22.533,429.8088044297755,13
2024-09-20 14:10:22.605,429.8345709517894,98
2024-09-20 14:10:22.615,429.83013837670296,1005
2024-09-20 14:10:22.648,429.81123104932095,15
2024-09-20 14:10:22.688,429.828525546108,1003
2024-09-20 14:10:22.737,429.8265806876848,10
2024-09-20 14:10:22.832,429.8184536665541,10
2024-09-20 14:10:22.849,429.8125440908979,102
2024-09-20 14:10:22.851,429.8065064916356,7
2024-09-20 14:10:22.859,429.8031669490436,1004
2024-09-20 14:10:22.875,429.8071959995604,104
2024-09-20 14:10:22.884,,11
2024-09-20 14:10:23.007,429.8097328674334,9
2024-09-20 14:10:23.125,429.7967021901683,1002
2024-09-20 14:10:23.187,429.8098834014334,6
2024-09-20 14:10:23.191,429.811649294821,98
2024-09-20 14:10:23.195,429.8186303924378,100
2024-09-20 14:10:23.353,429.8052627522436,995
2024-09-20 14:10:23.391,429.8040637752196,6
2024-09-20 14:10:23.429,429.8157775356372,1005
2024-09-20 14:10:23.468,429.8510247877112,1002
2024-09-20 14:10:23.550,429.8126504135215,13
2024-09-20 14:10:23.575,429.8299404326984,99
2024-09-20 14:10:23.592,429.82714613788846,8
2024-09-20 14:10:23.601,429.8449342960337,97
2024-09-20 14:10:23.641,429.7846655163724,14
2024-09-20 14:10:23.659,429.80759990188415,97
2024-09-20 14:10:23.684,429.84798083163633,98
2024-09-20 14:10:23.698,429.8154345341856,96
2024-09-20 14:10:23.701,429.8378081255572,11
2024-09-20 14:10:23.710,429.8232171150742,98
2024-09-20 14:10:23.827,429.8300130801193,997
2024-09-20 14:10:23.910,429.7933680206449,103
2024-09-20 14:10:23.970,429.8206663859343,12
2024-09-20 14:10:24.096,429.8577132809685,95
2024-09-20 14:10:24.118,429.8447633921051,11
2024-09-20 14:10:24.204,429.81854320875686,99
2024-09-20 14:10:24.235,429.8731023347136,105
2024-09-20 14:10:24.294,429.8243119607338,14
2024-09-20 14:10:24.356,429.8550507868795,996
2024-09-20 14:10:24.371,429.8485812150984,105
2024-09-20 14:10:24.383,429.8390946327109,11
2024-09-20 14:10:24.391,429.8463741257136,14
2024-09-20 14:10:24.441,429.8157250608514,101
2024-09-20 14:10:24.458,429.8449327321281,105
2024-09-20 14:10:24.474,429.8213821513598,13
2024-09-20 14:10:24.580,429.8398219240594,104
2024-09-20 14:10:24.616,429.8382637884304,102
2024-09-20 14:10:24.639,429.8123509965624,97
2024-09-20 14:10:24.655,429.83984679388857,98
2024-09-20 14:10:24.683,429.82529833697225,997
2024-09-20 14:10:24.805,429.8460670846057,103
2024-09-20 14:10:24.943,429.8382304817704,998
2024-09-20 14:10:24.951,429.824338532456,98
2024-09-20 14:10:24.957,429.8382460226882,104
2024-09-20 14:10:24.966,429.8637050373259,98
2024-09-20 14:10:24.985,429.8273221457785,104
2024-09-20 14:10:25.111,429.8322609186488,1003
2024-09-20 14:10:25.245,429.7699629688889,13
2024-09-20 14:10:25.349,429.8357585202864,14
2024-09-20 14:10:25.362,429.83066179797567,102
2024-09-20 14:10:25.439,429.8121403315276,96
2024-09-20 14:10:25.486,429.7904904196666,95
2024-09-20 14:10:25.534,429.7777889037464,98
2024-09-20 14:10:25.590,429.7952562398457,102
2024-09-20 14:10:25.808,429.82749337856376,998
2024-09-20 14:10:25.955,429.8082439081719,15
2024-09-20 14:10:26.049,429.8267819013086,13
2024-09-20 14:10:26.049,429.8098645206544,97
2024-09-20 14:10:26.093,429.7893520995448,103
2024-09-20 14:10:26.107,429.8285552846701,14
2024-09-20 14:10:26.171,429.7927651794921,7
2024-09-20 14:10:26.236,429.7783870814987,9
2024-09-20 14:10:26.280,429.81450978844106,995
2024-09-20 14:10:26.311,429.7894137249091,99
2024-09-20 14:10:26.402,429.78618181355904,1003
2024-09-20 14:10:26.426,429.77656879688186,10
2024-09-20 14:10:26.440,429.7999320794225,5
2024-09-20 14:10:26.497,429.7779326344639,98
2024-09-20 14:10:26.582,429.8171974494784,103
2024-09-20 14:10:26.609,429.80217409232216,12
2024-09-20 14:10:26.644,429.7950473107725,1001
2024-09-20 14:10:26.672,429.79590883054,95
2024-09-20 14:10:26.685,429.7937472239716,12
2024-09-20 14:10:26.731,429.798453767928,105
2024-09-20 14:10:26.808,-429.79056907676977,999
2024-09-20 14:10:26.818,429.8202446290725,7
2024-09-20 14:10:26.832,429.8058130697551,103
2024-09-20 14:10:26.926,429.7833838262698,101
2024-09-20 14:10:27.286,429.7807924464741,1000
2024-09-20 14:10:27.794,429.7852308159606,99
2024-09-20 14:10:28.098,429.81950043972176,101
2024-09-20 14:10:28.131,429.7563362635675,11
2024-09-20 14:10:28.198,429.8086047777035,98
2024-09-20 14:10:28.291,429.7789842548308,100
2024-09-20 14:10:28.448,429.8054805515151,5
2024-09-20 14:10:28.471,429.772298451282,5
2024-09-20 14:10:28.970,429.7767726227746,5
2024-09-20 14:10:29.064,429.8414471364609,97
2024-09-20 14:10:29.074,429.818916257606,101
2024-09-20 14:10:29.219,429.7775154404586,1001
2024-09-20 14:10:29.275,429.8139655079431,1005
2024-09-20 14:10:29.335,429.810046151105,100
2024-09-20 14:10:29.350,429.7725230233567,103
2024-09-20 14:10:29.365,429.80225718286295,96
2024-09-20 14:10:29.430,429.81630354065175,98
2024-09-20 14:10:29.464,429.79408593301736,98
2024-09-20 14:10:29.715,429.8048724330986,96
2024-09-20 14:10:29.746,429.7933713801853,1004
2024-09-20 14:10:29.766,429.8136712701075,996
2024-09-20 14:10:29.781,429.8298442571253,96
2024-09-20 14:10:29.835,429.7972463384058,1002
2024-09-20 14:10:29.843,429.8292716432901,995
2024-09-20 14:10:29.848,429.8189650597545,101
2024-09-20 14:10:29.873,429.8079118806866,1005
2024-09-20 14:10:29.911,429.7895448514341,6
2024-09-20 14:10:29.997,429.8442579879544,7
2024-09-20 14:10:30.053,429.725428357881,1003
2024-09-20 14:10:30.104,429.6534113098447,103
2024-09-20 14:10:30.112,429.6899277031521,998
2024-09-20 14:10:30.123,429.70301214868977,1005
2024-09-20 14:10:30.266,429.6885538234073,105
2024-09-20 14:10:30.271,429.6587495660097,100
2024-09-20 14:10:30.294,429.69838525340384,103
2024-09-20 14:10:30.326,429.7087671133985,99
2024-09-20 14:10:30.431,429.710034590578,1002
2024-09-20 14:10:30.435,429.7312900476655,5
2024-09-20 14:10:30.447,429.7078285320642,7
2024-09-20 14:10:30.542,429.7488533965856,104
2024-09-20 14:10:30.583,429.7558060170968,13
2024-09-20 14:10:30.610,429.65216764925054,1004
2024-09-20 14:10:30.635,429.6648181257677,1005
2024-09-20 14:10:30.661,-429.7265685921161,1002
2024-09-20 14:10:30.679,429.7191581970656,10
2024-09-20 14:10:30.741,429.6697335853252,99
2024-09-20 14:10:30.753,429.7154802758294,1001
2024-09-20 14:10:30.829,429.76183459438056,1002
2024-09-20 14:10:30.834,429.6600783253506,102
2024-09-20 14:10:31.153,-429.66516902341687,102
2024-09-20 14:10:31.412,429.7005015126233,100
2024-09-20 14:10:31.442,429.68290123010667,997
2024-09-20 14:10:31.550,429.67516411177314,999
2024-09-20 14:10:32.019,429.6983471011287,998
2024-09-20 14:10:32.102,429.6534121697629,1000
2024-09-20 14:10:32.159,429.6062779279109,14
2024-09-20 14:10:32.168,429.7226142795542,999
2024-09-20 14:10:32.183,429.6190858217943,995
2024-09-20 14:10:32.191,429.6070261827674,995
2024-09-20 14:10:32.193,429.7103739712825,998
2024-09-20 14:10:32.292,429.7207926580704,98
2024-09-20 14:10:32.296,429.6767927185256,1005
2024-09-20 14:10:32.296,42.96858732902047,98
2024-09-20 14:10:32.301,429.7150087374895,6
2024-09-20 14:10:32.318,429.6367356427752,101
2024-09-20 14:10:32.369,429.711802781692,11
2024-09-20 14:10:32.384,429.715268352903,14
2024-09-20 14:10:32.443,429.6243566533639,101
2024-09-20 14:10:32.467,429.683868463826,9
2024-09-20 14:10:32.533,429.6228138293332,103
2024-09-20 14:10:32.540,429.7059455749068,9
2024-09-20 14:10:32.550,429.6769990868156,99
2024-09-20 14:10:32.693,429.72543169005456,1002
2024-09-20 14:10:32.735,429.6336409073196,104
2024-09-20 14:10:32.800,429.63411790747097,99
2024-09-20 14:10:32.852,429.6809301776404,1000
2024-09-20 14:10:32.879,429.6858965248161,97
2024-09-20 14:10:32.897,429.6405618779816,5
2024-09-20 14:10:32.903,429.6944527136777,1000
2024-09-20 14:10:32.915,429.6709738131772,15
2024-09-20 14:10:33.158,429.59209458792185,8
2024-09-20 14:10:33.338,429.61271762270513,1001
2024-09-20 14:10:33.657,,100
2024-09-20 14:10:34.022,429.55336817454327,95
2024-09-20 14:10:34.103,429.545915418913,96
2024-09-20 14:10:34.407,429.5638653151859,103
2024-09-20 14:10:34.414,429.5656720451009,98
2024-09-20 14:10:34.495,429.5617771767755,5
2024-09-20 14:10:34.539,429.5504377499066,14
2024-09-20 14:10:34.579,429.56400209584353,7
2024-09-20 14:10:34.713,429.5682163193098,15
2024-09-20 14:10:34.749,429.5325180842992,95
2024-09-20 14:10:34.864,429.5787701541505,1002
2024-09-20 14:10:34.866,429.55336561953305,105
2024-09-20 14:10:35.035,429.5363766387891,12
2024-09-20 14:10:35.104,429.5349099822613,98
2024-09-20 14:10:35.410,429.5308121542356,103
2024-09-20 14:10:36.476,429.517225699949,996
2024-09-20 14:10:36.582,429.5029426056644,97
2024-09-20 14:10:36.859,429.4894549762057,10
2024-09-20 14:10:36.956,429.4991527969705,1003
2024-09-20 14:10:36.997,429.5233783972512,995
2024-09-20 14:10:37.848,429.481039834887,95
2024-09-20 14:10:38.061,429.3886413307243,105
2024-09-20 14:10:38.126,429.5205606606667,5
2024-09-20 14:10:38.141,429.48309087748686,1003
2024-09-20 14:10:38.142,429.4430594178244,102
2024-09-20 14:10:38.169,429.4023301166931,1005
2024-09-20 14:10:38.173,429.4808403067882,8
2024-09-20 14:10:38.222,429.5064115740092,101
2024-09-20 14:10:38.234,429.4050557913561,15
2024-09-20 14:10:38.248,429.4727911143213,10
2024-09-20 14:10:38.322,429.4715069441218,99
2024-09-20 14:10:38.340,429.50238987699765,102
2024-09-20 14:10:38.382,429.4862946843785,1003
2024-09-20 14:10:38.393,429.3952081472073,12
2024-09-20 14:10:38.425,429.50085674870616,15
2024-09-20 14:10:38.431,429.41933991087296,95
2024-09-20 14:10:38.434,429.4332917896792,11
2024-09-20 14:10:38.446,429.4919963935843,5
2024-09-20 14:10:38.576,429.4278641716342,1005
2024-09-20 14:10:38.591,429.4003309821668,99
2024-09-20 14:10:38.593,429.4601495789824,998
2024-09-20 14:10:38.607,429.5067048808253,102
2024-09-20 14:10:38.654,429.4018862028085,12
2024-09-20 14:10:38.698,429.3896477079748,10
2024-09-20 14:10:38.702,429.4040855782737,98
2024-09-20 14:10:38.805,429.4054260965182,9
2024-09-20 14:10:38.854,429.3886279952906,998
2024-09-20 14:10:38.871,429.3837939899851,1003
2024-09-20 14:10:38.972,429.48416320204205,105
2024-09-20 14:10:39.119,429.4385417214207,11
2024-09-20 14:10:39.171,429.4307687454951,1003
2024-09-20 14:10:39.264,429.438015166464,996
2024-09-20 14:10:39.953,429.44407924883103,99
2024-09-20 14:10:40.062,429.4285052294373,997
2024-09-20 14:10:40.085,429.4501066224796,102
2024-09-20 14:10:40.155,,99
2024-09-20 14:10:40.165,429.4371653123162,1005
2024-09-20 14:10:40.194,429.4402432455108,1005
2024-09-20 14:10:40.431,429.4297565670893,997
2024-09-20 14:10:40.440,429.44664453611085,7
2024-09-20 14:10:40.577,429.4620115564292,998
2024-09-20 14:10:40.645,429.4420545248267,102
2024-09-20 14:10:40.667,429.4450644592573,999
2024-09-20 14:10:40.683,429.4554373623429,95
2024-09-20 14:10:40.727,429.4526599637884,5
2024-09-20 14:10:40.853,429.4406943375556,1002
2024-09-20 14:10:40.999,429.4567837631583,7
2024-09-20 14:10:41.063,429.3719788342537,103
2024-09-20 14:10:41.073,429.3763722890477,12
2024-09-20 14:10:41.326,429.4253173753471,15
2024-09-20 14:10:41.363,429.377263617856,1001
2024-09-20 14:10:41.406,429.37656097568566,996
2024-09-20 14:10:41.509,429.3929805014311,7
2024-09-20 14:10:41.974,429.3838253995637,1002
2024-09-20 14:10:42.991,429.3739649982357,12
2024-09-20 14:10:43.095,429.4561356616133,100
2024-09-20 14:10:43.184,429.3953297391826,15
2024-09-20 14:10:43.188,429.40313349786334,100
2024-09-20 14:10:43.235,42.936802360967526,95
2024-09-20 14:10:43.332,429.46904587593207,999
2024-09-20 14:10:43.390,429.4140569572709,100
2024-09-20 14:10:43.402,429.3706172821404,13
2024-09-20 14:10:43.432,429.4712442964268,10
2024-09-20 14:10:43.468,429.3699294150928,97
2024-09-20 14:10:43.501,429.41601530596586,6
2024-09-20 14:10:43.566,429.4868095028088,9
2024-09-20 14:10:43.579,429.475122602664,104
2024-09-20 14:10:43.653,429.4726141593843,98
2024-09-20 14:10:43.840,429.4010986602526,14
2024-09-20 14:10:43.855,,15
2024-09-20 14:10:43.874,429.4493998023847,101
2024-09-20 14:10:43.874,429.467529314895,7
2024-09-20 14:10:43.882,429.4550944727114,11
2024-09-20 14:10:43.895,429.48398052066136,14
2024-09-20 14:10:43.919,429.38759800008125,95
2024-09-20 14:10:44.027,429.4718612642422,997
2024-09-20 14:10:44.052,429.4891324268002,99
2024-09-20 14:10:44.112,429.4777862137423,15
2024-09-20 14:10:44.118,429.4735152656286,1004
2024-09-20 14:10:44.126,429.476624442334,995
2024-09-20 14:10:44.203,429.469222698178,96
2024-09-20 14:10:44.258,429.466782865348,12
2024-09-20 14:10:44.313,429.4779455918151,1001
2024-09-20 14:10:44.381,429.4849868975372,1002
2024-09-20 14:10:44.398,429.4715791029121,1004
2024-09-20 14:10:44.480,429.48151044356047,95
2024-09-20 14:10:44.537,429.4830789364907,1002
2024-09-20 14:10:44.610,429.466307273893,98
2024-09-20 14:10:44.628,429.4591500821956,105
2024-09-20 14:10:44.661,429.4855365826172,95
2024-09-20 14:10:44.723,429.4720580960397,1000
2024-09-20 14:10:44.795,429.4842624185882,99
2024-09-20 14:10:44.810,429.4683374934245,96
2024-09-20 14:10:44.851,429.4658164044821,7
2024-09-20 14:10:44.851,429.46299352758,96
2024-09-20 14:10:44.857,429.472238608356,998
2024-09-20 14:10:44.999,429.4882882858759,97
2024-09-20 14:10:45.027,429.4949629993961,997
2024-09-20 14:10:45.312,429.5012184327649,998
2024-09-20 14:10:45.378,429.5046322465904,6
2024-09-20 14:10:45.469,429.5186430254046,1000
2024-09-20 14:10:46.018,429.4955453918694,7
2024-09-20 14:10:46.144,-429.48032829053614,999
2024-09-20 14:10:46.166,429.517555343068,995
2024-09-20 14:10:46.166,429.500717690374,1000
2024-09-20 14:10:46.359,429.4809246863029,999
2024-09-20 14:10:46.363,429.51415548157934,1001
2024-09-20 14:10:46.368,429.4949730828105,6
2024-09-20 14:10:46.380,429.4856897653319,7
2024-09-20 14:10:46.398,429.53471566377664,96
2024-09-20 14:10:46.404,429.4699126992063,98
2024-09-20 14:10:46.471,429.5246786153374,999
2024-09-20 14:10:46.494,429.4812161133103,997
2024-09-20 14:10:46.511,429.50729534001294,1004
2024-09-20 14:10:46.541,429.547931631096,102
2024-09-20 14:10:46.542,429.50417717630137,8
2024-09-20 14:10:46.554,429.52614837665686,14
2024-09-20 14:10:46.626,429.4823883099558,102
2024-09-20 14:10:46.639,429.5195744661828,5
2024-09-20 14:10:46.701,429.47955324273926,996
2024-09-20 14:10:46.760,429.4968822291958,99
2024-09-20 14:10:46.765,429.4797727212047,96
2024-09-20 14:10:46.789,429.4853788611029,102
2024-09-20 14:10:46.850,429.51584380830144,98
2024-09-20 14:10:46.916,429.5014775619732,12
2024-09-20 14:10:46.961,429.5056786064888,1004
2024-09-20 14:10:47.086,429.4904122815193,998
2024-09-20 14:10:47.376,429.4933511917775,105
2024-09-20 14:10:47.451,429.4846361260473,1000
2024-09-20 14:10:47.451,429.5050817194752,1003
2024-09-20 14:10:47.631,429.5034169645081,8
2024-09-20 14:10:47.659,429.4830714533659,10
2024-09-20 14:10:47.758,429.5190368826738,1003
2024-09-20 14:10:47.926,429.4858824550984,997
2024-09-20 14:10:48.044,429.52259949430174,105
2024-09-20 14:10:48.095,429.5256169789369,1000
2024-09-20 14:10:48.101,429.5553504047808,15
2024-09-20 14:10:48.105,429.5228692130231,995
2024-09-20 14:10:48.133,429.51895006066326,96
2024-09-20 14:10:48.156,429.4853268103461,12
2024-09-20 14:10:48.285,429.5305762577162,9
2024-09-20 14:10:48.321,429.54716213315305,100
2024-09-20 14:10:48.358,429.5378682008254,9
2024-09-20 14:10:48.386,429.5448997634194,14
2024-09-20 14:10:48.387,429.54782252947257,104
2024-09-20 14:10:48.391,429.4977779257116,7
2024-09-20 14:10:48.474,429.534615156085,98
2024-09-20 14:10:48.528,429.5104020506865,101
2024-09-20 14:10:48.547,429.5147401181384,998
2024-09-20 14:10:48.574,429.5418202926386,1003
2024-09-20 14:10:48.597,429.5266400042566,1004
2024-09-20 14:10:48.631,-429.5100324862242,101
2024-09-20 14:10:48.742,429.5078517218192,104
2024-09-20 14:10:48.768,429.54676322722,11
2024-09-20 14:10:48.785,429.4987752713065,998
2024-09-20 14:10:48.837,429.4848665740536,103
2024-09-20 14:10:48.846,429.4890941565286,101
2024-09-20 14:10:48.996,429.5439130311343,998
2024-09-20 14:10:49.070,429.5569082575761,10
2024-09-20 14:10:49.109,429.52256314273,995
2024-09-20 14:10:49.532,429.5553931507836,105
2024-09-20 14:10:49.688,429.55920867121273,96
2024-09-20 14:10:49.790,429.54404634329074,15
2024-09-20 14:10:49.848,429.5051774086612,998
2024-09-20 14:10:49.893,429.5526093466013,997
2024-09-20 14:10:50.191,429.5066952877675,12
2024-09-20 14:10:50.256,429.5266472510908,8
2024-09-20 14:10:50.360,429.4989376820682,1000
2024-09-20 14:10:50.381,429.513802185958,10
2024-09-20 14:10:50.419,429.5322148573296,99
2024-09-20 14:10:50.427,429.51060393584646,1001
2024-09-20 14:10:50.458,429.52749354192906,1004
2024-09-20 14:10:50.533,429.5257644159115,15
2024-09-20 14:10:50.605,429.5178339164596,997
2024-09-20 14:10:50.611,429.5278248942855,10
2024-09-20 14:10:50.674,429.5264537780404,9
2024-09-20 14:10:50.706,429.5246917372373,11
2024-09-20 14:10:50.863,429.5275459640604,997
2024-09-20 14:10:51.078,429.450882205711,95
2024-09-20 14:10:51.092,429.5014750452265,8
2024-09-20 14:10:51.106,,100
2024-09-20 14:10:51.142,429.4344843260228,14
2024-09-20 14:10:51.182,429.4673298920492,5
2024-09-20 14:10:51.193,429.4464281350038,999
2024-09-20 14:10:51.220,429.48896359163246,995
2024-09-20 14:10:51.305,429.43482369067607,1000
2024-09-20 14:10:51.361,429.49285163783816,999
2024-09-20 14:10:51.417,429.46005528955993,96
2024-09-20 14:10:51.479,42.95020569181486,5
2024-09-20 14:10:51.558,429.4987736914207,103
2024-09-20 14:10:51.575,429.5060755129353,95
2024-09-20 14:10:51.576,429.45887322376433,104
2024-09-20 14:10:51.816,429.4784721893191,8
2024-09-20 14:10:52.106,42.94231046360175,98
2024-09-20 14:10:52.184,429.4243575817048,7
2024-09-20 14:10:52.280,429.4197300468404,15
2024-09-20 14:10:52.293,429.4198500948552,8
2024-09-20 14:10:52.296,429.4247207458222,98
2024-09-20 14:10:52.318,429.4210623138724,1003
2024-09-20 14:10:52.336,429.4112241495693,1005
2024-09-20 14:10:52.336,429.4151127493612,96
2024-09-20 14:10:52.355,429.4149166221195,9
2024-09-20 14:10:52.388,429.3784707662998,9
2024-09-20 14:10:52.392,429.4042683661352,6
2024-09-20 14:10:52.403,429.41708880036686,1003
2024-09-20 14:10:52.410,429.3895221524499,13
2024-09-20 14:10:52.412,429.39873209480254,101
2024-09-20 14:10:52.412,429.4179304477044,105
2024-09-20 14:10:52.611,429.4006167327095,999
2024-09-20 14:10:52.649,429.4130913029144,1005
2024-09-20 14:10:52.707,429.4195338305075,998
2024-09-20 14:10:52.750,429.4171950669132,1004
2024-09-20 14:10:52.792,429.422234455895,15
2024-09-20 14:10:52.887,429.3976462103617,996
2024-09-20 14:10:52.986,429.37733709073615,95
2024-09-20 14:10:52.986,429.37381089510166,103
2024-09-20 14:10:53.567,429.4031065167787,15
2024-09-20 14:10:54.014,429.3890263533913,1000
2024-09-20 14:10:54.680,429.391803214137,13
2024-09-20 14:10:55.334,429.36898263598647,98
2024-09-20 14:10:55.434,429.374269932788,995
2024-09-20 14:10:55.722,429.3723628654994,6
2024-09-20 14:10:56.058,429.3365875016352,99
2024-09-20 14:10:56.091,429.3538893566389,13
2024-09-20 14:10:56.208,429.3419185540078,98
2024-09-20 14:10:56.215,429.3609299816875,6
2024-09-20 14:10:56.282,429.37213636712346,995
2024-09-20 14:10:56.472,429.33427958598617,995
2024-09-20 14:10:56.479,429.370109621844,99
2024-09-20 14:10:56.606,429.3662237255134,100
2024-09-20 14:10:56.682,429.37050693902415,101
2024-09-20 14:10:56.851,429.3491840003852,11
2024-09-20 14:10:56.880,429.36269629792224,9
2024-09-20 14:10:56.927,429.35204996163,98
2024-09-20 14:10:56.937,429.3328381089659,1000
2024-09-20 14:10:56.995,429.3414233406916,996
2024-09-20 14:10:57.072,429.3544234553486,13
2024-09-20 14:10:57.073,429.3636986332078,1002
2024-09-20 14:10:57.521,429.3424577867738,96
2024-09-20 14:10:57.526,429.34241195027977,12
2024-09-20 14:10:58.108,429.3102522181936,102
2024-09-20 14:10:58.442,429.3149804074979,1005
2024-09-20 14:10:58.540,429.3520035278212,14
2024-09-20 14:10:58.555,429.306710308072,12
2024-09-20 14:10:58.575,429.31589902123113,13
2024-09-20 14:10:58.604,429.305930071714,14
2024-09-20 14:10:58.692,429.3512583364696,1001
2024-09-20 14:10:58.694,429.3086720801956,97
2024-09-20 14:10:58.709,429.33589054632847,8
2024-09-20 14:10:58.715,429.3436308137247,9
2024-09-20 14:10:58.858,429.3106012302262,996
2024-09-20 14:10:58.883,429.371728755094,997
2024-09-20 14:10:58.905,429.3281027609306,6
2024-09-20 14:10:58.998,429.305330734658,101
2024-09-20 14:10:59.003,429.3439691507606,1002
2024-09-20 14:10:59.024,429.3620725742953,101
2024-09-20 14:10:59.028,429.3493942167468,1003
2024-09-20 14:10:59.124,429.33371919007385,6
2024-09-20 14:10:59.127,429.35172123341954,103
2024-09-20 14:10:59.128,429.3703989102264,998
2024-09-20 14:10:59.154,429.3469878640884,12
2024-09-20 14:10:59.204,429.33646552608326,101
2024-09-20 14:10:59.208,429.3573210473253,102
2024-09-20 14:10:59.224,429.33520603160576,15
2024-09-20 14:10:59.245,429.35229352100566,997
2024-09-20 14:10:59.287,429.3738083736911,15
2024-09-20 14:10:59.326,429.3512611143997,103
2024-09-20 14:10:59.327,429.36293544778,997
2024-09-20 14:10:59.334,429.36458915050935,1004
2024-09-20 14:10:59.354,429.3531684183048,95
2024-09-20 14:10:59.474,429.3343052780622,12
2024-09-20 14:10:59.602,429.3405934810757,1002
2024-09-20 14:10:59.639,429.3209586575523,96
2024-09-20 14:10:59.641,429.3372939739124,1004
2024-09-20 14:10:59.668,429.3431947825377,1002
2024-09-20 14:10:59.756,429.3466983404968,1004
2024-09-20 14:10:59.925,429.3233244067679,101
2024-09-20 14:10:59.961,429.3395460056801,104
2024-09-20 14:10:59.989,429.3344868692695,9
