Timestamp,Price,Size
2024-09-20 12:36:00.025,428.4679844346205,998
2024-09-20 12:36:00.086,428.42315543121697,9
2024-09-20 12:36:00.091,428.461522410727,15
2024-09-20 12:36:00.139,428.4226245907848,98
2024-09-20 12:36:00.214,428.4373220410743,5
2024-09-20 12:36:00.237,428.4693725290825,997
2024-09-20 12:36:00.240,428.4279452559098,100
2024-09-20 12:36:00.281,428.4632480692391,6
2024-09-20 12:36:00.293,428.4335945082266,9
2024-09-20 12:36:00.367,42.842519958304166,9
2024-09-20 12:36:00.393,428.4783829077041,105
2024-09-20 12:36:00.400,428.4670306789711,998
2024-09-20 12:36:00.428,428.4568548736693,102
2024-09-20 12:36:00.471,428.4348547466433,14
2024-09-20 12:36:00.488,428.4124632199785,1004
2024-09-20 12:36:00.507,428.4138432223448,97
2024-09-20 12:36:00.604,428.4301148935986,97
2024-09-20 12:36:00.610,428.4279997462347,1003
2024-09-20 12:36:00.663,428.4675022393156,997
2024-09-20 12:36:00.681,428.43846635899337,98
2024-09-20 12:36:00.683,428.4269170093645,105
2024-09-20 12:36:00.688,428.4400390266931,1002
2024-09-20 12:36:00.697,428.44208205246696,10
2024-09-20 12:36:00.731,,99
2024-09-20 12:36:00.773,428.4142522913987,999
2024-09-20 12:36:00.795,428.4129648032078,13
2024-09-20 12:36:00.809,428.4226807946416,1004
2024-09-20 12:36:00.915,428.4491484279525,1000
2024-09-20 12:36:00.966,428.4266640407493,7
2024-09-20 12:36:00.992,428.3962440968714,95
2024-09-20 12:36:01.008,428.3739929620287,101
2024-09-20 12:36:01.044,428.3792930864043,997
2024-09-20 12:36:01.060,428.37758452192594,999
2024-09-20 12:36:01.082,428.3524694062832,100
2024-09-20 12:36:01.089,428.3627658084467,12
2024-09-20 12:36:01.126,428.3497386039124,95
2024-09-20 12:36:01.210,428.39668826075945,95
2024-09-20 12:36:01.217,428.39016303165306,15
2024-09-20 12:36:01.225,428.34548778116607,1000
2024-09-20 12:36:01.556,428.3808163896951,999
2024-09-20 12:36:01.603,428.394744225944,1001
2024-09-20 12:36:01.608,428.40592302549726,1005
2024-09-20 12:36:01.666,428.3382418220039,6
2024-09-20 12:36:01.808,428.3664865843438,104
2024-09-20 12:36:01.832,428.3488541365549,103
2024-09-20 12:36:01.842,428.32774408937775,105
2024-09-20 12:36:01.878,428.3949738933906,1003
2024-09-20 12:36:01.928,428.4092522736855,95
2024-09-20 12:36:01.961,428.3241303320996,96
2024-09-20 12:36:02.035,428.3617209678059,996
2024-09-20 12:36:02.088,428.3576777395107,1001
2024-09-20 12:36:02.273,428.3635375420552,5
2024-09-20 12:36:02.333,428.3631932192952,98
2024-09-20 12:36:02.380,428.355247075606,997
2024-09-20 12:36:02.418,42.83739381668839,6
2024-09-20 12:36:02.467,428.3577113973046,1000
2024-09-20 12:36:02.485,428.3486810122018,104
2024-09-20 12:36:02.513,428.3590639025684,999
2024-09-20 12:36:02.718,428.3451318291024,997
2024-09-20 12:36:02.774,428.3660410617748,11
2024-09-20 12:36:02.783,428.3741618378445,996
2024-09-20 12:36:02.807,428.3756608517728,102
2024-09-20 12:36:02.895,428.3697919706683,9
2024-09-20 12:36:02.904,428.322689667998,10
2024-09-20 12:36:02.997,428.316273280771,14
2024-09-20 12:36:03.001,428.3416226168728,1005
2024-09-20 12:36:03.012,428.36047274356594,95
2024-09-20 12:36:03.035,428.3419357077111,1002
2024-09-20 12:36:03.076,428.3665319537987,999
2024-09-20 12:36:03.132,428.3595628698467,14
2024-09-20 12:36:03.175,428.3619995703541,997
2024-09-20 12:36:03.224,428.3795596459658,14
2024-09-20 12:36:03.227,428.3661957594571,101
2024-09-20 12:36:03.242,428.37844327724025,102
2024-09-20 12:36:03.255,428.33418739438366,15
2024-09-20 12:36:03.286,428.379125734619,999
2024-09-20 12:36:03.343,428.3618945586558,7
2024-09-20 12:36:03.345,428.3303900515714,101
2024-09-20 12:36:03.349,428.3215230740539,97
2024-09-20 12:36:03.378,428.3782582800744,10
2024-09-20 12:36:03.479,428.3796705983447,98
2024-09-20 12:36:03.544,428.3593599633105,999
2024-09-20 12:36:03.573,428.3520554899022,1001
2024-09-20 12:36:03.620,428.3697928652199,998
2024-09-20 12:36:03.781,428.3388145827979,10
2024-09-20 12:36:03.792,428.3188833209553,996
2024-09-20 12:36:03.793,428.34893142231687,105
2024-09-20 12:36:03.850,428.3667815620776,95
2024-09-20 12:36:03.991,428.3417966859266,1002
2024-09-20 12:36:04.161,428.30566127788,96
2024-09-20 12:36:04.323,428.3383686996447,8
2024-09-20 12:36:04.364,428.3189035525771,105
2024-09-20 12:36:04.429,428.3298945977205,1005
2024-09-20 12:36:04.485,428.3113421814424,1000
2024-09-20 12:36:05.027,,95
2024-09-20 12:36:05.038,428.2639012106745,101
2024-09-20 12:36:05.073,428.2706091360311,11
2024-09-20 12:36:05.177,428.2331957608391,1000
2024-09-20 12:36:05.216,428.2795618774393,11
2024-09-20 12:36:05.247,428.25872059482896,5
2024-09-20 12:36:05.327,428.2615194670896,1002
2024-09-20 12:36:05.348,428.27778506886943,8
2024-09-20 12:36:05.424,428.2622892143477,95
2024-09-20 12:36:05.431,428.3186353836677,100
2024-09-20 12:36:05.531,428.2895463965871,998
2024-09-20 12:36:05.667,428.2910434840929,96
2024-09-20 12:36:05.708,428.28425511601546,104
2024-09-20 12:36:05.777,428.3059537356954,998
2024-09-20 12:36:05.796,428.2832118690055,104
2024-09-20 12:36:05.852,428.2884120163885,13
2024-09-20 12:36:05.861,428.2819579320158,15
2024-09-20 12:36:05.958,428.2660995643056,102
2024-09-20 12:36:06.013,-428.21279960194585,1003
2024-09-20 12:36:06.064,428.2188238497791,99
2024-09-20 12:36:06.173,428.2015397124116,7
2024-09-20 12:36:06.206,428.17927486298726,5
2024-09-20 12:36:06.209,428.0964598159743,1004
2024-09-20 12:36:06.209,428.22352163871176,98
2024-09-20 12:36:06.217,428.21003429968766,999
2024-09-20 12:36:06.328,428.1763168698516,101
2024-09-20 12:36:06.335,428.23482276842105,12
2024-09-20 12:36:06.364,428.2331592090647,95
2024-09-20 12:36:06.423,428.0749647473836,7
2024-09-20 12:36:06.494,428.1778090174206,11
2024-09-20 12:36:06.505,428.2335755596781,996
2024-09-20 12:36:06.528,428.2314096990395,13
2024-09-20 12:36:06.561,428.2163041159739,6
2024-09-20 12:36:06.683,428.159524584092,100
2024-09-20 12:36:06.683,428.1538145299572,14
2024-09-20 12:36:06.775,428.1288052319634,102
2024-09-20 12:36:06.815,428.072615033656,996
2024-09-20 12:36:06.866,428.2178670912432,102
2024-09-20 12:36:06.868,428.1545403007095,14
2024-09-20 12:36:06.894,428.2287230143341,102
2024-09-20 12:36:06.947,428.1620084717418,105
2024-09-20 12:36:06.989,428.1002512097807,99
2024-09-20 12:36:06.999,428.1423370561112,100
2024-09-20 12:36:07.024,428.05669023064416,9
2024-09-20 12:36:07.106,428.03164185373214,95
2024-09-20 12:36:07.217,428.0499212027402,104
2024-09-20 12:36:07.222,428.06017445419,13
2024-09-20 12:36:07.239,428.0586432259794,12
2024-09-20 12:36:07.246,428.0539746953379,105
2024-09-20 12:36:07.254,428.0761698223067,14
2024-09-20 12:36:07.289,428.0464144336306,998
2024-09-20 12:36:07.366,428.0513939259025,10
2024-09-20 12:36:07.470,428.02784981242826,9
2024-09-20 12:36:07.509,428.0139183569117,8
2024-09-20 12:36:07.517,428.06831177016255,1004
2024-09-20 12:36:07.587,428.0599638192946,8
2024-09-20 12:36:07.772,428.0436721809722,6
2024-09-20 12:36:07.836,428.0680267611463,1003
2024-09-20 12:36:07.843,428.0380970833381,995
2024-09-20 12:36:07.959,428.0771869591353,998
2024-09-20 12:36:08.013,428.0819693970581,998
2024-09-20 12:36:08.017,428.1662440712566,95
2024-09-20 12:36:08.048,428.0724344770106,99
2024-09-20 12:36:08.057,428.16296381299856,997
2024-09-20 12:36:08.067,428.0770782598199,998
2024-09-20 12:36:08.084,428.1607227786205,98
2024-09-20 12:36:08.098,428.0805435399108,98
2024-09-20 12:36:08.136,428.0804880773965,97
2024-09-20 12:36:08.145,428.0616459675471,99
2024-09-20 12:36:08.165,428.0782507259787,1005
2024-09-20 12:36:08.175,428.0218494736354,995
2024-09-20 12:36:08.213,428.0942123769997,14
2024-09-20 12:36:08.255,428.12860610485217,97
2024-09-20 12:36:08.273,428.1383113223356,12
2024-09-20 12:36:08.349,428.02974341153134,6
2024-09-20 12:36:08.358,428.1152321612686,9
2024-09-20 12:36:08.407,428.16501345200913,104
2024-09-20 12:36:08.416,428.0789765688568,101
2024-09-20 12:36:08.426,428.0459348158689,995
2024-09-20 12:36:08.475,428.1277449280425,96
2024-09-20 12:36:08.603,428.16005980267136,995
2024-09-20 12:36:08.612,428.1042209509458,101
2024-09-20 12:36:08.663,428.0815027300833,13
2024-09-20 12:36:08.795,428.1629079780133,97
2024-09-20 12:36:08.814,42.8134820302542,1005
2024-09-20 12:36:08.847,428.0778651104697,101
2024-09-20 12:36:08.888,428.15960683463584,9
2024-09-20 12:36:08.940,428.1532409945028,7
2024-09-20 12:36:08.996,,999
2024-09-20 12:36:09.065,428.1467559843073,995
2024-09-20 12:36:09.083,428.1497101255221,1003
2024-09-20 12:36:09.108,428.1525231129943,96
2024-09-20 12:36:09.173,428.1529079898682,99
2024-09-20 12:36:09.230,428.16097031040056,104
2024-09-20 12:36:09.273,428.1474873251884,1005
2024-09-20 12:36:09.312,428.1337312631544,5
2024-09-20 12:36:09.388,428.12056821980747,1004
2024-09-20 12:36:09.453,428.1475750867421,1000
2024-09-20 12:36:09.640,428.1722036069896,99
2024-09-20 12:36:09.741,428.1365067315994,104
2024-09-20 12:36:10.007,428.12942449358303,10
2024-09-20 12:36:10.011,428.1340851616765,1005
2024-09-20 12:36:10.054,428.1266452041137,102
2024-09-20 12:36:10.089,428.148208273892,102
2024-09-20 12:36:10.120,428.1441108294384,6
2024-09-20 12:36:10.133,428.1265539510164,995
2024-09-20 12:36:10.154,428.15395690870486,13
2024-09-20 12:36:10.172,428.1429000654288,102
2024-09-20 12:36:10.214,428.151582204504,99
2024-09-20 12:36:10.246,428.1116162209779,1004
2024-09-20 12:36:10.299,428.11964562576674,998
2024-09-20 12:36:10.309,428.117011469487,103
2024-09-20 12:36:10.364,428.158707768537,99
2024-09-20 12:36:10.397,428.1355334043658,95
2024-09-20 12:36:10.418,428.1130471694672,10
2024-09-20 12:36:10.483,428.1647832957569,103
2024-09-20 12:36:10.581,428.1673390994607,12
2024-09-20 12:36:10.589,428.1246655403467,999
2024-09-20 12:36:10.614,428.1308347778482,998
2024-09-20 12:36:10.621,428.1189769813342,8
2024-09-20 12:36:10.653,428.1419259617832,103
2024-09-20 12:36:10.687,428.1520373728645,1003
2024-09-20 12:36:10.698,428.1574874815981,15
2024-09-20 12:36:10.767,428.11844008309896,9
2024-09-20 12:36:10.797,428.1542618316851,998
2024-09-20 12:36:10.843,428.1192660087517,995
2024-09-20 12:36:10.934,428.1631837944613,7
2024-09-20 12:36:11.105,428.1666703762537,995
2024-09-20 12:36:11.194,428.14787785589294,97
2024-09-20 12:36:11.262,428.1671673896169,7
2024-09-20 12:36:11.458,428.15214345037816,1001
2024-09-20 12:36:11.477,428.1729479607072,98
2024-09-20 12:36:11.514,428.1839578422116,99
2024-09-20 12:36:11.524,428.1658127999639,1000
2024-09-20 12:36:11.603,428.1472502072804,10
2024-09-20 12:36:11.614,428.17282497912447,997
2024-09-20 12:36:11.654,428.1586958691751,6
2024-09-20 12:36:11.661,428.1466186718969,13
2024-09-20 12:36:11.768,428.1832188056679,97
2024-09-20 12:36:11.783,428.1877571234643,105
2024-09-20 12:36:11.828,428.1697971223785,7
2024-09-20 12:36:11.854,428.1786081880252,999
2024-09-20 12:36:11.855,428.13587441375233,1004
2024-09-20 12:36:11.976,428.16453192344335,1001
2024-09-20 12:36:11.985,428.1853547163072,8
2024-09-20 12:36:12.003,428.1477701608337,999
2024-09-20 12:36:12.099,428.1486563487302,6
2024-09-20 12:36:12.157,428.18429039936535,104
2024-09-20 12:36:12.343,428.15726255326416,10
2024-09-20 12:36:12.347,428.1506686046424,6
2024-09-20 12:36:12.463,428.1642624097851,12
2024-09-20 12:36:12.816,428.1562503388547,6
2024-09-20 12:36:12.870,428.1727080702471,9
2024-09-20 12:36:12.890,428.1543483953864,10
2024-09-20 12:36:12.938,428.15030407072527,997
2024-09-20 12:36:13.006,428.15818153021087,95
2024-09-20 12:36:13.157,428.1601263019359,7
2024-09-20 12:36:13.186,428.1619168022122,1005
2024-09-20 12:36:13.264,428.1405015791341,15
2024-09-20 12:36:13.315,428.1489379530156,103
2024-09-20 12:36:13.322,428.1641239394496,995
2024-09-20 12:36:13.364,428.1361311831472,1000
2024-09-20 12:36:13.431,428.1371729046277,1004
2024-09-20 12:36:13.436,428.1608731873929,96
2024-09-20 12:36:13.524,428.1451384418272,1000
2024-09-20 12:36:13.543,428.157906723753,100
2024-09-20 12:36:13.611,428.1368402997117,5
2024-09-20 12:36:13.822,42.81528105291014,7
2024-09-20 12:36:13.868,428.16407654606064,995
2024-09-20 12:36:13.998,428.1630052950079,9
2024-09-20 12:36:14.771,428.1392097587956,1001
2024-09-20 12:36:14.944,428.1505030717877,99
2024-09-20 12:36:15.126,428.2081472050341,14
2024-09-20 12:36:15.179,428.1958263812273,102
2024-09-20 12:36:15.466,428.1901697445121,1001
2024-09-20 12:36:15.623,428.2607611744925,6
2024-09-20 12:36:15.632,428.21536685836014,12
2024-09-20 12:36:15.645,428.1777502143792,102
2024-09-20 12:36:15.662,428.1725183514287,13
2024-09-20 12:36:15.699,428.22205590263343,11
2024-09-20 12:36:15.810,428.1742117780116,8
2024-09-20 12:36:15.819,428.1616905704427,101
2024-09-20 12:36:15.859,428.2442472156193,997
2024-09-20 12:36:15.943,428.1597818266937,10
2024-09-20 12:36:15.953,428.1755647904131,95
2024-09-20 12:36:15.970,428.186505359226,1000
2024-09-20 12:36:16.342,428.2601379236655,99
2024-09-20 12:36:16.864,428.2584366641027,104
2024-09-20 12:36:16.931,428.2602979306977,10
2024-09-20 12:36:16.939,428.2515956423542,98
2024-09-20 12:36:17.218,428.2514527409285,1005
2024-09-20 12:36:17.759,428.2487786514332,5
2024-09-20 12:36:17.809,428.2445308294925,995
2024-09-20 12:36:18.046,428.20681040867817,14
2024-09-20 12:36:18.062,428.14825521982345,998
2024-09-20 12:36:18.082,428.1795116005288,95
2024-09-20 12:36:18.208,428.2257618449963,11
2024-09-20 12:36:18.227,428.1954325094388,999
2024-09-20 12:36:18.250,428.22314889461455,8
2024-09-20 12:36:18.318,428.1569880401056,7
2024-09-20 12:36:18.323,428.2312941549332,1005
2024-09-20 12:36:18.384,428.2326781175322,1003
2024-09-20 12:36:18.386,428.22438542277,100
2024-09-20 12:36:18.399,428.1818260566319,10
2024-09-20 12:36:18.425,428.2244433712338,8
2024-09-20 12:36:18.439,428.2272767285341,1003
2024-09-20 12:36:18.469,428.2333159708692,15
2024-09-20 12:36:18.513,428.2151962657597,6
2024-09-20 12:36:18.521,428.2372035733693,12
2024-09-20 12:36:18.625,428.1732728455439,12
2024-09-20 12:36:18.713,428.2337413045353,1001
2024-09-20 12:36:18.843,42.82379207304126,1002
2024-09-20 12:36:18.897,428.1280286593213,97
2024-09-20 12:36:18.901,428.1978733506204,104
2024-09-20 12:36:18.951,428.1447339460888,95
2024-09-20 12:36:18.963,428.1877074964671,6
2024-09-20 12:36:20.158,428.1012022679464,101
2024-09-20 12:36:20.205,428.1095513030729,1005
2024-09-20 12:36:20.262,428.1291136197421,1000
2024-09-20 12:36:20.269,428.10485287289873,14
2024-09-20 12:36:20.287,428.0824441857269,1003
2024-09-20 12:36:20.438,428.08616367371184,98
2024-09-20 12:36:20.442,428.1044476999111,996
2024-09-20 12:36:20.447,428.0979757210607,104
2024-09-20 12:36:20.471,428.07627014347713,104
2024-09-20 12:36:20.495,428.11129826619646,996
2024-09-20 12:36:20.538,428.1298173302089,97
2024-09-20 12:36:20.565,428.0939008677499,15
2024-09-20 12:36:20.608,428.07671158953343,9
2024-09-20 12:36:20.632,428.0927395920303,97
2024-09-20 12:36:20.714,428.0976144001779,5
2024-09-20 12:36:20.842,428.09271574906194,98
2024-09-20 12:36:20.885,428.1431654685242,96
2024-09-20 12:36:20.900,428.0689142392836,5
2024-09-20 12:36:20.977,428.0703689199349,97
2024-09-20 12:36:20.982,428.0875821531971,1005
2024-09-20 12:36:21.118,428.0728549419683,1000
2024-09-20 12:36:21.570,428.0729963112936,96
2024-09-20 12:36:22.107,428.07925872593614,1001
2024-09-20 12:36:22.236,-428.10589783899655,5
2024-09-20 12:36:22.251,428.0824823792774,15
2024-09-20 12:36:22.268,428.100265338363,98
2024-09-20 12:36:22.360,428.08437314439294,995
2024-09-20 12:36:22.441,428.0978551036004,997
2024-09-20 12:36:22.555,428.088587548702,10
2024-09-20 12:36:22.567,428.08358596514586,1002
2024-09-20 12:36:22.960,428.0826116177354,8
2024-09-20 12:36:23.079,428.1397580159662,103
2024-09-20 12:36:23.093,428.1213462552921,10
2024-09-20 12:36:23.110,428.1115052335437,14
2024-09-20 12:36:23.149,428.1406925159205,996
2024-09-20 12:36:23.153,428.1460408737863,9
2024-09-20 12:36:23.199,428.13272751291504,9
2024-09-20 12:36:23.402,428.1318574626912,95
2024-09-20 12:36:23.446,428.1253728694676,6
2024-09-20 12:36:23.491,428.1562063878584,103
2024-09-20 12:36:23.499,428.15642231206857,105
2024-09-20 12:36:23.505,428.1165616623595,14
2024-09-20 12:36:23.508,428.160823905645,1005
2024-09-20 12:36:23.521,428.1411045756578,1002
2024-09-20 12:36:23.633,428.1343658898116,996
2024-09-20 12:36:23.641,428.1053013311264,95
2024-09-20 12:36:23.665,428.1243305345381,15
2024-09-20 12:36:23.707,428.1083754446064,1002
2024-09-20 12:36:23.801,428.1292106945515,1005
2024-09-20 12:36:23.818,428.12141308891233,15
2024-09-20 12:36:23.818,428.1398889800483,996
2024-09-20 12:36:23.851,428.10973620366354,13
2024-09-20 12:36:23.854,428.1163116661475,1001
2024-09-20 12:36:23.895,428.1455075278072,5
2024-09-20 12:36:23.916,428.12486821562334,996
2024-09-20 12:36:23.935,428.1464202431778,95
2024-09-20 12:36:23.944,428.1529601897518,1005
2024-09-20 12:36:24.036,428.0094538903108,996
2024-09-20 12:36:24.066,428.0392330037132,8
2024-09-20 12:36:24.086,428.0213947581945,1005
2024-09-20 12:36:24.171,428.0347529645357,5
2024-09-20 12:36:24.182,428.0333888967984,1000
2024-09-20 12:36:24.207,428.0234945546322,15
2024-09-20 12:36:24.221,428.0113240271887,6
2024-09-20 12:36:24.246,428.1267719870638,1003
2024-09-20 12:36:24.260,428.0280455172119,8
2024-09-20 12:36:24.293,428.0535864181005,6
2024-09-20 12:36:24.443,428.1415953328277,995
2024-09-20 12:36:24.475,428.01778138967336,9
2024-09-20 12:36:24.494,428.01704043701,103
2024-09-20 12:36:24.517,428.0874659073388,13
2024-09-20 12:36:24.527,428.1239172673927,104
2024-09-20 12:36:24.535,428.05984988649647,101
2024-09-20 12:36:24.636,428.04686155176006,99
2024-09-20 12:36:24.649,428.0460641908757,8
2024-09-20 12:36:24.665,428.10786911771305,11
2024-09-20 12:36:24.669,428.05042996792776,103
2024-09-20 12:36:24.701,428.1333363503916,1000
2024-09-20 12:36:24.753,428.0401395325638,1005
2024-09-20 12:36:24.760,428.00721270739285,1000
2024-09-20 12:36:24.785,428.04442232599536,104
2024-09-20 12:36:24.864,428.0787732398979,103
2024-09-20 12:36:24.869,428.0609157635963,103
2024-09-20 12:36:24.877,428.04322211291833,5
2024-09-20 12:36:24.903,428.0223827894346,7
2024-09-20 12:36:24.907,428.0398778150944,13
2024-09-20 12:36:25.005,428.0814408019012,9
2024-09-20 12:36:25.038,428.0325791924912,997
2024-09-20 12:36:25.204,428.0745459845847,13
2024-09-20 12:36:25.245,428.0806174819044,105
2024-09-20 12:36:25.376,428.0900461803559,998
2024-09-20 12:36:25.436,428.08529066365895,96
2024-09-20 12:36:25.529,428.068927253311,97
2024-09-20 12:36:25.689,428.0728766166307,103
2024-09-20 12:36:25.703,428.0539861915302,96
2024-09-20 12:36:25.821,428.0789391549204,6
2024-09-20 12:36:25.929,428.0693697106125,6
2024-09-20 12:36:25.975,428.08136288302654,998
2024-09-20 12:36:26.079,428.0524219997779,11
2024-09-20 12:36:26.101,428.1265196032672,8
2024-09-20 12:36:26.118,428.0695403945225,103
2024-09-20 12:36:26.129,428.0659940646448,1000
2024-09-20 12:36:26.161,428.0930835846242,100
2024-09-20 12:36:26.167,428.069206459271,8
2024-09-20 12:36:26.194,428.08481142478223,98
2024-09-20 12:36:26.196,428.03876388486646,99
2024-09-20 12:36:26.249,428.05334061570926,15
2024-09-20 12:36:26.270,428.09117858710215,6
2024-09-20 12:36:26.321,428.1024392146473,995
2024-09-20 12:36:26.348,428.1135379525823,99
2024-09-20 12:36:26.393,428.1351859209876,1003
2024-09-20 12:36:26.407,428.09888702834286,1003
2024-09-20 12:36:26.447,428.1124589081628,12
2024-09-20 12:36:26.535,428.046002150234,100
2024-09-20 12:36:26.663,428.0708424500875,13
2024-09-20 12:36:26.694,428.1015337959551,1004
2024-09-20 12:36:26.726,428.0917793253354,13
2024-09-20 12:36:26.752,428.07083756669664,103
2024-09-20 12:36:26.848,428.0933280415617,102
2024-09-20 12:36:26.862,428.0641302949473,11
2024-09-20 12:36:26.893,428.1019816728565,1003
2024-09-20 12:36:26.893,428.0575884051688,105
2024-09-20 12:36:26.914,428.1114686654821,97
2024-09-20 12:36:26.920,-428.0767632898814,997
2024-09-20 12:36:26.920,428.10604915139936,10
2024-09-20 12:36:26.938,428.0612825207709,996
2024-09-20 12:36:26.955,428.0502236391744,1005
2024-09-20 12:36:27.213,428.08924194405256,14
2024-09-20 12:36:27.404,428.0970200909679,104
2024-09-20 12:36:27.521,428.1188277530884,1005
2024-09-20 12:36:27.616,428.1001160053672,9
2024-09-20 12:36:27.800,428.0941020898516,1005
2024-09-20 12:36:27.954,428.0977522730541,12
2024-09-20 12:36:28.003,428.10669604339313,7
2024-09-20 12:36:28.043,428.1362943051792,11
2024-09-20 12:36:28.166,428.17628889463606,12
2024-09-20 12:36:28.247,428.1658000810424,6
2024-09-20 12:36:28.330,428.1516596719793,999
2024-09-20 12:36:28.406,428.1229090961632,97
2024-09-20 12:36:28.420,428.1151373462792,98
2024-09-20 12:36:28.500,428.1557757616574,104
2024-09-20 12:36:28.538,428.1727783802406,15
2024-09-20 12:36:28.660,428.1614328944557,95
2024-09-20 12:36:28.721,428.1331775700645,14
2024-09-20 12:36:28.734,428.1340578924521,1000
2024-09-20 12:36:28.981,428.1025885098629,1003
2024-09-20 12:36:29.035,428.15684760723263,1005
2024-09-20 12:36:29.076,428.1763634797797,12
2024-09-20 12:36:29.078,428.14785294704814,11
2024-09-20 12:36:29.119,42.81628708333084,99
2024-09-20 12:36:29.208,428.15625493260967,998
2024-09-20 12:36:29.212,428.1478631787787,102
2024-09-20 12:36:29.256,428.1538968521984,996
2024-09-20 12:36:29.258,428.1683285658443,9
2024-09-20 12:36:29.276,428.1884003661791,1001
2024-09-20 12:36:29.299,428.1347376985197,101
2024-09-20 12:36:29.326,428.21111541190936,101
2024-09-20 12:36:29.369,428.14510321841175,1004
2024-09-20 12:36:29.385,428.1578428829388,96
2024-09-20 12:36:29.428,428.1895510056485,999
2024-09-20 12:36:29.430,-428.1542547963236,103
2024-09-20 12:36:29.521,428.14939441439753,14
2024-09-20 12:36:29.569,428.1578194654429,1001
2024-09-20 12:36:29.583,428.148798334892,13
2024-09-20 12:36:29.759,428.1499693490187,97
2024-09-20 12:36:29.782,428.1462010455012,100
2024-09-20 12:36:29.839,428.1916537621095,7
2024-09-20 12:36:29.844,428.1493017782356,97
2024-09-20 12:36:29.923,428.1859086474064,1001
2024-09-20 12:36:29.936,428.1574854549416,1001
2024-09-20 12:36:29.951,428.195038603705,11
2024-09-20 12:36:30.030,428.13762260873,14
2024-09-20 12:36:30.044,428.1988280221366,105
2024-09-20 12:36:30.089,428.2059159096429,11
2024-09-20 12:36:30.123,428.18131497088126,5
2024-09-20 12:36:30.170,-428.1880042788644,997
2024-09-20 12:36:30.198,428.17603459968575,8
2024-09-20 12:36:30.270,428.11017535975145,102
2024-09-20 12:36:30.273,428.1423937077621,5
2024-09-20 12:36:30.286,428.15020876538665,1004
2024-09-20 12:36:30.319,428.1763353504119,14
2024-09-20 12:36:30.451,428.17588329574136,8
2024-09-20 12:36:30.454,428.18530849855233,13
2024-09-20 12:36:30.526,428.1759255007789,95
2024-09-20 12:36:30.578,428.1476194477371,10
2024-09-20 12:36:30.597,428.134302552342,1001
2024-09-20 12:36:30.701,428.1916940146156,1005
2024-09-20 12:36:30.708,428.1516600091607,1005
2024-09-20 12:36:30.727,428.1825635721258,7
2024-09-20 12:36:30.758,428.1920667536031,1003
2024-09-20 12:36:30.775,428.20421909781726,1005
2024-09-20 12:36:30.776,428.171618576572,12
2024-09-20 12:36:30.786,428.18641404154727,99
2024-09-20 12:36:30.825,428.1272445663282,103
2024-09-20 12:36:30.843,428.21060906006295,5
2024-09-20 12:36:30.914,428.14334291031895,96
2024-09-20 12:36:30.934,428.1524015127298,101
2024-09-20 12:36:30.935,428.1952003755425,103
2024-09-20 12:36:30.937,428.1921379720544,95
2024-09-20 12:36:30.975,428.18520464845454,5
2024-09-20 12:36:31.001,428.0515529192037,995
2024-09-20 12:36:31.015,428.0577406183435,98
2024-09-20 12:36:31.016,428.1369567580644,1005
2024-09-20 12:36:31.034,428.05624882716114,1000
2024-09-20 12:36:31.075,428.04954667184256,99
2024-09-20 12:36:31.093,428.1786299525053,101
2024-09-20 12:36:31.127,428.14512813029097,9
2024-09-20 12:36:31.130,428.1172489807082,97
2024-09-20 12:36:31.187,428.0569932260232,15
2024-09-20 12:36:31.191,428.1152297595004,100
2024-09-20 12:36:31.281,428.14077538287,99
2024-09-20 12:36:31.323,428.13029908992326,997
2024-09-20 12:36:31.343,428.14656392451406,1005
2024-09-20 12:36:31.347,428.1296899366369,7
2024-09-20 12:36:31.368,428.0485589188143,14
2024-09-20 12:36:31.404,428.0451313944498,9
2024-09-20 12:36:31.582,428.14418097385743,1000
2024-09-20 12:36:31.682,428.1406130312696,96
2024-09-20 12:36:31.692,428.086991142604,97
2024-09-20 12:36:31.756,428.0619396899542,97
2024-09-20 12:36:31.784,428.10998326000936,98
2024-09-20 12:36:31.791,428.15286547367634,104
2024-09-20 12:36:31.905,428.1493421873504,5
2024-09-20 12:36:31.949,428.1113241590553,1003
2024-09-20 12:36:31.966,428.1590695192198,103
2024-09-20 12:36:32.042,428.06707152899344,96
2024-09-20 12:36:32.091,428.0075173018541,100
2024-09-20 12:36:32.297,428.0338635992968,97
2024-09-20 12:36:32.528,428.0498181122623,95
2024-09-20 12:36:32.573,428.0419947198553,97
2024-09-20 12:36:32.704,428.01942064298873,996
2024-09-20 12:36:32.714,428.0558608670881,95
2024-09-20 12:36:32.731,428.04705100507545,100
2024-09-20 12:36:32.804,428.0403355357011,998
2024-09-20 12:36:32.848,428.0632953490801,11
2024-09-20 12:36:32.958,428.04344034316057,1004
2024-09-20 12:36:32.981,428.0506474658501,104
2024-09-20 12:36:33.096,428.0134692561724,95
2024-09-20 12:36:33.107,428.00297611665934,99
2024-09-20 12:36:33.134,428.0273959140475,103
2024-09-20 12:36:33.151,428.0145654556508,98
2024-09-20 12:36:33.187,-42.79587948906302,8
2024-09-20 12:36:33.316,428.0250645154516,997
2024-09-20 12:36:33.323,427.9323427506934,15
2024-09-20 12:36:33.334,427.9401162918614,102
2024-09-20 12:36:33.391,427.92654477040713,8
2024-09-20 12:36:33.523,427.9415155117785,995
2024-09-20 12:36:33.523,427.9681813125087,999
2024-09-20 12:36:33.586,427.9512918847215,95
2024-09-20 12:36:33.595,428.035756121032,998
2024-09-20 12:36:33.613,427.9350377533435,12
2024-09-20 12:36:33.637,428.0252228492645,8
2024-09-20 12:36:33.694,427.9512706418107,100
2024-09-20 12:36:33.731,427.96541868030994,6
2024-09-20 12:36:33.781,428.0079252220235,102
2024-09-20 12:36:33.786,427.9912392955997,8
2024-09-20 12:36:33.794,428.0408587931036,1003
2024-09-20 12:36:33.873,427.9458223164319,15
2024-09-20 12:36:33.944,428.0318846578904,105
2024-09-20 12:36:33.980,428.0337478621093,10
2024-09-20 12:36:34.100,427.9887217440569,1000
2024-09-20 12:36:34.141,428.067999304859,13
2024-09-20 12:36:34.182,427.9801455623568,1003
2024-09-20 12:36:34.298,427.9759484930012,1001
2024-09-20 12:36:34.323,428.06050907918495,13
2024-09-20 12:36:34.328,428.05909387933553,6
2024-09-20 12:36:34.408,428.06130879448574,14
2024-09-20 12:36:34.437,428.048640807184,95
2024-09-20 12:36:34.483,428.0571035846653,1001
2024-09-20 12:36:34.532,428.037770272161,1000
2024-09-20 12:36:34.556,428.0578080328832,996
2024-09-20 12:36:34.628,428.0129892717814,14
2024-09-20 12:36:34.677,428.0235764449389,99
2024-09-20 12:36:34.705,,15
2024-09-20 12:36:34.716,428.03220075215467,1004
2024-09-20 12:36:34.718,427.9548531465701,1005
2024-09-20 12:36:34.820,428.02621742409934,15
2024-09-20 12:36:34.832,428.0264488755944,104
2024-09-20 12:36:34.937,427.9682462242924,13
2024-09-20 12:36:34.937,428.0407069938896,6
2024-09-20 12:36:35.005,428.0502202301436,11
2024-09-20 12:36:35.049,42.80766026146083,998
2024-09-20 12:36:35.057,428.0467282050061,6
2024-09-20 12:36:35.210,428.0983598323221,997
2024-09-20 12:36:35.211,428.0706463981784,95
2024-09-20 12:36:35.305,428.0482349200833,1005
2024-09-20 12:36:35.314,428.0523598602911,1005
2024-09-20 12:36:35.317,427.98712744810575,12
2024-09-20 12:36:35.342,428.04517707079054,99
2024-09-20 12:36:35.401,427.9793442121405,995
2024-09-20 12:36:35.431,428.0904721430285,998
2024-09-20 12:36:35.518,428.0652618896565,997
2024-09-20 12:36:35.539,428.0240361849326,13
2024-09-20 12:36:35.580,428.07203864328,14
2024-09-20 12:36:35.596,428.0874804752449,1005
2024-09-20 12:36:35.613,428.1082392068583,104
2024-09-20 12:36:35.627,428.06607518599554,8
2024-09-20 12:36:35.657,428.0022998700941,99
2024-09-20 12:36:35.657,428.0568365304267,6
2024-09-20 12:36:35.757,428.061695610225,998
2024-09-20 12:36:35.762,428.0882878926169,1003
2024-09-20 12:36:35.809,428.0518099147481,997
2024-09-20 12:36:35.945,428.0740286602784,997
2024-09-20 12:36:35.960,428.0832219076126,15
2024-09-20 12:36:35.969,428.06649035106176,999
2024-09-20 12:36:36.024,427.9186040031111,9
2024-09-20 12:36:36.045,427.9878873982274,10
2024-09-20 12:36:36.047,427.9562849184285,101
2024-09-20 12:36:36.047,427.9602658268708,1002
2024-09-20 12:36:36.061,427.9133482818735,8
2024-09-20 12:36:36.079,427.9466869510973,102
2024-09-20 12:36:36.084,427.9658848927372,1000
2024-09-20 12:36:36.104,427.9574634934421,13
2024-09-20 12:36:36.126,427.91151618764815,97
2024-09-20 12:36:36.167,427.9638160992674,1001
2024-09-20 12:36:36.203,427.9796994993493,997
2024-09-20 12:36:36.233,427.93318150725736,100
2024-09-20 12:36:36.348,427.9202081702389,10
2024-09-20 12:36:36.383,427.92976950169367,96
2024-09-20 12:36:36.453,427.9803293845368,11
2024-09-20 12:36:36.470,427.9908489036337,14
2024-09-20 12:36:36.479,427.9559809183386,995
2024-09-20 12:36:36.507,427.922012958505,1002
2024-09-20 12:36:36.519,427.9179447206748,995
2024-09-20 12:36:36.549,427.99505693324295,1002
2024-09-20 12:36:36.603,427.9726083259261,997
2024-09-20 12:36:36.834,427.9706153402393,1004
2024-09-20 12:36:36.927,427.94158122526704,1000
2024-09-20 12:36:37.090,428.0147123571903,12
2024-09-20 12:36:37.111,428.0062509986693,5
2024-09-20 12:36:37.128,428.0203932215149,998
2024-09-20 12:36:37.138,428.00814227523136,10
2024-09-20 12:36:37.230,428.0286580035253,6
2024-09-20 12:36:37.237,428.0233717983711,6
2024-09-20 12:36:37.286,427.9823327985007,995
2024-09-20 12:36:37.287,428.0202471321204,101
2024-09-20 12:36:37.379,428.0120403160543,100
2024-09-20 12:36:37.452,428.0247184847845,97
2024-09-20 12:36:37.473,428.0317897244221,101
2024-09-20 12:36:37.508,427.9876889510295,999
2024-09-20 12:36:37.550,428.022279812366,5
2024-09-20 12:36:37.610,427.9793233837855,11
2024-09-20 12:36:37.621,428.0097936927661,104
2024-09-20 12:36:37.636,427.9727502317996,6
2024-09-20 12:36:37.649,428.0184423358205,97
2024-09-20 12:36:37.750,428.0119966963063,104
2024-09-20 12:36:37.837,427.9973360930349,1000
2024-09-20 12:36:37.914,428.0273611432162,1002
2024-09-20 12:36:37.934,428.0351660666929,14
2024-09-20 12:36:38.057,428.0479229521521,997
2024-09-20 12:36:38.085,428.0565522265895,5
2024-09-20 12:36:38.104,428.0592247123432,100
2024-09-20 12:36:38.181,428.06650441650544,995
2024-09-20 12:36:38.282,428.0601243482952,14
2024-09-20 12:36:38.306,428.0443597734956,10
2024-09-20 12:36:38.317,428.0547205813732,1005
2024-09-20 12:36:38.359,428.05302517547625,12
2024-09-20 12:36:38.363,428.0276738035708,1003
2024-09-20 12:36:38.441,428.0208200841491,1000
2024-09-20 12:36:38.442,428.047701741198,7
2024-09-20 12:36:38.490,-428.0220813736821,100
2024-09-20 12:36:38.538,428.04872116201216,996
2024-09-20 12:36:38.565,428.03274946092506,10
2024-09-20 12:36:38.580,428.0613064305235,14
2024-09-20 12:36:38.582,428.0561268056165,998
2024-09-20 12:36:38.721,428.0415718032247,6
2024-09-20 12:36:38.755,428.0890808427255,1003
2024-09-20 12:36:38.771,428.0589786316888,99
2024-09-20 12:36:38.878,428.070232204717,997
2024-09-20 12:36:38.996,428.0687840643228,1004
2024-09-20 12:36:39.313,428.0247616912102,96
2024-09-20 12:36:39.527,428.0219636448994,105
2024-09-20 12:36:39.952,428.0049404081357,1001
2024-09-20 12:36:39.954,428.02410776908414,996
2024-09-20 12:36:40.364,428.0239447552484,100
2024-09-20 12:36:40.372,427.9929788185267,102
2024-09-20 12:36:40.540,427.9983621723178,1004
2024-09-20 12:36:40.590,427.9956561346358,96
2024-09-20 12:36:40.688,427.9997543732773,996
2024-09-20 12:36:40.737,427.9948475421223,96
2024-09-20 12:36:40.776,428.0153987515546,1003
2024-09-20 12:36:40.777,427.9973415034319,101
2024-09-20 12:36:40.821,427.9966550108033,103
2024-09-20 12:36:41.022,427.9352405276632,996
2024-09-20 12:36:41.113,427.9341413879393,998
2024-09-20 12:36:41.116,427.9965010702849,1003
2024-09-20 12:36:41.140,427.92134180524806,7
2024-09-20 12:36:41.166,427.9724164190562,1001
2024-09-20 12:36:41.191,427.9418321550973,999
2024-09-20 12:36:41.204,427.9101597976696,1002
2024-09-20 12:36:41.239,427.9450968268713,995
2024-09-20 12:36:41.525,427.9519282196389,5
2024-09-20 12:36:41.560,427.9354770396154,13
2024-09-20 12:36:41.565,427.944022100171,13
2024-09-20 12:36:41.570,427.8960234592357,13
2024-09-20 12:36:41.648,427.939448257156,1001
2024-09-20 12:36:41.725,427.99233155920416,105
2024-09-20 12:36:41.748,427.9438595829364,996
2024-09-20 12:36:41.751,427.95174158854246,14
2024-09-20 12:36:41.758,427.9719036102172,1002
2024-09-20 12:36:41.772,427.894202315722,1001
2024-09-20 12:36:41.857,427.93474476394425,97
2024-09-20 12:36:41.885,427.9146817036877,1004
2024-09-20 12:36:41.888,427.9873291329645,1001
2024-09-20 12:36:41.924,427.9362042564247,97
2024-09-20 12:36:41.940,427.9877302283178,15
2024-09-20 12:36:41.944,427.9492285157412,1000
2024-09-20 12:36:41.956,427.9932501289311,15
2024-09-20 12:36:42.070,427.94147966462106,1004
2024-09-20 12:36:42.184,427.8859975337169,105
2024-09-20 12:36:42.246,427.9087066507618,996
2024-09-20 12:36:42.340,427.8610825503906,1005
2024-09-20 12:36:42.414,427.8907570798062,99
2024-09-20 12:36:42.415,427.88139231536377,5
2024-09-20 12:36:42.424,427.89677089472445,996
2024-09-20 12:36:42.511,427.8963347732634,998
2024-09-20 12:36:42.533,427.92864699813913,5
2024-09-20 12:36:42.612,427.87623328427054,6
2024-09-20 12:36:42.634,427.9056425052126,1001
2024-09-20 12:36:42.656,427.91469952687584,1002
2024-09-20 12:36:42.690,427.90804751463,13
2024-09-20 12:36:42.757,427.8496995147386,7
2024-09-20 12:36:42.787,427.8530625856338,7
2024-09-20 12:36:42.801,427.871752711855,15
2024-09-20 12:36:42.905,427.9032671522075,1003
2024-09-20 12:36:42.923,427.912697949444,8
2024-09-20 12:36:42.930,427.8736567229971,7
2024-09-20 12:36:42.947,427.9111466600464,13
2024-09-20 12:36:43.011,427.89194072827934,1001
2024-09-20 12:36:43.037,427.9684623549977,5
2024-09-20 12:36:43.095,427.90648793337095,13
2024-09-20 12:36:43.313,427.95764686002286,996
2024-09-20 12:36:43.321,427.9107086441968,98
2024-09-20 12:36:43.332,427.9037771623112,14
2024-09-20 12:36:43.484,427.9835791200916,102
2024-09-20 12:36:43.486,427.96875300835126,1000
2024-09-20 12:36:43.549,427.911818639638,15
2024-09-20 12:36:43.620,427.9184215358459,1001
2024-09-20 12:36:43.866,427.92991983430665,1001
2024-09-20 12:36:43.942,427.9108352583318,995
2024-09-20 12:36:43.961,427.950648951074,5
2024-09-20 12:36:45.028,427.9988616974456,1001
2024-09-20 12:36:45.101,428.00545122254425,1001
2024-09-20 12:36:45.159,428.042389779869,998
2024-09-20 12:36:45.187,428.0097203607412,9
2024-09-20 12:36:45.220,428.0210219929496,998
2024-09-20 12:36:45.233,427.9726140285856,11
2024-09-20 12:36:45.243,427.98856328449926,103
2024-09-20 12:36:45.264,427.9703056743552,995
2024-09-20 12:36:45.270,427.9607463936358,1003
2024-09-20 12:36:45.341,428.00596613171695,1005
2024-09-20 12:36:45.354,428.03508165138857,1005
2024-09-20 12:36:45.431,428.0509485165604,998
2024-09-20 12:36:45.560,427.9906251150176,10
2024-09-20 12:36:45.572,428.00769704013175,7
2024-09-20 12:36:45.599,428.0110319351352,13
2024-09-20 12:36:45.734,427.996016018444,5
2024-09-20 12:36:45.754,428.0446330847564,99
2024-09-20 12:36:45.755,428.0084336973417,11
2024-09-20 12:36:45.774,428.0029861891818,14
2024-09-20 12:36:45.830,428.01607733065833,6
2024-09-20 12:36:45.851,428.0111185093858,1004
2024-09-20 12:36:45.858,,995
2024-09-20 12:36:45.893,428.0161637398772,10
2024-09-20 12:36:46.531,428.0337803092693,996
2024-09-20 12:36:46.565,428.03957870649936,95
2024-09-20 12:36:46.577,42.80441549394129,103
2024-09-20 12:36:46.722,428.0480840643724,8
2024-09-20 12:36:47.065,428.0311399434586,11
2024-09-20 12:36:47.276,427.9873005912385,97
2024-09-20 12:36:47.348,427.9349079240757,6
2024-09-20 12:36:47.407,427.8807996572703,995
2024-09-20 12:36:47.494,427.9350192558573,15
2024-09-20 12:36:47.509,427.9311499646091,998
2024-09-20 12:36:47.527,427.9262354163437,99
2024-09-20 12:36:47.602,427.96183591589744,9
2024-09-20 12:36:47.622,427.9428743725813,12
2024-09-20 12:36:47.668,427.92948862894974,9
2024-09-20 12:36:47.680,428.0180272805108,1005
2024-09-20 12:36:47.694,428.00470291337086,95
2024-09-20 12:36:47.698,427.903633975703,95
2024-09-20 12:36:47.702,427.9354796994539,12
2024-09-20 12:36:47.794,427.9515803687477,1002
2024-09-20 12:36:47.797,427.9355422161904,997
2024-09-20 12:36:47.824,427.9019742185928,99
2024-09-20 12:36:47.838,427.9433410212154,5
2024-09-20 12:36:47.870,427.9279122865663,103
2024-09-20 12:36:47.902,428.0006375361687,14
2024-09-20 12:36:47.917,427.948432397719,1003
2024-09-20 12:36:47.968,427.9446944211756,96
2024-09-20 12:36:47.971,427.8846116247144,998
2024-09-20 12:36:48.034,427.9002826614191,13
2024-09-20 12:36:48.297,427.8917277843749,11
2024-09-20 12:36:49.008,427.9012163443994,5
2024-09-20 12:36:49.055,427.8841099493026,10
2024-09-20 12:36:49.058,427.9245682400626,15
2024-09-20 12:36:49.070,427.9139678435957,103
2024-09-20 12:36:49.127,427.897193802474,14
2024-09-20 12:36:49.132,427.8996869830591,10
2024-09-20 12:36:49.153,427.91885540579744,98
2024-09-20 12:36:49.198,42.78880312098547,1001
2024-09-20 12:36:49.219,427.8917260244539,6
2024-09-20 12:36:49.250,427.8948875839253,1004
2024-09-20 12:36:49.305,427.8705675275474,6
2024-09-20 12:36:49.323,427.907158718944,100
2024-09-20 12:36:49.449,427.9006278528143,1002
2024-09-20 12:36:49.481,427.9294038332318,1005
2024-09-20 12:36:49.514,427.9235730797112,999
2024-09-20 12:36:49.517,427.9006772066022,1004
2024-09-20 12:36:49.522,427.88006603153246,105
2024-09-20 12:36:49.621,427.9119193021678,1000
2024-09-20 12:36:49.655,427.9111638301628,9
2024-09-20 12:36:49.676,427.8937930463049,1005
2024-09-20 12:36:49.691,427.9017942471037,995
2024-09-20 12:36:49.708,427.88409913281305,13
2024-09-20 12:36:49.840,427.8920528883157,99
2024-09-20 12:36:49.968,427.89215277643217,15
2024-09-20 12:36:49.994,427.9131319702708,12
2024-09-20 12:36:50.005,427.9296042812021,10
2024-09-20 12:36:50.040,427.9182622482999,105
2024-09-20 12:36:50.178,427.9092639906858,997
2024-09-20 12:36:50.186,427.8966330111908,97
2024-09-20 12:36:50.253,427.91817089807137,97
2024-09-20 12:36:50.255,427.9302044201429,102
2024-09-20 12:36:50.286,427.9044107266683,102
2024-09-20 12:36:50.314,427.9034424071959,99
2024-09-20 12:36:50.336,427.9105280828156,1000
2024-09-20 12:36:50.389,427.922635393634,1001
2024-09-20 12:36:50.433,-427.8698533951316,13
2024-09-20 12:36:50.600,427.91955346466654,997
2024-09-20 12:36:50.621,427.8989103395188,7
2024-09-20 12:36:50.706,427.9158113432224,104
2024-09-20 12:36:50.714,427.9051533691604,103
2024-09-20 12:36:50.740,427.8960696733964,96
2024-09-20 12:36:50.756,427.9183901961928,105
2024-09-20 12:36:50.770,427.87518312714496,1001
2024-09-20 12:36:50.774,427.9017624034152,98
2024-09-20 12:36:50.814,427.8965969672744,102
2024-09-20 12:36:50.976,427.91079524688456,99
2024-09-20 12:36:52.153,427.90937540946703,99
2024-09-20 12:36:52.215,427.8896599582724,103
2024-09-20 12:36:52.255,427.9216317930919,1001
2024-09-20 12:36:52.285,427.9102163177291,1004
2024-09-20 12:36:52.298,427.8844981037906,999
2024-09-20 12:36:52.310,427.92145183435287,12
2024-09-20 12:36:52.383,427.8678013277551,10
2024-09-20 12:36:52.396,427.9265111555711,998
2024-09-20 12:36:52.614,427.9233048525492,1005
2024-09-20 12:36:52.657,427.86514372039017,15
2024-09-20 12:36:52.688,427.9204339075852,1001
2024-09-20 12:36:52.703,427.92024410108814,104
2024-09-20 12:36:52.827,427.8924599426775,996
2024-09-20 12:36:52.954,427.8861092766733,7
2024-09-20 12:36:52.966,427.86854522297085,1002
2024-09-20 12:36:52.982,427.8835699925653,104
2024-09-20 12:36:53.068,427.8695608901872,15
2024-09-20 12:36:53.182,427.90433199340765,1002
2024-09-20 12:36:53.214,427.9117699803618,105
2024-09-20 12:36:53.224,427.8852840883857,1004
2024-09-20 12:36:53.316,427.92325156580114,96
2024-09-20 12:36:53.327,427.8942711912875,1003
2024-09-20 12:36:53.365,427.8932051596302,997
2024-09-20 12:36:53.382,427.9220379961396,98
2024-09-20 12:36:53.557,427.90785281198976,996
2024-09-20 12:36:53.621,427.8867124129897,7
2024-09-20 12:36:53.711,427.8890628868064,6
2024-09-20 12:36:53.718,427.9186602308501,6
2024-09-20 12:36:53.726,427.9343755373434,10
2024-09-20 12:36:53.737,427.9054571826448,104
2024-09-20 12:36:53.744,427.87858656381854,97
2024-09-20 12:36:53.753,,5
2024-09-20 12:36:53.954,427.91052719364814,98
2024-09-20 12:36:53.996,427.90477804267664,7
2024-09-20 12:36:54.033,427.9778391589922,1001
2024-09-20 12:36:54.068,428.033094020355,997
2024-09-20 12:36:54.103,427.9963196263738,1004
2024-09-20 12:36:54.148,428.0595146463407,12
2024-09-20 12:36:54.152,428.05218832549343,97
2024-09-20 12:36:54.185,428.0569520484141,96
2024-09-20 12:36:54.242,428.06198420572247,6
2024-09-20 12:36:54.267,428.0577819960848,999
2024-09-20 12:36:54.269,428.0502968550218,1004
2024-09-20 12:36:54.318,428.05394349543775,95
2024-09-20 12:36:54.359,427.9865151184388,12
2024-09-20 12:36:54.366,428.06498776896296,102
2024-09-20 12:36:54.395,427.9504347753784,9
2024-09-20 12:36:54.451,428.047071420822,1000
2024-09-20 12:36:54.461,428.0612241889193,996
2024-09-20 12:36:54.466,427.9964085220614,1003
2024-09-20 12:36:54.476,427.9958596832337,1005
2024-09-20 12:36:54.566,428.05847614638657,7
2024-09-20 12:36:54.583,428.04798012917774,7
2024-09-20 12:36:54.646,428.0583893795701,11
2024-09-20 12:36:54.654,428.0067551339474,1001
2024-09-20 12:36:54.671,428.0579766646405,997
2024-09-20 12:36:54.775,427.9722908531893,1005
2024-09-20 12:36:54.800,,101
2024-09-20 12:36:54.831,428.00529814588623,1004
2024-09-20 12:36:54.840,428.04296926146986,1002
2024-09-20 12:36:54.858,427.9778913310457,95
2024-09-20 12:36:54.895,427.98489381578537,999
2024-09-20 12:36:55.025,428.0214488649205,7
2024-09-20 12:36:55.237,427.9850461986571,996
2024-09-20 12:36:55.315,42.79890908635143,11
2024-09-20 12:36:55.360,427.9778688408014,999
2024-09-20 12:36:55.551,427.9904890597426,98
2024-09-20 12:36:55.700,428.00839534713305,14
2024-09-20 12:36:55.839,427.997316781095,6
2024-09-20 12:36:55.846,428.0283743963156,14
2024-09-20 12:36:55.846,,5
2024-09-20 12:36:55.927,427.9849112476056,998
2024-09-20 12:36:55.990,428.0051657126832,100
2024-09-20 12:36:56.013,428.0421044925475,13
2024-09-20 12:36:56.013,428.0441111867211,998
2024-09-20 12:36:56.067,427.9975360966815,8
2024-09-20 12:36:56.068,428.03065714628855,6
2024-09-20 12:36:56.091,428.0312155462683,10
2024-09-20 12:36:56.127,428.0109797780839,103
2024-09-20 12:36:56.214,428.019151768456,10
2024-09-20 12:36:56.260,428.040995777975,95
2024-09-20 12:36:56.349,428.0371190103812,997
2024-09-20 12:36:56.401,428.0324790966531,11
2024-09-20 12:36:56.449,428.0235956513656,97
2024-09-20 12:36:56.450,428.02405649666485,98
2024-09-20 12:36:56.459,428.03566192174895,7
2024-09-20 12:36:56.541,427.9722099421588,15
2024-09-20 12:36:56.574,427.9939561974487,1002
2024-09-20 12:36:56.608,428.0099509738658,96
2024-09-20 12:36:56.642,428.0728043315141,15
2024-09-20 12:36:56.644,427.9971515221882,97
2024-09-20 12:36:56.704,428.0652734420086,99
2024-09-20 12:36:56.717,428.0098713378373,1002
2024-09-20 12:36:56.726,428.0168405859419,103
2024-09-20 12:36:56.736,428.0216059439394,996
2024-09-20 12:36:56.746,427.9843296970649,105
2024-09-20 12:36:56.749,427.9711387969186,995
2024-09-20 12:36:56.781,427.9887232940506,9
2024-09-20 12:36:56.819,428.0183312309812,1003
2024-09-20 12:36:56.862,428.0336267621077,998
2024-09-20 12:36:56.877,428.031489480892,1000
2024-09-20 12:36:56.896,428.0117760712951,11
2024-09-20 12:36:57.131,428.0363844203305,15
2024-09-20 12:36:57.137,428.0880120957296,101
2024-09-20 12:36:57.151,428.0754898033401,11
2024-09-20 12:36:57.205,428.0454981975371,997
2024-09-20 12:36:57.260,428.1006702634811,15
2024-09-20 12:36:57.277,428.0598681812507,15
2024-09-20 12:36:57.365,428.1011817562548,95
2024-09-20 12:36:57.382,428.1117918743946,5
2024-09-20 12:36:57.382,428.0703308592422,103
2024-09-20 12:36:57.403,428.1074815279881,1002
2024-09-20 12:36:57.419,428.1169057959286,96
2024-09-20 12:36:57.466,428.0660641984336,9
2024-09-20 12:36:57.470,428.0530591509488,105
2024-09-20 12:36:57.509,428.0554576320348,15
2024-09-20 12:36:57.635,428.0573702626572,1005
2024-09-20 12:36:57.641,428.0658206847148,8
2024-09-20 12:36:57.694,428.1162266259781,15
2024-09-20 12:36:57.712,428.0908369002132,97
2024-09-20 12:36:57.742,428.06741812196327,9
2024-09-20 12:36:57.747,428.0976101838008,997
2024-09-20 12:36:57.748,428.0790483389126,95
2024-09-20 12:36:57.857,428.1114684270899,6
2024-09-20 12:36:57.897,428.1133098670754,1000
2024-09-20 12:36:57.961,428.0777942153813,102
2024-09-20 12:36:57.973,428.06695891479086,1005
2024-09-20 12:36:58.000,428.0576115898775,1004
2024-09-20 12:36:58.016,428.02287402520295,1000
2024-09-20 12:36:58.126,428.0462357699122,7
2024-09-20 12:36:58.253,428.0538976619664,997
2024-09-20 12:36:58.492,428.03295600874776,1000
2024-09-20 12:36:58.612,428.0432924855859,102
2024-09-20 12:36:58.660,428.0444891212493,98
2024-09-20 12:36:58.691,428.0441229087436,101
2024-09-20 12:36:58.698,428.0346301440268,996
2024-09-20 12:36:58.705,428.05192172529,100
2024-09-20 12:36:58.790,428.04938394916337,8
2024-09-20 12:36:58.838,428.0611812873266,95
2024-09-20 12:36:59.062,428.0232980287834,1005
2024-09-20 12:36:59.196,-428.0025638497857,1001
2024-09-20 12:36:59.407,428.0270548523868,102
2024-09-20 12:36:59.614,428.02352165955097,1002
2024-09-20 12:36:59.688,427.9914579429169,998
