Timestamp,Price,Size
2024-09-18 12:02:00.202,416.6305775997079,14
2024-09-18 12:02:00.254,416.6026815305117,6
2024-09-18 12:02:00.301,416.5974040049966,999
2024-09-18 12:02:00.351,416.6281807192488,10
2024-09-18 12:02:00.438,416.6356715859917,95
2024-09-18 12:02:00.487,416.61477006110925,103
2024-09-18 12:02:00.522,416.62764144658905,103
2024-09-18 12:02:00.623,416.6400093069456,1001
2024-09-18 12:02:00.628,416.5998751407868,105
2024-09-18 12:02:00.653,416.6286385463051,1005
2024-09-18 12:02:00.661,416.60183022049887,102
2024-09-18 12:02:00.669,416.6435203575379,101
2024-09-18 12:02:00.698,416.6443444673058,999
2024-09-18 12:02:00.716,416.5884494998814,103
2024-09-18 12:02:00.730,416.6434817498043,996
2024-09-18 12:02:00.749,416.60354239588935,7
2024-09-18 12:02:00.763,416.5877235972828,1005
2024-09-18 12:02:00.780,416.6092819940237,95
2024-09-18 12:02:00.792,416.5987096039398,996
2024-09-18 12:02:00.905,416.6259599796267,7
2024-09-18 12:02:00.975,416.6002888356794,103
2024-09-18 12:02:00.989,416.6046716354942,96
2024-09-18 12:02:01.172,416.6401294877213,14
2024-09-18 12:02:01.209,416.6646224569503,102
2024-09-18 12:02:01.366,416.6433411742943,8
2024-09-18 12:02:01.411,416.65106373878456,999
2024-09-18 12:02:01.456,416.6512812087102,102
2024-09-18 12:02:01.543,416.66812097304177,103
2024-09-18 12:02:01.619,416.6369555375032,997
2024-09-18 12:02:01.732,416.6647459595388,6
2024-09-18 12:02:02.030,416.6560781095437,5
2024-09-18 12:02:02.112,416.6604689963922,5
2024-09-18 12:02:02.126,416.6153321501161,1003
2024-09-18 12:02:02.160,416.6382223676364,999
2024-09-18 12:02:02.230,416.6541024585019,15
2024-09-18 12:02:02.312,416.6411931742761,100
2024-09-18 12:02:02.546,416.6094578731752,10
2024-09-18 12:02:02.590,416.619509281546,95
2024-09-18 12:02:02.604,41.6619875269677,104
2024-09-18 12:02:02.640,416.6369928698538,9
2024-09-18 12:02:02.664,416.6362373439071,5
2024-09-18 12:02:02.814,416.66737524671976,97
2024-09-18 12:02:02.928,416.6548860351937,11
2024-09-18 12:02:03.117,416.60975361880674,105
2024-09-18 12:02:03.130,416.5987156993788,102
2024-09-18 12:02:03.149,416.5946623001616,5
2024-09-18 12:02:03.181,416.6171056682412,99
2024-09-18 12:02:03.216,416.59409265218784,103
2024-09-18 12:02:03.226,416.6067927781834,12
2024-09-18 12:02:03.255,416.5852439830823,11
2024-09-18 12:02:03.338,416.5912298347778,15
2024-09-18 12:02:03.362,416.6067265353989,15
2024-09-18 12:02:03.373,416.61383989150926,1005
2024-09-18 12:02:03.383,416.6144790342613,98
2024-09-18 12:02:03.438,416.5825690618527,5
2024-09-18 12:02:03.452,416.6073830815961,996
2024-09-18 12:02:03.565,416.5954719436343,1002
2024-09-18 12:02:03.582,416.58772868607537,103
2024-09-18 12:02:03.589,416.6053657898144,8
2024-09-18 12:02:03.592,416.61612845116696,8
2024-09-18 12:02:03.727,416.58932516397215,8
2024-09-18 12:02:03.784,416.6218480630637,8
2024-09-18 12:02:03.824,416.5882555806209,6
2024-09-18 12:02:03.863,416.6012241003131,13
2024-09-18 12:02:03.872,416.5697309550328,1000
2024-09-18 12:02:03.879,416.5891288617093,105
2024-09-18 12:02:03.916,-416.6101522097343,99
2024-09-18 12:02:03.929,416.5830619258686,97
2024-09-18 12:02:03.943,416.5834535558037,1003
2024-09-18 12:02:03.948,416.610128502362,101
2024-09-18 12:02:03.984,416.58458361344873,11
2024-09-18 12:02:04.015,416.5874313353841,104
2024-09-18 12:02:04.878,416.5948462022672,999
2024-09-18 12:02:05.105,416.5994805628945,98
2024-09-18 12:02:05.201,416.6185452317303,99
2024-09-18 12:02:05.220,416.60739550601625,5
2024-09-18 12:02:05.247,416.6702350195459,998
2024-09-18 12:02:05.308,416.6051780139801,10
2024-09-18 12:02:05.330,416.6444901676513,1005
2024-09-18 12:02:05.339,416.6439448274534,1001
2024-09-18 12:02:05.345,416.5849111567406,97
2024-09-18 12:02:05.408,416.5959097783012,7
2024-09-18 12:02:05.410,416.5990513686055,98
2024-09-18 12:02:05.411,416.6299549663529,1000
2024-09-18 12:02:05.491,416.6471155532285,9
2024-09-18 12:02:05.506,416.57630975501246,1004
2024-09-18 12:02:05.554,416.5918443268839,100
2024-09-18 12:02:05.591,416.711818183018,96
2024-09-18 12:02:05.604,-416.5877677435334,98
2024-09-18 12:02:05.624,416.6902239400146,995
2024-09-18 12:02:05.680,416.6097175713145,104
2024-09-18 12:02:05.708,416.59780128687294,995
2024-09-18 12:02:05.737,416.59994047902217,101
2024-09-18 12:02:05.772,416.6684986772448,1002
2024-09-18 12:02:05.786,416.7004767087847,1005
2024-09-18 12:02:05.819,416.65233406590704,99
2024-09-18 12:02:05.872,416.7051387828382,14
2024-09-18 12:02:05.907,416.70299371824217,102
2024-09-18 12:02:05.943,-416.5848716294699,996
2024-09-18 12:02:05.961,416.58344213389,104
2024-09-18 12:02:05.971,416.6976582278463,10
2024-09-18 12:02:05.974,416.6053544619934,1000
2024-09-18 12:02:06.028,416.7217947024632,12
2024-09-18 12:02:06.062,416.6879467297839,1002
2024-09-18 12:02:06.118,416.6716606845779,1000
2024-09-18 12:02:06.155,416.693087917264,14
2024-09-18 12:02:06.175,416.7080789595,996
2024-09-18 12:02:06.480,416.7176772313314,6
2024-09-18 12:02:06.539,416.6945466146949,101
2024-09-18 12:02:06.585,416.6993151557368,103
2024-09-18 12:02:06.655,416.7234254604274,7
2024-09-18 12:02:06.909,-416.6766460125584,10
2024-09-18 12:02:06.925,416.7205204474509,1001
2024-09-18 12:02:07.025,416.7304341446143,100
2024-09-18 12:02:07.030,416.67891191067423,1000
2024-09-18 12:02:07.036,416.6819684459276,12
2024-09-18 12:02:07.043,416.7073604568524,11
2024-09-18 12:02:07.109,416.6746031800015,105
2024-09-18 12:02:07.141,416.6711933145662,1000
2024-09-18 12:02:07.179,416.6831693424968,5
2024-09-18 12:02:07.322,416.75409698008485,995
2024-09-18 12:02:07.365,416.673048097396,1002
2024-09-18 12:02:07.402,416.7552435289304,10
2024-09-18 12:02:07.410,416.6805534047642,1003
2024-09-18 12:02:07.419,416.6714204043439,102
2024-09-18 12:02:07.445,416.7391354554792,102
2024-09-18 12:02:07.449,416.6734981840334,98
2024-09-18 12:02:07.481,416.675836778547,8
2024-09-18 12:02:07.520,416.6954923277011,100
2024-09-18 12:02:07.597,416.6781895700965,14
2024-09-18 12:02:07.618,416.7347734977436,95
2024-09-18 12:02:07.635,416.6753886920333,999
2024-09-18 12:02:07.653,416.7236577275552,8
2024-09-18 12:02:07.716,416.7331739679975,98
2024-09-18 12:02:07.761,416.685278375181,9
2024-09-18 12:02:07.936,416.67005814307055,101
2024-09-18 12:02:07.943,416.6749265835892,98
2024-09-18 12:02:09.020,416.6834319651596,105
2024-09-18 12:02:09.125,416.7146619139791,998
2024-09-18 12:02:09.129,416.6976898572578,14
2024-09-18 12:02:09.195,416.68103452553527,104
2024-09-18 12:02:09.257,416.6845212434964,996
2024-09-18 12:02:09.311,416.66785261399485,998
2024-09-18 12:02:09.320,416.6776190265894,11
2024-09-18 12:02:09.363,416.664766218596,1001
2024-09-18 12:02:09.395,416.6839895195204,100
2024-09-18 12:02:09.411,416.6760802443711,15
2024-09-18 12:02:09.452,416.676307597399,105
2024-09-18 12:02:09.466,416.67174126635206,98
2024-09-18 12:02:09.566,416.6829838615355,996
2024-09-18 12:02:09.576,416.677564121717,99
2024-09-18 12:02:09.587,416.6796165051073,99
2024-09-18 12:02:09.616,416.6791420945024,14
2024-09-18 12:02:09.630,416.6841626026588,103
2024-09-18 12:02:09.659,416.695084673921,1001
2024-09-18 12:02:09.674,416.6854662823976,997
2024-09-18 12:02:09.676,416.6640856882613,102
2024-09-18 12:02:09.760,416.6766133933618,999
2024-09-18 12:02:09.774,416.6728145836955,12
2024-09-18 12:02:09.779,416.6751316467632,14
2024-09-18 12:02:10.062,416.7079825698931,99
2024-09-18 12:02:10.251,416.7323728096212,12
2024-09-18 12:02:10.261,416.69381517997687,102
2024-09-18 12:02:10.302,416.7250767974569,13
2024-09-18 12:02:10.306,416.7447726446976,99
2024-09-18 12:02:10.355,416.7311839235091,98
2024-09-18 12:02:10.459,416.73481713568447,996
2024-09-18 12:02:10.542,416.6445814665554,99
2024-09-18 12:02:10.589,416.6688431653311,997
2024-09-18 12:02:10.672,416.72786209252456,97
2024-09-18 12:02:10.772,416.6937354832485,98
2024-09-18 12:02:10.790,416.6711066726005,8
2024-09-18 12:02:10.820,416.72790439215305,5
2024-09-18 12:02:10.845,416.6342816226047,10
2024-09-18 12:02:10.856,416.6555010911601,5
2024-09-18 12:02:10.885,416.71090975570365,100
2024-09-18 12:02:10.904,416.67324900254266,14
2024-09-18 12:02:10.906,416.6573998439324,104
2024-09-18 12:02:10.958,416.6648317274255,1000
2024-09-18 12:02:10.979,416.66624178977,101
2024-09-18 12:02:11.019,416.7339862274165,101
2024-09-18 12:02:11.075,416.674148850836,8
2024-09-18 12:02:11.100,416.67372179511455,11
2024-09-18 12:02:11.127,416.71966673026935,99
2024-09-18 12:02:11.194,416.70071852611005,14
2024-09-18 12:02:11.202,416.7147431180032,995
2024-09-18 12:02:11.288,416.6939579278901,103
2024-09-18 12:02:11.431,416.6982712567235,1000
2024-09-18 12:02:11.499,416.6610146568767,1005
2024-09-18 12:02:11.566,416.6765943127849,11
2024-09-18 12:02:11.628,416.70262603531904,15
2024-09-18 12:02:11.752,416.70404707350633,96
2024-09-18 12:02:11.892,416.6772086328605,1004
2024-09-18 12:02:11.923,416.68718808954645,95
2024-09-18 12:02:11.946,416.68320766413,10
2024-09-18 12:02:12.018,416.77008906838296,99
2024-09-18 12:02:12.128,416.7358607141564,5
2024-09-18 12:02:12.175,416.762241856621,1004
2024-09-18 12:02:12.287,416.7620565586101,995
2024-09-18 12:02:12.365,416.7619331598894,12
2024-09-18 12:02:12.384,416.7587553158207,99
2024-09-18 12:02:12.923,416.7586411509407,1003
2024-09-18 12:02:12.970,416.748704616014,99
2024-09-18 12:02:12.992,416.7485345290524,98
2024-09-18 12:02:13.515,416.7567822492616,105
2024-09-18 12:02:13.560,416.7523482913208,11
2024-09-18 12:02:13.630,416.7660069530743,5
2024-09-18 12:02:13.665,416.7557476525717,7
2024-09-18 12:02:13.746,416.7572109205546,105
2024-09-18 12:02:13.778,416.7487446894008,998
2024-09-18 12:02:13.782,416.7493224056468,14
2024-09-18 12:02:13.940,416.7472227304634,12
2024-09-18 12:02:14.004,416.7074464790196,98
2024-09-18 12:02:14.019,416.7208707628192,996
2024-09-18 12:02:14.037,416.7265896383724,1005
2024-09-18 12:02:14.106,416.68290959674863,1000
2024-09-18 12:02:14.123,416.7403492867472,102
2024-09-18 12:02:14.186,416.6829972400951,1001
2024-09-18 12:02:14.266,416.72940236331794,12
2024-09-18 12:02:14.352,416.73710657044046,100
2024-09-18 12:02:14.375,416.7067179512539,998
2024-09-18 12:02:14.394,416.7028507710341,1004
2024-09-18 12:02:14.523,416.7130769349503,1003
2024-09-18 12:02:14.602,416.7454739523758,6
2024-09-18 12:02:14.615,416.73693033296456,5
2024-09-18 12:02:14.678,416.7391004295738,8
2024-09-18 12:02:14.823,416.7206641948983,13
2024-09-18 12:02:14.837,416.6974759608052,5
2024-09-18 12:02:14.981,416.7151696429429,100
2024-09-18 12:02:16.115,416.6978506052276,105
2024-09-18 12:02:16.249,416.7087870350103,6
2024-09-18 12:02:16.404,416.65438446608965,999
2024-09-18 12:02:16.651,416.6613620302613,13
2024-09-18 12:02:16.810,416.6625409892205,8
2024-09-18 12:02:16.827,,998
2024-09-18 12:02:16.871,416.6742261154992,6
2024-09-18 12:02:16.878,416.6669745075772,995
2024-09-18 12:02:16.894,416.6631869348757,103
2024-09-18 12:02:17.248,416.61956949921336,5
2024-09-18 12:02:17.483,416.62657417592976,103
2024-09-18 12:02:17.701,416.63807286470666,15
2024-09-18 12:02:17.853,416.6531759069626,99
2024-09-18 12:02:17.913,416.657443621938,997
2024-09-18 12:02:17.966,416.6254055149609,95
2024-09-18 12:02:18.131,416.6169249757057,1002
2024-09-18 12:02:18.154,416.5898317695904,1001
2024-09-18 12:02:18.192,416.6308865592709,13
2024-09-18 12:02:18.251,416.62270526087286,995
2024-09-18 12:02:18.497,416.5883010259706,1004
2024-09-18 12:02:18.644,416.6103689365556,14
2024-09-18 12:02:18.682,416.5780404258341,5
2024-09-18 12:02:18.776,416.5780796266192,998
2024-09-18 12:02:18.830,416.5813925820431,1000
2024-09-18 12:02:19.074,416.5526606507727,105
2024-09-18 12:02:19.280,416.56422309466336,104
2024-09-18 12:02:19.314,416.5450023405756,1001
2024-09-18 12:02:19.502,416.5671530826496,99
2024-09-18 12:02:19.687,416.5633262394467,1004
2024-09-18 12:02:19.742,416.558411042041,999
2024-09-18 12:02:19.838,416.5475843685001,6
2024-09-18 12:02:19.863,416.5457367818136,1004
2024-09-18 12:02:19.885,416.5758666834319,996
2024-09-18 12:02:19.886,416.5711428432848,104
2024-09-18 12:02:19.916,416.5405662539328,6
2024-09-18 12:02:20.029,416.5854997039361,99
2024-09-18 12:02:20.156,416.58420981375406,1002
2024-09-18 12:02:20.280,416.56034596102046,104
2024-09-18 12:02:20.510,,1001
2024-09-18 12:02:20.721,416.5836021005315,10
2024-09-18 12:02:20.788,416.5717097331392,97
2024-09-18 12:02:20.840,416.5853854285437,6
2024-09-18 12:02:20.895,416.5774824666493,997
2024-09-18 12:02:20.905,416.5529540551893,105
2024-09-18 12:02:20.980,416.5328880546351,6
2024-09-18 12:02:21.113,416.58019382243697,1001
2024-09-18 12:02:21.147,416.5298798941228,5
2024-09-18 12:02:21.277,416.5220885577546,98
2024-09-18 12:02:21.554,416.4959918023637,5
2024-09-18 12:02:21.630,416.5181897854834,5
2024-09-18 12:02:21.688,416.49760694859526,13
2024-09-18 12:02:21.699,416.512869866606,96
2024-09-18 12:02:21.929,416.555293402574,997
2024-09-18 12:02:22.043,416.57901920394863,999
2024-09-18 12:02:22.064,416.5389901589087,13
2024-09-18 12:02:22.110,416.5483258590144,12
2024-09-18 12:02:22.177,-416.5263514852709,1003
2024-09-18 12:02:22.199,416.50402842789686,5
2024-09-18 12:02:22.216,416.5229166263034,95
2024-09-18 12:02:22.261,416.5442491442274,95
2024-09-18 12:02:22.268,416.5225392248856,100
2024-09-18 12:02:22.311,416.54700556917055,997
2024-09-18 12:02:22.318,416.4895383639308,15
2024-09-18 12:02:22.323,416.5396957463428,11
2024-09-18 12:02:22.376,,7
2024-09-18 12:02:22.409,416.52955875628567,1000
2024-09-18 12:02:22.433,416.5288375073452,98
2024-09-18 12:02:22.452,,9
2024-09-18 12:02:22.495,416.5659501445242,97
2024-09-18 12:02:22.504,416.51946256682646,13
2024-09-18 12:02:22.571,416.52708220782233,6
2024-09-18 12:02:22.610,416.5461022469681,95
2024-09-18 12:02:22.657,416.5397339315877,95
2024-09-18 12:02:22.668,416.5441633600244,99
2024-09-18 12:02:22.794,416.5638127652366,5
2024-09-18 12:02:22.795,416.5432037981453,997
2024-09-18 12:02:22.824,416.5432850613449,12
2024-09-18 12:02:22.840,416.5042694931468,996
2024-09-18 12:02:22.882,416.5787584536617,95
2024-09-18 12:02:22.928,416.5313047642685,998
2024-09-18 12:02:22.934,416.5735402819768,11
2024-09-18 12:02:22.951,416.5358619991768,97
2024-09-18 12:02:23.162,416.4928535214684,1005
2024-09-18 12:02:23.202,416.4813211117189,7
2024-09-18 12:02:23.832,416.495284382709,97
2024-09-18 12:02:23.966,416.4676920518203,101
2024-09-18 12:02:24.041,416.40361405697,14
2024-09-18 12:02:24.222,416.4275462764127,996
2024-09-18 12:02:24.229,416.3883683139362,101
2024-09-18 12:02:24.246,416.3934199533908,9
2024-09-18 12:02:24.296,416.4140128797874,98
2024-09-18 12:02:24.365,416.3967320917236,96
2024-09-18 12:02:24.405,416.4655716973298,996
2024-09-18 12:02:24.416,416.4063980685406,7
2024-09-18 12:02:24.439,416.3931455604291,1004
2024-09-18 12:02:24.449,416.4583707708704,1002
2024-09-18 12:02:24.456,416.3852919560271,13
2024-09-18 12:02:24.586,416.4579745133105,100
2024-09-18 12:02:24.592,416.44728664234566,1002
2024-09-18 12:02:24.619,416.462887614289,103
2024-09-18 12:02:24.632,41.64353853631792,13
2024-09-18 12:02:24.633,416.4490227671023,999
2024-09-18 12:02:24.633,416.4090998050544,100
2024-09-18 12:02:24.652,416.425189624233,9
2024-09-18 12:02:24.665,416.3941149257042,101
2024-09-18 12:02:24.725,416.4777266505902,105
2024-09-18 12:02:24.794,416.399107333813,11
2024-09-18 12:02:24.796,416.4585917066893,15
2024-09-18 12:02:24.829,416.422751230397,102
2024-09-18 12:02:24.929,416.4118310684353,98
2024-09-18 12:02:24.937,416.4036654147263,15
2024-09-18 12:02:24.948,416.4181295855789,99
2024-09-18 12:02:25.326,416.4057169926949,98
2024-09-18 12:02:25.892,416.4125971798372,1004
2024-09-18 12:02:25.966,416.4086598206,96
2024-09-18 12:02:26.095,416.4900000729732,95
2024-09-18 12:02:26.151,416.4312595376538,98
2024-09-18 12:02:26.263,416.4412631477743,96
2024-09-18 12:02:26.278,416.4099891658961,995
2024-09-18 12:02:26.288,416.4132225164609,1004
2024-09-18 12:02:26.393,416.4501538953914,998
2024-09-18 12:02:26.413,416.4192663640143,1004
2024-09-18 12:02:26.500,416.4242437250171,1005
2024-09-18 12:02:26.543,416.4490390922369,103
2024-09-18 12:02:26.769,416.4131430178599,11
2024-09-18 12:02:26.792,416.4144253226575,102
2024-09-18 12:02:26.807,416.413060080506,100
2024-09-18 12:02:26.829,416.4315799465367,12
2024-09-18 12:02:26.834,416.414568891372,5
2024-09-18 12:02:26.902,416.41133503857975,1003
2024-09-18 12:02:26.926,416.4218785197639,96
2024-09-18 12:02:26.929,416.4508248656611,103
2024-09-18 12:02:26.954,416.460327887161,1004
2024-09-18 12:02:26.981,416.4564918384701,1000
2024-09-18 12:02:27.023,,9
2024-09-18 12:02:27.029,416.5641553922533,997
2024-09-18 12:02:27.059,416.5673569710114,5
2024-09-18 12:02:27.076,416.5670167137127,999
2024-09-18 12:02:27.126,416.59409753154034,6
2024-09-18 12:02:27.138,416.57371524416186,996
2024-09-18 12:02:27.138,416.58298669496247,1002
2024-09-18 12:02:27.148,416.60037274622647,9
2024-09-18 12:02:27.198,416.56840319295367,104
2024-09-18 12:02:27.282,416.5968252909947,99
2024-09-18 12:02:27.295,416.61520801015615,995
2024-09-18 12:02:27.323,416.5679967623674,95
2024-09-18 12:02:27.394,,98
2024-09-18 12:02:27.469,416.52022525649846,6
2024-09-18 12:02:27.474,416.6079279241122,11
2024-09-18 12:02:27.487,416.5591972802912,997
2024-09-18 12:02:27.538,416.5030621017512,95
2024-09-18 12:02:27.563,416.5163654238181,1002
2024-09-18 12:02:27.623,416.592596091557,997
2024-09-18 12:02:27.746,416.5215014864813,104
2024-09-18 12:02:27.760,416.5670670684517,13
2024-09-18 12:02:27.809,416.5608843396774,5
2024-09-18 12:02:27.813,416.5470788639474,998
2024-09-18 12:02:27.857,416.5815319788846,1001
2024-09-18 12:02:27.865,416.6179662751789,104
2024-09-18 12:02:27.912,416.55279154874336,1004
2024-09-18 12:02:28.063,416.5665544120651,100
2024-09-18 12:02:28.077,416.569818112171,11
2024-09-18 12:02:28.122,416.5448244346741,100
2024-09-18 12:02:28.134,416.5575322670163,1003
2024-09-18 12:02:28.255,416.5472322263109,996
2024-09-18 12:02:28.309,416.5799009182173,98
2024-09-18 12:02:28.514,416.5516600102037,5
2024-09-18 12:02:28.730,416.5712792272341,100
2024-09-18 12:02:28.734,416.5772885380528,6
2024-09-18 12:02:28.793,416.5483755718771,97
2024-09-18 12:02:28.888,416.5602169971333,1005
2024-09-18 12:02:28.934,416.56355895748777,97
2024-09-18 12:02:29.023,416.5347909618367,1001
2024-09-18 12:02:29.073,416.55223777851467,7
2024-09-18 12:02:29.180,416.52803234580017,1002
2024-09-18 12:02:29.502,416.5610819830427,998
2024-09-18 12:02:29.518,416.55699154255126,11
2024-09-18 12:02:29.576,416.47302267559706,9
2024-09-18 12:02:29.947,416.4911133286394,13
2024-09-18 12:02:30.048,416.4713909262287,98
2024-09-18 12:02:30.115,416.5000747353184,103
2024-09-18 12:02:30.125,416.4680163578739,98
2024-09-18 12:02:30.161,416.4917212422963,101
2024-09-18 12:02:30.186,416.4729023276419,97
2024-09-18 12:02:30.389,416.43857574144175,1004
2024-09-18 12:02:30.484,416.47233317965913,11
2024-09-18 12:02:30.490,416.4470156615003,999
2024-09-18 12:02:30.543,416.46435316942944,104
2024-09-18 12:02:30.747,416.4730817084931,97
2024-09-18 12:02:30.754,416.4629086615246,999
2024-09-18 12:02:30.762,416.4878280764497,1005
2024-09-18 12:02:30.847,416.49373693976366,103
2024-09-18 12:02:30.876,416.4878655478044,100
2024-09-18 12:02:30.953,416.4790783755129,105
2024-09-18 12:02:32.017,416.4573825909732,7
2024-09-18 12:02:32.092,416.4734568887071,999
2024-09-18 12:02:32.138,416.536698021929,10
2024-09-18 12:02:32.166,416.5334490280575,1000
2024-09-18 12:02:32.330,416.5279369800956,10
2024-09-18 12:02:32.437,416.5134779199557,104
2024-09-18 12:02:32.473,416.53028492238,95
2024-09-18 12:02:32.548,416.5363024859604,9
2024-09-18 12:02:32.625,416.5014146283092,102
2024-09-18 12:02:32.647,416.52064547765474,6
2024-09-18 12:02:32.703,416.5121646322737,1002
2024-09-18 12:02:32.704,416.4961585710096,12
2024-09-18 12:02:32.715,416.512024089524,11
2024-09-18 12:02:32.738,416.5227806113313,10
2024-09-18 12:02:32.909,416.528373208724,101
2024-09-18 12:02:32.960,416.51396352489945,1003
2024-09-18 12:02:33.013,416.50411641178414,105
2024-09-18 12:02:33.048,416.4217983340399,1005
2024-09-18 12:02:33.134,416.4160246712726,1002
2024-09-18 12:02:33.271,416.4101353723551,1004
2024-09-18 12:02:33.389,416.4336758078956,6
2024-09-18 12:02:33.409,416.4829084795013,5
2024-09-18 12:02:33.428,416.5014288646261,999
2024-09-18 12:02:33.459,416.4834502948674,103
2024-09-18 12:02:33.477,416.51071800920136,101
2024-09-18 12:02:33.508,416.4222497838192,12
2024-09-18 12:02:33.554,416.4218000645883,5
2024-09-18 12:02:33.744,416.49973501452223,103
2024-09-18 12:02:33.827,416.4346501074263,1005
2024-09-18 12:02:33.922,416.4661350585759,98
2024-09-18 12:02:34.011,416.40595417164064,95
2024-09-18 12:02:34.036,416.3991663710829,15
2024-09-18 12:02:34.043,416.3968800004424,10
2024-09-18 12:02:34.052,41.64168120252271,14
2024-09-18 12:02:34.060,416.4157459643156,97
2024-09-18 12:02:34.154,416.4326081182411,103
2024-09-18 12:02:34.252,416.42641230623735,12
2024-09-18 12:02:34.307,416.3920089985328,998
2024-09-18 12:02:34.361,416.406093432649,1005
2024-09-18 12:02:34.402,416.3835399886776,1002
2024-09-18 12:02:34.477,416.4096101753819,998
2024-09-18 12:02:34.512,416.4199609264982,5
2024-09-18 12:02:34.604,416.4136588965473,14
2024-09-18 12:02:34.649,416.4222468226294,995
2024-09-18 12:02:34.716,416.390240038482,11
2024-09-18 12:02:34.787,416.4101976207873,10
2024-09-18 12:02:34.858,416.4058662149786,14
2024-09-18 12:02:34.864,416.40976549974977,101
2024-09-18 12:02:34.905,416.3895200524263,1001
2024-09-18 12:02:34.971,416.4191034677036,103
2024-09-18 12:02:34.972,,997
2024-09-18 12:02:34.991,416.3846854983345,1001
2024-09-18 12:02:35.047,416.4208284341949,6
2024-09-18 12:02:35.117,416.4285304171329,997
2024-09-18 12:02:35.143,416.4382540971705,105
2024-09-18 12:02:35.173,416.4398732941515,11
2024-09-18 12:02:35.216,416.4291656879315,102
2024-09-18 12:02:35.262,416.4143383677166,104
2024-09-18 12:02:35.269,416.4334214478082,14
2024-09-18 12:02:35.350,416.4253191957264,96
2024-09-18 12:02:35.627,416.4453112889019,5
2024-09-18 12:02:35.671,416.4382006324593,101
2024-09-18 12:02:35.690,416.4381013860149,12
2024-09-18 12:02:35.765,416.4318138647428,100
2024-09-18 12:02:35.974,416.4425205669268,13
2024-09-18 12:02:35.997,416.4130657895297,99
2024-09-18 12:02:36.017,416.4189601840971,14
2024-09-18 12:02:36.118,416.4212146828942,102
2024-09-18 12:02:36.239,416.4253073609176,999
2024-09-18 12:02:36.264,416.39182986451175,11
2024-09-18 12:02:36.454,416.4223194184054,100
2024-09-18 12:02:36.474,416.46197572537807,9
2024-09-18 12:02:36.474,416.4698227686411,996
2024-09-18 12:02:36.505,416.47124587638734,5
2024-09-18 12:02:36.527,416.42690998273787,1001
2024-09-18 12:02:36.573,416.4132622735056,12
2024-09-18 12:02:36.619,416.4160409731194,998
2024-09-18 12:02:36.621,416.4365619719013,9
2024-09-18 12:02:36.819,416.4733279287724,6
2024-09-18 12:02:36.852,416.4160143326889,98
2024-09-18 12:02:36.870,416.4207623226327,101
2024-09-18 12:02:36.905,416.470771890408,15
2024-09-18 12:02:36.910,416.40112177134455,7
2024-09-18 12:02:37.008,416.54472471871264,14
2024-09-18 12:02:37.040,416.5458666385478,10
2024-09-18 12:02:37.058,416.5463291904651,8
2024-09-18 12:02:37.099,416.5511567737781,9
2024-09-18 12:02:37.132,416.50306234446657,6
2024-09-18 12:02:37.169,416.5135683080954,97
2024-09-18 12:02:37.189,416.5638630905989,6
2024-09-18 12:02:37.293,416.5548444759804,96
2024-09-18 12:02:37.308,-416.5305368328449,1001
2024-09-18 12:02:37.336,416.48779063168064,98
2024-09-18 12:02:37.431,416.5434313962492,99
2024-09-18 12:02:37.456,416.5009872436048,1005
2024-09-18 12:02:37.458,416.5066386543271,98
2024-09-18 12:02:37.484,416.50985545653,6
2024-09-18 12:02:37.591,416.5429757696018,5
2024-09-18 12:02:37.609,416.48958908363335,14
2024-09-18 12:02:37.753,416.5220724173023,104
2024-09-18 12:02:37.836,416.5118404070701,6
2024-09-18 12:02:37.885,416.5524820844454,98
2024-09-18 12:02:37.885,416.5520929035991,7
2024-09-18 12:02:37.925,416.49367160310845,5
2024-09-18 12:02:37.944,416.54074546567546,1002
2024-09-18 12:02:37.953,416.50863869765664,95
2024-09-18 12:02:37.965,416.54664881273146,995
2024-09-18 12:02:38.041,416.5563974867944,13
2024-09-18 12:02:38.079,416.5562414960797,100
2024-09-18 12:02:38.583,416.5527341334048,8
2024-09-18 12:02:38.629,416.53080022920506,8
2024-09-18 12:02:38.691,416.5447514157309,13
2024-09-18 12:02:39.613,416.5337819756488,1001
2024-09-18 12:02:40.053,416.54571006712376,101
2024-09-18 12:02:40.649,416.552742692004,6
2024-09-18 12:02:40.896,,997
2024-09-18 12:02:41.004,416.5097336713718,95
2024-09-18 12:02:41.029,416.53193339374286,104
2024-09-18 12:02:41.051,416.5328740814426,998
2024-09-18 12:02:41.076,416.5332859420134,103
2024-09-18 12:02:41.130,416.5273906797352,9
2024-09-18 12:02:41.150,416.5161902205333,9
2024-09-18 12:02:41.154,416.5151487321403,101
2024-09-18 12:02:41.179,416.5359782449766,98
2024-09-18 12:02:41.356,416.5023340009231,100
2024-09-18 12:02:41.391,416.5197445459523,999
2024-09-18 12:02:41.439,416.5316901719703,9
2024-09-18 12:02:41.483,416.5228456923184,995
2024-09-18 12:02:41.514,416.5381176285289,15
2024-09-18 12:02:41.689,416.5192589148272,997
2024-09-18 12:02:41.723,416.5255119871893,995
2024-09-18 12:02:41.729,416.54104428353526,999
2024-09-18 12:02:41.743,416.533471613395,999
2024-09-18 12:02:41.766,416.51310945547385,1005
2024-09-18 12:02:42.330,416.5261972515524,11
2024-09-18 12:02:42.525,416.5035359074031,1005
2024-09-18 12:02:42.729,416.5007599594367,96
2024-09-18 12:02:42.785,416.52790393962346,99
2024-09-18 12:02:42.792,416.555621282171,1002
2024-09-18 12:02:42.900,416.5502054210484,15
2024-09-18 12:02:43.132,416.55713268871386,103
2024-09-18 12:02:43.227,416.5324527053398,98
2024-09-18 12:02:43.228,416.500879796324,105
2024-09-18 12:02:43.256,416.5237018092872,1001
2024-09-18 12:02:43.328,416.52053347273306,100
2024-09-18 12:02:43.381,416.5175800844855,102
2024-09-18 12:02:43.416,416.47848152201937,1005
2024-09-18 12:02:43.881,416.4830935260677,995
2024-09-18 12:02:44.826,416.5452343804117,13
2024-09-18 12:02:45.008,416.4978933451472,105
2024-09-18 12:02:45.125,416.5425962794187,11
2024-09-18 12:02:45.391,416.5302816780358,97
2024-09-18 12:02:45.461,416.52328146969785,103
2024-09-18 12:02:45.822,416.5486313380304,996
2024-09-18 12:02:45.928,416.5124393740316,6
2024-09-18 12:02:46.044,416.5068054047464,98
2024-09-18 12:02:46.054,416.43829832933307,103
2024-09-18 12:02:46.068,416.50571711023184,102
2024-09-18 12:02:46.098,416.4714591889687,995
2024-09-18 12:02:46.133,416.5110305248152,996
2024-09-18 12:02:46.167,416.4888218567796,1003
2024-09-18 12:02:46.243,416.4706659609036,7
2024-09-18 12:02:46.243,416.45123919204815,10
2024-09-18 12:02:46.257,416.480881728812,996
2024-09-18 12:02:46.262,416.4722432794902,98
2024-09-18 12:02:46.317,416.505212037409,9
2024-09-18 12:02:46.341,416.51722278282114,95
2024-09-18 12:02:46.363,416.4434498401958,96
2024-09-18 12:02:46.376,416.4820619391226,102
2024-09-18 12:02:46.376,416.5359191296786,103
2024-09-18 12:02:46.419,416.5212393295996,103
2024-09-18 12:02:46.508,416.4623689221768,6
2024-09-18 12:02:46.554,416.5016323688146,1002
2024-09-18 12:02:46.564,416.5129578651578,11
2024-09-18 12:02:46.665,416.4384258643664,97
2024-09-18 12:02:46.669,416.4753747319882,998
2024-09-18 12:02:46.761,416.46540298694816,10
2024-09-18 12:02:46.763,416.4994594033648,1000
2024-09-18 12:02:46.822,416.4332597379022,101
2024-09-18 12:02:46.871,416.4895207548794,1003
2024-09-18 12:02:46.871,416.5258095589934,1001
2024-09-18 12:02:46.908,416.4577120957166,12
2024-09-18 12:02:46.919,416.4998052992063,97
2024-09-18 12:02:47.068,416.5014536437061,15
2024-09-18 12:02:47.072,416.48287531821353,995
2024-09-18 12:02:47.091,416.5016362768945,995
2024-09-18 12:02:47.110,416.5173242987897,1004
2024-09-18 12:02:47.151,416.533860475535,9
2024-09-18 12:02:47.159,416.51307846855127,999
2024-09-18 12:02:47.246,416.515918731787,1000
2024-09-18 12:02:47.332,416.5381703806346,104
2024-09-18 12:02:47.387,416.5308555351334,98
2024-09-18 12:02:47.398,416.5100234417063,100
2024-09-18 12:02:47.438,416.4932498307575,997
2024-09-18 12:02:47.449,416.50955086565614,1000
2024-09-18 12:02:47.500,416.52737533150633,999
2024-09-18 12:02:47.517,416.5428763581917,8
2024-09-18 12:02:47.548,416.5387154809592,995
2024-09-18 12:02:47.640,416.49480147554806,102
2024-09-18 12:02:47.662,416.5274582778543,1002
2024-09-18 12:02:47.679,416.5298838835687,105
2024-09-18 12:02:47.715,416.50981283054,998
2024-09-18 12:02:47.774,416.465102469202,1004
2024-09-18 12:02:47.829,416.5070511995403,11
2024-09-18 12:02:47.843,416.5236867575721,998
2024-09-18 12:02:47.881,416.5147347418978,1000
2024-09-18 12:02:47.892,416.5521952875752,100
2024-09-18 12:02:47.938,416.4945455709482,97
2024-09-18 12:02:47.952,416.4638922013784,9
2024-09-18 12:02:47.978,416.53605658912926,97
2024-09-18 12:02:47.996,416.4876501332485,15
2024-09-18 12:02:48.029,416.5225202655938,997
2024-09-18 12:02:48.082,416.4966774636392,11
2024-09-18 12:02:48.107,-416.5256888177662,95
2024-09-18 12:02:48.242,416.5071183167626,100
2024-09-18 12:02:48.306,41.65145546011826,101
2024-09-18 12:02:48.323,416.4954907342204,11
2024-09-18 12:02:48.367,416.4874858417731,1002
2024-09-18 12:02:48.411,416.5496855000904,13
2024-09-18 12:02:48.428,416.54078500522434,1005
2024-09-18 12:02:48.455,416.56440795202303,105
2024-09-18 12:02:48.499,416.5315130447033,100
2024-09-18 12:02:48.509,416.56767219608855,97
2024-09-18 12:02:48.552,416.5050557074367,7
2024-09-18 12:02:48.568,416.57281251068986,999
2024-09-18 12:02:48.603,416.4924620324406,12
2024-09-18 12:02:48.609,416.5247731270009,995
2024-09-18 12:02:48.617,416.4996331620328,105
2024-09-18 12:02:48.621,416.50734318026815,8
2024-09-18 12:02:48.692,416.5344056565223,1001
2024-09-18 12:02:48.738,416.5050193007753,7
2024-09-18 12:02:48.778,416.5039291349685,998
2024-09-18 12:02:48.932,416.5114544440178,104
2024-09-18 12:02:48.983,416.5517194342311,996
2024-09-18 12:02:49.334,416.5378919578336,995
2024-09-18 12:02:49.335,416.55407849457134,11
2024-09-18 12:02:49.396,416.584535422999,1001
2024-09-18 12:02:49.481,416.5704110517148,103
2024-09-18 12:02:49.646,416.5518109475898,998
2024-09-18 12:02:49.678,416.5551220289756,103
2024-09-18 12:02:49.705,416.540416088914,98
2024-09-18 12:02:49.770,416.5316185200343,1000
2024-09-18 12:02:49.840,416.5860146092554,1002
2024-09-18 12:02:49.847,,1000
2024-09-18 12:02:49.869,416.53152896787617,13
2024-09-18 12:02:49.876,416.5479173938659,999
2024-09-18 12:02:49.954,416.5490171099929,12
2024-09-18 12:02:50.085,416.6017622879992,97
2024-09-18 12:02:50.097,416.57603913048393,5
2024-09-18 12:02:50.131,416.5967280288348,998
2024-09-18 12:02:50.135,416.5683403463656,5
2024-09-18 12:02:50.163,416.5729212148892,1005
2024-09-18 12:02:50.183,416.5871520486901,100
2024-09-18 12:02:50.207,416.55006284092593,7
2024-09-18 12:02:50.248,416.6120688679204,6
2024-09-18 12:02:50.281,416.5800023965463,9
2024-09-18 12:02:50.333,416.6046853623596,10
2024-09-18 12:02:50.335,416.60031090028247,10
2024-09-18 12:02:50.432,416.6017310022597,998
2024-09-18 12:02:50.473,416.5706849883956,15
2024-09-18 12:02:50.496,416.5711310383593,13
2024-09-18 12:02:50.504,416.5806928614512,997
2024-09-18 12:02:50.539,416.5881339843333,96
2024-09-18 12:02:50.579,416.5484362266228,9
2024-09-18 12:02:50.590,416.6146306780499,997
2024-09-18 12:02:50.619,416.5844207329373,105
2024-09-18 12:02:50.661,416.5740213585616,6
2024-09-18 12:02:50.798,416.58982088323575,102
2024-09-18 12:02:50.833,416.5819492235351,1001
2024-09-18 12:02:50.868,416.621927373505,95
2024-09-18 12:02:50.868,416.5703058316605,1003
2024-09-18 12:02:51.043,416.5970848577289,103
2024-09-18 12:02:51.079,416.6453483586079,10
2024-09-18 12:02:51.081,416.62802381494623,98
2024-09-18 12:02:51.139,416.6588781381519,101
2024-09-18 12:02:51.229,416.6596388406535,14
2024-09-18 12:02:51.240,416.6201670172794,996
2024-09-18 12:02:51.240,416.6237697055086,105
2024-09-18 12:02:51.304,416.5683532200037,1004
2024-09-18 12:02:51.318,416.64836977419407,11
2024-09-18 12:02:51.320,416.5963383944708,995
2024-09-18 12:02:51.346,,1000
2024-09-18 12:02:51.377,416.6472580721112,105
2024-09-18 12:02:51.402,416.59566620292287,11
2024-09-18 12:02:51.475,416.6276935901869,997
2024-09-18 12:02:51.475,416.6609948654257,95
2024-09-18 12:02:51.488,416.6150735419273,1005
2024-09-18 12:02:51.544,416.62637746288,1004
2024-09-18 12:02:51.581,416.61505886035366,996
2024-09-18 12:02:51.583,416.61341649865847,14
2024-09-18 12:02:51.598,416.64234687869015,101
2024-09-18 12:02:51.648,416.64094820650536,996
2024-09-18 12:02:51.736,416.6568712910876,7
2024-09-18 12:02:51.777,416.5769353980293,99
2024-09-18 12:02:51.799,416.60201373967885,1004
2024-09-18 12:02:51.806,416.6199782483807,11
2024-09-18 12:02:51.810,416.6365858349662,103
2024-09-18 12:02:51.916,416.614984354368,99
2024-09-18 12:02:51.921,416.648878192327,100
2024-09-18 12:02:51.943,416.6390464624052,997
2024-09-18 12:02:51.952,416.6293847971989,1002
2024-09-18 12:02:52.000,416.7348426977844,10
2024-09-18 12:02:52.004,416.7305316881551,12
2024-09-18 12:02:52.022,416.7317880095875,6
2024-09-18 12:02:52.057,416.74923459682736,6
2024-09-18 12:02:52.068,416.729221100767,104
2024-09-18 12:02:52.081,416.7351522467047,6
2024-09-18 12:02:52.118,416.7212682305857,102
2024-09-18 12:02:52.221,416.6787546010605,8
2024-09-18 12:02:52.276,416.7253099612852,104
2024-09-18 12:02:52.279,416.6646750766262,1001
2024-09-18 12:02:52.281,416.6939025101204,996
2024-09-18 12:02:52.368,416.6295208570024,1003
2024-09-18 12:02:52.370,416.7078712742192,6
2024-09-18 12:02:52.444,416.65634670644505,5
2024-09-18 12:02:52.468,416.6731746645396,105
2024-09-18 12:02:52.482,416.7066548266433,7
2024-09-18 12:02:52.488,416.72349828715176,997
2024-09-18 12:02:52.492,416.7242617955365,99
2024-09-18 12:02:52.552,416.6686374775769,96
2024-09-18 12:02:52.631,416.73130611454087,5
2024-09-18 12:02:52.793,416.6424719040592,995
2024-09-18 12:02:52.820,416.7332902414703,996
2024-09-18 12:02:52.990,416.7159383915042,997
2024-09-18 12:02:53.186,416.6611229065979,15
2024-09-18 12:02:53.205,416.68222919544166,997
2024-09-18 12:02:53.223,416.70771063553264,1005
2024-09-18 12:02:53.278,416.72353155501486,12
2024-09-18 12:02:53.315,416.7085247485189,999
2024-09-18 12:02:53.382,416.7295924452552,1005
2024-09-18 12:02:53.382,416.7009225354376,998
2024-09-18 12:02:53.396,416.71522098139206,8
2024-09-18 12:02:53.477,416.7272820188989,997
2024-09-18 12:02:53.487,416.7180781553511,999
2024-09-18 12:02:53.498,416.70762510450703,9
2024-09-18 12:02:53.507,416.6992913304375,13
2024-09-18 12:02:53.612,416.7348118713188,95
2024-09-18 12:02:53.688,416.6522198115341,13
2024-09-18 12:02:53.793,416.7072019643907,5
2024-09-18 12:02:53.816,416.6773591509552,997
2024-09-18 12:02:53.851,416.7520476339749,104
2024-09-18 12:02:53.891,416.6633491604948,8
2024-09-18 12:02:53.920,416.7337310499965,996
2024-09-18 12:02:53.964,416.6938339781652,101
2024-09-18 12:02:53.974,416.7013521718683,6
2024-09-18 12:02:54.005,416.683305111255,97
2024-09-18 12:02:54.072,416.680259997409,103
2024-09-18 12:02:54.125,416.69077268749794,1001
2024-09-18 12:02:54.143,416.7020707159896,1002
2024-09-18 12:02:54.174,416.664297875764,13
2024-09-18 12:02:54.189,416.714572577562,997
2024-09-18 12:02:54.250,416.6757828863242,995
2024-09-18 12:02:54.265,416.68675893739817,95
2024-09-18 12:02:54.318,416.66590009774063,95
2024-09-18 12:02:54.325,416.6818968250572,105
2024-09-18 12:02:54.376,416.6813295006645,13
2024-09-18 12:02:54.407,416.68686400168247,102
2024-09-18 12:02:54.517,416.7020212036217,7
2024-09-18 12:02:54.520,416.64003857111913,1001
2024-09-18 12:02:54.535,416.6597208251081,97
2024-09-18 12:02:54.588,416.6463670487989,15
2024-09-18 12:02:54.680,416.68940431226224,997
2024-09-18 12:02:54.687,416.68067427615176,998
2024-09-18 12:02:54.694,416.6789176162048,102
2024-09-18 12:02:54.713,416.66728406868623,98
2024-09-18 12:02:54.750,416.6758044198411,98
2024-09-18 12:02:54.807,416.6981409289231,8
2024-09-18 12:02:54.821,416.6843432573828,98
2024-09-18 12:02:54.876,416.6964006153886,99
2024-09-18 12:02:54.909,416.6784569440104,96
2024-09-18 12:02:54.912,416.7000711021744,7
2024-09-18 12:02:54.914,416.6792996406547,10
2024-09-18 12:02:54.972,416.702523168398,105
2024-09-18 12:02:55.084,416.5690673957909,998
2024-09-18 12:02:55.120,416.6133403927645,6
2024-09-18 12:02:55.163,416.60331083723406,105
2024-09-18 12:02:55.378,416.6155720836934,14
2024-09-18 12:02:55.398,416.6024405248722,997
2024-09-18 12:02:55.490,416.6158646297878,14
2024-09-18 12:02:55.565,416.6083547578924,9
2024-09-18 12:02:55.590,416.6246442560412,1002
2024-09-18 12:02:55.602,416.5948006622621,996
2024-09-18 12:02:55.648,416.6031151328482,12
2024-09-18 12:02:55.715,416.5905300685957,9
2024-09-18 12:02:55.809,416.593256501274,1004
2024-09-18 12:02:55.853,416.6137615780769,100
2024-09-18 12:02:55.935,416.60599144144913,7
2024-09-18 12:02:56.222,416.63906443308,100
2024-09-18 12:02:56.260,416.6490397348855,6
2024-09-18 12:02:56.426,416.6278250502999,96
2024-09-18 12:02:56.511,416.6664052456721,101
2024-09-18 12:02:56.514,416.6430633351184,8
2024-09-18 12:02:56.519,416.638138891753,103
2024-09-18 12:02:56.603,416.64774332943847,998
2024-09-18 12:02:56.805,416.6595883631191,1005
2024-09-18 12:02:56.860,416.6710845115116,14
2024-09-18 12:02:56.919,416.6585132448404,14
2024-09-18 12:02:56.961,416.6733056458287,995
2024-09-18 12:02:57.006,416.6469711636082,97
2024-09-18 12:02:57.064,416.66362400544136,95
2024-09-18 12:02:57.142,416.6350405699004,96
2024-09-18 12:02:57.163,416.61722102002767,7
2024-09-18 12:02:57.365,416.6816727120863,98
2024-09-18 12:02:57.371,416.6484668498081,7
2024-09-18 12:02:57.414,416.6611757133414,1004
2024-09-18 12:02:57.435,416.65806777519936,5
2024-09-18 12:02:57.470,416.690310064542,104
2024-09-18 12:02:57.539,416.6729404197286,5
2024-09-18 12:02:57.574,416.67213662640114,97
2024-09-18 12:02:57.607,416.6634498577457,1002
2024-09-18 12:02:57.669,416.64660606322815,998
2024-09-18 12:02:57.682,416.65460693595,1004
2024-09-18 12:02:57.684,416.6471165858772,11
2024-09-18 12:02:57.692,416.6671641483623,5
2024-09-18 12:02:57.758,416.68494159596526,6
2024-09-18 12:02:57.886,416.6802318119022,1000
2024-09-18 12:02:57.931,416.6999947615411,997
2024-09-18 12:02:58.103,416.6651108242448,99
2024-09-18 12:02:58.203,416.6658072612937,13
2024-09-18 12:02:58.684,416.6418920965424,996
2024-09-18 12:02:59.029,416.69786469688887,13
2024-09-18 12:02:59.053,416.7095618692294,101
2024-09-18 12:02:59.057,416.6882160612794,8
2024-09-18 12:02:59.089,416.7018255560399,98
2024-09-18 12:02:59.149,416.6785478360955,7
2024-09-18 12:02:59.168,416.689256488674,100
2024-09-18 12:02:59.197,416.6879802207203,999
2024-09-18 12:02:59.199,416.6740860157031,1001
2024-09-18 12:02:59.230,416.6491627272482,5
2024-09-18 12:02:59.285,416.69696653817664,1000
2024-09-18 12:02:59.331,416.6807923868725,11
2024-09-18 12:02:59.361,416.6723483828447,7
2024-09-18 12:02:59.391,416.6965585821858,102
2024-09-18 12:02:59.423,416.674566576976,97
2024-09-18 12:02:59.429,416.6226111949081,100
2024-09-18 12:02:59.430,416.700429955128,14
2024-09-18 12:02:59.449,41.66685799416637,103
2024-09-18 12:02:59.529,416.63350308475214,1003
2024-09-18 12:02:59.560,416.6861331320813,1003
2024-09-18 12:02:59.583,416.6946094157854,996
2024-09-18 12:02:59.605,416.6643290760558,96
2024-09-18 12:02:59.685,416.6448241950341,13
2024-09-18 12:02:59.898,416.65982941900415,14
2024-09-18 12:02:59.909,416.6574572114881,7
2024-09-18 12:02:59.982,416.7005752047403,15
