Timestamp,Price,Size
2024-09-16 14:03:00.018,415.428763521191,1005
2024-09-16 14:03:00.040,415.3904073688021,1002
2024-09-16 14:03:00.051,415.4274670003084,14
2024-09-16 14:03:00.052,415.3939796109677,1003
2024-09-16 14:03:00.063,415.4103172779932,9
2024-09-16 14:03:00.066,415.3851943600269,1004
2024-09-16 14:03:00.179,415.4335312308139,97
2024-09-16 14:03:00.282,415.4481209373259,1002
2024-09-16 14:03:00.289,415.39318299072016,98
2024-09-16 14:03:00.467,415.40079903115816,14
2024-09-16 14:03:00.489,415.3916748204524,1005
2024-09-16 14:03:00.510,415.4348288908466,102
2024-09-16 14:03:00.539,415.3959571444947,11
2024-09-16 14:03:00.584,415.4226811475357,998
2024-09-16 14:03:00.604,415.4217936277321,105
2024-09-16 14:03:00.650,415.411124446033,98
2024-09-16 14:03:00.691,415.3951055986906,15
2024-09-16 14:03:00.727,415.391364413547,996
2024-09-16 14:03:00.905,415.4012474489096,103
2024-09-16 14:03:00.906,415.4056599540048,96
2024-09-16 14:03:00.987,415.4392811401312,7
2024-09-16 14:03:00.989,415.3946968875336,1004
2024-09-16 14:03:01.137,415.4725599964584,105
2024-09-16 14:03:01.173,415.4466747572796,15
2024-09-16 14:03:01.253,415.46510637688687,101
2024-09-16 14:03:01.271,415.4920056870545,1003
2024-09-16 14:03:01.365,415.4434610901498,102
2024-09-16 14:03:01.421,415.4613628266473,1003
2024-09-16 14:03:01.552,415.4711595191413,95
2024-09-16 14:03:01.556,415.4769318045839,1000
2024-09-16 14:03:01.769,415.49847870493767,103
2024-09-16 14:03:01.826,415.4747909553553,8
2024-09-16 14:03:01.898,415.4651334388657,101
2024-09-16 14:03:01.969,415.468222157118,97
2024-09-16 14:03:02.051,415.5717249483935,100
2024-09-16 14:03:02.160,415.551159913146,999
2024-09-16 14:03:02.226,415.5565817996662,98
2024-09-16 14:03:02.275,415.5248655223199,996
2024-09-16 14:03:02.453,415.5200373893029,100
2024-09-16 14:03:02.681,415.5152047876056,5
2024-09-16 14:03:02.698,415.5333717606894,11
2024-09-16 14:03:02.887,415.5287416153877,7
2024-09-16 14:03:03.092,415.5748695573444,1002
2024-09-16 14:03:03.098,415.6010977546612,99
2024-09-16 14:03:03.210,415.5614889101576,96
2024-09-16 14:03:03.442,415.61552731122873,15
2024-09-16 14:03:03.600,41.55772047821439,997
2024-09-16 14:03:03.612,415.596357083218,9
2024-09-16 14:03:03.620,415.614910754374,9
2024-09-16 14:03:03.673,415.56056450506856,1000
2024-09-16 14:03:03.678,415.604875704378,105
2024-09-16 14:03:03.721,415.559757273957,8
2024-09-16 14:03:03.759,41.55498553549066,1005
2024-09-16 14:03:03.764,415.5744833377544,12
2024-09-16 14:03:03.780,415.5815639849073,995
2024-09-16 14:03:03.780,415.6004374824856,13
2024-09-16 14:03:03.822,415.5565120291008,5
2024-09-16 14:03:03.864,415.58907591057897,100
2024-09-16 14:03:03.889,415.6006395429101,104
2024-09-16 14:03:03.896,415.5683127436823,6
2024-09-16 14:03:03.903,415.574916976276,98
2024-09-16 14:03:03.917,415.6033954816999,98
2024-09-16 14:03:03.951,415.6069016481384,996
2024-09-16 14:03:03.968,415.6022591975164,10
2024-09-16 14:03:03.998,415.6149112919266,103
2024-09-16 14:03:04.011,415.63760715937286,997
2024-09-16 14:03:04.052,415.578330542041,101
2024-09-16 14:03:04.084,415.6313803567018,103
2024-09-16 14:03:04.093,415.62807040849793,6
2024-09-16 14:03:04.161,415.6552912331096,97
2024-09-16 14:03:04.170,415.6316166167358,6
2024-09-16 14:03:04.424,415.6393790000248,96
2024-09-16 14:03:04.451,415.5729544694419,7
2024-09-16 14:03:04.461,415.61277165003526,11
2024-09-16 14:03:04.500,415.6252414703547,99
2024-09-16 14:03:04.517,415.58284735644105,1004
2024-09-16 14:03:04.528,415.5856839711519,95
2024-09-16 14:03:04.577,415.6385136357046,100
2024-09-16 14:03:04.640,415.63859856171257,101
2024-09-16 14:03:04.685,415.66169589765246,1002
2024-09-16 14:03:04.717,415.6593913528755,97
2024-09-16 14:03:04.723,415.594465772598,100
2024-09-16 14:03:04.729,415.637084848311,1004
2024-09-16 14:03:04.789,415.59754880617226,8
2024-09-16 14:03:04.914,415.6048760047221,995
2024-09-16 14:03:04.925,415.6062766712133,1001
2024-09-16 14:03:04.994,415.63846248006166,14
2024-09-16 14:03:05.041,415.6324907579808,103
2024-09-16 14:03:05.116,415.6142171073582,12
2024-09-16 14:03:05.125,415.6065840810713,8
2024-09-16 14:03:05.280,-415.6288770210932,1005
2024-09-16 14:03:05.322,415.6163815128297,997
2024-09-16 14:03:05.385,415.62614297600174,104
2024-09-16 14:03:05.440,415.64017895752073,97
2024-09-16 14:03:05.448,415.638593796714,100
2024-09-16 14:03:05.654,415.6402777181689,12
2024-09-16 14:03:05.687,415.62520773772616,1003
2024-09-16 14:03:05.739,415.64405483629054,104
2024-09-16 14:03:05.824,,11
2024-09-16 14:03:05.874,415.64483823319614,13
2024-09-16 14:03:06.019,415.6130160273182,105
2024-09-16 14:03:06.053,415.6235772424502,8
2024-09-16 14:03:06.106,415.60401676291616,10
2024-09-16 14:03:06.106,415.64726550438513,11
2024-09-16 14:03:06.161,415.6391108558507,5
2024-09-16 14:03:06.185,415.617052529369,1002
2024-09-16 14:03:06.217,415.6291631328851,12
2024-09-16 14:03:06.243,415.6652843515317,96
2024-09-16 14:03:06.245,415.6415291080461,995
2024-09-16 14:03:06.298,415.6347434550064,102
2024-09-16 14:03:06.421,415.6156908316371,98
2024-09-16 14:03:06.460,415.6368880997799,100
2024-09-16 14:03:06.472,415.63420073535474,12
2024-09-16 14:03:06.484,415.6199721168125,100
2024-09-16 14:03:06.504,415.6288119913357,13
2024-09-16 14:03:06.510,415.61548339336,1003
2024-09-16 14:03:06.573,415.6575645332113,9
2024-09-16 14:03:06.682,415.5940421623612,995
2024-09-16 14:03:06.696,415.6519897637437,1005
2024-09-16 14:03:06.747,415.62285220853056,5
2024-09-16 14:03:06.770,415.59701905965466,103
2024-09-16 14:03:06.787,415.6063443784838,7
2024-09-16 14:03:06.794,415.63822172540415,998
2024-09-16 14:03:06.957,415.62407000747993,1000
2024-09-16 14:03:07.038,415.6397698268844,98
2024-09-16 14:03:07.073,415.6379320233636,11
2024-09-16 14:03:07.106,415.660350589503,1002
2024-09-16 14:03:07.122,415.6190905198196,102
2024-09-16 14:03:07.165,415.6139031628172,105
2024-09-16 14:03:07.188,415.61927872675153,99
2024-09-16 14:03:07.193,415.6134646449245,104
2024-09-16 14:03:07.206,415.66835402350097,8
2024-09-16 14:03:07.245,415.6278096068585,996
2024-09-16 14:03:07.260,415.6211774714649,1002
2024-09-16 14:03:07.328,415.6468010526311,99
2024-09-16 14:03:07.332,415.6372800494111,6
2024-09-16 14:03:07.375,415.6342093449163,102
2024-09-16 14:03:07.501,415.61007965683626,105
2024-09-16 14:03:07.551,415.61494798182486,1002
2024-09-16 14:03:07.632,415.6283551821551,103
2024-09-16 14:03:07.648,415.6064049660502,100
2024-09-16 14:03:07.663,415.6178026032548,5
2024-09-16 14:03:07.679,415.6179661386981,103
2024-09-16 14:03:07.701,415.5978132903688,103
2024-09-16 14:03:07.728,415.6449847934388,14
2024-09-16 14:03:07.740,415.59416752527966,98
2024-09-16 14:03:07.821,415.62804012993655,996
2024-09-16 14:03:07.841,415.5906171551673,7
2024-09-16 14:03:07.877,415.6254804836896,1005
2024-09-16 14:03:08.053,415.6360428720683,9
2024-09-16 14:03:08.063,415.63793745428296,98
2024-09-16 14:03:09.038,415.6881073443229,101
2024-09-16 14:03:09.089,415.6595754850004,997
2024-09-16 14:03:09.128,415.696964206869,997
2024-09-16 14:03:09.166,415.6641229839922,1003
2024-09-16 14:03:09.194,415.6703587309412,105
2024-09-16 14:03:09.252,415.68336191997474,100
2024-09-16 14:03:09.257,415.67292777134975,12
2024-09-16 14:03:09.326,415.67072061642745,1005
2024-09-16 14:03:09.422,41.56519449655119,10
2024-09-16 14:03:09.425,415.6314139139509,101
2024-09-16 14:03:09.435,415.7018921295685,6
2024-09-16 14:03:09.466,415.6879204944565,12
2024-09-16 14:03:09.521,415.6925556070112,97
2024-09-16 14:03:09.536,415.6720111199029,1005
2024-09-16 14:03:09.544,415.6772461117153,999
2024-09-16 14:03:09.548,415.6799754206684,97
2024-09-16 14:03:09.579,415.7238385054496,103
2024-09-16 14:03:09.592,415.7058168226729,100
2024-09-16 14:03:09.780,415.63919161012944,101
2024-09-16 14:03:09.807,415.6888215036291,12
2024-09-16 14:03:09.814,415.69861944339857,97
2024-09-16 14:03:09.855,415.6873588986613,96
2024-09-16 14:03:09.880,415.6437313075812,15
2024-09-16 14:03:11.203,415.71535989403935,96
2024-09-16 14:03:11.292,415.706629108833,1004
2024-09-16 14:03:11.303,415.6877666092928,6
2024-09-16 14:03:11.426,415.6856931319786,12
2024-09-16 14:03:11.522,415.7150388252273,1005
2024-09-16 14:03:11.550,415.7056946155536,11
2024-09-16 14:03:11.562,415.7039908493009,11
2024-09-16 14:03:11.580,415.7238735977757,99
2024-09-16 14:03:11.582,415.6962497447653,1005
2024-09-16 14:03:11.617,415.7056779457082,6
2024-09-16 14:03:11.760,415.71330923854185,9
2024-09-16 14:03:11.866,415.6890320175687,13
2024-09-16 14:03:11.875,415.7169709761191,995
2024-09-16 14:03:11.927,415.7200587500627,15
2024-09-16 14:03:11.970,415.6990020511481,104
2024-09-16 14:03:12.007,415.6992092969151,996
2024-09-16 14:03:12.149,415.705481651189,1004
2024-09-16 14:03:12.292,415.6957127879843,7
2024-09-16 14:03:12.392,415.69025611132207,7
2024-09-16 14:03:12.712,415.7020652134551,1001
2024-09-16 14:03:12.836,415.70557745369496,5
2024-09-16 14:03:12.903,415.7104432283848,105
2024-09-16 14:03:13.013,415.6318224617712,9
2024-09-16 14:03:13.034,415.6880202327138,1005
2024-09-16 14:03:13.074,415.63781868617394,1002
2024-09-16 14:03:13.117,415.7025131106412,98
2024-09-16 14:03:13.124,415.6788879624217,998
2024-09-16 14:03:13.176,415.6619389388744,102
2024-09-16 14:03:13.211,415.6559238434614,96
2024-09-16 14:03:13.249,415.6034913629016,1002
2024-09-16 14:03:13.342,415.7183799939749,1002
2024-09-16 14:03:13.363,415.6346466401708,14
2024-09-16 14:03:13.404,415.6449231439478,999
2024-09-16 14:03:13.413,415.64616072943227,9
2024-09-16 14:03:13.424,415.5916949058027,1000
2024-09-16 14:03:13.424,415.6972434227192,103
2024-09-16 14:03:13.442,415.648056874481,99
2024-09-16 14:03:13.482,415.6040088202822,997
2024-09-16 14:03:13.514,415.6697783051949,96
2024-09-16 14:03:13.531,,7
2024-09-16 14:03:13.647,415.64229590950464,15
2024-09-16 14:03:13.671,415.70641705383775,999
2024-09-16 14:03:13.706,415.6874445045361,11
2024-09-16 14:03:13.711,415.6175090691349,104
2024-09-16 14:03:13.712,415.6357710258609,105
2024-09-16 14:03:13.818,415.6873629067945,11
2024-09-16 14:03:13.828,415.5955136047472,5
2024-09-16 14:03:13.920,415.6963513849608,8
2024-09-16 14:03:13.959,415.67492069211016,100
2024-09-16 14:03:14.025,415.6243535325421,997
2024-09-16 14:03:14.077,415.5818072440875,98
2024-09-16 14:03:14.112,415.6007462560682,12
2024-09-16 14:03:14.133,415.5865814578757,95
2024-09-16 14:03:14.180,415.6002939496704,15
2024-09-16 14:03:14.186,415.6446030720056,14
2024-09-16 14:03:14.198,415.6486059790017,996
2024-09-16 14:03:14.273,415.6096836890307,98
2024-09-16 14:03:14.285,415.6198094094424,102
2024-09-16 14:03:14.326,415.6136811936576,1002
2024-09-16 14:03:14.385,415.5969974124442,15
2024-09-16 14:03:14.385,415.6343185485281,101
2024-09-16 14:03:14.395,415.6639077278503,12
2024-09-16 14:03:14.400,415.6660971101071,1001
2024-09-16 14:03:14.421,415.6433127227887,97
2024-09-16 14:03:14.501,415.6356005841055,97
2024-09-16 14:03:14.548,415.6366476339707,97
2024-09-16 14:03:14.549,415.61729485104365,9
2024-09-16 14:03:14.566,415.6292118810474,96
2024-09-16 14:03:14.648,415.61244168292046,9
2024-09-16 14:03:14.806,415.6156130644347,102
2024-09-16 14:03:14.850,415.6436752933762,15
2024-09-16 14:03:15.070,415.6445659972073,14
2024-09-16 14:03:15.207,415.67573737700576,95
2024-09-16 14:03:15.413,415.67580124100647,10
2024-09-16 14:03:15.607,415.60795724327,101
2024-09-16 14:03:15.668,415.6762262824165,12
2024-09-16 14:03:15.682,415.66647587213794,1001
2024-09-16 14:03:15.727,415.6746957167818,1002
2024-09-16 14:03:15.907,415.664732336362,15
2024-09-16 14:03:15.935,415.6673567958673,997
2024-09-16 14:03:15.942,415.6356089847756,8
2024-09-16 14:03:15.978,415.622243796239,101
2024-09-16 14:03:15.982,415.6090480612872,8
2024-09-16 14:03:16.003,415.6999408737957,103
2024-09-16 14:03:16.079,415.6825137495161,995
2024-09-16 14:03:16.081,415.68702987152415,95
2024-09-16 14:03:16.087,415.6947062822314,1001
2024-09-16 14:03:16.125,415.6880871458324,14
2024-09-16 14:03:16.130,415.70178830522576,13
2024-09-16 14:03:16.167,415.6941075846809,997
2024-09-16 14:03:16.220,415.6943322572076,101
2024-09-16 14:03:16.247,415.6763985574974,1003
2024-09-16 14:03:16.362,415.689270301561,5
2024-09-16 14:03:16.374,415.6896048350658,99
2024-09-16 14:03:16.384,415.74144602559977,8
2024-09-16 14:03:16.433,415.7208038498317,1001
2024-09-16 14:03:16.490,415.7029342805766,15
2024-09-16 14:03:16.656,415.6772445282316,998
2024-09-16 14:03:16.659,415.74477590089,998
2024-09-16 14:03:16.706,415.75563767733433,995
2024-09-16 14:03:16.716,415.7641402829508,1005
2024-09-16 14:03:16.717,415.756459294384,99
2024-09-16 14:03:16.719,415.6982829110048,100
2024-09-16 14:03:16.785,415.7180668929045,998
2024-09-16 14:03:16.793,415.6951298686431,995
2024-09-16 14:03:16.798,415.685609069098,15
2024-09-16 14:03:16.861,415.71958807367054,996
2024-09-16 14:03:16.869,41.56812500591102,103
2024-09-16 14:03:16.891,415.710770302738,997
2024-09-16 14:03:16.900,415.70087321357335,103
2024-09-16 14:03:16.906,,8
2024-09-16 14:03:16.977,415.6984377726274,6
2024-09-16 14:03:16.992,415.6860636240586,14
2024-09-16 14:03:17.049,415.7217442528017,13
2024-09-16 14:03:17.568,415.727370413132,14
2024-09-16 14:03:17.642,41.5723136869296,102
2024-09-16 14:03:17.676,415.7123960738135,15
2024-09-16 14:03:17.826,415.7156845319829,12
2024-09-16 14:03:17.880,415.7049498746629,101
2024-09-16 14:03:17.983,415.743382601578,1002
2024-09-16 14:03:18.031,415.7860197100304,1005
2024-09-16 14:03:18.032,415.7762006633408,105
2024-09-16 14:03:18.135,415.7246940790028,104
2024-09-16 14:03:18.163,415.7890676139802,1004
2024-09-16 14:03:18.188,415.7451135191309,1005
2024-09-16 14:03:18.222,415.7280477036408,10
2024-09-16 14:03:18.395,415.7241180710587,1005
2024-09-16 14:03:18.447,415.77044054943855,103
2024-09-16 14:03:18.530,415.7141561372296,1005
2024-09-16 14:03:18.570,415.7633235258895,98
2024-09-16 14:03:18.635,415.7849212524872,8
2024-09-16 14:03:18.751,415.7260209230103,105
2024-09-16 14:03:18.788,415.73282643574953,1005
2024-09-16 14:03:18.880,415.7425851916203,8
2024-09-16 14:03:18.927,415.78255101869007,98
2024-09-16 14:03:18.997,415.7798853551933,1002
2024-09-16 14:03:19.004,415.892255523528,11
2024-09-16 14:03:19.026,415.875375177747,9
2024-09-16 14:03:19.032,415.8504280376844,14
2024-09-16 14:03:19.045,415.8482105026184,97
2024-09-16 14:03:19.071,415.9160474658015,1004
2024-09-16 14:03:19.119,415.8151110854079,10
2024-09-16 14:03:19.259,415.9217689276644,1002
2024-09-16 14:03:19.285,415.8401653868621,996
2024-09-16 14:03:19.353,415.93722907687766,996
2024-09-16 14:03:19.355,415.83288258375495,10
2024-09-16 14:03:19.383,415.8722525004943,98
2024-09-16 14:03:19.414,415.8113611653001,6
2024-09-16 14:03:19.544,415.8742359810891,104
2024-09-16 14:03:19.565,415.88189264190976,997
2024-09-16 14:03:19.593,415.9380535249339,999
2024-09-16 14:03:19.747,415.8766606984935,98
2024-09-16 14:03:19.766,415.9144584579562,6
2024-09-16 14:03:19.808,415.9269802701076,995
2024-09-16 14:03:19.875,415.8030805371444,95
2024-09-16 14:03:19.950,415.8984420387122,1004
2024-09-16 14:03:19.974,415.9357560984871,996
2024-09-16 14:03:20.012,415.9490513027089,9
2024-09-16 14:03:20.069,415.9330772603053,97
2024-09-16 14:03:20.187,415.948030663499,1001
2024-09-16 14:03:20.235,415.9259902083484,1004
2024-09-16 14:03:20.301,415.963427751967,5
2024-09-16 14:03:20.340,415.9458220850476,996
2024-09-16 14:03:20.347,415.9216607235864,1004
2024-09-16 14:03:20.384,415.9252985369631,998
2024-09-16 14:03:20.400,415.9325472137875,995
2024-09-16 14:03:20.407,415.917995142933,1003
2024-09-16 14:03:20.455,415.96481857324767,97
2024-09-16 14:03:20.524,415.941580667142,1000
2024-09-16 14:03:20.530,415.9395364251478,998
2024-09-16 14:03:20.640,415.9595893866888,9
2024-09-16 14:03:20.643,415.93069616126326,7
2024-09-16 14:03:20.751,415.94767726818793,10
2024-09-16 14:03:20.752,415.9390134958075,96
2024-09-16 14:03:20.757,415.932250805648,997
2024-09-16 14:03:20.819,415.9439570404303,1003
2024-09-16 14:03:20.853,415.933943871429,14
2024-09-16 14:03:20.864,415.9379609633299,102
2024-09-16 14:03:20.947,415.91960180178336,9
2024-09-16 14:03:21.080,415.8817129263964,997
2024-09-16 14:03:21.137,415.8773936794216,96
2024-09-16 14:03:21.288,415.9039511524625,6
2024-09-16 14:03:21.362,415.91036778722895,9
2024-09-16 14:03:21.404,415.8538389584737,13
2024-09-16 14:03:21.506,415.8718336619101,998
2024-09-16 14:03:21.515,415.8777521849429,1003
2024-09-16 14:03:21.597,415.89737382788434,97
2024-09-16 14:03:21.671,415.8452698947022,15
2024-09-16 14:03:21.755,415.8801287279487,96
2024-09-16 14:03:21.772,415.9120736574281,1004
2024-09-16 14:03:21.781,415.8890144818415,105
2024-09-16 14:03:21.977,415.8992602114472,997
2024-09-16 14:03:22.015,415.85498590242497,97
2024-09-16 14:03:22.148,415.8374867630024,97
2024-09-16 14:03:22.169,415.8491227506348,997
2024-09-16 14:03:22.267,415.8204683876245,7
2024-09-16 14:03:22.272,415.80093222616176,1005
2024-09-16 14:03:22.274,415.7534450631815,102
2024-09-16 14:03:22.283,415.8605697532665,1002
2024-09-16 14:03:22.296,-415.80627124759,1000
2024-09-16 14:03:22.305,415.8061687753343,1004
2024-09-16 14:03:22.340,415.8455286081152,98
2024-09-16 14:03:22.429,415.84863370692864,996
2024-09-16 14:03:22.539,415.7982631949854,104
2024-09-16 14:03:22.574,415.8651555951205,9
2024-09-16 14:03:22.611,415.7745173816507,96
2024-09-16 14:03:22.628,415.8210391487957,10
2024-09-16 14:03:22.649,415.8643343394828,7
2024-09-16 14:03:22.684,415.8582453732884,9
2024-09-16 14:03:22.736,415.8194939289423,9
2024-09-16 14:03:22.739,415.8075273534634,999
2024-09-16 14:03:22.744,415.7531004259109,99
2024-09-16 14:03:22.851,415.75545610402816,5
2024-09-16 14:03:22.852,415.8672483228952,12
2024-09-16 14:03:22.869,415.81359066294937,11
2024-09-16 14:03:22.899,415.7500563760333,102
2024-09-16 14:03:22.925,415.7352038746717,12
2024-09-16 14:03:22.950,415.820010156706,10
2024-09-16 14:03:23.013,415.76110825526746,97
2024-09-16 14:03:23.074,415.7306665126896,13
2024-09-16 14:03:23.077,415.7712609125954,1005
2024-09-16 14:03:23.127,415.7614565567929,96
2024-09-16 14:03:23.251,415.7516171639482,999
2024-09-16 14:03:23.475,415.7624178695474,10
2024-09-16 14:03:23.504,415.7483952172088,995
2024-09-16 14:03:23.515,415.7391482791194,5
2024-09-16 14:03:23.543,415.7351927292788,9
2024-09-16 14:03:23.562,415.7515105883184,1002
2024-09-16 14:03:23.598,415.7557797694312,100
2024-09-16 14:03:23.725,415.75832696413534,1005
2024-09-16 14:03:23.794,415.7813044891346,5
2024-09-16 14:03:23.818,415.769039684754,9
2024-09-16 14:03:23.904,415.7518308003872,999
2024-09-16 14:03:23.910,415.7784424471792,95
2024-09-16 14:03:23.970,415.72970472321873,14
2024-09-16 14:03:23.980,415.7547761282404,98
2024-09-16 14:03:23.982,415.7758275671292,10
2024-09-16 14:03:23.992,415.7476679665088,95
2024-09-16 14:03:24.029,415.754146225918,13
2024-09-16 14:03:24.037,415.76323613946033,15
2024-09-16 14:03:24.061,415.7947984997649,15
2024-09-16 14:03:24.065,415.7614598289499,12
2024-09-16 14:03:24.079,415.7493183601293,995
2024-09-16 14:03:24.105,415.7940453795985,96
2024-09-16 14:03:24.132,415.80023974938354,104
2024-09-16 14:03:24.175,415.8197854074414,7
2024-09-16 14:03:24.259,415.71354579403726,100
2024-09-16 14:03:24.307,415.77665146093625,105
2024-09-16 14:03:24.355,415.8071235776672,99
2024-09-16 14:03:24.371,415.7988294106318,98
2024-09-16 14:03:24.498,415.7997203749505,96
2024-09-16 14:03:24.517,415.7627761645884,999
2024-09-16 14:03:24.525,415.7838759715261,11
2024-09-16 14:03:24.544,415.7990113338338,1002
2024-09-16 14:03:24.612,415.7972078983035,98
2024-09-16 14:03:24.705,415.7993628876066,996
2024-09-16 14:03:24.712,415.79337620936894,995
2024-09-16 14:03:24.718,415.8133016040872,11
2024-09-16 14:03:24.761,415.76829689097457,1004
2024-09-16 14:03:24.763,415.80860528542695,999
2024-09-16 14:03:24.768,415.7548701868361,1000
2024-09-16 14:03:24.811,415.7883611045879,1003
2024-09-16 14:03:24.823,415.79029238140873,10
2024-09-16 14:03:24.876,415.7599517267678,102
2024-09-16 14:03:24.883,415.74725494953066,5
2024-09-16 14:03:24.962,415.7565586894284,103
2024-09-16 14:03:24.973,415.7667666598396,105
2024-09-16 14:03:25.085,415.71020247514,99
2024-09-16 14:03:25.222,41.5707282803989,97
2024-09-16 14:03:25.341,415.7081765746925,15
2024-09-16 14:03:25.424,415.70434727274096,102
2024-09-16 14:03:25.425,415.7053837744584,7
2024-09-16 14:03:25.498,415.7243117334745,1000
2024-09-16 14:03:25.516,,10
2024-09-16 14:03:25.546,415.7037842103307,105
2024-09-16 14:03:25.558,415.7004561716218,6
2024-09-16 14:03:25.597,415.7234168850167,96
2024-09-16 14:03:25.617,415.7122201529424,995
2024-09-16 14:03:25.732,415.7045933351058,1003
2024-09-16 14:03:25.735,415.70587631161777,95
2024-09-16 14:03:25.797,415.71797796910136,995
2024-09-16 14:03:25.836,41.57113810608377,997
2024-09-16 14:03:25.847,415.73400734964537,1005
2024-09-16 14:03:25.857,415.7229884932683,1000
2024-09-16 14:03:25.858,415.73673854076935,1003
2024-09-16 14:03:25.939,415.6990611841639,7
2024-09-16 14:03:25.992,415.73560162700016,998
2024-09-16 14:03:26.067,415.74289467398376,96
2024-09-16 14:03:26.202,415.7355962942436,100
2024-09-16 14:03:26.225,415.7539574544098,7
2024-09-16 14:03:26.455,415.7462916592668,1002
2024-09-16 14:03:26.649,415.7693508137176,97
2024-09-16 14:03:26.983,415.7287350296787,996
2024-09-16 14:03:27.017,415.8160985682935,6
2024-09-16 14:03:27.042,415.7963760209325,15
2024-09-16 14:03:27.057,415.8174245786989,1000
2024-09-16 14:03:27.105,415.7683195175636,11
2024-09-16 14:03:27.117,415.7720800821589,102
2024-09-16 14:03:27.142,415.8010698001624,1002
2024-09-16 14:03:27.199,415.7665045736607,8
2024-09-16 14:03:27.203,415.7956998534278,103
2024-09-16 14:03:27.268,415.7357559599694,1001
2024-09-16 14:03:27.298,415.76340075267615,15
2024-09-16 14:03:27.324,415.7775298187608,997
2024-09-16 14:03:27.343,415.7522306383757,100
2024-09-16 14:03:27.364,415.7694082669282,15
2024-09-16 14:03:27.391,415.7999023004247,105
2024-09-16 14:03:27.394,415.7543002073787,99
2024-09-16 14:03:27.416,415.7701771114929,1005
2024-09-16 14:03:27.448,415.8149885247608,14
2024-09-16 14:03:27.486,415.7679535450615,104
2024-09-16 14:03:27.489,41.57832311106816,98
2024-09-16 14:03:27.492,415.76041915782304,96
2024-09-16 14:03:27.508,41.57521692947402,999
2024-09-16 14:03:27.600,415.8047252071631,100
2024-09-16 14:03:27.602,415.7944165319101,104
2024-09-16 14:03:27.627,415.7935021018483,996
2024-09-16 14:03:27.635,415.7534289277578,1003
2024-09-16 14:03:27.695,415.79026678610416,1005
2024-09-16 14:03:27.852,415.8001614718863,998
2024-09-16 14:03:27.904,415.8052629150208,104
2024-09-16 14:03:27.908,415.808494150748,14
2024-09-16 14:03:28.041,415.7231975114198,95
2024-09-16 14:03:28.096,415.7371688217544,1002
2024-09-16 14:03:28.163,415.7711863431039,95
2024-09-16 14:03:28.216,415.7251113560884,104
2024-09-16 14:03:28.223,415.76861310608274,1004
2024-09-16 14:03:28.276,415.7421576192583,12
2024-09-16 14:03:28.288,415.7307925949121,101
2024-09-16 14:03:28.296,415.748116521327,9
2024-09-16 14:03:28.346,415.735182887096,14
2024-09-16 14:03:28.406,415.7325613714056,13
2024-09-16 14:03:28.442,415.7474731377137,9
2024-09-16 14:03:28.514,415.7455725230572,95
2024-09-16 14:03:28.639,415.7486996632721,5
2024-09-16 14:03:28.656,415.7333777143996,11
2024-09-16 14:03:28.679,415.7413679125193,1001
2024-09-16 14:03:28.694,41.57299653454036,103
2024-09-16 14:03:28.711,415.731087290516,13
2024-09-16 14:03:28.745,415.73172270604135,10
2024-09-16 14:03:28.767,415.7413136748698,1000
2024-09-16 14:03:28.844,415.7344624350656,97
2024-09-16 14:03:28.859,415.7597704914839,12
2024-09-16 14:03:28.864,415.7373753978515,11
2024-09-16 14:03:28.866,415.7109545231849,998
2024-09-16 14:03:28.908,415.75189065239033,997
2024-09-16 14:03:28.921,415.7448738014039,996
2024-09-16 14:03:29.021,415.7951938495937,10
2024-09-16 14:03:29.222,415.78452994534615,8
2024-09-16 14:03:29.330,415.7826887682215,7
2024-09-16 14:03:29.463,415.7934441900042,1003
2024-09-16 14:03:29.487,415.7914969414089,100
2024-09-16 14:03:29.544,415.7930207747214,11
2024-09-16 14:03:29.571,415.8025591864808,7
2024-09-16 14:03:29.726,415.7899190440266,1003
2024-09-16 14:03:29.743,415.8127961990616,1003
2024-09-16 14:03:29.791,415.77182635088326,1002
2024-09-16 14:03:29.805,415.8091892953539,104
2024-09-16 14:03:29.819,415.7937725667917,97
2024-09-16 14:03:29.847,415.7815776300324,997
2024-09-16 14:03:29.948,415.7736533902528,1001
2024-09-16 14:03:30.007,415.8021352053898,8
2024-09-16 14:03:30.019,415.7690083391405,1005
2024-09-16 14:03:30.039,415.7907467656798,12
2024-09-16 14:03:30.063,415.7598628415713,13
2024-09-16 14:03:30.126,415.7670710307606,96
2024-09-16 14:03:30.139,415.76484067837,103
2024-09-16 14:03:30.421,415.7639967701927,97
2024-09-16 14:03:30.473,415.7958049321545,6
2024-09-16 14:03:30.519,415.7804310073541,99
2024-09-16 14:03:30.721,415.7712609091173,1005
2024-09-16 14:03:30.735,415.8056354693505,9
2024-09-16 14:03:30.892,415.7604593471121,95
2024-09-16 14:03:30.925,415.80161356378375,996
2024-09-16 14:03:31.012,415.7400424438285,98
2024-09-16 14:03:31.017,415.7968202287572,96
2024-09-16 14:03:31.024,-415.759074697584,996
2024-09-16 14:03:31.124,415.779367680525,5
2024-09-16 14:03:31.184,415.771549977407,11
2024-09-16 14:03:31.192,415.8107352218212,96
2024-09-16 14:03:31.246,415.8074335963994,95
2024-09-16 14:03:31.268,415.7576914396853,7
2024-09-16 14:03:31.310,415.7450119046357,996
2024-09-16 14:03:31.417,415.73690887320697,15
2024-09-16 14:03:31.526,415.7873491541348,9
2024-09-16 14:03:31.584,415.74009631256,13
2024-09-16 14:03:31.624,415.7402509670274,99
2024-09-16 14:03:31.629,415.7405973452274,99
2024-09-16 14:03:31.630,415.7821618367872,96
2024-09-16 14:03:31.674,415.797924982272,8
2024-09-16 14:03:31.700,415.7811170098746,104
2024-09-16 14:03:31.702,415.7536533388776,999
2024-09-16 14:03:32.052,415.75273209014506,999
2024-09-16 14:03:32.270,415.7798443441799,1000
2024-09-16 14:03:32.482,415.7664357553948,102
2024-09-16 14:03:32.571,415.7789679202903,98
2024-09-16 14:03:32.868,415.784566137569,1004
2024-09-16 14:03:33.001,415.72138734966313,14
2024-09-16 14:03:33.087,415.7228602800637,998
2024-09-16 14:03:33.092,415.7946240050304,13
2024-09-16 14:03:33.144,415.74913363249823,15
2024-09-16 14:03:33.221,415.7848630037641,998
2024-09-16 14:03:33.251,415.6952242436892,1001
2024-09-16 14:03:33.325,415.7409833571976,103
2024-09-16 14:03:33.422,415.7352758980054,1001
2024-09-16 14:03:33.427,415.7040585732527,102
2024-09-16 14:03:33.472,415.8011335929261,1002
2024-09-16 14:03:33.488,415.75049005684906,102
2024-09-16 14:03:33.531,415.7682949473673,1005
2024-09-16 14:03:33.540,415.80208554061306,999
2024-09-16 14:03:33.643,415.707537113804,96
2024-09-16 14:03:33.652,415.78455242659095,13
2024-09-16 14:03:33.656,415.7378025017767,1003
2024-09-16 14:03:33.800,415.7373879200675,95
2024-09-16 14:03:33.809,415.7443209903087,1004
2024-09-16 14:03:33.913,415.753004657516,1000
2024-09-16 14:03:33.936,415.7193496841982,105
2024-09-16 14:03:33.942,415.7844269508492,7
2024-09-16 14:03:33.946,415.7729715800024,95
2024-09-16 14:03:35.195,415.65142770120593,97
2024-09-16 14:03:35.234,415.65552887873486,13
2024-09-16 14:03:35.354,415.6497622306096,996
2024-09-16 14:03:35.428,415.683701953642,95
2024-09-16 14:03:35.438,415.6934032223279,8
2024-09-16 14:03:35.627,415.6704654519172,103
2024-09-16 14:03:35.672,415.6536174454519,99
2024-09-16 14:03:35.693,,100
2024-09-16 14:03:35.863,415.6356480118,1005
2024-09-16 14:03:35.888,415.6550698687723,103
2024-09-16 14:03:35.916,415.6709689940285,9
2024-09-16 14:03:36.025,415.6926808348791,1000
2024-09-16 14:03:36.099,41.56826741480822,999
2024-09-16 14:03:36.229,415.6134564205594,1002
2024-09-16 14:03:36.242,415.6340620900207,104
2024-09-16 14:03:36.263,415.6863934985786,1005
2024-09-16 14:03:36.298,415.66369673079896,12
2024-09-16 14:03:36.470,415.6177111381293,997
2024-09-16 14:03:36.547,415.692328193683,8
2024-09-16 14:03:36.554,415.61730673820193,1002
2024-09-16 14:03:36.704,415.7001110863533,1002
2024-09-16 14:03:36.730,415.6779201896557,104
2024-09-16 14:03:36.741,415.69100232015006,1001
2024-09-16 14:03:36.761,415.6458245616767,997
2024-09-16 14:03:36.826,415.656151097936,999
2024-09-16 14:03:36.831,,996
2024-09-16 14:03:36.871,415.6715960509495,11
2024-09-16 14:03:36.887,,11
2024-09-16 14:03:37.005,415.6753410792575,1002
2024-09-16 14:03:37.068,415.6511606555783,1003
2024-09-16 14:03:37.086,415.65775356476655,13
2024-09-16 14:03:37.206,415.667192105916,13
2024-09-16 14:03:37.221,415.69989215947095,999
2024-09-16 14:03:37.231,415.68524844852806,997
2024-09-16 14:03:37.245,415.6812444349352,98
2024-09-16 14:03:37.270,415.66138912449225,102
2024-09-16 14:03:37.471,415.6985188732182,1002
2024-09-16 14:03:37.542,415.71779668365343,995
2024-09-16 14:03:37.568,415.6850908748786,1002
2024-09-16 14:03:37.662,415.68663954614857,999
2024-09-16 14:03:37.820,415.6749911640418,14
2024-09-16 14:03:37.846,415.6840054844901,1004
2024-09-16 14:03:37.961,415.7105466237032,1004
2024-09-16 14:03:38.155,415.69475484430734,10
2024-09-16 14:03:38.204,415.687453211287,6
2024-09-16 14:03:38.278,415.7025482854583,7
2024-09-16 14:03:38.580,415.70101909602414,5
2024-09-16 14:03:38.643,415.6939562535569,13
2024-09-16 14:03:38.760,415.7094658665735,11
2024-09-16 14:03:38.845,415.7023932192428,6
2024-09-16 14:03:38.866,415.6743930844058,997
2024-09-16 14:03:38.901,415.6850628592711,998
2024-09-16 14:03:38.946,415.6784863149544,14
2024-09-16 14:03:38.956,415.669807338512,1000
2024-09-16 14:03:39.070,415.7103179453849,10
2024-09-16 14:03:39.095,415.6872701386951,101
2024-09-16 14:03:39.096,415.6760661614304,999
2024-09-16 14:03:39.113,415.717021982714,1005
2024-09-16 14:03:39.121,415.7117268275184,8
2024-09-16 14:03:39.274,415.7334502844984,5
2024-09-16 14:03:39.308,415.7032889869608,100
2024-09-16 14:03:39.333,415.687636146989,996
2024-09-16 14:03:39.333,415.7222080631099,100
2024-09-16 14:03:39.356,415.7180868593416,998
2024-09-16 14:03:39.664,415.6948473146175,5
2024-09-16 14:03:39.678,415.67826295433343,100
2024-09-16 14:03:39.736,415.70665453423857,95
2024-09-16 14:03:39.781,415.71541863260495,99
2024-09-16 14:03:39.808,415.6828028338634,1003
2024-09-16 14:03:39.809,415.6762025660004,7
2024-09-16 14:03:39.923,415.6980727964624,14
2024-09-16 14:03:39.923,415.6709106702369,1000
2024-09-16 14:03:39.954,415.7296371859599,96
2024-09-16 14:03:40.013,415.69483361470384,8
2024-09-16 14:03:40.030,415.7206437614077,101
2024-09-16 14:03:40.031,415.7134452296006,9
2024-09-16 14:03:40.209,415.7244121735212,1003
2024-09-16 14:03:40.224,415.7215517603499,99
2024-09-16 14:03:40.353,415.7210692564765,8
2024-09-16 14:03:40.469,415.6910293436708,1003
2024-09-16 14:03:40.605,415.6960087622581,95
2024-09-16 14:03:40.759,415.7280252750581,9
2024-09-16 14:03:40.775,415.71836808957534,1003
2024-09-16 14:03:40.777,415.7127338573938,98
2024-09-16 14:03:40.976,415.7160021771991,6
2024-09-16 14:03:41.279,415.668198190038,996
2024-09-16 14:03:41.401,41.56957832647629,15
2024-09-16 14:03:41.435,415.6679871064342,104
2024-09-16 14:03:41.481,415.69576926928727,1000
2024-09-16 14:03:41.558,415.68373290085066,11
2024-09-16 14:03:41.666,415.7016898137524,96
2024-09-16 14:03:41.841,415.67290072286175,995
2024-09-16 14:03:42.112,415.562493072642,8
2024-09-16 14:03:42.159,415.57755567192754,100
2024-09-16 14:03:42.169,415.6122459556044,996
2024-09-16 14:03:42.191,,15
2024-09-16 14:03:42.210,415.5518903947056,996
2024-09-16 14:03:42.212,415.5465796482237,105
2024-09-16 14:03:42.238,415.55267843712295,99
2024-09-16 14:03:42.254,415.5903800090358,996
2024-09-16 14:03:42.255,415.5759137150914,1001
2024-09-16 14:03:42.393,415.5950114371632,14
2024-09-16 14:03:42.495,415.55989634871145,996
2024-09-16 14:03:42.497,415.60480830234025,102
2024-09-16 14:03:42.543,415.6262493482664,8
2024-09-16 14:03:42.584,415.5692430698062,11
2024-09-16 14:03:42.600,415.5483736944671,1003
2024-09-16 14:03:42.622,415.5681472775752,1000
2024-09-16 14:03:42.699,415.6568255109349,13
2024-09-16 14:03:42.707,415.5681807161528,996
2024-09-16 14:03:42.740,415.5584203678927,96
2024-09-16 14:03:42.751,415.5580765039229,14
2024-09-16 14:03:42.808,415.5650949678008,96
2024-09-16 14:03:42.863,415.5600803415895,996
2024-09-16 14:03:42.902,415.5715964059085,13
2024-09-16 14:03:42.918,415.5759209927238,99
2024-09-16 14:03:42.952,415.6106471809651,97
2024-09-16 14:03:42.988,415.5722761867557,103
2024-09-16 14:03:43.031,415.5850656675072,11
2024-09-16 14:03:43.032,415.5940138888325,14
2024-09-16 14:03:43.049,415.5885676210359,15
2024-09-16 14:03:43.059,415.5806604360792,96
2024-09-16 14:03:43.072,415.5972855833085,6
2024-09-16 14:03:43.130,415.5103442492273,12
2024-09-16 14:03:43.146,415.5884174065562,7
2024-09-16 14:03:43.157,415.5727891681945,998
2024-09-16 14:03:43.177,415.5607158392664,7
2024-09-16 14:03:43.245,415.57491844095466,104
2024-09-16 14:03:43.310,415.5182233350542,100
2024-09-16 14:03:43.343,415.554241619678,103
2024-09-16 14:03:43.506,415.59410276025005,99
2024-09-16 14:03:43.522,415.5450233620501,998
2024-09-16 14:03:43.579,415.5773870660776,98
2024-09-16 14:03:43.582,415.5640148975394,11
2024-09-16 14:03:43.590,415.5666977975356,1003
2024-09-16 14:03:43.701,415.5615868663592,103
2024-09-16 14:03:43.702,415.5344938397921,99
2024-09-16 14:03:43.702,415.5777791142717,998
2024-09-16 14:03:43.731,415.5510240019924,103
2024-09-16 14:03:43.732,415.5713319733114,96
2024-09-16 14:03:43.740,415.5762908308926,13
2024-09-16 14:03:43.771,415.5721846960251,105
2024-09-16 14:03:43.791,415.5356564926326,13
2024-09-16 14:03:43.826,415.6110776788106,12
2024-09-16 14:03:43.954,415.55969033190456,98
2024-09-16 14:03:43.971,415.53457530312,1000
2024-09-16 14:03:44.000,415.4776403880298,7
2024-09-16 14:03:44.009,415.46408645352193,997
2024-09-16 14:03:44.016,415.4927463928072,96
2024-09-16 14:03:44.079,415.4438342170571,10
2024-09-16 14:03:44.146,415.4897920227896,12
2024-09-16 14:03:44.158,,1004
2024-09-16 14:03:44.244,415.4798461429049,1003
2024-09-16 14:03:44.304,415.4946541013646,95
2024-09-16 14:03:44.335,415.4907680090835,1001
2024-09-16 14:03:44.429,415.4926068490767,1005
2024-09-16 14:03:44.542,415.5034357451504,7
2024-09-16 14:03:44.600,415.44219277534137,13
2024-09-16 14:03:44.614,415.4839890262484,997
2024-09-16 14:03:44.708,415.48050888194274,97
2024-09-16 14:03:44.726,415.4440167709767,1003
2024-09-16 14:03:44.764,415.444302092464,98
2024-09-16 14:03:44.773,415.4654328330682,9
2024-09-16 14:03:44.788,415.48818450582905,10
2024-09-16 14:03:44.840,415.4656801619554,98
2024-09-16 14:03:44.853,41.545858561191615,997
2024-09-16 14:03:44.895,415.49863097551406,103
2024-09-16 14:03:44.901,415.5139959244278,96
2024-09-16 14:03:44.903,415.4787479758464,9
2024-09-16 14:03:44.925,415.4572649169485,101
2024-09-16 14:03:44.932,415.4692345559943,8
2024-09-16 14:03:44.944,415.4560721009915,15
2024-09-16 14:03:44.945,415.4920356388472,95
2024-09-16 14:03:44.984,415.45024195940135,15
2024-09-16 14:03:44.995,415.4857086092325,1000
2024-09-16 14:03:45.013,415.43608594100925,996
2024-09-16 14:03:45.060,415.4574783082493,15
2024-09-16 14:03:45.098,415.44476450272816,14
2024-09-16 14:03:45.100,415.4372584386998,104
2024-09-16 14:03:45.128,415.4342943252345,996
2024-09-16 14:03:45.130,415.4639521461405,97
2024-09-16 14:03:45.155,415.4509252060124,7
2024-09-16 14:03:45.184,415.4481516351671,10
2024-09-16 14:03:45.242,415.41149367251614,997
2024-09-16 14:03:45.258,415.41921161850047,6
2024-09-16 14:03:45.306,415.4362429469637,98
2024-09-16 14:03:45.349,415.44020683085125,11
2024-09-16 14:03:45.396,415.4269351300701,999
2024-09-16 14:03:45.406,415.4579794881859,98
2024-09-16 14:03:45.463,415.4452709076104,12
2024-09-16 14:03:45.530,415.42343540159953,96
2024-09-16 14:03:45.603,415.4428403000039,98
2024-09-16 14:03:45.607,415.44396607986175,10
2024-09-16 14:03:45.613,415.4609570869814,997
2024-09-16 14:03:45.690,415.4411718929919,14
2024-09-16 14:03:45.743,415.4405205693228,6
2024-09-16 14:03:45.788,415.4112243039094,1005
2024-09-16 14:03:45.792,415.4600434654032,95
2024-09-16 14:03:45.843,415.4330095116945,8
2024-09-16 14:03:45.969,415.4452521233685,999
2024-09-16 14:03:46.101,415.55097828052175,11
2024-09-16 14:03:46.245,415.5267042337937,103
2024-09-16 14:03:46.277,415.5388157170436,8
2024-09-16 14:03:46.281,415.4609755751272,1003
2024-09-16 14:03:46.366,415.5296498582721,1002
2024-09-16 14:03:46.374,415.4520715340821,7
2024-09-16 14:03:46.381,415.4622337289288,9
2024-09-16 14:03:46.408,415.5406881244652,996
2024-09-16 14:03:46.429,415.5527168068085,995
2024-09-16 14:03:46.496,415.5445681287727,96
2024-09-16 14:03:46.539,415.5071399307918,12
2024-09-16 14:03:46.549,415.5178402650976,14
2024-09-16 14:03:46.567,415.5238988080933,100
2024-09-16 14:03:46.621,415.4792715403698,95
2024-09-16 14:03:46.629,415.4953978926911,10
2024-09-16 14:03:46.666,415.5563862990458,9
2024-09-16 14:03:46.677,415.522971689284,95
2024-09-16 14:03:46.771,415.507354793529,99
2024-09-16 14:03:46.782,415.4331630130243,105
2024-09-16 14:03:46.822,415.4803936731,13
2024-09-16 14:03:46.983,415.540442841634,11
2024-09-16 14:03:48.033,415.52566913028375,95
2024-09-16 14:03:48.071,415.6390793428591,997
2024-09-16 14:03:48.118,415.5740628843657,1001
2024-09-16 14:03:48.165,415.6303908408842,996
2024-09-16 14:03:48.237,415.5790276006442,99
2024-09-16 14:03:48.285,415.5962369184512,6
2024-09-16 14:03:48.390,415.5741131081028,1001
2024-09-16 14:03:48.420,415.5278591300169,10
2024-09-16 14:03:48.433,,99
2024-09-16 14:03:48.452,415.632871748256,8
2024-09-16 14:03:48.459,415.6330557215591,101
2024-09-16 14:03:48.477,415.5727447538829,1000
2024-09-16 14:03:48.528,415.5270886889548,1005
2024-09-16 14:03:48.590,415.5644999840681,8
2024-09-16 14:03:48.657,415.5689738606984,11
2024-09-16 14:03:48.662,415.61156459268375,14
2024-09-16 14:03:48.668,415.5863097022228,999
2024-09-16 14:03:48.723,415.562603276927,1002
2024-09-16 14:03:48.780,415.5455008297656,997
2024-09-16 14:03:48.789,415.5720618695443,102
2024-09-16 14:03:48.792,415.5741806107077,8
2024-09-16 14:03:48.794,415.54940154561865,95
2024-09-16 14:03:48.827,415.5280035347148,98
2024-09-16 14:03:48.874,415.6340748426931,999
2024-09-16 14:03:48.992,415.56963176203135,98
2024-09-16 14:03:49.019,415.6577882031791,1002
2024-09-16 14:03:49.022,415.6936435787306,6
2024-09-16 14:03:49.079,415.6544621806367,1004
2024-09-16 14:03:49.080,415.6339735902165,1002
2024-09-16 14:03:49.185,415.6260314718251,1004
2024-09-16 14:03:49.195,415.6376431835092,996
2024-09-16 14:03:49.232,415.6351664113084,8
2024-09-16 14:03:49.240,415.61489497071074,6
2024-09-16 14:03:49.368,415.6671182335024,105
2024-09-16 14:03:49.373,415.622286446308,996
2024-09-16 14:03:49.445,415.6286249982896,1004
2024-09-16 14:03:49.466,415.6618665668932,105
2024-09-16 14:03:49.468,415.6349386015384,5
2024-09-16 14:03:49.482,415.6421479351208,1004
2024-09-16 14:03:49.538,415.634084700844,103
2024-09-16 14:03:49.690,415.660946569316,12
2024-09-16 14:03:49.754,415.6808621473934,100
2024-09-16 14:03:49.761,415.632289754212,8
2024-09-16 14:03:49.932,415.6929635222956,1000
2024-09-16 14:03:49.943,415.6558867104121,98
2024-09-16 14:03:50.262,415.6969152740724,999
2024-09-16 14:03:50.344,415.6949089319749,14
2024-09-16 14:03:50.406,415.68746837094864,1001
2024-09-16 14:03:50.561,415.659679479698,9
2024-09-16 14:03:50.599,415.67870251291686,99
2024-09-16 14:03:50.799,415.7044272225416,96
2024-09-16 14:03:51.079,,98
2024-09-16 14:03:51.097,-415.6731859839445,10
2024-09-16 14:03:51.173,415.68469602392673,6
2024-09-16 14:03:51.211,415.6714617590312,5
2024-09-16 14:03:51.215,415.6899464894655,98
2024-09-16 14:03:51.295,415.6898376085745,103
2024-09-16 14:03:51.560,415.7248279088933,996
2024-09-16 14:03:51.589,415.6753364166356,13
2024-09-16 14:03:51.712,415.7038346657271,11
2024-09-16 14:03:51.854,415.6667637484266,1004
2024-09-16 14:03:51.911,415.71758872127737,7
2024-09-16 14:03:51.938,415.7075993037384,100
2024-09-16 14:03:51.943,415.6693085493311,15
2024-09-16 14:03:51.957,,10
2024-09-16 14:03:52.002,415.8947318719455,8
2024-09-16 14:03:52.013,415.888483785516,9
2024-09-16 14:03:52.025,415.7332066302219,8
2024-09-16 14:03:52.052,415.8556550813339,8
2024-09-16 14:03:52.062,415.8826317593195,10
2024-09-16 14:03:52.080,415.7937697483651,95
2024-09-16 14:03:52.143,415.9182631673463,998
2024-09-16 14:03:52.179,415.8914647657117,99
2024-09-16 14:03:52.212,415.912618784497,105
2024-09-16 14:03:52.244,415.73760240034943,98
2024-09-16 14:03:52.254,415.8739798389455,98
2024-09-16 14:03:52.295,415.9220800780356,999
2024-09-16 14:03:52.297,415.8869108369682,99
2024-09-16 14:03:52.386,415.8660730866312,95
2024-09-16 14:03:52.443,415.7355912179783,8
2024-09-16 14:03:52.444,415.9282636606364,1001
2024-09-16 14:03:52.484,415.8971998399561,12
2024-09-16 14:03:52.500,415.9139226994771,998
2024-09-16 14:03:52.545,415.8397478265224,11
2024-09-16 14:03:52.612,415.8960339947994,95
2024-09-16 14:03:52.620,415.7664554144922,9
2024-09-16 14:03:52.766,415.875559742118,998
2024-09-16 14:03:52.797,415.89454135700544,13
2024-09-16 14:03:52.844,415.8870823920626,105
2024-09-16 14:03:52.882,415.90749615899136,1005
2024-09-16 14:03:52.896,415.9136747859221,15
2024-09-16 14:03:52.925,415.8060829591623,6
2024-09-16 14:03:52.963,415.887533235372,96
2024-09-16 14:03:53.016,,12
2024-09-16 14:03:53.103,415.8326592568131,1004
2024-09-16 14:03:53.212,415.8398283028423,100
2024-09-16 14:03:53.261,415.81231246042086,101
2024-09-16 14:03:53.272,415.864796119245,1000
2024-09-16 14:03:53.440,415.87605520163015,996
2024-09-16 14:03:53.446,415.8383516931138,13
2024-09-16 14:03:53.532,415.8740235978005,101
2024-09-16 14:03:53.541,415.8628783520633,95
2024-09-16 14:03:53.714,415.8398949586866,996
2024-09-16 14:03:53.730,415.8573096676417,8
2024-09-16 14:03:53.760,415.8290243038553,95
2024-09-16 14:03:53.763,415.84606061057787,999
2024-09-16 14:03:53.791,415.8522437328326,996
2024-09-16 14:03:53.812,415.86143894986895,5
2024-09-16 14:03:53.814,415.8127886311977,1001
2024-09-16 14:03:53.815,415.85704374709326,996
2024-09-16 14:03:53.833,415.8276167021848,7
2024-09-16 14:03:53.845,415.83832247776365,95
2024-09-16 14:03:53.858,415.839848420648,12
2024-09-16 14:03:53.878,415.85919324776177,103
2024-09-16 14:03:54.003,415.82680551601504,998
2024-09-16 14:03:54.044,415.8384021410466,7
2024-09-16 14:03:54.108,415.8544355357438,15
2024-09-16 14:03:54.179,415.8462802543173,102
2024-09-16 14:03:54.287,415.8517364620757,100
2024-09-16 14:03:54.420,415.8307983910443,9
2024-09-16 14:03:54.430,415.7991294245636,103
2024-09-16 14:03:54.648,415.8438971610602,999
2024-09-16 14:03:54.765,415.8441705572929,95
2024-09-16 14:03:54.844,415.8295238084505,100
2024-09-16 14:03:54.867,415.86895473378166,996
2024-09-16 14:03:54.953,415.8385934062783,105
2024-09-16 14:03:55.107,415.8714380880757,100
2024-09-16 14:03:55.181,415.8603217459339,5
2024-09-16 14:03:55.202,415.840971899529,7
2024-09-16 14:03:55.209,415.88217983053966,95
2024-09-16 14:03:55.440,415.8598750183873,9
2024-09-16 14:03:55.457,415.8710939921189,10
2024-09-16 14:03:55.625,415.85824748859534,10
2024-09-16 14:03:55.667,415.86450505011896,995
2024-09-16 14:03:55.726,415.85827217174887,9
2024-09-16 14:03:55.767,415.8601803074536,8
2024-09-16 14:03:55.775,415.8586321379274,10
2024-09-16 14:03:55.873,415.8392399738608,97
2024-09-16 14:03:56.006,415.90546997115615,95
2024-09-16 14:03:56.010,415.8457449859108,10
2024-09-16 14:03:56.061,415.86579459590257,98
2024-09-16 14:03:56.096,415.890093748263,999
2024-09-16 14:03:56.121,415.8452182490923,5
2024-09-16 14:03:56.124,415.83532706594457,8
2024-09-16 14:03:56.163,415.8997711353054,7
2024-09-16 14:03:56.241,415.8441635392984,7
2024-09-16 14:03:56.269,415.81547376024673,11
2024-09-16 14:03:56.293,415.8613982748447,1004
2024-09-16 14:03:56.332,415.8138573804636,14
2024-09-16 14:03:56.340,415.82670262111264,95
2024-09-16 14:03:56.350,415.8900679325021,100
2024-09-16 14:03:56.376,415.87034970731736,97
2024-09-16 14:03:56.383,415.8176632631734,97
2024-09-16 14:03:56.409,415.8909651249126,104
2024-09-16 14:03:56.439,415.8655474694909,11
2024-09-16 14:03:56.494,415.8480157909356,999
2024-09-16 14:03:56.526,415.909929691768,15
2024-09-16 14:03:56.625,415.83456559587086,11
2024-09-16 14:03:56.639,415.8818961085016,9
2024-09-16 14:03:56.698,415.8333577796242,98
2024-09-16 14:03:56.812,415.8568644203309,1000
2024-09-16 14:03:56.893,415.8525942651316,10
2024-09-16 14:03:56.931,415.8396779451759,97
2024-09-16 14:03:56.969,415.88308986218055,997
2024-09-16 14:03:56.973,415.8771128570101,95
2024-09-16 14:03:57.022,415.8106862492086,12
2024-09-16 14:03:57.375,415.8219843805157,1002
2024-09-16 14:03:57.537,415.815232947087,999
2024-09-16 14:03:57.741,415.8057196910021,1002
2024-09-16 14:03:57.839,415.8011871194269,1000
2024-09-16 14:03:57.907,415.8072224914822,99
2024-09-16 14:03:57.955,415.7968775588503,96
2024-09-16 14:03:57.994,415.803805794106,104
2024-09-16 14:03:58.045,415.7709741503893,12
2024-09-16 14:03:58.070,415.8155095424506,13
2024-09-16 14:03:58.136,415.7890721744644,102
2024-09-16 14:03:58.150,415.7746493138735,103
2024-09-16 14:03:58.167,415.7896792853538,100
2024-09-16 14:03:58.191,415.8095943772397,96
2024-09-16 14:03:58.216,415.79662562376967,12
2024-09-16 14:03:58.341,415.818082442923,1002
2024-09-16 14:03:58.435,415.8259520497252,1003
2024-09-16 14:03:58.446,415.8124567894785,7
2024-09-16 14:03:58.543,415.8013045435275,1001
2024-09-16 14:03:58.561,415.7735699934288,7
2024-09-16 14:03:58.563,415.8071167419125,14
2024-09-16 14:03:58.634,415.7965380791149,105
2024-09-16 14:03:58.639,415.762497365506,9
2024-09-16 14:03:58.669,415.7980205269228,5
2024-09-16 14:03:58.672,415.78425351715896,98
2024-09-16 14:03:58.680,415.7910405997641,998
2024-09-16 14:03:58.776,415.8023074436052,6
2024-09-16 14:03:58.879,415.7588393601847,998
2024-09-16 14:03:58.882,415.76527788379536,1001
2024-09-16 14:03:58.976,415.7826570556997,7
2024-09-16 14:03:58.991,415.7953447022331,102
2024-09-16 14:03:59.021,415.79545174528505,6
2024-09-16 14:03:59.142,415.7660823461904,12
2024-09-16 14:03:59.166,415.7787013232284,1004
2024-09-16 14:03:59.170,415.8429802198971,104
2024-09-16 14:03:59.215,415.7927777125795,1005
2024-09-16 14:03:59.228,415.8085274957874,100
2024-09-16 14:03:59.678,415.8345527931676,15
2024-09-16 14:03:59.719,415.77908219654415,97
2024-09-16 14:03:59.731,415.7954553730698,1005
2024-09-16 14:03:59.741,415.79836239574513,999
2024-09-16 14:03:59.762,415.8341070761837,996
2024-09-16 14:03:59.763,415.80233674898255,6
2024-09-16 14:03:59.910,415.80640219022985,1003
2024-09-16 14:03:59.923,415.8189549220753,1004
