Timestamp,Price,Size
2024-09-18 15:18:00.022,416.24114716776944,7
2024-09-18 15:18:00.053,416.2649161219999,97
2024-09-18 15:18:00.115,416.2558465628063,14
2024-09-18 15:18:00.235,416.24280155627406,996
2024-09-18 15:18:00.238,416.2803799872552,103
2024-09-18 15:18:00.309,416.2552754311236,100
2024-09-18 15:18:00.318,416.2521666252874,99
2024-09-18 15:18:00.334,416.2835156381542,99
2024-09-18 15:18:00.433,416.2428021632013,11
2024-09-18 15:18:00.580,416.2633998997963,998
2024-09-18 15:18:00.631,416.2743227477624,103
2024-09-18 15:18:00.952,416.2655934337493,8
2024-09-18 15:18:01.049,416.2648117830618,11
2024-09-18 15:18:01.052,416.2664418621616,996
2024-09-18 15:18:01.091,416.2583265034973,6
2024-09-18 15:18:01.104,416.254806253276,100
2024-09-18 15:18:01.357,416.28057790160494,1004
2024-09-18 15:18:01.422,416.2487758780561,999
2024-09-18 15:18:01.452,416.2509904764218,9
2024-09-18 15:18:01.472,416.2605381977737,95
2024-09-18 15:18:01.560,416.2738267722866,12
2024-09-18 15:18:01.687,416.239142652985,8
2024-09-18 15:18:01.693,416.2500570160522,97
2024-09-18 15:18:01.871,416.2627796297096,8
2024-09-18 15:18:01.923,416.25173422989945,100
2024-09-18 15:18:01.983,416.2731499114972,998
2024-09-18 15:18:02.071,416.29470641823815,8
2024-09-18 15:18:02.146,416.3064624445001,1004
2024-09-18 15:18:02.171,416.2834932975407,998
2024-09-18 15:18:02.555,416.3090174128326,5
2024-09-18 15:18:02.606,416.286575674881,11
2024-09-18 15:18:02.672,416.2806020862439,98
2024-09-18 15:18:02.806,416.3007057464391,97
2024-09-18 15:18:02.894,416.28646585746327,99
2024-09-18 15:18:02.904,416.2949745345143,105
2024-09-18 15:18:02.912,416.2840300530901,1000
2024-09-18 15:18:02.967,416.30377323585833,12
2024-09-18 15:18:02.980,416.3060852874484,95
2024-09-18 15:18:03.016,416.24214121911183,101
2024-09-18 15:18:03.089,416.2781016126563,11
2024-09-18 15:18:03.111,416.2648285248465,7
2024-09-18 15:18:03.162,416.2465137495293,998
2024-09-18 15:18:03.252,416.3124742881288,10
2024-09-18 15:18:03.310,416.3046879423849,1000
2024-09-18 15:18:03.349,416.3193575150368,1004
2024-09-18 15:18:03.436,416.3124925083935,105
2024-09-18 15:18:03.468,416.314894770918,9
2024-09-18 15:18:03.520,416.2434486244656,13
2024-09-18 15:18:03.548,416.2364586698927,1005
2024-09-18 15:18:03.597,416.30329815416,98
2024-09-18 15:18:03.649,416.2363251981439,7
2024-09-18 15:18:03.680,416.31754422891385,98
2024-09-18 15:18:03.684,416.2515946976916,999
2024-09-18 15:18:03.716,416.2455143270136,995
2024-09-18 15:18:03.936,416.31076776861823,102
2024-09-18 15:18:04.038,416.2712133029841,96
2024-09-18 15:18:04.079,416.2620601180481,12
2024-09-18 15:18:04.103,416.2741384291616,1001
2024-09-18 15:18:04.114,416.2252111134654,8
2024-09-18 15:18:04.196,416.3019683877506,999
2024-09-18 15:18:04.458,416.2146918211578,98
2024-09-18 15:18:04.476,416.26296758944886,14
2024-09-18 15:18:04.508,416.2903518079996,98
2024-09-18 15:18:04.509,416.3034898053985,5
2024-09-18 15:18:04.623,416.2974088138662,998
2024-09-18 15:18:04.633,416.27843382081056,15
2024-09-18 15:18:04.683,416.2194407935493,96
2024-09-18 15:18:04.721,416.3011319354747,105
2024-09-18 15:18:04.964,,15
2024-09-18 15:18:04.973,416.3009861189332,1000
2024-09-18 15:18:04.997,416.25997935917854,101
2024-09-18 15:18:06.019,416.33954635137246,14
2024-09-18 15:18:06.040,416.3156461259002,997
2024-09-18 15:18:06.109,416.3282775359551,103
2024-09-18 15:18:06.134,416.3422518551991,1000
2024-09-18 15:18:06.280,416.3487792855972,1004
2024-09-18 15:18:06.330,416.344606310334,105
2024-09-18 15:18:06.394,416.3463000494932,1005
2024-09-18 15:18:06.513,416.3384195957764,999
2024-09-18 15:18:06.543,416.3204470104381,104
2024-09-18 15:18:06.572,416.3026002392387,103
2024-09-18 15:18:06.743,416.3189101087892,998
2024-09-18 15:18:06.752,416.32241014636304,12
2024-09-18 15:18:06.825,416.3175650395257,15
2024-09-18 15:18:06.942,416.3294575863106,13
2024-09-18 15:18:07.014,416.2842341596773,101
2024-09-18 15:18:07.051,416.2909585016644,8
2024-09-18 15:18:07.111,416.3027781472133,6
2024-09-18 15:18:07.113,416.3219735377341,995
2024-09-18 15:18:07.117,416.29845543222007,99
2024-09-18 15:18:07.180,416.31430770654174,97
2024-09-18 15:18:07.183,416.3047618888492,99
2024-09-18 15:18:07.329,416.2988543350636,1004
2024-09-18 15:18:07.344,416.3507734734779,6
2024-09-18 15:18:07.408,416.3277806343624,102
2024-09-18 15:18:07.427,416.3539223909677,101
2024-09-18 15:18:07.466,416.3410534105085,1005
2024-09-18 15:18:07.482,416.2827691514704,10
2024-09-18 15:18:07.518,416.31120136020553,105
2024-09-18 15:18:07.535,416.29185062769807,10
2024-09-18 15:18:07.557,416.3015482668898,104
2024-09-18 15:18:07.590,416.3116980511255,12
2024-09-18 15:18:07.683,416.332218782685,12
2024-09-18 15:18:07.719,416.3124650582063,97
2024-09-18 15:18:07.867,416.3320160971907,100
2024-09-18 15:18:07.937,416.2837525603726,1002
2024-09-18 15:18:07.951,411.22946271782143,103
2024-09-18 15:18:07.954,416.3267513015305,999
2024-09-18 15:18:08.023,416.3400994827009,95
2024-09-18 15:18:08.245,416.355205533856,6
2024-09-18 15:18:08.664,416.3383126582207,998
2024-09-18 15:18:09.026,416.3270863820605,96
2024-09-18 15:18:09.043,416.3266032619192,7
2024-09-18 15:18:09.108,416.28938379001954,95
2024-09-18 15:18:09.150,416.3293474497838,11
2024-09-18 15:18:09.164,416.2487102398224,1002
2024-09-18 15:18:09.253,416.3135166064059,998
2024-09-18 15:18:09.275,416.3001863826343,8
2024-09-18 15:18:09.277,416.2893224991055,100
2024-09-18 15:18:09.342,416.2831297839117,5
2024-09-18 15:18:09.363,416.3044110788357,7
2024-09-18 15:18:09.388,416.3166102902366,104
2024-09-18 15:18:09.419,416.3259081963136,1005
2024-09-18 15:18:09.451,416.3361900642602,99
2024-09-18 15:18:09.607,416.32017942035895,5
2024-09-18 15:18:09.705,416.3277705570177,102
2024-09-18 15:18:09.720,416.2630001388155,1003
2024-09-18 15:18:09.724,416.3160104698175,999
2024-09-18 15:18:09.738,416.32387887626726,103
2024-09-18 15:18:09.749,416.311421079792,11
2024-09-18 15:18:09.757,416.2612222918905,996
2024-09-18 15:18:09.758,416.315618212889,998
2024-09-18 15:18:09.803,416.2799845887545,1004
2024-09-18 15:18:09.835,416.3347446483169,96
2024-09-18 15:18:09.875,416.3112097682458,6
2024-09-18 15:18:09.879,416.3199442483981,98
2024-09-18 15:18:09.880,416.3092231081855,98
2024-09-18 15:18:09.998,416.3111899536384,98
2024-09-18 15:18:10.038,416.30975940904216,105
2024-09-18 15:18:11.029,416.282467829553,998
2024-09-18 15:18:11.138,416.2745278410422,10
2024-09-18 15:18:11.161,416.2646218997461,14
2024-09-18 15:18:11.208,416.27959220970655,999
2024-09-18 15:18:11.222,416.30829957778,96
2024-09-18 15:18:11.243,416.3119229977685,95
2024-09-18 15:18:11.282,416.3040072560606,11
2024-09-18 15:18:11.305,416.3151513699059,6
2024-09-18 15:18:11.336,416.268444703361,13
2024-09-18 15:18:11.352,416.2852079489133,96
2024-09-18 15:18:11.448,416.25338947113954,1000
2024-09-18 15:18:11.486,416.3188908040107,996
2024-09-18 15:18:11.491,416.2945116341892,15
2024-09-18 15:18:11.579,416.2834904132915,1001
2024-09-18 15:18:11.591,416.313001715811,14
2024-09-18 15:18:11.675,416.2496506768486,97
2024-09-18 15:18:11.719,416.3078833886254,8
2024-09-18 15:18:11.731,416.2674173608866,104
2024-09-18 15:18:11.734,416.2659081374695,98
2024-09-18 15:18:11.768,416.2642681998107,104
2024-09-18 15:18:11.801,416.2809510177298,13
2024-09-18 15:18:11.847,416.2681158840632,10
2024-09-18 15:18:11.883,416.2478767430245,14
2024-09-18 15:18:11.915,416.2856557536226,101
2024-09-18 15:18:11.979,416.2869871770209,104
2024-09-18 15:18:12.133,416.2633775438868,11
2024-09-18 15:18:12.194,416.2621113253692,97
2024-09-18 15:18:12.207,416.2553140860271,5
2024-09-18 15:18:12.305,416.2509869540805,96
2024-09-18 15:18:12.328,416.22225288136735,103
2024-09-18 15:18:12.333,416.2473434792076,1004
2024-09-18 15:18:12.368,416.2414640994083,1003
2024-09-18 15:18:12.485,416.230796256529,1002
2024-09-18 15:18:12.587,41.62308693593758,98
2024-09-18 15:18:12.590,416.27039795507096,100
2024-09-18 15:18:12.674,-416.2638937573296,99
2024-09-18 15:18:12.700,416.2306805956022,997
2024-09-18 15:18:12.706,416.23585008876654,13
2024-09-18 15:18:12.730,416.2228655526208,100
2024-09-18 15:18:12.733,416.2623070668849,10
2024-09-18 15:18:12.775,416.2627466769902,105
2024-09-18 15:18:12.949,416.2324476234962,1001
2024-09-18 15:18:12.978,416.2675673654314,10
2024-09-18 15:18:13.325,416.29048128744256,105
2024-09-18 15:18:13.329,-416.25854179821306,102
2024-09-18 15:18:13.582,416.2957635191683,101
2024-09-18 15:18:13.636,416.2678319202108,1002
2024-09-18 15:18:13.671,416.2707215155686,7
2024-09-18 15:18:13.715,41.62706121704194,10
2024-09-18 15:18:13.796,416.30368729176456,1003
2024-09-18 15:18:14.282,416.3038543730131,1003
2024-09-18 15:18:14.308,416.31448989292,11
2024-09-18 15:18:14.366,416.2842421739825,103
2024-09-18 15:18:14.378,416.3824398444119,10
2024-09-18 15:18:14.390,416.3096566321821,10
2024-09-18 15:18:14.391,416.319778530835,104
2024-09-18 15:18:14.415,416.3242369062884,6
2024-09-18 15:18:14.433,416.3233945467424,15
2024-09-18 15:18:14.496,416.3247938553516,15
2024-09-18 15:18:14.638,416.31989881940166,102
2024-09-18 15:18:14.641,416.3195544764785,9
2024-09-18 15:18:14.688,416.3664958606973,95
2024-09-18 15:18:14.726,416.3575492885378,8
2024-09-18 15:18:14.801,416.3854812439816,12
2024-09-18 15:18:14.826,416.3171254973793,1002
2024-09-18 15:18:14.843,416.3172824554845,999
2024-09-18 15:18:14.863,416.3122678137883,998
2024-09-18 15:18:14.883,416.2971951933446,7
2024-09-18 15:18:14.938,416.3313449411744,14
2024-09-18 15:18:14.948,416.2843769138283,997
2024-09-18 15:18:14.993,,996
2024-09-18 15:18:15.037,416.4088552973071,96
2024-09-18 15:18:15.064,416.4172355727238,1005
2024-09-18 15:18:15.126,416.40111445040014,12
2024-09-18 15:18:15.154,416.4040180008771,103
2024-09-18 15:18:15.154,416.4066717132741,6
2024-09-18 15:18:15.205,416.4027244203351,1004
2024-09-18 15:18:15.294,416.3783981370918,997
2024-09-18 15:18:15.327,416.37692949666217,1002
2024-09-18 15:18:15.537,416.4088340867848,15
2024-09-18 15:18:15.542,416.40033069327166,104
2024-09-18 15:18:15.668,416.3899160567362,105
2024-09-18 15:18:15.732,416.40209697688033,995
2024-09-18 15:18:15.791,416.3962057886644,1000
2024-09-18 15:18:15.929,416.3765337399032,13
2024-09-18 15:18:15.938,416.3926680721152,1004
2024-09-18 15:18:16.176,416.3867528883835,11
2024-09-18 15:18:16.277,416.3363998117644,1002
2024-09-18 15:18:16.365,416.3506040203617,998
2024-09-18 15:18:16.372,-416.3570530219188,997
2024-09-18 15:18:16.694,-416.37213800341857,105
2024-09-18 15:18:16.906,416.3660341611016,1002
2024-09-18 15:18:16.952,-416.3634233829294,10
2024-09-18 15:18:17.017,416.2987566661728,999
2024-09-18 15:18:17.222,416.3292267297544,104
2024-09-18 15:18:17.329,416.32253426879606,97
2024-09-18 15:18:17.505,416.341826806397,102
2024-09-18 15:18:17.680,416.358926627746,105
2024-09-18 15:18:17.695,416.34480807395806,95
2024-09-18 15:18:17.788,416.3421453832162,7
2024-09-18 15:18:17.823,416.30870179165817,6
2024-09-18 15:18:18.034,416.3186008646844,102
2024-09-18 15:18:18.039,416.2944977858954,14
2024-09-18 15:18:18.076,416.3342887525184,98
2024-09-18 15:18:18.146,416.32234032381103,10
2024-09-18 15:18:18.402,416.3675940228298,101
2024-09-18 15:18:18.411,416.3708894206904,1000
2024-09-18 15:18:18.418,416.3535103732793,15
2024-09-18 15:18:18.493,416.344018065405,95
2024-09-18 15:18:18.635,416.30829019944485,6
2024-09-18 15:18:18.643,416.35521418462713,1004
2024-09-18 15:18:18.680,416.330414780396,996
2024-09-18 15:18:18.790,410.87990309637576,11
2024-09-18 15:18:18.840,416.3050520208141,10
2024-09-18 15:18:18.875,416.3441659737916,98
2024-09-18 15:18:18.890,416.3291767366984,103
2024-09-18 15:18:18.899,416.32529005720943,105
2024-09-18 15:18:18.958,410.8824896273096,104
2024-09-18 15:18:19.026,416.3580217412846,95
2024-09-18 15:18:19.060,416.3417656196306,103
2024-09-18 15:18:19.309,416.347593294632,97
2024-09-18 15:18:19.366,416.343379184762,1001
2024-09-18 15:18:20.002,416.3794434480695,1004
2024-09-18 15:18:20.012,416.36988921469145,1004
2024-09-18 15:18:20.018,416.3591172340429,105
2024-09-18 15:18:20.063,416.36532383280814,105
2024-09-18 15:18:20.066,416.3828446123927,999
2024-09-18 15:18:20.080,416.3709973373529,997
2024-09-18 15:18:20.498,416.3807739709173,999
2024-09-18 15:18:20.591,416.33503595795855,995
2024-09-18 15:18:20.710,416.3941457903863,13
2024-09-18 15:18:20.722,416.3992658760544,14
2024-09-18 15:18:20.763,416.3285609779494,1000
2024-09-18 15:18:20.766,416.3748194720381,12
2024-09-18 15:18:20.781,416.3810453117495,96
2024-09-18 15:18:20.782,416.3709047990652,102
2024-09-18 15:18:20.813,416.3775146534826,14
2024-09-18 15:18:20.839,416.34340753358,105
2024-09-18 15:18:20.967,416.3694260193985,997
2024-09-18 15:18:20.972,416.3636685781155,1000
2024-09-18 15:18:21.198,416.3963648093934,99
2024-09-18 15:18:21.274,416.4042220111735,6
2024-09-18 15:18:21.444,416.4038520710383,1005
2024-09-18 15:18:21.482,416.37951834390776,102
2024-09-18 15:18:21.717,416.36817856054495,1000
2024-09-18 15:18:22.031,416.3857958246603,1004
2024-09-18 15:18:22.080,416.42312684548295,9
2024-09-18 15:18:22.208,416.4027449181726,100
2024-09-18 15:18:22.245,416.4124084853928,99
2024-09-18 15:18:22.305,416.4125470334277,1001
2024-09-18 15:18:22.488,416.4148942772,1003
2024-09-18 15:18:22.538,416.3892029007706,1004
2024-09-18 15:18:22.871,416.3994572163893,10
2024-09-18 15:18:22.878,416.41129126390285,1000
2024-09-18 15:18:23.015,416.4564973635307,1004
2024-09-18 15:18:23.024,416.4659702839083,1000
2024-09-18 15:18:23.071,416.45020575004776,96
2024-09-18 15:18:23.073,41.64391914053205,15
2024-09-18 15:18:23.081,416.4646196961861,999
2024-09-18 15:18:23.100,410.8522797167357,999
2024-09-18 15:18:23.118,416.4344849455285,1001
2024-09-18 15:18:23.185,416.4897529396145,101
2024-09-18 15:18:23.190,416.4717550663416,7
2024-09-18 15:18:23.228,416.4708518453345,97
2024-09-18 15:18:23.356,416.4787035442012,96
2024-09-18 15:18:23.377,416.4483407526831,95
2024-09-18 15:18:23.423,416.4962660753788,102
2024-09-18 15:18:23.427,416.4696066788871,101
2024-09-18 15:18:23.478,416.4070558124072,15
2024-09-18 15:18:23.518,416.4546693941742,997
2024-09-18 15:18:23.613,416.4943388539832,997
2024-09-18 15:18:23.706,416.4194882991568,99
2024-09-18 15:18:23.713,416.4746033352128,6
2024-09-18 15:18:23.725,416.5003419861237,1001
2024-09-18 15:18:23.815,416.45936667545726,996
2024-09-18 15:18:23.878,416.4627590444552,6
2024-09-18 15:18:23.914,416.44245650241714,9
2024-09-18 15:18:23.963,416.4703963683317,998
2024-09-18 15:18:24.024,416.4117645355246,102
2024-09-18 15:18:24.080,416.43854900706754,96
2024-09-18 15:18:24.096,416.4031524067918,997
2024-09-18 15:18:24.168,416.4045284446504,13
2024-09-18 15:18:24.171,416.43953131319256,14
2024-09-18 15:18:24.234,416.4007834408727,8
2024-09-18 15:18:24.247,416.3957261535979,1002
2024-09-18 15:18:24.275,416.4366966144736,11
2024-09-18 15:18:24.315,416.39963496641326,1001
2024-09-18 15:18:24.379,416.4739284660423,1000
2024-09-18 15:18:24.397,416.4919141028259,99
2024-09-18 15:18:24.427,416.402727635103,102
2024-09-18 15:18:24.501,416.4294992205053,8
2024-09-18 15:18:24.510,416.4038033239,95
2024-09-18 15:18:24.565,416.4664258201114,105
2024-09-18 15:18:24.580,416.4791088366273,6
2024-09-18 15:18:24.589,-41.64525969674531,95
2024-09-18 15:18:24.688,416.38917403240174,11
2024-09-18 15:18:24.743,416.4760457361813,100
2024-09-18 15:18:24.820,416.3931880719294,97
2024-09-18 15:18:24.865,416.3969457001073,998
2024-09-18 15:18:24.879,416.4326113710836,1004
2024-09-18 15:18:24.881,416.3964326513579,15
2024-09-18 15:18:24.895,416.41615522281,102
2024-09-18 15:18:24.909,416.4009294934715,103
2024-09-18 15:18:24.927,416.4787261858827,6
2024-09-18 15:18:24.931,416.4448186818127,104
2024-09-18 15:18:24.965,416.4311756837299,100
2024-09-18 15:18:24.996,416.4582676103639,13
2024-09-18 15:18:25.302,416.471051555591,996
2024-09-18 15:18:25.675,416.4367979192916,104
2024-09-18 15:18:25.701,416.4571426250419,10
2024-09-18 15:18:25.898,416.4314799013124,999
2024-09-18 15:18:25.984,410.95792917627045,15
2024-09-18 15:18:26.083,416.4675373467968,103
2024-09-18 15:18:26.135,416.46063523412624,10
2024-09-18 15:18:26.169,416.4662277608482,12
2024-09-18 15:18:26.211,416.49477585657,999
2024-09-18 15:18:26.218,416.4589008426576,1000
2024-09-18 15:18:26.264,41.6492366830869,104
2024-09-18 15:18:26.266,416.4620062549961,9
2024-09-18 15:18:26.330,416.4765922822823,9
2024-09-18 15:18:26.347,416.4536790679451,103
2024-09-18 15:18:26.391,416.48474683278135,96
2024-09-18 15:18:26.459,410.955228412185,11
2024-09-18 15:18:26.525,416.50132313309376,5
2024-09-18 15:18:26.584,416.4802136451906,5
2024-09-18 15:18:26.588,416.45153568276135,999
2024-09-18 15:18:26.589,416.456464120344,12
2024-09-18 15:18:26.591,416.45554278970224,101
2024-09-18 15:18:26.706,416.4821926852761,1000
2024-09-18 15:18:26.773,416.4624168660541,6
2024-09-18 15:18:26.821,416.4669149215936,995
2024-09-18 15:18:26.850,416.4787482769476,95
2024-09-18 15:18:26.860,416.4853690521997,102
2024-09-18 15:18:27.130,416.4791287569072,9
2024-09-18 15:18:27.222,416.407012766516,1001
2024-09-18 15:18:27.342,416.4377896788552,12
2024-09-18 15:18:27.390,416.4459092963765,996
2024-09-18 15:18:27.399,416.4127040478911,15
2024-09-18 15:18:27.456,416.4403362525815,999
2024-09-18 15:18:27.478,416.4972125031954,101
2024-09-18 15:18:27.496,416.4189499195234,996
2024-09-18 15:18:27.553,416.462775466811,5
2024-09-18 15:18:27.587,416.4811526281881,1002
2024-09-18 15:18:27.597,416.4044444954531,102
2024-09-18 15:18:27.652,416.41899160314426,95
2024-09-18 15:18:27.753,416.4113164144248,12
2024-09-18 15:18:27.795,416.4010326198797,7
2024-09-18 15:18:27.845,416.4063787124315,8
2024-09-18 15:18:27.857,416.48486355446687,99
2024-09-18 15:18:27.894,416.4571948932751,7
2024-09-18 15:18:27.996,416.40613196902143,995
2024-09-18 15:18:28.069,416.4602271135301,102
2024-09-18 15:18:28.072,416.4854381385646,101
2024-09-18 15:18:28.089,416.46500976483577,96
2024-09-18 15:18:28.135,416.52005206666166,1004
2024-09-18 15:18:28.159,416.5227798383368,100
2024-09-18 15:18:28.192,416.5142625869305,11
2024-09-18 15:18:28.273,416.4854853469832,13
2024-09-18 15:18:28.288,416.5243671199445,13
2024-09-18 15:18:28.396,416.5092562724399,5
2024-09-18 15:18:28.500,416.52559772188334,95
2024-09-18 15:18:28.542,416.5061599262558,1003
2024-09-18 15:18:28.590,416.5069320339783,8
2024-09-18 15:18:28.645,416.48881745891936,95
2024-09-18 15:18:28.727,416.4789039848649,997
2024-09-18 15:18:28.760,-416.50391159069,10
2024-09-18 15:18:28.832,416.48100328406014,96
2024-09-18 15:18:28.924,416.51885772442506,103
2024-09-18 15:18:29.027,416.4712262856447,7
2024-09-18 15:18:29.091,41.64546790754144,6
2024-09-18 15:18:29.092,416.469750627065,96
2024-09-18 15:18:29.197,410.8847430668664,7
2024-09-18 15:18:29.329,416.516738723434,95
2024-09-18 15:18:29.331,416.448278973918,96
2024-09-18 15:18:29.478,416.4606520133682,97
2024-09-18 15:18:29.613,416.49805158230816,101
2024-09-18 15:18:29.627,416.432201699384,97
2024-09-18 15:18:29.768,416.5070124720483,99
2024-09-18 15:18:29.848,416.4308702944568,999
2024-09-18 15:18:29.907,416.50256760562326,100
2024-09-18 15:18:29.929,416.4924535957813,98
2024-09-18 15:18:30.001,416.5270592370311,99
2024-09-18 15:18:30.005,416.5005734162729,8
2024-09-18 15:18:30.064,416.5290868083361,1000
2024-09-18 15:18:30.185,416.5010772366719,104
2024-09-18 15:18:30.225,416.528397127489,9
2024-09-18 15:18:30.286,416.50081789678006,104
2024-09-18 15:18:30.313,416.5502748997392,11
2024-09-18 15:18:30.325,416.5862578891567,104
2024-09-18 15:18:30.447,416.5447796375472,96
2024-09-18 15:18:30.496,416.5450977819072,995
2024-09-18 15:18:30.524,416.52812254150126,105
2024-09-18 15:18:30.618,416.5096556421437,97
2024-09-18 15:18:30.641,416.5140502526446,13
2024-09-18 15:18:30.660,416.52922602329534,10
2024-09-18 15:18:30.673,416.5718028696796,6
2024-09-18 15:18:30.694,416.5342778648576,9
2024-09-18 15:18:30.704,416.5000430669168,103
2024-09-18 15:18:30.744,416.5461304460404,105
2024-09-18 15:18:30.782,416.586805522758,9
2024-09-18 15:18:30.819,416.49054616687386,9
2024-09-18 15:18:30.874,416.5420281103994,7
2024-09-18 15:18:30.935,416.5036313694181,105
2024-09-18 15:18:30.935,416.55138693178696,5
2024-09-18 15:18:30.969,416.5132561109504,95
2024-09-18 15:18:30.998,416.5431814399271,999
2024-09-18 15:18:31.066,416.6222232773835,997
2024-09-18 15:18:31.120,416.6540436303698,8
2024-09-18 15:18:31.206,416.5791344843552,1000
2024-09-18 15:18:31.208,416.593875009694,8
2024-09-18 15:18:31.435,,996
2024-09-18 15:18:31.446,416.6431017122578,10
2024-09-18 15:18:31.461,416.5873902368218,1004
2024-09-18 15:18:31.467,416.6035794719611,999
2024-09-18 15:18:31.552,416.5956497904688,104
2024-09-18 15:18:31.568,416.5919214694689,102
2024-09-18 15:18:31.635,416.6162905862204,995
2024-09-18 15:18:31.669,416.60214040668455,100
2024-09-18 15:18:31.680,416.6410432262641,10
2024-09-18 15:18:31.715,416.63857249169627,1004
2024-09-18 15:18:32.029,416.64351518989474,996
2024-09-18 15:18:32.062,416.660602030257,97
2024-09-18 15:18:32.066,416.6539798652015,10
2024-09-18 15:18:32.358,416.70053412894055,13
2024-09-18 15:18:32.682,416.67151314578535,9
2024-09-18 15:18:32.714,416.6375978590531,97
2024-09-18 15:18:32.726,,10
2024-09-18 15:18:33.057,416.7004653339863,996
2024-09-18 15:18:33.085,416.6983367980441,97
2024-09-18 15:18:33.113,416.6979475776062,104
2024-09-18 15:18:33.202,416.6960643372124,999
2024-09-18 15:18:33.512,416.6802402355912,98
2024-09-18 15:18:33.596,416.6868903005036,996
2024-09-18 15:18:33.648,416.6949316130148,996
2024-09-18 15:18:33.688,416.6748357596224,99
2024-09-18 15:18:33.756,416.6990509868523,997
2024-09-18 15:18:33.897,411.0327824142875,995
2024-09-18 15:18:33.993,416.7036789929366,8
2024-09-18 15:18:34.018,416.70598301115393,10
2024-09-18 15:18:34.020,416.6754586417029,10
2024-09-18 15:18:34.027,416.7106654620852,104
2024-09-18 15:18:34.082,416.7052455872632,11
2024-09-18 15:18:34.088,416.6819384083845,10
2024-09-18 15:18:34.142,416.6860817613153,98
2024-09-18 15:18:34.156,416.7053968426375,95
2024-09-18 15:18:34.228,416.7014892067691,996
2024-09-18 15:18:34.233,416.72746462867246,995
2024-09-18 15:18:34.233,416.7147541882005,97
2024-09-18 15:18:34.330,416.6838470253888,6
2024-09-18 15:18:34.397,416.7168449122447,100
2024-09-18 15:18:34.413,416.72148111284775,12
2024-09-18 15:18:34.548,416.6923382329555,995
2024-09-18 15:18:34.564,416.67510216480457,13
2024-09-18 15:18:34.591,416.6789689304072,999
2024-09-18 15:18:34.591,416.69490894242296,99
2024-09-18 15:18:34.604,416.7083837341256,104
2024-09-18 15:18:34.613,416.71175497080907,7
2024-09-18 15:18:34.619,416.6653865306827,101
2024-09-18 15:18:34.628,416.6779455759538,100
2024-09-18 15:18:34.699,416.70901062517225,15
2024-09-18 15:18:34.812,416.7191070169865,1002
2024-09-18 15:18:34.838,416.7085033017707,7
2024-09-18 15:18:34.873,416.6934085006391,10
2024-09-18 15:18:34.897,416.6916342724325,9
2024-09-18 15:18:34.910,416.7150014967752,103
2024-09-18 15:18:34.913,41.66761869474626,105
2024-09-18 15:18:34.938,416.7095282779761,99
2024-09-18 15:18:36.178,416.65153954779294,95
2024-09-18 15:18:36.748,416.69920042916215,11
2024-09-18 15:18:36.997,416.6860465481713,100
2024-09-18 15:18:37.127,416.616372950044,1001
2024-09-18 15:18:37.161,416.6392352005915,15
2024-09-18 15:18:37.162,411.0985978835552,105
2024-09-18 15:18:37.220,416.6428898576986,15
2024-09-18 15:18:37.241,416.65302689169727,100
2024-09-18 15:18:37.306,416.6733711958509,105
2024-09-18 15:18:37.344,-416.66629036226567,995
2024-09-18 15:18:37.424,-416.6746784231155,105
2024-09-18 15:18:37.445,416.6530631590271,101
2024-09-18 15:18:37.464,416.6451692865802,6
2024-09-18 15:18:37.468,416.6217927656571,1000
2024-09-18 15:18:37.480,416.6259981240095,997
2024-09-18 15:18:37.600,416.6846259961378,996
2024-09-18 15:18:37.633,416.6655253219709,1000
2024-09-18 15:18:37.689,416.6390093068892,11
2024-09-18 15:18:37.744,416.6747346816462,10
2024-09-18 15:18:37.749,416.686754089636,997
2024-09-18 15:18:37.792,416.6494955600504,105
2024-09-18 15:18:37.820,416.6236570908464,102
2024-09-18 15:18:37.828,416.64972181969466,6
2024-09-18 15:18:37.847,416.6168616948641,1000
2024-09-18 15:18:37.872,416.6203165339608,101
2024-09-18 15:18:37.911,416.6375521744882,1002
2024-09-18 15:18:37.964,416.6378043049193,103
2024-09-18 15:18:37.984,416.6690057361944,1004
2024-09-18 15:18:38.053,416.71662051833056,997
2024-09-18 15:18:38.060,416.65071074522695,15
2024-09-18 15:18:38.110,416.66893503702414,8
2024-09-18 15:18:38.118,416.647266639886,12
2024-09-18 15:18:38.131,416.6628039952504,99
2024-09-18 15:18:38.135,416.7793957973432,1000
2024-09-18 15:18:38.214,416.6477326535533,98
2024-09-18 15:18:38.238,416.7841494373375,1003
2024-09-18 15:18:38.321,416.7739130576176,998
2024-09-18 15:18:38.361,416.7979874135745,102
2024-09-18 15:18:38.385,416.6896031406804,1004
2024-09-18 15:18:38.449,416.7998564236185,995
2024-09-18 15:18:38.483,416.7394772907824,7
2024-09-18 15:18:38.487,416.7404064483392,104
2024-09-18 15:18:38.575,416.79129233625855,1003
2024-09-18 15:18:38.604,416.7962827750447,12
2024-09-18 15:18:38.659,416.651189051022,15
2024-09-18 15:18:38.695,416.7907168998269,998
2024-09-18 15:18:38.703,416.7893660783212,5
2024-09-18 15:18:38.711,416.6572335014505,6
2024-09-18 15:18:38.935,41.67991061626978,14
2024-09-18 15:18:39.064,416.7788381771017,95
2024-09-18 15:18:39.070,416.81817171827134,1003
2024-09-18 15:18:39.101,416.8012617957391,99
2024-09-18 15:18:39.111,416.8286231071071,96
2024-09-18 15:18:39.137,416.83915968832537,97
2024-09-18 15:18:39.164,416.8331572603048,1001
2024-09-18 15:18:39.166,416.776620947552,10
2024-09-18 15:18:39.239,416.8267503065429,996
2024-09-18 15:18:39.255,416.8035014556077,99
2024-09-18 15:18:39.260,416.802685940391,100
2024-09-18 15:18:39.364,,99
2024-09-18 15:18:39.379,416.7891934374053,995
2024-09-18 15:18:39.441,416.80539029560566,98
2024-09-18 15:18:39.510,416.8375327682928,13
2024-09-18 15:18:39.530,416.7694603740184,13
2024-09-18 15:18:39.602,416.8130770048593,999
2024-09-18 15:18:39.682,416.7734121516549,96
2024-09-18 15:18:39.693,416.8329013295392,996
2024-09-18 15:18:39.753,416.7805436139233,13
2024-09-18 15:18:39.850,416.8598941478679,6
2024-09-18 15:18:39.932,416.8158920619981,104
2024-09-18 15:18:40.046,416.8755012329004,104
2024-09-18 15:18:40.054,416.8601687962603,99
2024-09-18 15:18:40.093,416.8183020201199,15
2024-09-18 15:18:40.174,416.8309207119133,101
2024-09-18 15:18:40.196,416.82846130936144,1001
2024-09-18 15:18:40.235,416.8315084512013,9
2024-09-18 15:18:40.245,416.8744295976296,101
2024-09-18 15:18:40.299,416.8296196736235,1002
2024-09-18 15:18:40.302,416.8392907002432,96
2024-09-18 15:18:40.310,416.88203466152856,96
2024-09-18 15:18:40.373,416.817136271294,996
2024-09-18 15:18:40.463,416.8640230122826,995
2024-09-18 15:18:40.497,416.8720825164601,98
2024-09-18 15:18:40.499,416.8351559270671,1000
2024-09-18 15:18:40.612,416.8406890226054,1000
2024-09-18 15:18:40.723,416.88460706710833,12
2024-09-18 15:18:40.725,416.86582542246697,14
2024-09-18 15:18:40.806,416.8562601851685,95
2024-09-18 15:18:40.817,416.8630865706812,95
2024-09-18 15:18:40.838,416.88374726896393,11
2024-09-18 15:18:40.845,416.8312817643909,98
2024-09-18 15:18:40.856,416.8210895209028,1001
2024-09-18 15:18:40.876,416.8411797494267,1000
2024-09-18 15:18:40.914,416.8452535100328,15
2024-09-18 15:18:40.952,416.8922861496637,1003
2024-09-18 15:18:40.979,416.86215710694734,96
2024-09-18 15:18:40.982,416.8204313132508,10
2024-09-18 15:18:40.990,416.8282269349081,99
2024-09-18 15:18:40.992,416.83511309388,5
2024-09-18 15:18:41.108,,104
2024-09-18 15:18:41.130,416.86775335696507,100
2024-09-18 15:18:41.158,416.8957743747325,96
2024-09-18 15:18:41.259,416.9067335984316,100
2024-09-18 15:18:41.282,416.8725407848279,1005
2024-09-18 15:18:41.294,416.8766377271661,1001
2024-09-18 15:18:41.422,416.8839315835208,1002
2024-09-18 15:18:41.426,416.86215075847,1001
2024-09-18 15:18:41.431,416.9002407295485,12
2024-09-18 15:18:41.469,416.90752312079314,12
2024-09-18 15:18:41.469,416.8865430587801,996
2024-09-18 15:18:41.484,416.9009890091854,999
2024-09-18 15:18:41.497,416.875826817378,95
2024-09-18 15:18:41.523,416.8856529844104,104
2024-09-18 15:18:41.562,416.8904486896296,105
2024-09-18 15:18:41.763,416.8815841817397,10
2024-09-18 15:18:41.768,416.8896000648962,997
2024-09-18 15:18:41.846,416.86874913887976,99
2024-09-18 15:18:41.867,416.90069820525616,97
2024-09-18 15:18:41.875,416.90882097790177,11
2024-09-18 15:18:41.892,416.90907863454834,13
2024-09-18 15:18:41.915,416.8759126154669,1005
2024-09-18 15:18:41.919,416.88383457145886,102
2024-09-18 15:18:41.969,416.8807506252737,14
2024-09-18 15:18:42.070,416.9667144652876,11
2024-09-18 15:18:42.080,416.9341683813751,101
2024-09-18 15:18:42.083,416.9429281529642,1005
2024-09-18 15:18:42.170,416.9382200582997,10
2024-09-18 15:18:42.179,416.9173736111048,8
2024-09-18 15:18:42.218,-416.92733354246144,96
2024-09-18 15:18:42.299,416.93511274265313,996
2024-09-18 15:18:42.302,416.9026379285393,1004
2024-09-18 15:18:42.349,416.9303322431926,103
2024-09-18 15:18:42.431,416.9158067481671,1000
2024-09-18 15:18:42.466,416.92909535842864,1002
2024-09-18 15:18:42.535,416.94086994424254,100
2024-09-18 15:18:42.570,,101
2024-09-18 15:18:42.575,416.8927597992228,12
2024-09-18 15:18:42.582,416.8899976542925,105
2024-09-18 15:18:42.697,416.9727608065553,99
2024-09-18 15:18:42.702,416.9234017192025,5
2024-09-18 15:18:42.728,416.8965443643823,101
2024-09-18 15:18:42.747,416.95328327967945,97
2024-09-18 15:18:42.783,416.9135053274018,15
2024-09-18 15:18:42.845,416.9269209542854,998
2024-09-18 15:18:42.852,416.9486823541708,9
2024-09-18 15:18:42.856,416.8951032342265,9
2024-09-18 15:18:42.911,416.9332493346533,7
2024-09-18 15:18:43.041,416.8448426491403,15
2024-09-18 15:18:43.123,416.92386476108624,102
2024-09-18 15:18:43.162,416.8550070575839,1004
2024-09-18 15:18:43.327,416.87781161614487,999
2024-09-18 15:18:43.336,416.86196629055615,1000
2024-09-18 15:18:43.388,416.8964161914785,997
2024-09-18 15:18:43.452,416.8704286195784,1003
2024-09-18 15:18:43.498,416.9276186383455,5
2024-09-18 15:18:43.540,416.9760315219631,995
2024-09-18 15:18:43.540,416.9494292341151,995
2024-09-18 15:18:43.541,416.9366025128582,10
2024-09-18 15:18:43.555,416.86385912662496,1002
2024-09-18 15:18:43.564,416.8682097519601,997
2024-09-18 15:18:43.574,416.9283719726125,1005
2024-09-18 15:18:43.627,416.84254745096416,13
2024-09-18 15:18:43.677,416.9338445304407,100
2024-09-18 15:18:43.688,416.87767592823934,1004
2024-09-18 15:18:43.707,416.8592762699055,98
2024-09-18 15:18:43.710,416.9234474976091,9
2024-09-18 15:18:43.716,416.92171349191455,97
2024-09-18 15:18:43.727,416.8860885152554,102
2024-09-18 15:18:43.913,416.8482007473014,997
2024-09-18 15:18:43.931,416.8758421477823,1005
2024-09-18 15:18:43.948,416.944820380016,99
2024-09-18 15:18:43.976,416.8714296036612,10
2024-09-18 15:18:43.987,-416.88756746811765,96
2024-09-18 15:18:44.016,416.8692773633504,998
2024-09-18 15:18:44.057,416.8716340988733,1003
2024-09-18 15:18:44.260,416.8818990226711,1004
2024-09-18 15:18:44.312,416.8535688849139,998
2024-09-18 15:18:44.483,416.8592406108624,15
2024-09-18 15:18:44.486,416.8852548784556,1005
2024-09-18 15:18:44.528,416.8656149232962,98
2024-09-18 15:18:44.565,416.8859275541337,1002
2024-09-18 15:18:44.690,416.8752692251077,10
2024-09-18 15:18:44.758,416.881774865849,104
2024-09-18 15:18:44.908,416.8888292228276,15
2024-09-18 15:18:44.931,416.8673860502937,101
2024-09-18 15:18:44.941,411.03794207958657,1002
2024-09-18 15:18:44.976,411.03594622693015,96
2024-09-18 15:18:45.086,416.870020209261,996
2024-09-18 15:18:45.143,416.8765145186357,1001
2024-09-18 15:18:45.263,416.8695210618763,102
2024-09-18 15:18:45.303,416.8778331996944,997
2024-09-18 15:18:45.635,416.8905479071832,1005
2024-09-18 15:18:45.757,416.8876278487672,995
2024-09-18 15:18:46.020,416.90837822117936,95
2024-09-18 15:18:46.045,416.9085312081536,104
2024-09-18 15:18:46.052,416.9054729587223,999
2024-09-18 15:18:46.166,416.917577134868,1000
2024-09-18 15:18:46.199,416.9383667151099,996
2024-09-18 15:18:46.230,416.8941825608839,1000
2024-09-18 15:18:46.245,41.69483004927457,13
2024-09-18 15:18:46.265,416.9201362245177,15
2024-09-18 15:18:46.294,416.95247365300463,5
2024-09-18 15:18:46.332,416.91026110613967,99
2024-09-18 15:18:46.369,416.928665429341,97
2024-09-18 15:18:46.386,416.89889341471735,13
2024-09-18 15:18:46.417,416.95015407498016,100
2024-09-18 15:18:46.437,416.9512203487144,96
2024-09-18 15:18:46.533,416.90198207027663,98
2024-09-18 15:18:46.566,416.96768553037487,996
2024-09-18 15:18:46.633,416.9431449006914,1001
2024-09-18 15:18:46.634,416.9581157432008,104
2024-09-18 15:18:46.655,416.9319965242991,7
2024-09-18 15:18:46.678,416.92358437582334,12
2024-09-18 15:18:46.728,416.9039389451384,100
2024-09-18 15:18:46.739,416.9338497143299,14
2024-09-18 15:18:46.807,416.933676976744,7
2024-09-18 15:18:46.902,416.9219870955383,9
2024-09-18 15:18:46.904,416.89377940471536,1005
2024-09-18 15:18:47.019,416.9448829348267,105
2024-09-18 15:18:47.312,416.9366024100263,11
2024-09-18 15:18:47.532,416.943862942707,105
2024-09-18 15:18:47.568,416.9429099818012,103
2024-09-18 15:18:47.765,416.9349198246942,12
2024-09-18 15:18:47.830,416.9527967077349,1003
2024-09-18 15:18:48.180,416.9377700341792,1001
2024-09-18 15:18:48.503,416.9345490907035,99
2024-09-18 15:18:48.503,416.9441651435775,1002
2024-09-18 15:18:48.781,416.937786320266,10
2024-09-18 15:18:48.880,416.9512060819642,1002
2024-09-18 15:18:49.071,416.9017208448898,101
2024-09-18 15:18:49.108,416.91059079706304,104
2024-09-18 15:18:49.116,416.9362612702738,995
2024-09-18 15:18:49.122,416.90336742297205,998
2024-09-18 15:18:49.149,416.8867736717811,999
2024-09-18 15:18:49.267,416.882585051674,7
2024-09-18 15:18:49.281,416.9511169579646,101
2024-09-18 15:18:49.322,416.8712987546315,1003
2024-09-18 15:18:49.339,416.9654173764155,103
2024-09-18 15:18:49.350,416.9080523499507,5
2024-09-18 15:18:49.378,416.8614281847416,1004
2024-09-18 15:18:49.441,416.8967307232783,96
2024-09-18 15:18:49.443,416.9002040077203,996
2024-09-18 15:18:49.496,416.89430162712574,99
2024-09-18 15:18:49.502,416.90670713653697,999
2024-09-18 15:18:49.524,416.9042239646121,9
2024-09-18 15:18:49.628,416.8964230616397,1004
2024-09-18 15:18:49.646,416.9850829208645,1000
2024-09-18 15:18:49.656,416.9082583607753,997
2024-09-18 15:18:49.760,416.93302870685807,100
2024-09-18 15:18:49.776,416.9159731140664,99
2024-09-18 15:18:49.916,416.8732523450822,13
2024-09-18 15:18:49.928,416.8764602626557,1003
2024-09-18 15:18:50.035,417.0081084392076,996
2024-09-18 15:18:50.116,417.002274195183,100
2024-09-18 15:18:50.175,416.9817433914529,998
2024-09-18 15:18:50.233,417.0068692893885,100
2024-09-18 15:18:50.291,417.0064333118807,1003
2024-09-18 15:18:50.299,416.99948285059486,1000
2024-09-18 15:18:50.860,-416.9980625034385,15
2024-09-18 15:18:51.087,416.9973008135319,98
2024-09-18 15:18:51.087,417.0014090184122,1000
2024-09-18 15:18:51.100,416.99573700938873,97
2024-09-18 15:18:51.483,416.9653143211382,5
2024-09-18 15:18:51.521,416.99875995607584,1001
2024-09-18 15:18:51.522,416.9807324451163,999
2024-09-18 15:18:51.540,416.9887468727042,5
2024-09-18 15:18:51.630,417.0125661773444,1001
2024-09-18 15:18:51.844,417.01336456685465,1000
2024-09-18 15:18:51.902,416.978980087056,6
2024-09-18 15:18:51.913,416.9656771508732,8
2024-09-18 15:18:52.034,417.0055167275944,12
2024-09-18 15:18:52.167,417.0181146205757,96
2024-09-18 15:18:52.208,416.9998134041391,5
2024-09-18 15:18:52.241,417.0002251884803,105
2024-09-18 15:18:52.264,416.98022719151953,1005
2024-09-18 15:18:52.498,416.9714623530512,9
2024-09-18 15:18:52.545,417.0214659868838,997
2024-09-18 15:18:52.560,417.0123326003263,1003
2024-09-18 15:18:52.619,417.0285151603436,15
2024-09-18 15:18:52.662,416.9937548031365,98
2024-09-18 15:18:52.671,416.9799134401656,104
2024-09-18 15:18:52.676,417.0043132102202,1000
2024-09-18 15:18:52.680,416.9913326298866,996
2024-09-18 15:18:52.688,416.99722693217785,5
2024-09-18 15:18:52.714,417.0063225600891,5
2024-09-18 15:18:52.785,416.9889234718325,97
2024-09-18 15:18:52.823,416.99995925258713,14
2024-09-18 15:18:52.834,416.99049066782135,996
2024-09-18 15:18:52.852,417.02188361636905,100
2024-09-18 15:18:52.855,417.0225276115283,98
2024-09-18 15:18:52.905,417.0309928271293,7
2024-09-18 15:18:52.971,41.69836441301278,97
2024-09-18 15:18:53.135,417.00019021912266,104
2024-09-18 15:18:53.275,416.995381157532,15
2024-09-18 15:18:53.291,416.99073463992136,1002
2024-09-18 15:18:53.352,416.98947784585096,104
2024-09-18 15:18:53.372,417.0180713547662,97
2024-09-18 15:18:53.514,416.9872365803092,1003
2024-09-18 15:18:53.540,417.0177314741116,7
2024-09-18 15:18:53.601,416.9979920464616,97
2024-09-18 15:18:53.604,416.99019991370255,8
2024-09-18 15:18:53.630,416.9886474450117,1003
2024-09-18 15:18:53.646,417.0067096166811,101
2024-09-18 15:18:53.675,417.00165027963175,996
2024-09-18 15:18:53.702,416.9813180507173,104
2024-09-18 15:18:53.808,416.9825683193064,7
2024-09-18 15:18:53.832,416.9978383983551,101
2024-09-18 15:18:53.835,416.99017684476365,5
2024-09-18 15:18:53.903,417.0243598260066,7
2024-09-18 15:18:54.006,-417.04638910131183,1002
2024-09-18 15:18:54.030,417.10700902571455,105
2024-09-18 15:18:54.172,417.0613923153036,1003
2024-09-18 15:18:54.190,417.0330517309468,95
2024-09-18 15:18:54.191,417.0697464172961,12
2024-09-18 15:18:54.246,417.0799748623845,14
2024-09-18 15:18:54.252,417.050619809048,6
2024-09-18 15:18:54.293,417.0389918393173,995
2024-09-18 15:18:54.300,417.1147784064104,100
2024-09-18 15:18:54.328,417.0569136985715,99
2024-09-18 15:18:54.417,417.0696550652439,99
2024-09-18 15:18:54.464,417.0947529048677,1004
2024-09-18 15:18:54.498,417.0963065202968,95
2024-09-18 15:18:54.523,417.0638930650271,100
2024-09-18 15:18:54.578,-417.1025560026191,1002
2024-09-18 15:18:54.638,417.1188422872369,996
2024-09-18 15:18:54.641,417.1089214401159,999
2024-09-18 15:18:54.719,417.070939867251,96
2024-09-18 15:18:54.858,417.10504967887846,13
2024-09-18 15:18:54.881,417.0864576778978,1003
2024-09-18 15:18:54.924,417.1056527493401,102
2024-09-18 15:18:54.951,417.0371648797358,13
2024-09-18 15:18:55.054,417.06249596975096,13
2024-09-18 15:18:55.119,416.9975714729919,7
2024-09-18 15:18:55.135,417.0152739068243,9
2024-09-18 15:18:55.221,417.0563045714595,105
2024-09-18 15:18:55.221,416.9917242407517,96
2024-09-18 15:18:55.251,417.0769406772468,6
2024-09-18 15:18:55.436,417.0531946989489,12
2024-09-18 15:18:55.513,416.9836145453055,1004
2024-09-18 15:18:55.606,417.0011666826233,102
2024-09-18 15:18:55.703,416.9710937780324,995
2024-09-18 15:18:55.760,417.0359872133486,998
2024-09-18 15:18:55.788,417.0215809179424,105
2024-09-18 15:18:55.831,417.01377276519656,103
2024-09-18 15:18:55.898,416.9807787491641,996
2024-09-18 15:18:56.001,416.902707556849,101
2024-09-18 15:18:56.040,41.69073233919948,101
2024-09-18 15:18:56.097,416.8736637981375,102
2024-09-18 15:18:56.104,416.8925787735454,104
2024-09-18 15:18:56.108,416.9854860167496,1004
2024-09-18 15:18:56.130,416.9116672643332,7
2024-09-18 15:18:56.217,416.9679053407479,995
2024-09-18 15:18:56.223,416.9042223132008,999
2024-09-18 15:18:56.232,416.8972583567351,1000
2024-09-18 15:18:56.233,416.9011701354036,1000
2024-09-18 15:18:56.287,416.9656647624039,1002
2024-09-18 15:18:56.322,-416.9076547667159,104
2024-09-18 15:18:56.445,416.8988863402548,8
2024-09-18 15:18:56.469,416.9099711144893,99
2024-09-18 15:18:56.611,416.88093050543057,999
2024-09-18 15:18:56.615,416.9071312511617,8
2024-09-18 15:18:56.621,416.9283042640954,96
2024-09-18 15:18:56.647,416.9168408527982,5
2024-09-18 15:18:56.681,416.9092248039182,10
2024-09-18 15:18:56.743,416.9572575880852,13
2024-09-18 15:18:56.756,416.9199225021855,10
2024-09-18 15:18:56.758,416.9441210460385,998
2024-09-18 15:18:56.771,416.8932196450576,998
2024-09-18 15:18:56.904,416.899952010584,11
2024-09-18 15:18:56.948,416.9059571435804,13
2024-09-18 15:18:56.974,416.9670448819055,102
2024-09-18 15:18:57.193,,9
2024-09-18 15:18:57.269,416.859779306464,14
2024-09-18 15:18:57.307,416.86410368308833,9
2024-09-18 15:18:57.394,416.8426608259692,998
2024-09-18 15:18:57.437,416.8620931603775,12
2024-09-18 15:18:57.439,416.84836444247975,999
2024-09-18 15:18:57.454,416.85362429570654,998
2024-09-18 15:18:57.507,416.8456593382617,95
2024-09-18 15:18:57.571,416.8489472989919,12
2024-09-18 15:18:57.594,416.83404813048753,1004
2024-09-18 15:18:57.627,416.8456472205941,1004
2024-09-18 15:18:57.701,416.8732539166651,101
2024-09-18 15:18:57.793,-416.8630658215101,99
2024-09-18 15:18:57.871,416.8396581633508,10
2024-09-18 15:18:57.998,416.8380574280412,103
2024-09-18 15:18:59.032,416.8456679081184,997
2024-09-18 15:18:59.125,416.837259913637,1004
2024-09-18 15:18:59.253,416.841543939758,97
2024-09-18 15:18:59.371,416.8428731914874,1003
2024-09-18 15:18:59.531,416.8502589683392,10
2024-09-18 15:18:59.636,416.8527007676968,15
2024-09-18 15:18:59.651,416.8577594475179,5
2024-09-18 15:18:59.681,416.8222667235369,5
2024-09-18 15:18:59.950,416.8431120904336,5
