Timestamp,Price,Size
2024-09-17 10:44:00.119,416.6483784113881,1002
2024-09-17 10:44:00.156,416.6582295527782,105
2024-09-17 10:44:00.334,416.686649063862,8
2024-09-17 10:44:00.483,416.71323580555855,13
2024-09-17 10:44:00.538,416.6615805567287,8
2024-09-17 10:44:00.540,416.69155566306574,95
2024-09-17 10:44:00.742,416.6445298083925,14
2024-09-17 10:44:00.787,416.6676089515167,12
2024-09-17 10:44:00.800,416.7050979298822,997
2024-09-17 10:44:00.825,416.6977105374426,999
2024-09-17 10:44:00.923,416.68640574511255,103
2024-09-17 10:44:01.314,416.63092280911104,998
2024-09-17 10:44:01.372,416.6402739222482,104
2024-09-17 10:44:01.496,416.62939812425736,103
2024-09-17 10:44:01.584,416.6297718457301,1002
2024-09-17 10:44:01.619,416.6416840123233,8
2024-09-17 10:44:01.654,416.6293030618372,13
2024-09-17 10:44:01.679,416.62629376978447,1004
2024-09-17 10:44:01.756,416.6281123117345,1003
2024-09-17 10:44:01.821,416.62166067739537,11
2024-09-17 10:44:01.888,416.6319777058817,995
2024-09-17 10:44:01.902,416.62208647059504,15
2024-09-17 10:44:02.005,416.651608533665,95
2024-09-17 10:44:02.061,416.6190847653445,998
2024-09-17 10:44:02.096,416.6292052049101,102
2024-09-17 10:44:02.113,416.6277596514559,14
2024-09-17 10:44:02.135,416.6384226482607,97
2024-09-17 10:44:02.140,416.6642990479839,1003
2024-09-17 10:44:02.154,416.65798083747495,6
2024-09-17 10:44:02.183,416.6188724164735,999
2024-09-17 10:44:02.253,416.64999616462205,1002
2024-09-17 10:44:02.338,416.5985214084868,999
2024-09-17 10:44:02.403,416.60962504574826,98
2024-09-17 10:44:02.404,416.6711142056335,103
2024-09-17 10:44:02.422,416.647759984744,8
2024-09-17 10:44:02.486,416.6106575747969,7
2024-09-17 10:44:02.584,-416.6695987053883,10
2024-09-17 10:44:02.617,416.63293626848633,104
2024-09-17 10:44:02.657,416.6252013090167,995
2024-09-17 10:44:02.742,416.6006697556225,1003
2024-09-17 10:44:02.785,416.6520830523371,11
2024-09-17 10:44:02.994,-416.6384291334947,995
2024-09-17 10:44:03.036,416.6072056330369,102
2024-09-17 10:44:03.082,416.5838679996666,1005
2024-09-17 10:44:03.082,41.66366144412921,5
2024-09-17 10:44:03.166,416.6221095083532,1002
2024-09-17 10:44:03.174,416.6309060358065,10
2024-09-17 10:44:03.185,416.615989720611,999
2024-09-17 10:44:03.203,416.5825594016745,8
2024-09-17 10:44:03.247,416.5743432027355,997
2024-09-17 10:44:03.303,416.6258858424994,15
2024-09-17 10:44:03.348,416.62091084340767,95
2024-09-17 10:44:03.371,416.6070540502835,102
2024-09-17 10:44:03.439,416.6074541878719,995
2024-09-17 10:44:03.476,416.6478159525104,101
2024-09-17 10:44:03.493,416.6027808486165,11
2024-09-17 10:44:03.505,416.60092233701823,104
2024-09-17 10:44:03.506,416.6271262650993,99
2024-09-17 10:44:03.547,416.6095712851992,105
2024-09-17 10:44:03.584,416.6110945120772,103
2024-09-17 10:44:03.665,416.6189149164677,1005
2024-09-17 10:44:03.699,416.65021587834775,105
2024-09-17 10:44:03.815,416.6013541740299,14
2024-09-17 10:44:03.816,416.6252819396424,100
2024-09-17 10:44:03.856,416.617201918752,103
2024-09-17 10:44:03.861,416.65534417832055,8
2024-09-17 10:44:03.907,416.5909748385764,95
2024-09-17 10:44:03.941,416.59559540275046,8
2024-09-17 10:44:04.003,416.6671248570935,995
2024-09-17 10:44:04.036,416.7178473884418,99
2024-09-17 10:44:04.037,416.6516721462815,101
2024-09-17 10:44:04.047,416.6601235358153,996
2024-09-17 10:44:04.198,416.634155364797,105
2024-09-17 10:44:04.205,416.66968817579146,14
2024-09-17 10:44:04.241,416.6736998067758,1001
2024-09-17 10:44:04.317,416.7227350212525,10
2024-09-17 10:44:04.330,416.6141579107554,1000
2024-09-17 10:44:04.369,416.7238281795842,101
2024-09-17 10:44:04.400,416.7222389413707,995
2024-09-17 10:44:04.449,416.6799645588046,8
2024-09-17 10:44:04.516,41.65945396125738,9
2024-09-17 10:44:04.524,416.7329192643119,996
2024-09-17 10:44:04.567,416.6460305317976,103
2024-09-17 10:44:04.598,416.70905350310585,97
2024-09-17 10:44:04.633,416.71683599337615,998
2024-09-17 10:44:04.823,416.630491251264,97
2024-09-17 10:44:04.844,416.67141549102814,101
2024-09-17 10:44:04.846,416.69775634519,1001
2024-09-17 10:44:04.853,416.6774452601645,9
2024-09-17 10:44:04.886,416.66564031942175,999
2024-09-17 10:44:04.922,416.6588647359403,1001
2024-09-17 10:44:04.996,416.6319925795013,996
2024-09-17 10:44:04.999,416.7083533074344,11
2024-09-17 10:44:05.009,416.6670659512941,95
2024-09-17 10:44:05.084,416.6745103151008,997
2024-09-17 10:44:05.102,416.7067556522391,999
2024-09-17 10:44:05.143,416.7221057379122,1004
2024-09-17 10:44:05.182,416.6825118916477,1004
2024-09-17 10:44:05.226,416.7071051210024,1000
2024-09-17 10:44:05.299,416.69127189157456,97
2024-09-17 10:44:05.309,416.7129341843236,101
2024-09-17 10:44:05.428,416.7063895830959,97
2024-09-17 10:44:05.509,416.72249491532216,7
2024-09-17 10:44:05.539,416.6831612711722,14
2024-09-17 10:44:05.578,416.6910714756104,996
2024-09-17 10:44:05.607,416.7156910789525,99
2024-09-17 10:44:05.679,416.672274314716,6
2024-09-17 10:44:05.699,416.6693025144256,1001
2024-09-17 10:44:05.815,416.696826898976,11
2024-09-17 10:44:05.905,416.6877241885461,14
2024-09-17 10:44:06.031,416.6659425062503,13
2024-09-17 10:44:06.075,416.7286055401845,105
2024-09-17 10:44:06.081,416.62639016522576,5
2024-09-17 10:44:06.089,416.6766147869346,105
2024-09-17 10:44:06.115,416.66930589476766,15
2024-09-17 10:44:06.142,416.7103155083163,998
2024-09-17 10:44:06.179,416.62418436857183,999
2024-09-17 10:44:06.186,416.6345986920136,5
2024-09-17 10:44:06.240,416.737884252112,97
2024-09-17 10:44:06.246,416.7311690677676,998
2024-09-17 10:44:06.302,416.6189780544666,999
2024-09-17 10:44:06.371,416.67589264124143,13
2024-09-17 10:44:06.413,416.63367446665416,999
2024-09-17 10:44:06.415,416.7049865145627,12
2024-09-17 10:44:06.451,416.6776619895205,1001
2024-09-17 10:44:06.507,416.6170272335797,997
2024-09-17 10:44:06.602,416.6768786044794,6
2024-09-17 10:44:06.644,416.6251037423481,99
2024-09-17 10:44:06.677,416.6400292700258,998
2024-09-17 10:44:06.690,416.65821859461454,12
2024-09-17 10:44:06.699,416.62053867482666,8
2024-09-17 10:44:06.714,416.67181439668246,96
2024-09-17 10:44:06.746,416.5993260215205,995
2024-09-17 10:44:06.806,416.61415619303904,10
2024-09-17 10:44:06.841,416.6333712450144,104
2024-09-17 10:44:06.907,416.6208539407411,995
2024-09-17 10:44:06.914,416.6588403633202,9
2024-09-17 10:44:06.922,416.6184674784317,5
2024-09-17 10:44:06.923,416.67323154201256,5
2024-09-17 10:44:06.933,416.678598580109,999
2024-09-17 10:44:07.064,416.6047571092413,10
2024-09-17 10:44:07.115,416.60087516619103,8
2024-09-17 10:44:07.310,416.5884877529334,6
2024-09-17 10:44:07.405,416.6009748176573,995
2024-09-17 10:44:07.412,416.6039326884657,998
2024-09-17 10:44:07.663,416.5957083125784,10
2024-09-17 10:44:07.723,416.593391585911,1001
2024-09-17 10:44:07.828,416.6160448637955,998
2024-09-17 10:44:08.177,416.5926424758552,998
2024-09-17 10:44:08.314,416.6044902457648,100
2024-09-17 10:44:08.316,416.5968357464511,12
2024-09-17 10:44:08.335,416.6030034474181,8
2024-09-17 10:44:08.437,416.5987813054086,97
2024-09-17 10:44:08.448,416.6092424537985,97
2024-09-17 10:44:08.517,416.6098006820852,7
2024-09-17 10:44:08.729,416.6303866330777,9
2024-09-17 10:44:08.811,416.6321521323241,998
2024-09-17 10:44:08.955,416.5920150295766,96
2024-09-17 10:44:09.068,416.6582491302023,103
2024-09-17 10:44:09.153,416.68712606619255,9
2024-09-17 10:44:09.226,416.6974741615196,995
2024-09-17 10:44:09.282,416.6710121782708,6
2024-09-17 10:44:09.287,416.6907279678189,14
2024-09-17 10:44:09.357,416.645568352427,103
2024-09-17 10:44:09.362,416.67980695217017,1004
2024-09-17 10:44:09.482,416.6219448742685,1000
2024-09-17 10:44:09.532,416.6843181229224,1000
2024-09-17 10:44:09.596,416.678300740485,100
2024-09-17 10:44:09.666,416.6307081449804,14
2024-09-17 10:44:09.680,416.7148666798402,103
2024-09-17 10:44:09.690,416.6788033666207,998
2024-09-17 10:44:09.765,416.6692038742621,100
2024-09-17 10:44:09.838,416.6813365526035,96
2024-09-17 10:44:09.884,416.6722831930459,9
2024-09-17 10:44:10.017,41.66875061896948,11
2024-09-17 10:44:10.197,416.6924140568344,104
2024-09-17 10:44:10.250,416.6765263773828,98
2024-09-17 10:44:10.277,416.6681908056639,102
2024-09-17 10:44:10.474,416.6585657589627,11
2024-09-17 10:44:10.545,416.6896143498095,9
2024-09-17 10:44:10.630,416.68004158048063,996
2024-09-17 10:44:10.740,416.69308710757326,7
2024-09-17 10:44:10.802,416.67497803068017,5
2024-09-17 10:44:10.914,416.6898535754985,101
2024-09-17 10:44:10.952,416.68735104107367,104
2024-09-17 10:44:10.957,416.67901114601176,99
2024-09-17 10:44:10.963,416.675768343062,104
2024-09-17 10:44:10.967,416.6572786927246,5
2024-09-17 10:44:10.987,416.6542299040451,999
2024-09-17 10:44:11.086,416.6649471713836,996
2024-09-17 10:44:11.232,416.6707555127698,95
2024-09-17 10:44:11.408,416.6586938185725,1004
2024-09-17 10:44:12.032,416.6811809307973,105
2024-09-17 10:44:12.177,416.6773106713942,1000
2024-09-17 10:44:12.203,416.7112229528133,95
2024-09-17 10:44:12.560,416.6696184001994,995
2024-09-17 10:44:12.566,416.67795401892766,105
2024-09-17 10:44:12.616,416.6833649915173,1004
2024-09-17 10:44:12.763,416.6869409158365,998
2024-09-17 10:44:12.844,416.69372310152175,100
2024-09-17 10:44:12.958,416.6971387136345,9
2024-09-17 10:44:13.057,416.6969436042355,1002
2024-09-17 10:44:13.101,416.68289331080354,1003
2024-09-17 10:44:13.165,416.6858603858145,1004
2024-09-17 10:44:13.166,416.6843708815525,9
2024-09-17 10:44:13.267,-416.7086031502341,1005
2024-09-17 10:44:13.346,416.6986608788435,103
2024-09-17 10:44:13.430,416.6898489649186,999
2024-09-17 10:44:13.471,416.677919893875,10
2024-09-17 10:44:13.541,416.6783811773285,96
2024-09-17 10:44:13.546,-416.6690240788668,102
2024-09-17 10:44:13.581,416.7114387928217,99
2024-09-17 10:44:13.653,416.66405233176687,13
2024-09-17 10:44:13.686,416.70706077083895,95
2024-09-17 10:44:13.693,416.6924833687231,101
2024-09-17 10:44:13.795,416.6920208771928,1002
2024-09-17 10:44:13.801,416.7091614016786,1001
2024-09-17 10:44:13.819,416.70183698322296,998
2024-09-17 10:44:13.885,416.6791291028164,10
2024-09-17 10:44:13.911,416.6833883070924,1000
2024-09-17 10:44:13.936,416.68597636791816,15
2024-09-17 10:44:13.981,416.6690283109005,9
2024-09-17 10:44:14.193,416.712864010157,995
2024-09-17 10:44:14.278,416.70752872166537,6
2024-09-17 10:44:14.450,416.701549018852,103
2024-09-17 10:44:14.453,416.6930082964448,999
2024-09-17 10:44:14.481,416.697760011729,996
2024-09-17 10:44:14.484,416.69974686140125,99
2024-09-17 10:44:14.486,416.70502390076194,8
2024-09-17 10:44:14.569,416.7317243837121,101
2024-09-17 10:44:14.578,416.6989441223884,10
2024-09-17 10:44:14.668,416.678800468269,96
2024-09-17 10:44:14.700,416.7010681028305,13
2024-09-17 10:44:14.804,416.72467630107104,1001
2024-09-17 10:44:14.881,416.6956334274893,95
2024-09-17 10:44:15.001,416.7315686254607,98
2024-09-17 10:44:15.127,416.701280795675,1003
2024-09-17 10:44:15.136,416.7422293052003,12
2024-09-17 10:44:15.164,416.7201289955314,997
2024-09-17 10:44:15.275,416.6979529108671,998
2024-09-17 10:44:15.288,416.7065049217119,96
2024-09-17 10:44:15.296,416.7396081976932,15
2024-09-17 10:44:15.305,416.7000923481231,13
2024-09-17 10:44:15.398,416.70933879928464,998
2024-09-17 10:44:15.449,416.7013751529644,102
2024-09-17 10:44:15.462,416.70812229384046,995
2024-09-17 10:44:15.525,416.69951271275016,101
2024-09-17 10:44:15.525,416.7070717955133,103
2024-09-17 10:44:15.568,-416.71212175087294,9
2024-09-17 10:44:15.602,416.7293939340157,1005
2024-09-17 10:44:15.628,416.6967078316357,99
2024-09-17 10:44:15.655,416.7449020121666,105
2024-09-17 10:44:15.704,416.6913261772255,1001
2024-09-17 10:44:15.792,416.70271563568247,101
2024-09-17 10:44:15.836,416.70999692869606,1000
2024-09-17 10:44:15.869,416.7261444502336,105
2024-09-17 10:44:15.905,416.7159425629421,1000
2024-09-17 10:44:15.926,416.6913338303891,15
2024-09-17 10:44:15.956,416.6975088784155,104
2024-09-17 10:44:16.004,416.7516740307004,8
2024-09-17 10:44:16.011,416.7237842811887,999
2024-09-17 10:44:16.071,416.7203331218517,95
2024-09-17 10:44:16.077,416.6950968452655,1000
2024-09-17 10:44:16.252,416.7187769114267,103
2024-09-17 10:44:16.254,416.7035233684287,9
2024-09-17 10:44:16.343,416.7457430064839,99
2024-09-17 10:44:16.459,416.7217660153751,103
2024-09-17 10:44:16.473,416.7291910041978,95
2024-09-17 10:44:16.527,416.7084574492803,8
2024-09-17 10:44:16.633,416.7035490851554,1004
2024-09-17 10:44:16.639,416.7240723113848,996
2024-09-17 10:44:16.692,416.7418726936992,1002
2024-09-17 10:44:16.693,416.7308240958395,102
2024-09-17 10:44:16.732,416.7129951812048,8
2024-09-17 10:44:16.751,416.7410905218468,99
2024-09-17 10:44:16.907,416.7073881265779,1004
2024-09-17 10:44:16.927,416.75582681518097,1004
2024-09-17 10:44:17.026,416.7017517042224,999
2024-09-17 10:44:17.104,416.7605253512805,101
2024-09-17 10:44:17.114,416.7089486837856,9
2024-09-17 10:44:17.128,416.71943474888303,97
2024-09-17 10:44:17.199,416.6854141246131,5
2024-09-17 10:44:17.230,416.7755182431571,1005
2024-09-17 10:44:17.243,416.77662793646266,1001
2024-09-17 10:44:17.257,416.75641582024025,105
2024-09-17 10:44:17.271,416.721193935096,99
2024-09-17 10:44:17.281,416.6930780844514,96
2024-09-17 10:44:17.312,416.6885424662255,100
2024-09-17 10:44:17.322,416.7320983488131,9
2024-09-17 10:44:17.382,416.70049894386057,101
2024-09-17 10:44:17.393,416.7200669329915,999
2024-09-17 10:44:17.444,416.7184397771304,8
2024-09-17 10:44:17.452,416.7248185388038,996
2024-09-17 10:44:17.465,416.7304337918177,99
2024-09-17 10:44:17.470,416.7000583711895,1001
2024-09-17 10:44:17.477,416.762983747775,12
2024-09-17 10:44:17.491,416.7667994266678,15
2024-09-17 10:44:17.503,416.70328631595504,12
2024-09-17 10:44:17.562,416.71524172515984,1004
2024-09-17 10:44:17.614,416.7080278743864,9
2024-09-17 10:44:17.638,416.7218153496058,7
2024-09-17 10:44:17.699,416.7087022949893,997
2024-09-17 10:44:17.743,416.7138508321254,99
2024-09-17 10:44:17.970,416.762374114789,96
2024-09-17 10:44:17.973,416.7180253675188,96
2024-09-17 10:44:17.975,416.7367168669804,95
2024-09-17 10:44:17.995,416.7195681504059,1001
2024-09-17 10:44:18.004,416.691920943356,104
2024-09-17 10:44:18.774,416.6934926024229,101
2024-09-17 10:44:19.058,416.6977451903504,95
2024-09-17 10:44:19.089,416.7493789930821,996
2024-09-17 10:44:19.109,416.7096100511952,100
2024-09-17 10:44:19.117,416.6895654260915,13
2024-09-17 10:44:19.154,416.7008613295145,101
2024-09-17 10:44:19.165,416.71854169594246,102
2024-09-17 10:44:19.226,416.7348268870114,8
2024-09-17 10:44:19.246,416.7068575279816,13
2024-09-17 10:44:19.263,416.71939307513264,97
2024-09-17 10:44:19.283,416.74173251375686,103
2024-09-17 10:44:19.292,416.7357520419916,95
2024-09-17 10:44:19.316,416.739240657516,96
2024-09-17 10:44:19.339,416.72835447803067,1000
2024-09-17 10:44:19.373,416.7155375195078,95
2024-09-17 10:44:19.403,416.68788628329565,14
2024-09-17 10:44:19.428,416.72293783206624,6
2024-09-17 10:44:19.436,416.7163596253328,8
2024-09-17 10:44:19.456,416.70275130070365,14
2024-09-17 10:44:19.514,416.7223648299686,15
2024-09-17 10:44:19.599,416.7213049346813,15
2024-09-17 10:44:19.699,416.7239132215578,98
2024-09-17 10:44:19.702,416.7136084979728,9
2024-09-17 10:44:19.780,416.6625594429948,11
2024-09-17 10:44:19.798,416.7482665566033,100
2024-09-17 10:44:19.845,416.7085487396208,9
2024-09-17 10:44:19.884,416.6754215417488,1002
2024-09-17 10:44:19.936,416.7274162814063,1000
2024-09-17 10:44:19.940,416.6887636532507,95
2024-09-17 10:44:19.950,416.71593989766654,97
2024-09-17 10:44:19.982,416.743727909992,97
2024-09-17 10:44:20.106,416.6541467406673,5
2024-09-17 10:44:20.115,41.66595689739359,999
2024-09-17 10:44:20.116,416.6627832929436,96
2024-09-17 10:44:20.147,416.638140331212,1003
2024-09-17 10:44:20.157,416.6638167986744,995
2024-09-17 10:44:20.204,416.6520387898137,11
2024-09-17 10:44:20.214,416.6296670896381,10
2024-09-17 10:44:20.216,41.66954418820856,101
2024-09-17 10:44:20.254,416.6471940677444,1000
2024-09-17 10:44:20.257,416.68313307736463,97
2024-09-17 10:44:20.259,416.6274502512269,96
2024-09-17 10:44:20.275,416.63376173491565,995
2024-09-17 10:44:20.310,416.66190311608034,97
2024-09-17 10:44:20.400,416.6787283761417,95
2024-09-17 10:44:20.482,416.6316921203856,5
2024-09-17 10:44:20.519,416.649276791005,997
2024-09-17 10:44:20.588,41.67097405500983,95
2024-09-17 10:44:20.592,416.6250365934636,7
2024-09-17 10:44:20.592,416.63422869953246,1005
2024-09-17 10:44:20.613,416.6406763377015,97
2024-09-17 10:44:20.625,416.63648345166297,14
2024-09-17 10:44:20.694,416.65334970068255,999
2024-09-17 10:44:20.829,416.648547290252,6
2024-09-17 10:44:20.887,416.6868936281134,14
2024-09-17 10:44:20.929,416.6346075678185,995
2024-09-17 10:44:20.963,416.6292343495577,100
2024-09-17 10:44:20.985,416.6590790921208,996
2024-09-17 10:44:21.003,416.6194945217558,98
2024-09-17 10:44:21.029,416.6164365150365,12
2024-09-17 10:44:21.053,416.615288398407,1003
2024-09-17 10:44:21.058,416.6116702969731,15
2024-09-17 10:44:21.075,416.6032491120531,105
2024-09-17 10:44:21.092,416.60897257442673,5
2024-09-17 10:44:21.121,416.6219654022808,96
2024-09-17 10:44:21.140,416.5886038431475,9
2024-09-17 10:44:21.155,416.6014120042442,9
2024-09-17 10:44:21.323,416.6026424294122,999
2024-09-17 10:44:21.359,416.6221880642381,101
2024-09-17 10:44:21.432,416.5827417520494,15
2024-09-17 10:44:21.555,416.5911225321101,9
2024-09-17 10:44:21.604,416.64167887457074,997
2024-09-17 10:44:21.630,416.5835146933995,14
2024-09-17 10:44:21.724,416.6082679610085,104
2024-09-17 10:44:21.781,416.5823803318387,995
2024-09-17 10:44:21.855,416.5960601240841,97
2024-09-17 10:44:21.925,416.61229395593614,997
2024-09-17 10:44:21.940,416.6175587175184,105
2024-09-17 10:44:22.041,416.61566681012886,11
2024-09-17 10:44:22.240,416.6082759398992,1000
2024-09-17 10:44:22.243,416.6315815332219,98
2024-09-17 10:44:22.366,416.61029027438434,1005
2024-09-17 10:44:22.448,416.6150191673263,9
2024-09-17 10:44:22.518,416.6252305039231,999
2024-09-17 10:44:22.539,416.6670460530105,1004
2024-09-17 10:44:22.542,416.69000399742026,103
2024-09-17 10:44:22.545,416.67972625957617,999
2024-09-17 10:44:22.561,416.6241328053599,997
2024-09-17 10:44:22.610,416.63565721328456,99
2024-09-17 10:44:22.617,416.6830233522724,97
2024-09-17 10:44:22.658,416.6611654039591,104
2024-09-17 10:44:22.688,416.6872032923064,11
2024-09-17 10:44:22.701,416.644577628884,13
2024-09-17 10:44:22.734,416.6695307645978,101
2024-09-17 10:44:22.738,416.6551237352626,102
2024-09-17 10:44:22.756,416.6911134468016,1003
2024-09-17 10:44:22.835,416.6307919136992,1002
2024-09-17 10:44:22.835,416.6895114186602,95
2024-09-17 10:44:22.870,416.6237896645586,10
2024-09-17 10:44:22.922,416.63985350054224,13
2024-09-17 10:44:23.026,416.6716304336031,97
2024-09-17 10:44:23.042,416.5554221614367,996
2024-09-17 10:44:23.049,416.65323284878,995
2024-09-17 10:44:23.053,416.6358621474839,6
2024-09-17 10:44:23.058,41.66794887693114,12
2024-09-17 10:44:23.086,416.5642270214234,11
2024-09-17 10:44:23.160,416.5974420475033,997
2024-09-17 10:44:23.178,416.5796347285804,1001
2024-09-17 10:44:23.315,416.5871272214701,97
2024-09-17 10:44:23.318,416.6146981301002,100
2024-09-17 10:44:23.318,416.5940399676701,5
2024-09-17 10:44:23.328,416.6841008976965,99
2024-09-17 10:44:23.405,416.5428122595783,1000
2024-09-17 10:44:23.426,416.5561389023027,96
2024-09-17 10:44:23.469,416.6772690381332,995
2024-09-17 10:44:23.539,416.6135336985017,6
2024-09-17 10:44:23.550,416.6298953327992,5
2024-09-17 10:44:23.602,416.5973888388867,98
2024-09-17 10:44:23.719,416.6189821664,101
2024-09-17 10:44:23.737,416.56814420420864,105
2024-09-17 10:44:23.756,416.6709838552947,95
2024-09-17 10:44:23.769,416.6748699359196,12
2024-09-17 10:44:23.875,416.68067276439314,1003
2024-09-17 10:44:23.903,416.60940796278175,103
2024-09-17 10:44:23.919,416.6738128515238,97
2024-09-17 10:44:23.928,416.5899750788684,6
2024-09-17 10:44:23.940,416.5992359013069,8
2024-09-17 10:44:23.959,416.6140652372751,13
2024-09-17 10:44:23.984,416.6053714087307,1004
2024-09-17 10:44:24.150,416.4925319730486,9
2024-09-17 10:44:24.414,416.5208263641471,9
2024-09-17 10:44:24.472,416.5178101967815,1005
2024-09-17 10:44:24.929,416.5353481514987,97
2024-09-17 10:44:25.105,416.4800968203893,101
2024-09-17 10:44:25.355,416.4741350220498,6
2024-09-17 10:44:25.401,416.4598537750531,1001
2024-09-17 10:44:25.519,416.4713787039108,15
2024-09-17 10:44:25.543,416.4890228427684,1002
2024-09-17 10:44:25.560,416.4614546392078,1005
2024-09-17 10:44:25.656,416.47691175099294,12
2024-09-17 10:44:25.746,416.4773534564533,97
2024-09-17 10:44:25.913,416.48952566129145,999
2024-09-17 10:44:25.914,416.5025671936466,95
2024-09-17 10:44:26.020,416.49630985774775,13
2024-09-17 10:44:26.062,416.4712220785359,9
2024-09-17 10:44:26.122,416.46125682906927,95
2024-09-17 10:44:26.133,416.4769832205794,99
2024-09-17 10:44:26.176,416.4653280307608,9
2024-09-17 10:44:26.202,416.45838798753175,1001
2024-09-17 10:44:26.275,416.46185378154456,15
2024-09-17 10:44:26.326,416.4628425975458,103
2024-09-17 10:44:26.372,416.4777250039167,1000
2024-09-17 10:44:26.432,416.4602352468148,7
2024-09-17 10:44:26.437,416.4942245304359,5
2024-09-17 10:44:26.465,416.4936620303175,1000
2024-09-17 10:44:26.533,416.4719232606357,12
2024-09-17 10:44:26.593,416.4613506701575,5
2024-09-17 10:44:26.608,416.4486156750118,998
2024-09-17 10:44:26.626,416.4849700225012,1001
2024-09-17 10:44:26.643,416.4699003009365,96
2024-09-17 10:44:26.654,416.47887741401365,5
2024-09-17 10:44:26.704,416.4579468916261,12
2024-09-17 10:44:26.723,416.4934641103528,101
2024-09-17 10:44:26.730,416.4625010893012,105
2024-09-17 10:44:26.915,416.4863177542943,95
2024-09-17 10:44:26.988,416.4732633871419,1003
2024-09-17 10:44:27.047,416.42075700436646,8
2024-09-17 10:44:27.418,416.45748805047134,1004
2024-09-17 10:44:27.452,416.4081632195281,8
2024-09-17 10:44:27.594,416.4260722093357,1001
2024-09-17 10:44:28.089,416.4455829820872,1002
2024-09-17 10:44:28.176,416.4188849425021,8
2024-09-17 10:44:28.177,416.43006552043386,95
2024-09-17 10:44:28.489,416.4534334922524,1003
2024-09-17 10:44:28.915,416.4259217456656,13
2024-09-17 10:44:28.966,416.4136196877982,6
2024-09-17 10:44:29.045,416.4279075587275,8
2024-09-17 10:44:29.250,416.4677778056323,995
2024-09-17 10:44:29.412,416.4506660449941,1001
2024-09-17 10:44:29.530,416.47063211597685,95
2024-09-17 10:44:29.925,416.4674751758835,15
2024-09-17 10:44:30.021,416.45337500881664,999
2024-09-17 10:44:30.049,416.4879377614945,100
2024-09-17 10:44:30.135,416.4437904091093,1004
2024-09-17 10:44:30.183,41.6488824709681,101
2024-09-17 10:44:30.240,416.43709410163774,104
2024-09-17 10:44:30.255,416.511695581533,103
2024-09-17 10:44:30.260,416.5085311172736,5
2024-09-17 10:44:30.294,416.487249246814,5
2024-09-17 10:44:30.349,416.4510528110264,1004
2024-09-17 10:44:30.359,416.441855480079,996
2024-09-17 10:44:30.442,416.4920143373603,5
2024-09-17 10:44:30.453,416.4480803551788,98
2024-09-17 10:44:30.488,416.521382937773,995
2024-09-17 10:44:30.518,416.4728551082641,10
2024-09-17 10:44:30.556,416.471280474462,5
2024-09-17 10:44:30.578,416.49075243783113,15
2024-09-17 10:44:30.595,416.468032000582,9
2024-09-17 10:44:30.719,416.5018835365751,11
2024-09-17 10:44:30.720,416.50149291181526,995
2024-09-17 10:44:30.723,416.48463307222767,105
2024-09-17 10:44:30.733,416.4926374365973,95
2024-09-17 10:44:30.741,416.4867712170035,14
2024-09-17 10:44:30.893,416.4643840973253,14
2024-09-17 10:44:30.900,416.4371398103447,1005
2024-09-17 10:44:30.914,416.4909950387262,1003
2024-09-17 10:44:30.928,416.4979973331813,97
2024-09-17 10:44:30.989,416.44718072294,998
2024-09-17 10:44:31.021,416.4654881195868,97
2024-09-17 10:44:31.061,416.4547679286805,1002
2024-09-17 10:44:31.133,416.4793211668823,5
2024-09-17 10:44:31.273,,6
2024-09-17 10:44:31.280,416.4550311371331,13
2024-09-17 10:44:31.365,416.5473192711658,105
2024-09-17 10:44:31.373,416.4497228956617,14
2024-09-17 10:44:31.503,416.5244383628111,14
2024-09-17 10:44:31.560,416.5150942929338,5
2024-09-17 10:44:31.578,416.4693903815232,98
2024-09-17 10:44:31.587,416.4376896141944,1004
2024-09-17 10:44:31.624,416.4681760655809,105
2024-09-17 10:44:31.634,416.53326904972687,103
2024-09-17 10:44:31.674,416.4455548371582,96
2024-09-17 10:44:31.698,416.4517658044568,11
2024-09-17 10:44:31.739,416.5361250068954,14
2024-09-17 10:44:31.739,416.5324098058872,1002
2024-09-17 10:44:31.801,416.45423627525946,100
2024-09-17 10:44:31.852,416.5046974348285,7
2024-09-17 10:44:31.926,416.5318143119337,995
2024-09-17 10:44:31.930,416.4461540018684,996
2024-09-17 10:44:31.933,416.4686664639031,97
2024-09-17 10:44:31.980,416.4998917763934,8
2024-09-17 10:44:31.989,416.49336772435726,97
2024-09-17 10:44:32.035,416.44784497598266,8
2024-09-17 10:44:32.152,416.46589988499846,15
2024-09-17 10:44:32.383,416.4482278029463,13
2024-09-17 10:44:32.504,416.4616861491866,1005
2024-09-17 10:44:32.722,416.424386446209,14
2024-09-17 10:44:32.763,416.4578394436863,95
2024-09-17 10:44:32.829,416.46031364125287,5
2024-09-17 10:44:32.916,416.43863374301577,15
2024-09-17 10:44:32.923,416.4615043496045,100
2024-09-17 10:44:32.927,416.4689187900456,100
2024-09-17 10:44:32.934,416.4513169826927,96
2024-09-17 10:44:32.959,416.4674121455445,9
2024-09-17 10:44:33.314,416.4330854716128,996
2024-09-17 10:44:34.026,416.427640114212,12
2024-09-17 10:44:34.031,416.4268569109823,8
2024-09-17 10:44:34.099,416.4372757818306,995
2024-09-17 10:44:34.246,416.4122789907799,10
2024-09-17 10:44:34.404,416.4347459155064,1003
2024-09-17 10:44:34.426,416.4477258086556,1005
2024-09-17 10:44:34.451,416.4272627060074,1004
2024-09-17 10:44:34.494,416.41997027180247,1001
2024-09-17 10:44:34.530,416.4442713928943,95
2024-09-17 10:44:34.579,416.412759977786,14
2024-09-17 10:44:34.660,416.4161161005233,95
2024-09-17 10:44:34.710,416.4282371276988,98
2024-09-17 10:44:34.741,416.45603555631664,1002
2024-09-17 10:44:34.882,416.3927145480508,102
2024-09-17 10:44:34.934,416.4159427175846,104
2024-09-17 10:44:34.962,416.43785873417033,105
2024-09-17 10:44:34.987,416.4228622908027,104
2024-09-17 10:44:34.993,416.4533932604406,14
2024-09-17 10:44:35.052,416.3700584693957,95
2024-09-17 10:44:35.272,416.3563923099218,7
2024-09-17 10:44:35.341,416.3702025802156,97
2024-09-17 10:44:35.388,416.36672643150746,98
2024-09-17 10:44:35.411,416.3807247990679,1002
2024-09-17 10:44:35.424,416.38257878292296,1005
2024-09-17 10:44:35.489,416.3813527487107,103
2024-09-17 10:44:35.653,416.3633649790973,5
2024-09-17 10:44:35.706,416.3564691878325,12
2024-09-17 10:44:35.918,416.38334099093504,1002
2024-09-17 10:44:36.103,416.4049353171703,997
2024-09-17 10:44:36.111,416.4339323007001,996
2024-09-17 10:44:36.112,416.44592149229976,995
2024-09-17 10:44:36.168,416.4259045096844,1004
2024-09-17 10:44:36.231,416.4035957330241,1005
2024-09-17 10:44:36.248,416.4211921691176,1002
2024-09-17 10:44:36.269,416.3822915269363,1000
2024-09-17 10:44:36.297,416.4212808473149,104
2024-09-17 10:44:36.300,416.4137985178252,101
2024-09-17 10:44:36.313,416.4276343356805,13
2024-09-17 10:44:36.314,416.3925153535199,105
2024-09-17 10:44:36.332,416.4402788777407,1001
2024-09-17 10:44:36.493,416.4145167521,1001
2024-09-17 10:44:36.529,416.3970958905519,1003
2024-09-17 10:44:36.581,416.4284881471073,1003
2024-09-17 10:44:36.613,416.38012283286815,1005
2024-09-17 10:44:36.640,416.41926424984143,99
2024-09-17 10:44:36.652,416.4096704485235,999
2024-09-17 10:44:36.684,416.4272048186637,996
2024-09-17 10:44:36.741,416.41227495060747,98
2024-09-17 10:44:36.749,416.4297576734047,101
2024-09-17 10:44:36.769,416.3661026223537,1003
2024-09-17 10:44:36.802,416.4166469570876,14
2024-09-17 10:44:36.919,416.42527716702494,1004
2024-09-17 10:44:36.920,416.431443659793,15
2024-09-17 10:44:36.982,416.4058829552177,10
2024-09-17 10:44:37.135,416.3495301004476,6
2024-09-17 10:44:37.284,416.37617214754914,95
2024-09-17 10:44:37.295,416.3496708992483,102
2024-09-17 10:44:37.312,416.4228614615067,102
2024-09-17 10:44:37.448,416.35439534019054,9
2024-09-17 10:44:37.456,416.3474272711989,99
2024-09-17 10:44:37.460,416.3683327790501,1004
2024-09-17 10:44:37.530,416.4361392752119,1002
2024-09-17 10:44:37.536,416.3681309245126,14
2024-09-17 10:44:37.602,416.4103824539042,995
2024-09-17 10:44:37.618,416.4068870394445,1001
2024-09-17 10:44:37.688,416.3395247733905,997
2024-09-17 10:44:37.700,416.3758406056332,99
2024-09-17 10:44:37.706,416.3513100136672,7
2024-09-17 10:44:37.714,416.404122530208,98
2024-09-17 10:44:37.779,416.3702732849313,7
2024-09-17 10:44:37.829,,99
2024-09-17 10:44:37.858,416.4124336573744,7
2024-09-17 10:44:37.936,416.36547208131606,8
2024-09-17 10:44:38.298,416.332858181348,14
2024-09-17 10:44:38.663,416.35976604116416,102
2024-09-17 10:44:38.727,416.3549857255084,99
2024-09-17 10:44:38.846,416.36263433773007,999
2024-09-17 10:44:39.071,41.63449875337997,5
2024-09-17 10:44:39.102,416.3345470562523,98
2024-09-17 10:44:39.103,416.35442311586286,101
2024-09-17 10:44:39.158,416.3502776579828,5
2024-09-17 10:44:39.230,416.3553115978266,999
2024-09-17 10:44:39.330,416.3418016467865,1000
2024-09-17 10:44:39.494,416.3507627056579,10
2024-09-17 10:44:39.844,416.35739429696383,6
2024-09-17 10:44:40.021,416.33548161237405,97
2024-09-17 10:44:40.040,416.3509719799812,100
2024-09-17 10:44:40.328,416.33117648709015,1003
2024-09-17 10:44:40.808,416.3356238091256,999
2024-09-17 10:44:40.843,416.3417227656421,1002
2024-09-17 10:44:41.113,416.3250745961289,11
2024-09-17 10:44:41.202,416.3727558722088,105
2024-09-17 10:44:41.246,416.3812023496669,14
2024-09-17 10:44:41.292,416.3449730943765,100
2024-09-17 10:44:41.334,416.3661839884591,10
2024-09-17 10:44:41.362,416.3243820879006,103
2024-09-17 10:44:41.392,416.33285867177,97
2024-09-17 10:44:41.406,416.3423213945795,10
2024-09-17 10:44:41.430,416.3757013312084,997
2024-09-17 10:44:41.632,416.3449508443686,1000
2024-09-17 10:44:41.636,416.3680095075767,11
2024-09-17 10:44:41.642,416.3361894507742,14
2024-09-17 10:44:41.646,416.380509017862,98
2024-09-17 10:44:41.769,416.3240595474327,99
2024-09-17 10:44:41.842,416.3840158614898,102
2024-09-17 10:44:41.987,416.3894735318772,13
2024-09-17 10:44:42.024,416.3881708701282,997
2024-09-17 10:44:42.062,416.3834663016928,1002
2024-09-17 10:44:42.088,416.3939051067804,95
2024-09-17 10:44:42.132,416.3303283485243,95
2024-09-17 10:44:42.175,416.40129580836737,105
2024-09-17 10:44:42.234,416.41811955874033,14
2024-09-17 10:44:42.267,416.3783275733133,10
2024-09-17 10:44:42.275,416.3362831043674,1002
2024-09-17 10:44:42.306,416.391814826102,998
2024-09-17 10:44:42.312,416.3827321067805,6
2024-09-17 10:44:42.332,416.3296426236827,998
2024-09-17 10:44:42.382,416.401620589406,95
2024-09-17 10:44:42.453,416.3997538883296,96
2024-09-17 10:44:42.605,416.4191289826162,998
2024-09-17 10:44:42.727,-416.33663082219886,14
2024-09-17 10:44:42.840,416.3415608232342,98
2024-09-17 10:44:42.916,416.429095419382,15
2024-09-17 10:44:42.982,416.3699193966477,8
2024-09-17 10:44:43.094,416.4216136883391,998
2024-09-17 10:44:43.106,416.4003549525856,5
2024-09-17 10:44:43.113,416.3999603145615,7
2024-09-17 10:44:43.122,416.4243181629616,999
2024-09-17 10:44:43.145,416.4174275064161,1001
2024-09-17 10:44:43.205,416.4161699620122,13
2024-09-17 10:44:43.296,416.38284545682615,102
2024-09-17 10:44:43.318,416.4153321044788,105
2024-09-17 10:44:43.336,416.4017182152409,997
2024-09-17 10:44:43.449,416.4086235610396,15
2024-09-17 10:44:43.509,416.420333752914,999
2024-09-17 10:44:43.581,416.3981662418937,7
2024-09-17 10:44:43.632,416.422110230394,1000
2024-09-17 10:44:43.693,416.3885796887,100
2024-09-17 10:44:43.719,416.3977181793721,14
2024-09-17 10:44:43.731,416.4306898805951,13
2024-09-17 10:44:43.751,416.38336813763584,996
2024-09-17 10:44:43.816,416.4024565761232,96
2024-09-17 10:44:43.821,416.3972752645898,104
2024-09-17 10:44:43.822,416.4254219641795,1000
2024-09-17 10:44:43.847,416.3882330181653,8
2024-09-17 10:44:43.852,416.4028381105303,103
2024-09-17 10:44:44.035,416.4273583362637,5
2024-09-17 10:44:44.206,416.41622239195874,14
2024-09-17 10:44:44.284,416.4243056763551,1003
2024-09-17 10:44:44.357,416.4234095548397,997
2024-09-17 10:44:44.481,416.4183380790943,99
2024-09-17 10:44:44.536,416.416111704813,10
2024-09-17 10:44:44.615,416.4187929712761,5
2024-09-17 10:44:45.183,416.4061577174995,103
2024-09-17 10:44:45.430,416.4120448676074,1001
2024-09-17 10:44:45.475,416.4300792955802,11
2024-09-17 10:44:45.703,416.4388290195348,11
2024-09-17 10:44:45.817,416.416014138246,996
2024-09-17 10:44:45.899,416.4307272966853,7
2024-09-17 10:44:46.049,416.4499692486989,10
2024-09-17 10:44:46.401,416.4506049248967,1002
2024-09-17 10:44:46.487,416.4552219194985,1004
2024-09-17 10:44:46.724,416.430096735344,1003
2024-09-17 10:44:47.071,416.4367753032682,1003
2024-09-17 10:44:47.157,416.4803750352238,1001
2024-09-17 10:44:47.215,416.4953799706458,14
2024-09-17 10:44:47.224,416.4905138445504,14
2024-09-17 10:44:47.479,416.4411781859948,13
2024-09-17 10:44:47.512,416.4702838231743,5
2024-09-17 10:44:47.579,416.4911169913317,9
2024-09-17 10:44:47.617,416.4526267174234,100
2024-09-17 10:44:47.669,416.49335911211415,97
2024-09-17 10:44:47.715,416.49052222654063,105
2024-09-17 10:44:47.797,416.4911601679087,96
2024-09-17 10:44:47.818,-416.4942850888722,1001
2024-09-17 10:44:47.935,416.4721806993619,101
2024-09-17 10:44:47.938,416.4758143358128,95
2024-09-17 10:44:48.215,416.4981133246396,12
2024-09-17 10:44:48.216,416.5108212344625,995
2024-09-17 10:44:48.302,416.4887132866716,105
2024-09-17 10:44:48.520,416.47540803989455,105
2024-09-17 10:44:48.689,416.4869557924899,998
2024-09-17 10:44:48.863,416.4905486627105,8
2024-09-17 10:44:48.903,416.4842242474795,6
2024-09-17 10:44:48.907,416.48516155211126,1003
2024-09-17 10:44:48.965,416.4718918493578,102
2024-09-17 10:44:49.169,416.4469900968714,996
2024-09-17 10:44:49.256,416.3731917308214,6
2024-09-17 10:44:49.266,416.4069314653155,1005
2024-09-17 10:44:49.278,416.38117246146464,5
2024-09-17 10:44:49.286,416.3856784081271,999
2024-09-17 10:44:49.300,416.39141414743466,996
2024-09-17 10:44:49.342,416.5152189627462,8
2024-09-17 10:44:49.390,416.388541608145,105
2024-09-17 10:44:49.405,416.4015954749471,12
2024-09-17 10:44:49.407,416.361831893154,98
2024-09-17 10:44:49.422,416.5139226828706,9
2024-09-17 10:44:49.503,416.3768726817608,997
2024-09-17 10:44:49.522,416.38595603502654,14
2024-09-17 10:44:49.561,416.484502138279,105
2024-09-17 10:44:49.570,416.3811262999332,5
2024-09-17 10:44:49.680,416.3751200273829,99
2024-09-17 10:44:49.692,416.4842880474093,10
2024-09-17 10:44:49.776,416.38990803318296,101
2024-09-17 10:44:49.786,416.3710212917968,96
2024-09-17 10:44:49.805,416.47966111033816,999
2024-09-17 10:44:49.829,416.3878697071461,100
2024-09-17 10:44:49.895,416.3963666399171,100
2024-09-17 10:44:49.905,416.42429349930353,7
2024-09-17 10:44:50.154,416.38131167811895,12
2024-09-17 10:44:50.159,416.3744553117676,7
2024-09-17 10:44:50.166,416.3464373833517,99
2024-09-17 10:44:50.224,416.3793177518708,995
2024-09-17 10:44:50.284,416.4077930410418,10
2024-09-17 10:44:50.310,416.3597404852985,96
2024-09-17 10:44:50.348,416.3884687264484,95
2024-09-17 10:44:50.353,416.3927928168856,1002
2024-09-17 10:44:50.510,416.38721801051287,103
2024-09-17 10:44:50.628,416.35847417049695,9
2024-09-17 10:44:50.685,416.39643701810985,13
2024-09-17 10:44:50.827,416.39556099578505,997
2024-09-17 10:44:50.881,416.3959707637183,996
2024-09-17 10:44:50.910,416.3599146045427,101
2024-09-17 10:44:50.938,416.37624427473486,96
2024-09-17 10:44:51.016,416.3817821897172,1001
2024-09-17 10:44:51.055,416.38438800615927,1005
2024-09-17 10:44:51.080,416.384095185526,7
2024-09-17 10:44:51.103,416.3845924267802,15
2024-09-17 10:44:51.152,416.3661061014988,996
2024-09-17 10:44:51.429,416.38698484373,95
2024-09-17 10:44:51.436,416.3661239838375,7
2024-09-17 10:44:51.768,416.3619502129392,1003
2024-09-17 10:44:52.083,416.39691600712894,15
2024-09-17 10:44:52.193,416.4312439245778,103
2024-09-17 10:44:52.265,416.394817482128,99
2024-09-17 10:44:52.357,416.40590389851474,1000
2024-09-17 10:44:52.488,416.4050758894902,99
2024-09-17 10:44:52.632,416.3904613982236,1005
2024-09-17 10:44:53.062,416.4286211461138,1005
2024-09-17 10:44:53.087,416.5328490057096,7
2024-09-17 10:44:53.096,416.4420290886212,1005
2024-09-17 10:44:53.106,416.428508056851,99
2024-09-17 10:44:53.493,416.5009455255374,101
2024-09-17 10:44:53.552,416.5233034084837,7
2024-09-17 10:44:53.564,416.46699835755584,995
2024-09-17 10:44:53.572,416.498095703946,97
2024-09-17 10:44:53.597,416.4968981428888,998
2024-09-17 10:44:53.860,416.5271237447744,12
2024-09-17 10:44:54.153,41.65022901596389,1005
2024-09-17 10:44:54.153,416.51404924938686,102
2024-09-17 10:44:54.216,416.518101809034,99
2024-09-17 10:44:54.243,416.5102844451616,14
2024-09-17 10:44:54.473,416.5320623728723,1001
2024-09-17 10:44:54.574,416.5234667361743,997
2024-09-17 10:44:54.767,416.526345804557,10
2024-09-17 10:44:54.894,416.5050057044929,10
2024-09-17 10:44:55.000,416.4935997143321,8
2024-09-17 10:44:55.162,416.4790848659581,10
2024-09-17 10:44:55.200,416.48399746588666,1000
2024-09-17 10:44:55.407,416.482872390646,101
2024-09-17 10:44:55.463,416.4727709638135,998
2024-09-17 10:44:55.567,416.4687458686672,103
2024-09-17 10:44:55.573,416.5079872643196,13
2024-09-17 10:44:55.576,416.4758001115733,1005
2024-09-17 10:44:55.596,416.493690432062,9
2024-09-17 10:44:55.601,416.4925669160795,995
2024-09-17 10:44:55.727,416.488330313846,1005
2024-09-17 10:44:55.753,416.5189836624816,999
2024-09-17 10:44:55.945,416.5138755815669,104
2024-09-17 10:44:55.950,416.48309188841,999
2024-09-17 10:44:55.987,416.5087870754691,6
2024-09-17 10:44:55.992,416.5207192852972,1003
2024-09-17 10:44:56.004,416.4433496889171,997
2024-09-17 10:44:56.025,416.5074171879482,1002
2024-09-17 10:44:56.036,416.47732062648754,1002
2024-09-17 10:44:56.042,-416.5029831816959,8
2024-09-17 10:44:56.127,416.5097423626679,102
2024-09-17 10:44:56.143,416.4853093225635,96
2024-09-17 10:44:56.233,416.4539633828522,97
2024-09-17 10:44:56.376,416.5399866675424,105
2024-09-17 10:44:56.377,416.4990012334424,101
2024-09-17 10:44:56.395,416.5055884339656,1000
2024-09-17 10:44:56.435,416.4994171520745,95
2024-09-17 10:44:56.436,416.4871510250123,8
2024-09-17 10:44:56.482,416.4924644713511,1005
2024-09-17 10:44:56.503,416.5120506598983,95
2024-09-17 10:44:56.512,416.4840066275679,102
2024-09-17 10:44:56.521,416.4942241664078,1003
2024-09-17 10:44:56.524,416.4388895087402,105
2024-09-17 10:44:56.594,416.500523590036,1003
2024-09-17 10:44:56.677,416.5252207792745,1001
2024-09-17 10:44:56.687,416.5110084963093,105
2024-09-17 10:44:56.701,416.4696398345526,1001
2024-09-17 10:44:56.709,,7
2024-09-17 10:44:56.729,416.44546261610736,1005
2024-09-17 10:44:56.743,416.4632135055284,100
2024-09-17 10:44:56.885,416.43859786771714,1003
2024-09-17 10:44:56.889,416.4692264081816,1001
2024-09-17 10:44:56.986,416.5190804012215,97
2024-09-17 10:44:57.035,416.4613485699697,1005
2024-09-17 10:44:57.340,416.4707442119674,995
2024-09-17 10:44:57.536,416.4883788933676,1002
2024-09-17 10:44:57.609,416.4243899253877,10
2024-09-17 10:44:57.635,416.4267317033302,996
2024-09-17 10:44:57.639,416.43395182871103,996
2024-09-17 10:44:57.692,416.464784470328,14
2024-09-17 10:44:57.694,416.421520322591,104
2024-09-17 10:44:58.004,416.437921919493,1000
2024-09-17 10:44:58.076,416.44493306251786,14
2024-09-17 10:44:59.034,416.39121555337897,103
2024-09-17 10:44:59.072,416.4034018822306,104
2024-09-17 10:44:59.110,416.36662581122266,98
2024-09-17 10:44:59.140,416.4404100617558,6
2024-09-17 10:44:59.146,416.42766175071534,1005
2024-09-17 10:44:59.170,416.3592292348608,1004
2024-09-17 10:44:59.253,416.3101619926365,6
2024-09-17 10:44:59.333,416.3621490095195,8
2024-09-17 10:44:59.341,416.3387549628333,96
2024-09-17 10:44:59.358,416.3598147900934,99
2024-09-17 10:44:59.371,416.42728853629865,999
2024-09-17 10:44:59.414,416.34294031563263,99
2024-09-17 10:44:59.448,416.37832719760974,96
2024-09-17 10:44:59.463,416.3849219525309,1002
2024-09-17 10:44:59.470,416.43866296082,96
2024-09-17 10:44:59.720,416.3823707753559,8
2024-09-17 10:44:59.757,416.3619864030047,102
2024-09-17 10:44:59.797,416.4104500117994,105
2024-09-17 10:44:59.900,416.3732334585562,98
2024-09-17 10:44:59.923,416.3591233633466,9
2024-09-17 10:44:59.936,416.38375240066136,6
