Timestamp,Price,Size
2024-09-16 09:42:00.269,419.70711431627353,5
2024-09-16 09:42:00.297,419.7080119247653,8
2024-09-16 09:42:00.395,419.73115301126825,13
2024-09-16 09:42:00.478,419.7231460584968,997
2024-09-16 09:42:00.626,419.72736685420193,100
2024-09-16 09:42:00.699,419.713421720112,95
2024-09-16 09:42:00.842,419.7118618487023,995
2024-09-16 09:42:00.870,,1001
2024-09-16 09:42:00.915,419.71023135562336,10
2024-09-16 09:42:01.026,419.74415100534856,7
2024-09-16 09:42:01.034,419.74172437615647,1002
2024-09-16 09:42:01.074,419.73367730408586,1002
2024-09-16 09:42:01.195,419.7178409411141,102
2024-09-16 09:42:01.209,419.7470442672139,13
2024-09-16 09:42:01.224,419.7421913295743,7
2024-09-16 09:42:01.343,419.7195358258567,102
2024-09-16 09:42:01.345,-419.69465215178326,1005
2024-09-16 09:42:01.371,,105
2024-09-16 09:42:01.399,419.7115244923351,103
2024-09-16 09:42:01.414,419.7204414285183,12
2024-09-16 09:42:01.438,419.7351442200854,1003
2024-09-16 09:42:01.459,419.7514995052953,97
2024-09-16 09:42:01.513,419.72700977372,999
2024-09-16 09:42:01.601,419.73801173067744,97
2024-09-16 09:42:01.603,419.7120982685034,97
2024-09-16 09:42:01.630,419.72975326735633,15
2024-09-16 09:42:01.644,419.7309132763608,15
2024-09-16 09:42:01.683,419.7274246464616,100
2024-09-16 09:42:01.742,419.72837236928575,6
2024-09-16 09:42:01.848,419.7133554259057,7
2024-09-16 09:42:01.935,419.70838431133865,14
2024-09-16 09:42:01.936,419.7217745353098,996
2024-09-16 09:42:01.946,419.7320310617785,97
2024-09-16 09:42:01.973,419.7296626438023,8
2024-09-16 09:42:02.028,419.70685285122727,104
2024-09-16 09:42:02.062,419.66126596994985,5
2024-09-16 09:42:02.106,419.6957905850901,995
2024-09-16 09:42:02.171,419.70741939665584,98
2024-09-16 09:42:02.189,419.7050015354631,998
2024-09-16 09:42:02.193,419.6916135683364,95
2024-09-16 09:42:02.296,419.7127282100872,6
2024-09-16 09:42:02.297,419.7056000340668,998
2024-09-16 09:42:02.309,419.7156719989087,997
2024-09-16 09:42:02.371,419.6864367859206,14
2024-09-16 09:42:02.384,419.7053060416326,8
2024-09-16 09:42:02.387,419.7108962450059,96
2024-09-16 09:42:02.403,419.6904621644641,7
2024-09-16 09:42:02.443,419.6993255088229,99
2024-09-16 09:42:02.493,419.6866057655891,96
2024-09-16 09:42:02.527,419.6976483066932,104
2024-09-16 09:42:02.527,419.7170484612474,1004
2024-09-16 09:42:02.628,419.7141185618556,996
2024-09-16 09:42:02.637,419.7034913397944,105
2024-09-16 09:42:02.663,419.69213307823753,9
2024-09-16 09:42:02.667,419.6842125157645,1001
2024-09-16 09:42:02.682,419.7066061759568,7
2024-09-16 09:42:02.711,,1002
2024-09-16 09:42:02.749,419.6852493774037,12
2024-09-16 09:42:02.808,419.6752684390507,105
2024-09-16 09:42:02.823,419.6551349887816,14
2024-09-16 09:42:02.948,419.6991822838888,9
2024-09-16 09:42:02.991,419.6994479234068,11
2024-09-16 09:42:03.128,419.72385458001423,100
2024-09-16 09:42:04.078,419.68696509285945,999
2024-09-16 09:42:04.086,419.6802394303931,13
2024-09-16 09:42:04.116,419.6911374554919,997
2024-09-16 09:42:04.147,419.6971742111655,995
2024-09-16 09:42:04.219,41.96922596716703,97
2024-09-16 09:42:04.352,419.7039282518064,97
2024-09-16 09:42:04.403,419.67594032381953,98
2024-09-16 09:42:04.404,419.6917896314108,12
2024-09-16 09:42:04.501,419.6915948877698,12
2024-09-16 09:42:04.590,419.6889823166418,11
2024-09-16 09:42:04.617,419.70163630733936,12
2024-09-16 09:42:04.639,419.6960286242862,997
2024-09-16 09:42:04.650,419.6908999371509,1002
2024-09-16 09:42:04.656,419.697478817654,103
2024-09-16 09:42:04.760,419.687980491664,104
2024-09-16 09:42:04.840,419.6670103622445,1003
2024-09-16 09:42:04.885,419.7175023449557,1003
2024-09-16 09:42:04.958,419.6915412086456,15
2024-09-16 09:42:05.096,419.7377843982964,11
2024-09-16 09:42:05.105,419.7082937157085,999
2024-09-16 09:42:05.173,419.69370330868514,1005
2024-09-16 09:42:05.477,419.76494975906655,5
2024-09-16 09:42:05.747,419.70036104989725,1001
2024-09-16 09:42:05.819,419.7175960130643,1005
2024-09-16 09:42:05.847,419.7617434276472,8
2024-09-16 09:42:05.900,419.6915727924141,996
2024-09-16 09:42:06.421,419.6834641578404,996
2024-09-16 09:42:06.547,419.743307990145,14
2024-09-16 09:42:06.560,419.6951605788447,9
2024-09-16 09:42:06.612,419.7192624178501,95
2024-09-16 09:42:06.727,419.6894264433393,96
2024-09-16 09:42:06.872,419.7312350105229,998
2024-09-16 09:42:07.324,419.7292716659452,1002
2024-09-16 09:42:07.410,419.71794571139,100
2024-09-16 09:42:07.600,419.7042783341659,96
2024-09-16 09:42:08.008,419.7309520460747,103
2024-09-16 09:42:08.060,419.6713191246365,14
2024-09-16 09:42:08.090,419.7145259522418,1002
2024-09-16 09:42:08.091,419.64281122038,997
2024-09-16 09:42:08.142,419.70235689460446,997
2024-09-16 09:42:08.185,419.6484611428517,97
2024-09-16 09:42:08.285,419.72276434939386,99
2024-09-16 09:42:08.293,419.6777459681474,12
2024-09-16 09:42:08.325,419.7350331695492,105
2024-09-16 09:42:08.339,-419.6528443857243,1002
2024-09-16 09:42:08.354,419.7512776329524,1005
2024-09-16 09:42:08.415,419.6933568770952,1003
2024-09-16 09:42:08.426,41.97503655582143,9
2024-09-16 09:42:08.468,419.732191175078,1002
2024-09-16 09:42:08.631,419.6750567922189,1002
2024-09-16 09:42:08.704,419.7136884995094,95
2024-09-16 09:42:08.723,419.6781007996845,12
2024-09-16 09:42:08.801,419.6800727531238,99
2024-09-16 09:42:08.818,419.6590621206911,999
2024-09-16 09:42:08.878,419.6648608214412,95
2024-09-16 09:42:08.880,419.7435422024203,105
2024-09-16 09:42:08.899,419.6767593044036,12
2024-09-16 09:42:08.945,419.7396805070926,1000
2024-09-16 09:42:08.950,419.6736455695364,11
2024-09-16 09:42:08.955,419.69290511291786,1000
2024-09-16 09:42:09.021,419.7476907478241,1002
2024-09-16 09:42:09.030,419.7342940591138,15
2024-09-16 09:42:09.038,419.7324546741736,100
2024-09-16 09:42:09.072,419.7311870449632,8
2024-09-16 09:42:09.138,419.6803583771409,98
2024-09-16 09:42:09.189,419.6893456916525,1003
2024-09-16 09:42:09.230,419.6720919212629,103
2024-09-16 09:42:09.289,419.7260839417089,103
2024-09-16 09:42:09.352,419.7293975328,99
2024-09-16 09:42:09.536,419.6829406740728,996
2024-09-16 09:42:09.583,419.709785824022,102
2024-09-16 09:42:09.661,419.6804568513781,11
2024-09-16 09:42:09.712,419.76032170703405,98
2024-09-16 09:42:09.775,419.68463876205726,102
2024-09-16 09:42:09.794,419.6708790004774,99
2024-09-16 09:42:09.801,419.69691535921805,5
2024-09-16 09:42:09.835,419.74941192484414,105
2024-09-16 09:42:09.875,419.68181619601546,1003
2024-09-16 09:42:09.881,419.69078217333896,1000
2024-09-16 09:42:09.885,419.7268505570802,999
2024-09-16 09:42:10.053,419.7817084564047,12
2024-09-16 09:42:10.077,419.7525883689928,97
2024-09-16 09:42:10.096,419.7457547598967,12
2024-09-16 09:42:10.360,,99
2024-09-16 09:42:10.370,419.79625774801656,995
2024-09-16 09:42:10.436,419.79892015349554,998
2024-09-16 09:42:10.442,419.77438238637706,999
2024-09-16 09:42:10.529,419.7390367242818,1001
2024-09-16 09:42:10.581,419.7629054907621,101
2024-09-16 09:42:10.646,419.7595440424959,1004
2024-09-16 09:42:10.647,419.7416594203604,6
2024-09-16 09:42:10.725,419.7794449097556,105
2024-09-16 09:42:10.775,419.78753301806296,1002
2024-09-16 09:42:10.863,,997
2024-09-16 09:42:10.877,419.74945101078544,998
2024-09-16 09:42:10.884,419.7399836985,15
2024-09-16 09:42:10.994,419.7729571448824,97
2024-09-16 09:42:11.035,419.722841103118,95
2024-09-16 09:42:11.050,419.68871744071606,10
2024-09-16 09:42:11.242,419.64174667773113,997
2024-09-16 09:42:11.286,419.6581814637752,102
2024-09-16 09:42:11.290,419.6215113552893,11
2024-09-16 09:42:11.369,419.7019918685025,9
2024-09-16 09:42:11.393,419.7313291280703,99
2024-09-16 09:42:11.595,419.6351874735951,10
2024-09-16 09:42:11.649,419.6542303144643,6
2024-09-16 09:42:11.902,419.7365607944954,105
2024-09-16 09:42:11.990,419.6729683585693,97
2024-09-16 09:42:12.030,419.6052122294072,1002
2024-09-16 09:42:12.067,419.6178787164199,997
2024-09-16 09:42:12.221,419.6207519407757,101
2024-09-16 09:42:12.412,419.6123167076531,97
2024-09-16 09:42:12.631,419.6374684247042,11
2024-09-16 09:42:12.752,419.6274103045384,15
2024-09-16 09:42:12.864,419.6182922499166,8
2024-09-16 09:42:12.871,419.6287971332715,11
2024-09-16 09:42:12.944,419.6175674322856,101
2024-09-16 09:42:12.993,419.6045559486829,1000
2024-09-16 09:42:13.087,419.6191402512167,13
2024-09-16 09:42:13.095,419.6159835747019,102
2024-09-16 09:42:13.119,419.5826866460208,95
2024-09-16 09:42:13.137,419.5864249991192,100
2024-09-16 09:42:13.222,419.5738551504581,14
2024-09-16 09:42:13.224,419.5892936568334,97
2024-09-16 09:42:13.253,419.58282927409147,15
2024-09-16 09:42:13.283,419.5862377040802,9
2024-09-16 09:42:13.327,419.58276896500087,1003
2024-09-16 09:42:13.339,419.6274120243391,1000
2024-09-16 09:42:13.345,419.5896486751079,105
2024-09-16 09:42:13.372,419.6070557392664,15
2024-09-16 09:42:13.390,419.6081617408148,1005
2024-09-16 09:42:13.481,419.61189644477935,10
2024-09-16 09:42:13.513,419.6362901768792,104
2024-09-16 09:42:13.539,419.6029462531153,95
2024-09-16 09:42:13.548,419.5827450179836,12
2024-09-16 09:42:13.594,419.5956093405932,1002
2024-09-16 09:42:13.633,419.62708936812,15
2024-09-16 09:42:13.677,419.5782029825817,12
2024-09-16 09:42:13.708,419.6001524901212,15
2024-09-16 09:42:13.734,419.5840369785882,12
2024-09-16 09:42:13.739,419.6056713525557,11
2024-09-16 09:42:13.747,419.5759665293344,8
2024-09-16 09:42:13.784,419.60432616736097,104
2024-09-16 09:42:13.877,419.6095540093353,11
2024-09-16 09:42:13.990,,15
2024-09-16 09:42:14.081,419.6293606076516,98
2024-09-16 09:42:14.093,419.6311540864955,999
2024-09-16 09:42:14.093,419.6251286523242,995
2024-09-16 09:42:14.096,419.64144782077983,9
2024-09-16 09:42:14.132,419.6605104330594,1003
2024-09-16 09:42:14.135,419.62474614451344,103
2024-09-16 09:42:14.180,419.6650982508235,1001
2024-09-16 09:42:14.202,419.5974844638251,998
2024-09-16 09:42:14.264,419.6175783162512,1002
2024-09-16 09:42:14.265,419.64816677049146,9
2024-09-16 09:42:14.286,419.6289713416252,997
2024-09-16 09:42:14.357,419.6450201360372,95
2024-09-16 09:42:14.397,419.62617096677536,998
2024-09-16 09:42:14.481,419.6158009583113,13
2024-09-16 09:42:14.514,419.6567602582389,14
2024-09-16 09:42:14.559,419.6425509837759,995
2024-09-16 09:42:14.713,419.6409588829414,101
2024-09-16 09:42:14.746,419.64975518614,5
2024-09-16 09:42:14.783,419.6209573784715,101
2024-09-16 09:42:14.799,419.65676129683897,1001
2024-09-16 09:42:14.855,419.6330985183216,5
2024-09-16 09:42:14.865,419.6319733745829,96
2024-09-16 09:42:14.886,419.6245817642879,997
2024-09-16 09:42:15.015,419.6489933455588,7
2024-09-16 09:42:15.294,419.6589078820577,1003
2024-09-16 09:42:16.019,419.66200657265,1001
2024-09-16 09:42:16.020,419.6357869061618,12
2024-09-16 09:42:16.022,419.6536366285918,95
2024-09-16 09:42:16.023,419.5908370677757,1001
2024-09-16 09:42:16.098,419.662588712606,1002
2024-09-16 09:42:16.107,419.6208698118394,996
2024-09-16 09:42:16.180,419.6388450758053,997
2024-09-16 09:42:16.210,419.65504672355934,995
2024-09-16 09:42:16.271,419.6689637642884,102
2024-09-16 09:42:16.399,419.681055230792,10
2024-09-16 09:42:16.442,419.6490219295598,95
2024-09-16 09:42:16.459,419.6542840151675,105
2024-09-16 09:42:16.473,419.6587786537359,1003
2024-09-16 09:42:16.484,419.66152549292406,6
2024-09-16 09:42:16.558,419.6611185857289,999
2024-09-16 09:42:16.560,419.6659756300774,15
2024-09-16 09:42:16.604,419.5943672490546,103
2024-09-16 09:42:16.676,419.5918090673261,10
2024-09-16 09:42:16.693,419.6645858476098,6
2024-09-16 09:42:16.775,419.5856030094869,999
2024-09-16 09:42:16.828,41.95789312712743,100
2024-09-16 09:42:16.835,419.60031616242935,9
2024-09-16 09:42:16.846,419.651157604064,999
2024-09-16 09:42:16.959,419.64157020676913,999
2024-09-16 09:42:17.082,,96
2024-09-16 09:42:17.101,419.6081511049388,101
2024-09-16 09:42:17.114,419.5988305062087,95
2024-09-16 09:42:17.265,419.5954893138462,997
2024-09-16 09:42:17.393,419.59200480864615,7
2024-09-16 09:42:17.403,419.63199222151286,14
2024-09-16 09:42:17.452,419.5909860038373,97
2024-09-16 09:42:17.540,419.5893583354808,7
2024-09-16 09:42:17.584,419.5988393136217,98
2024-09-16 09:42:17.595,419.6317548337476,100
2024-09-16 09:42:17.602,419.610668781915,102
2024-09-16 09:42:17.618,419.5939219164795,98
2024-09-16 09:42:17.619,419.6155995785861,6
2024-09-16 09:42:17.661,419.6175384171413,100
2024-09-16 09:42:17.747,419.58692450978896,99
2024-09-16 09:42:17.777,419.6315877208946,12
2024-09-16 09:42:17.818,419.6086770316508,8
2024-09-16 09:42:17.881,419.5965907630019,95
2024-09-16 09:42:17.936,419.6171503973267,7
2024-09-16 09:42:17.951,419.5991677818757,998
2024-09-16 09:42:18.076,419.5987232773792,9
2024-09-16 09:42:18.117,419.59376704300666,6
2024-09-16 09:42:18.128,419.59779277068577,12
2024-09-16 09:42:18.151,419.61623144958565,6
2024-09-16 09:42:18.198,419.6122601360676,9
2024-09-16 09:42:18.202,419.6133235788374,105
2024-09-16 09:42:18.245,419.5677704592701,1001
2024-09-16 09:42:18.260,419.57946876786826,1000
2024-09-16 09:42:18.295,419.5912664582548,96
2024-09-16 09:42:18.345,419.5724855498866,997
2024-09-16 09:42:18.373,419.5829169823612,1003
2024-09-16 09:42:18.373,419.59860923461287,1001
2024-09-16 09:42:18.425,419.5579872582234,11
2024-09-16 09:42:18.446,419.5695116280389,105
2024-09-16 09:42:18.494,419.6059215574052,102
2024-09-16 09:42:18.627,419.5990290986143,8
2024-09-16 09:42:18.670,419.58764744033135,102
2024-09-16 09:42:18.706,419.6153993791899,105
2024-09-16 09:42:18.706,419.5796404879538,996
2024-09-16 09:42:18.719,419.5928556205112,103
2024-09-16 09:42:18.733,419.6032471329704,97
2024-09-16 09:42:18.766,419.60484825281696,103
2024-09-16 09:42:18.810,419.5966517786285,9
2024-09-16 09:42:18.826,419.61417511328,1001
2024-09-16 09:42:18.836,419.6080585947332,998
2024-09-16 09:42:18.928,419.59534524628185,1000
2024-09-16 09:42:18.958,419.5950469969915,99
2024-09-16 09:42:18.971,419.54925888461975,996
2024-09-16 09:42:19.051,419.5319508475168,102
2024-09-16 09:42:19.112,419.5136056886672,998
2024-09-16 09:42:19.165,419.479551868874,1004
2024-09-16 09:42:19.166,,8
2024-09-16 09:42:19.177,419.5407164862923,12
2024-09-16 09:42:19.235,419.5138496806407,7
2024-09-16 09:42:19.297,419.5142513084121,97
2024-09-16 09:42:19.361,419.5343437312196,11
2024-09-16 09:42:19.379,419.5189238664419,11
2024-09-16 09:42:19.448,419.5303712805445,998
2024-09-16 09:42:19.453,419.5499151046852,998
2024-09-16 09:42:19.456,419.55134877734906,997
2024-09-16 09:42:19.503,419.5379214080969,14
2024-09-16 09:42:19.507,419.5418700027568,1000
2024-09-16 09:42:19.550,419.4798985766072,101
2024-09-16 09:42:19.553,419.5315601408175,101
2024-09-16 09:42:19.610,419.5151513441343,104
2024-09-16 09:42:19.616,419.5635177431008,11
2024-09-16 09:42:19.670,419.55597358311945,14
2024-09-16 09:42:19.758,419.5630058586931,101
2024-09-16 09:42:19.780,419.5267050485504,1002
2024-09-16 09:42:19.840,419.5514512204437,5
2024-09-16 09:42:19.864,419.4794944602224,102
2024-09-16 09:42:19.886,419.4955241677957,1005
2024-09-16 09:42:20.297,419.5748438974919,997
2024-09-16 09:42:20.858,419.581099685012,11
2024-09-16 09:42:20.924,419.5892863808321,10
2024-09-16 09:42:21.184,419.6044753510517,997
2024-09-16 09:42:21.417,419.6077090199626,96
2024-09-16 09:42:21.664,419.5740198309101,996
2024-09-16 09:42:21.674,419.6099466678784,103
2024-09-16 09:42:21.707,419.5858151258469,10
2024-09-16 09:42:21.714,419.6000596292424,98
2024-09-16 09:42:21.776,419.5948117403861,1001
2024-09-16 09:42:21.783,419.5937873806198,104
2024-09-16 09:42:21.794,419.6107028620034,100
2024-09-16 09:42:22.122,419.6360399672389,1003
2024-09-16 09:42:22.236,419.624116792924,102
2024-09-16 09:42:22.934,419.61419635718926,12
2024-09-16 09:42:22.940,419.6194541707639,98
2024-09-16 09:42:23.060,419.6327892164695,6
2024-09-16 09:42:23.091,419.60415586159513,10
2024-09-16 09:42:23.426,419.6099230371229,103
2024-09-16 09:42:23.443,419.62872980835846,96
2024-09-16 09:42:23.603,419.6174802531153,9
2024-09-16 09:42:23.708,419.6076441756245,100
2024-09-16 09:42:23.897,419.60874868692594,99
2024-09-16 09:42:23.911,419.5935137356706,10
2024-09-16 09:42:24.053,419.6439548586754,1005
2024-09-16 09:42:24.137,419.60191133941737,1005
2024-09-16 09:42:24.233,419.6247813784075,14
2024-09-16 09:42:24.236,419.6372488647734,10
2024-09-16 09:42:24.241,,1001
2024-09-16 09:42:24.290,419.61288294667673,14
2024-09-16 09:42:24.291,419.6540273996676,100
2024-09-16 09:42:24.360,419.60909845377216,7
2024-09-16 09:42:24.367,419.62335114773066,1004
2024-09-16 09:42:24.436,419.6340748675034,1005
2024-09-16 09:42:24.530,419.62840604900657,1002
2024-09-16 09:42:24.623,419.6286470413454,10
2024-09-16 09:42:24.629,419.6126143669123,997
2024-09-16 09:42:24.690,419.6401162163267,98
2024-09-16 09:42:24.741,419.64774405461,96
2024-09-16 09:42:24.759,419.6379447357224,8
2024-09-16 09:42:24.787,419.6243762400746,7
2024-09-16 09:42:24.825,419.6469882368772,102
2024-09-16 09:42:24.826,419.6450360930373,101
2024-09-16 09:42:24.831,419.6231010207587,7
2024-09-16 09:42:24.887,419.6430157659882,1000
2024-09-16 09:42:24.955,419.6369810298048,14
2024-09-16 09:42:24.969,419.64139795762,8
2024-09-16 09:42:25.049,419.6405040402212,11
2024-09-16 09:42:25.527,419.6339420781427,1001
2024-09-16 09:42:26.176,419.6683908189433,99
2024-09-16 09:42:26.188,419.6372593285975,997
2024-09-16 09:42:26.189,419.6423436787957,6
2024-09-16 09:42:26.218,419.6531849452199,11
2024-09-16 09:42:26.255,419.64980289001335,101
2024-09-16 09:42:26.357,41.96638711307708,1004
2024-09-16 09:42:26.512,419.64729754994096,13
2024-09-16 09:42:26.647,419.66240915139286,9
2024-09-16 09:42:26.658,419.6492534973061,6
2024-09-16 09:42:26.681,419.6594447856839,100
2024-09-16 09:42:26.719,419.6546799134823,998
2024-09-16 09:42:26.793,419.6355092906392,6
2024-09-16 09:42:26.798,419.6393256878898,995
2024-09-16 09:42:26.824,419.6403574750038,999
2024-09-16 09:42:26.937,419.6601998794223,1004
2024-09-16 09:42:26.982,419.6564532831847,997
2024-09-16 09:42:27.459,419.6749173715349,998
2024-09-16 09:42:27.847,419.6539314317999,1002
2024-09-16 09:42:28.000,419.6922946496737,99
2024-09-16 09:42:28.008,419.6970260122664,1005
2024-09-16 09:42:28.010,419.6965937348928,105
2024-09-16 09:42:28.022,419.7150541707665,1003
2024-09-16 09:42:28.176,419.6998055647644,10
2024-09-16 09:42:28.188,419.7092789430302,997
2024-09-16 09:42:28.296,419.7057463583285,105
2024-09-16 09:42:28.327,419.6933492522972,1001
2024-09-16 09:42:28.484,419.7224436809306,15
2024-09-16 09:42:28.662,419.69964350049446,105
2024-09-16 09:42:28.679,419.73011665132674,1000
2024-09-16 09:42:28.751,419.6893067586897,1002
2024-09-16 09:42:28.774,419.7319566845985,12
2024-09-16 09:42:28.879,41.971241438533504,1003
2024-09-16 09:42:28.979,419.6946395923878,995
2024-09-16 09:42:29.141,419.6923714356636,1000
2024-09-16 09:42:29.324,419.6957075242402,14
2024-09-16 09:42:29.811,419.7051738075476,96
2024-09-16 09:42:30.006,419.67038413090745,101
2024-09-16 09:42:30.122,419.6726309082279,998
2024-09-16 09:42:30.154,419.6618154542039,999
2024-09-16 09:42:30.238,419.64399096293874,998
2024-09-16 09:42:30.437,419.6707315496497,997
2024-09-16 09:42:30.443,419.6976148168628,95
2024-09-16 09:42:30.448,419.70713270768647,14
2024-09-16 09:42:30.456,419.6852827762661,5
2024-09-16 09:42:30.471,419.6794974695108,7
2024-09-16 09:42:30.518,419.6934282174788,1005
2024-09-16 09:42:30.535,419.6829953487484,100
2024-09-16 09:42:30.615,419.7087787328989,13
2024-09-16 09:42:30.737,419.69803597709847,105
2024-09-16 09:42:30.742,419.68137060800245,102
2024-09-16 09:42:30.862,419.7071974023049,998
2024-09-16 09:42:30.899,419.6666643071321,5
2024-09-16 09:42:30.957,419.6718596186413,102
2024-09-16 09:42:31.102,419.72170850551294,996
2024-09-16 09:42:31.185,419.732876782228,998
2024-09-16 09:42:31.221,419.764955165832,1001
2024-09-16 09:42:31.295,419.7393441138789,995
2024-09-16 09:42:31.352,419.7258221602604,102
2024-09-16 09:42:31.417,419.7071019499022,99
2024-09-16 09:42:31.483,419.7507322890493,998
2024-09-16 09:42:31.516,419.7327746991918,96
2024-09-16 09:42:31.521,419.73177672657374,100
2024-09-16 09:42:31.614,419.6974254107924,996
2024-09-16 09:42:31.659,419.7273203901133,996
2024-09-16 09:42:31.687,419.7338776470887,5
2024-09-16 09:42:31.854,419.6980787360516,95
2024-09-16 09:42:31.921,419.7136238347141,999
2024-09-16 09:42:31.927,419.7159412961428,995
2024-09-16 09:42:31.962,419.7169929351428,13
2024-09-16 09:42:32.543,419.7341616235779,100
2024-09-16 09:42:32.584,419.75017184981215,998
2024-09-16 09:42:32.596,419.72539280142206,995
2024-09-16 09:42:32.685,419.7395526604056,99
2024-09-16 09:42:32.937,419.7332011144419,104
2024-09-16 09:42:32.956,419.722995551104,13
2024-09-16 09:42:33.007,419.7458579893344,11
2024-09-16 09:42:33.054,419.77677314712815,11
2024-09-16 09:42:33.055,419.7645567170538,104
2024-09-16 09:42:33.055,419.7210269877766,1004
2024-09-16 09:42:33.146,419.7645502938774,997
2024-09-16 09:42:33.163,419.74260552089214,95
2024-09-16 09:42:33.281,419.7964446779924,96
2024-09-16 09:42:33.392,419.77156585837554,100
2024-09-16 09:42:33.452,419.78891162653593,9
2024-09-16 09:42:33.488,419.7293924006247,14
2024-09-16 09:42:33.504,419.7880347158084,997
2024-09-16 09:42:33.611,419.76720081121255,7
2024-09-16 09:42:33.627,419.7719947750166,997
2024-09-16 09:42:33.647,419.7686899143216,999
2024-09-16 09:42:33.749,419.7400884091789,103
2024-09-16 09:42:33.754,419.74045355595456,7
2024-09-16 09:42:33.798,419.7257606344483,997
2024-09-16 09:42:33.810,419.7172407738978,8
2024-09-16 09:42:33.842,419.7408267760983,97
2024-09-16 09:42:33.881,419.78159710615984,98
2024-09-16 09:42:33.913,419.7357118790297,1003
2024-09-16 09:42:33.918,419.7897173271588,95
2024-09-16 09:42:33.950,419.7606876684529,102
2024-09-16 09:42:34.049,419.8200063556853,8
2024-09-16 09:42:34.065,419.77422630213806,14
2024-09-16 09:42:34.138,-419.7718758227191,104
2024-09-16 09:42:34.157,419.8254611116089,100
2024-09-16 09:42:34.194,419.7951125430038,101
2024-09-16 09:42:34.194,419.77677673885375,1004
2024-09-16 09:42:34.269,419.8197622087658,99
2024-09-16 09:42:34.288,419.7849155451409,1005
2024-09-16 09:42:34.294,419.8108141977951,1003
2024-09-16 09:42:34.377,419.812255743139,1002
2024-09-16 09:42:34.405,419.7699750861732,99
2024-09-16 09:42:34.420,419.8098285784396,95
2024-09-16 09:42:34.428,419.8053652867138,102
2024-09-16 09:42:34.457,419.8006526507659,996
2024-09-16 09:42:34.541,419.82710362035033,97
2024-09-16 09:42:34.603,419.8249580118853,997
2024-09-16 09:42:34.609,419.830760905319,103
2024-09-16 09:42:34.634,419.8116875702447,8
2024-09-16 09:42:34.760,419.7905619324625,9
2024-09-16 09:42:34.795,419.8262245627978,996
2024-09-16 09:42:34.819,419.8150209228291,103
2024-09-16 09:42:34.820,419.7957232652903,98
2024-09-16 09:42:35.030,419.81353987164033,1001
2024-09-16 09:42:35.054,419.8351821658512,102
2024-09-16 09:42:35.083,419.8326787552121,5
2024-09-16 09:42:35.100,419.83478031915433,102
2024-09-16 09:42:35.120,419.8290417179925,1004
2024-09-16 09:42:35.145,,8
2024-09-16 09:42:35.172,419.8140463490684,97
2024-09-16 09:42:35.241,419.8348060315465,10
2024-09-16 09:42:35.260,419.8214496154656,1004
2024-09-16 09:42:35.294,419.8311981512063,1002
2024-09-16 09:42:35.332,419.8328532865624,996
2024-09-16 09:42:35.367,419.81911491878,96
2024-09-16 09:42:35.392,419.8221326750986,1001
2024-09-16 09:42:35.408,419.8273408305794,13
2024-09-16 09:42:35.425,419.85899910258144,12
2024-09-16 09:42:35.577,419.8405295437401,15
2024-09-16 09:42:35.592,419.82917287143454,13
2024-09-16 09:42:35.666,419.81742174732096,96
2024-09-16 09:42:35.667,419.81761752789225,99
2024-09-16 09:42:35.673,419.8123276578156,102
2024-09-16 09:42:35.678,419.8402303617343,5
2024-09-16 09:42:35.696,419.8013641544416,100
2024-09-16 09:42:35.795,419.8555624104644,97
2024-09-16 09:42:35.802,419.8159610356191,10
2024-09-16 09:42:35.830,419.8198048626671,99
2024-09-16 09:42:35.870,419.82861443719935,1002
2024-09-16 09:42:35.918,419.83436898833895,102
2024-09-16 09:42:35.925,419.8322128466271,104
2024-09-16 09:42:35.933,419.8475625745816,998
2024-09-16 09:42:36.245,419.8150508069704,99
2024-09-16 09:42:36.518,419.7963025070953,995
2024-09-16 09:42:36.628,419.8151895176513,5
2024-09-16 09:42:36.873,419.8041267224984,95
2024-09-16 09:42:37.216,419.6986740154966,999
2024-09-16 09:42:37.425,419.8008960431704,101
2024-09-16 09:42:37.447,419.7304581791288,1000
2024-09-16 09:42:37.529,419.73156490634585,995
2024-09-16 09:42:37.635,419.7119187141915,999
2024-09-16 09:42:37.741,419.779654850915,104
2024-09-16 09:42:37.809,419.7872865246069,1002
2024-09-16 09:42:37.824,,7
2024-09-16 09:42:37.830,419.718681989058,96
2024-09-16 09:42:37.850,419.7492646681151,97
2024-09-16 09:42:37.887,419.80505707372,998
2024-09-16 09:42:38.001,419.6804835673434,10
2024-09-16 09:42:38.116,419.7246820900485,99
2024-09-16 09:42:38.124,419.6769868928722,96
2024-09-16 09:42:38.162,419.6860816259102,996
2024-09-16 09:42:38.238,419.70765935609137,101
2024-09-16 09:42:38.275,419.6776569354845,15
2024-09-16 09:42:38.289,419.6816489123482,99
2024-09-16 09:42:38.374,419.6764583009118,6
2024-09-16 09:42:38.601,419.6816631556489,995
2024-09-16 09:42:38.617,419.6995179896647,7
2024-09-16 09:42:38.661,419.70451782725735,96
2024-09-16 09:42:38.763,419.7236443656492,97
2024-09-16 09:42:38.797,419.6889760794559,6
2024-09-16 09:42:38.831,419.684145566321,104
2024-09-16 09:42:38.893,419.685844632024,1000
2024-09-16 09:42:38.940,419.68769013589895,5
2024-09-16 09:42:39.011,419.6040654643104,1003
2024-09-16 09:42:39.027,419.641414447985,5
2024-09-16 09:42:39.194,419.61483625052,12
2024-09-16 09:42:39.196,419.6794917223333,12
2024-09-16 09:42:39.203,419.65160529986304,7
2024-09-16 09:42:39.244,419.6301255391857,99
2024-09-16 09:42:39.265,419.6253506281221,1004
2024-09-16 09:42:39.275,419.6567369151596,9
2024-09-16 09:42:39.294,419.6544010336535,8
2024-09-16 09:42:39.312,419.64155955589615,996
2024-09-16 09:42:39.336,419.6480340049438,999
2024-09-16 09:42:39.462,419.651778514484,10
2024-09-16 09:42:39.493,419.6239461561257,98
2024-09-16 09:42:39.526,419.6604829526162,103
2024-09-16 09:42:39.539,419.6340138841301,13
2024-09-16 09:42:39.682,419.6354170692509,102
2024-09-16 09:42:39.752,419.64425259846166,995
2024-09-16 09:42:39.774,419.6299788696776,7
2024-09-16 09:42:39.785,419.63851823680926,1003
2024-09-16 09:42:39.814,419.6577881195233,1000
2024-09-16 09:42:39.824,41.96799675202789,97
2024-09-16 09:42:39.867,419.6227090595988,11
2024-09-16 09:42:40.036,419.6533895711352,100
2024-09-16 09:42:40.099,419.6607843520761,97
2024-09-16 09:42:40.242,419.6734940550538,11
2024-09-16 09:42:40.364,419.64901799358097,5
2024-09-16 09:42:40.391,419.6557883952753,99
2024-09-16 09:42:40.616,419.6658980261139,95
2024-09-16 09:42:40.765,419.66598089035904,995
2024-09-16 09:42:40.871,419.6634084639174,100
2024-09-16 09:42:40.946,419.63830895755336,100
2024-09-16 09:42:40.965,419.66517848929294,95
2024-09-16 09:42:40.971,419.66741763500914,104
2024-09-16 09:42:40.978,419.673221364703,9
2024-09-16 09:42:41.043,419.6887147495423,1001
2024-09-16 09:42:41.045,419.7007710812468,7
2024-09-16 09:42:41.064,419.6861450720023,103
2024-09-16 09:42:41.066,419.7065304594851,104
2024-09-16 09:42:41.069,419.7204033013383,1002
2024-09-16 09:42:41.146,419.7305456104843,104
2024-09-16 09:42:41.177,419.71222678546144,95
2024-09-16 09:42:41.206,419.78644273298914,8
2024-09-16 09:42:41.208,419.77942559083806,13
2024-09-16 09:42:41.346,419.7121238860716,996
2024-09-16 09:42:41.413,419.7195088734719,1000
2024-09-16 09:42:41.453,419.7559199483926,5
2024-09-16 09:42:41.560,419.72452473344464,9
2024-09-16 09:42:41.620,419.7681385749656,99
2024-09-16 09:42:41.758,419.6752941011806,1003
2024-09-16 09:42:41.814,419.7929094761182,101
2024-09-16 09:42:41.858,419.7452160054872,12
2024-09-16 09:42:41.872,419.779394355804,8
2024-09-16 09:42:41.932,419.7150066866412,14
2024-09-16 09:42:41.987,419.6956832325511,15
2024-09-16 09:42:41.989,419.796535799412,101
2024-09-16 09:42:41.995,419.70350760978704,996
2024-09-16 09:42:42.012,419.7786270935788,104
2024-09-16 09:42:42.060,419.7716701294164,105
2024-09-16 09:42:42.082,419.7755392052148,96
2024-09-16 09:42:42.106,419.7560741159302,102
2024-09-16 09:42:42.107,419.7583766001256,1005
2024-09-16 09:42:42.162,419.799256648097,1004
2024-09-16 09:42:42.237,419.76898343429247,995
2024-09-16 09:42:42.264,419.7434132776762,105
2024-09-16 09:42:42.285,419.77518505496784,10
2024-09-16 09:42:42.345,419.777984131023,95
2024-09-16 09:42:42.356,419.7644360936728,98
2024-09-16 09:42:42.362,419.7505480209974,7
2024-09-16 09:42:42.365,419.76404935868106,7
2024-09-16 09:42:42.380,419.7851691565841,5
2024-09-16 09:42:42.383,419.77854433823154,1001
2024-09-16 09:42:42.417,419.7693624360347,13
2024-09-16 09:42:42.456,419.7677575693187,13
2024-09-16 09:42:42.577,419.79654745107,1000
2024-09-16 09:42:42.634,419.7680710215208,98
2024-09-16 09:42:42.745,419.7980139795071,102
2024-09-16 09:42:42.871,419.7621849600812,12
2024-09-16 09:42:42.916,419.7294079125728,1002
2024-09-16 09:42:42.936,419.7365032870535,1002
2024-09-16 09:42:43.467,419.7476354676228,103
2024-09-16 09:42:43.832,419.7423902276941,5
2024-09-16 09:42:44.234,419.7601661453671,995
2024-09-16 09:42:44.267,419.74494770228375,98
2024-09-16 09:42:44.623,419.7931426590831,101
2024-09-16 09:42:44.688,419.75309517776094,100
2024-09-16 09:42:44.806,419.7919733100601,14
2024-09-16 09:42:44.828,419.7849698891776,5
2024-09-16 09:42:44.836,419.7588131451756,103
2024-09-16 09:42:44.916,419.7869829559987,9
2024-09-16 09:42:45.032,419.75650241150805,1004
2024-09-16 09:42:45.040,419.8303942983678,96
2024-09-16 09:42:45.114,419.8227341962573,97
2024-09-16 09:42:45.134,419.8015111045119,997
2024-09-16 09:42:45.164,419.8251767029477,100
2024-09-16 09:42:45.212,419.8145207061402,11
2024-09-16 09:42:45.214,419.81173203052873,95
2024-09-16 09:42:45.277,419.82461343074976,1003
2024-09-16 09:42:45.278,419.809315697784,95
2024-09-16 09:42:45.301,419.8110889019789,998
2024-09-16 09:42:45.338,419.8210045903074,1005
2024-09-16 09:42:45.344,419.79583678562886,96
2024-09-16 09:42:45.351,419.7874243131109,96
2024-09-16 09:42:45.449,419.7979871079307,102
2024-09-16 09:42:45.455,419.81534571097177,6
2024-09-16 09:42:45.460,419.809794573761,7
2024-09-16 09:42:45.497,419.8191199889153,100
2024-09-16 09:42:45.499,419.7884060108355,104
2024-09-16 09:42:45.514,419.7740149449264,95
2024-09-16 09:42:45.517,419.8118544550553,97
2024-09-16 09:42:45.550,419.78160018789015,10
2024-09-16 09:42:45.601,419.8262786624912,7
2024-09-16 09:42:45.679,419.7739380843964,11
2024-09-16 09:42:45.718,419.8232530738805,101
2024-09-16 09:42:45.735,419.8092743776263,7
2024-09-16 09:42:45.744,419.7787106343736,999
2024-09-16 09:42:45.824,419.8257142019067,5
2024-09-16 09:42:45.838,419.8074053267816,995
2024-09-16 09:42:45.931,419.7814665335951,997
2024-09-16 09:42:46.079,419.8433545385912,97
2024-09-16 09:42:46.100,419.81072611987713,996
2024-09-16 09:42:46.106,419.79777075133626,102
2024-09-16 09:42:46.213,419.79178559795736,9
2024-09-16 09:42:46.254,419.8321615223302,10
2024-09-16 09:42:46.276,419.84532715377225,98
2024-09-16 09:42:46.367,419.8005655677858,1003
2024-09-16 09:42:46.450,419.8458517754652,96
2024-09-16 09:42:46.608,419.8360095367438,7
2024-09-16 09:42:46.624,419.80981374745926,103
2024-09-16 09:42:46.664,419.80750290715554,9
2024-09-16 09:42:46.703,419.8058533954832,10
2024-09-16 09:42:46.793,419.8316027051602,101
2024-09-16 09:42:46.823,419.8192464535475,7
2024-09-16 09:42:46.846,419.8144527546363,997
2024-09-16 09:42:46.979,-419.8177620067906,104
2024-09-16 09:42:47.028,419.85036587677735,11
2024-09-16 09:42:47.062,419.858395302724,997
2024-09-16 09:42:47.094,419.8338573121748,99
2024-09-16 09:42:47.124,419.8585330806029,102
2024-09-16 09:42:47.141,419.85144667494086,1001
2024-09-16 09:42:47.203,419.8179233427653,5
2024-09-16 09:42:47.319,419.8007730621727,998
2024-09-16 09:42:47.356,419.82637906927965,7
2024-09-16 09:42:47.371,419.8344606380384,1001
2024-09-16 09:42:47.402,419.8302674787647,1000
2024-09-16 09:42:47.561,419.8409624080773,1000
2024-09-16 09:42:47.569,419.8460927559853,5
2024-09-16 09:42:47.615,419.8484934938885,5
2024-09-16 09:42:47.692,419.83354330988817,96
2024-09-16 09:42:47.768,419.8367997685842,98
2024-09-16 09:42:47.910,419.868521264415,997
2024-09-16 09:42:48.052,419.7829905795255,15
2024-09-16 09:42:48.088,419.7945854522408,97
2024-09-16 09:42:48.090,419.7897933121677,1001
2024-09-16 09:42:48.128,419.7966297784773,5
2024-09-16 09:42:48.138,419.80533966303744,102
2024-09-16 09:42:48.174,419.7945721238114,9
2024-09-16 09:42:48.181,419.7708898885682,996
2024-09-16 09:42:48.227,419.7995192554323,95
2024-09-16 09:42:48.249,419.80014212906593,6
2024-09-16 09:42:48.260,419.78212704944497,9
2024-09-16 09:42:48.435,419.7793174061076,995
2024-09-16 09:42:48.491,419.7825409495269,998
2024-09-16 09:42:48.496,419.8030717728011,99
2024-09-16 09:42:48.521,419.7812611783741,1004
2024-09-16 09:42:48.557,419.7613830198345,1002
2024-09-16 09:42:48.608,419.7836545244109,1004
2024-09-16 09:42:48.614,419.7611772329473,6
2024-09-16 09:42:48.622,419.7883753311857,1000
2024-09-16 09:42:48.629,419.7793521924543,101
2024-09-16 09:42:48.652,419.7882991098542,101
2024-09-16 09:42:48.668,419.787944101387,96
2024-09-16 09:42:48.678,419.7830131183926,98
2024-09-16 09:42:48.730,419.74336216631934,999
2024-09-16 09:42:48.737,419.7917573475859,996
2024-09-16 09:42:48.746,419.7448154935208,7
2024-09-16 09:42:48.760,419.792870861247,6
2024-09-16 09:42:48.776,419.8096084526522,11
2024-09-16 09:42:48.922,419.7866111555011,1005
2024-09-16 09:42:48.970,419.77842682981657,14
2024-09-16 09:42:49.001,419.8915635433717,997
2024-09-16 09:42:49.041,419.8267265733982,9
2024-09-16 09:42:49.074,419.8534750130265,11
2024-09-16 09:42:49.294,419.8190758791056,103
2024-09-16 09:42:49.387,419.8480885982163,1002
2024-09-16 09:42:49.469,419.836658108594,102
2024-09-16 09:42:49.472,419.8596995322426,11
2024-09-16 09:42:49.481,419.8716624774336,10
2024-09-16 09:42:49.537,419.88045156966416,102
2024-09-16 09:42:49.539,419.8816720225301,13
2024-09-16 09:42:49.542,419.8484096381658,9
2024-09-16 09:42:49.582,419.8395011612458,102
2024-09-16 09:42:49.687,419.82354001471367,1001
2024-09-16 09:42:49.728,419.8704717717191,103
2024-09-16 09:42:49.792,419.8503576060433,105
2024-09-16 09:42:49.839,419.86505473899314,1005
2024-09-16 09:42:49.855,419.82009378766185,105
2024-09-16 09:42:49.975,419.8829080221184,996
2024-09-16 09:42:49.978,419.8466020647224,98
2024-09-16 09:42:50.037,419.7909297890085,10
2024-09-16 09:42:50.043,419.8166446437571,11
2024-09-16 09:42:50.124,419.8179118800441,96
2024-09-16 09:42:50.170,419.8786368985418,11
2024-09-16 09:42:50.285,419.8275038420449,999
2024-09-16 09:42:50.314,419.8132979752489,100
2024-09-16 09:42:50.331,419.8385735844384,997
2024-09-16 09:42:50.421,,98
2024-09-16 09:42:50.473,419.8872814744704,96
2024-09-16 09:42:50.532,419.87314648444976,1004
2024-09-16 09:42:50.570,419.82013127957634,998
2024-09-16 09:42:50.754,419.8101258416257,997
2024-09-16 09:42:50.784,419.8361221138794,10
2024-09-16 09:42:50.810,419.8034592388104,1001
2024-09-16 09:42:50.817,419.850640439239,102
2024-09-16 09:42:51.164,419.8399345274401,997
2024-09-16 09:42:51.183,419.83935825401335,995
2024-09-16 09:42:51.218,419.8508849179908,999
2024-09-16 09:42:51.298,419.8227788177256,11
2024-09-16 09:42:51.357,419.8414833838128,996
2024-09-16 09:42:51.378,419.7856250304922,998
2024-09-16 09:42:51.382,419.8428271309231,103
2024-09-16 09:42:51.402,419.8164438905618,997
2024-09-16 09:42:51.440,419.7876118743567,12
2024-09-16 09:42:51.454,419.8486520540389,1004
2024-09-16 09:42:51.511,419.825403220926,997
2024-09-16 09:42:51.561,419.7786106211335,7
2024-09-16 09:42:51.576,419.7865706919245,1001
2024-09-16 09:42:51.661,419.801027789908,10
2024-09-16 09:42:51.665,419.8518997148558,1002
2024-09-16 09:42:51.671,419.7842148319632,14
2024-09-16 09:42:51.673,419.7757150192956,14
2024-09-16 09:42:51.710,419.82694698607247,12
2024-09-16 09:42:51.747,419.8360538646655,104
2024-09-16 09:42:51.762,-419.83218005018944,1000
2024-09-16 09:42:51.814,419.8352127774232,13
2024-09-16 09:42:51.930,419.8375880276644,995
2024-09-16 09:42:51.999,419.8381180068776,5
2024-09-16 09:42:52.020,419.7799397345049,5
2024-09-16 09:42:52.050,419.75967452580574,11
2024-09-16 09:42:52.114,419.7469765178645,100
2024-09-16 09:42:52.135,419.7652733368339,15
2024-09-16 09:42:52.218,419.78834976097977,995
2024-09-16 09:42:52.270,419.7931917457061,15
2024-09-16 09:42:52.275,419.7501116225124,12
2024-09-16 09:42:52.308,41.97858020917153,996
2024-09-16 09:42:52.318,419.812149759297,98
2024-09-16 09:42:52.361,419.7884903059254,104
2024-09-16 09:42:52.366,419.7843586086008,999
2024-09-16 09:42:52.379,419.7325795785303,14
2024-09-16 09:42:52.433,419.7132724392219,997
2024-09-16 09:42:52.469,419.7616020204187,5
2024-09-16 09:42:52.529,419.7720082833331,103
2024-09-16 09:42:52.556,419.729103763141,101
2024-09-16 09:42:52.859,419.7443669126612,996
2024-09-16 09:42:52.859,419.7154875477042,98
2024-09-16 09:42:52.905,419.7944833163903,100
2024-09-16 09:42:52.953,419.7269307983647,995
2024-09-16 09:42:52.988,419.7611032036841,998
2024-09-16 09:42:53.061,-419.8462862602085,5
2024-09-16 09:42:53.096,419.8554127120962,15
2024-09-16 09:42:53.120,419.8539530964085,98
2024-09-16 09:42:53.128,419.8046550164918,1004
2024-09-16 09:42:53.245,419.8034851591545,7
2024-09-16 09:42:53.403,419.8621302060311,1005
2024-09-16 09:42:53.413,419.8161186440125,13
2024-09-16 09:42:53.435,419.8278249960999,1000
2024-09-16 09:42:53.465,419.8278479715892,101
2024-09-16 09:42:53.762,419.8385263535467,1002
2024-09-16 09:42:53.898,419.80660226588736,8
2024-09-16 09:42:53.997,419.84666698594685,997
2024-09-16 09:42:54.009,419.81938986803937,105
2024-09-16 09:42:54.011,419.91962586197394,1000
2024-09-16 09:42:54.045,419.8414837839605,6
2024-09-16 09:42:54.053,419.8276083503617,1002
2024-09-16 09:42:54.127,419.879331741448,98
2024-09-16 09:42:54.164,419.8069331446548,1003
2024-09-16 09:42:54.177,419.86902213368654,15
2024-09-16 09:42:54.178,419.8018257557088,99
2024-09-16 09:42:54.233,419.8992599023896,1000
2024-09-16 09:42:54.318,419.8377375524286,1004
2024-09-16 09:42:54.376,419.8543672144804,13
2024-09-16 09:42:54.416,419.78952980373856,1002
2024-09-16 09:42:54.418,419.8028571323054,100
2024-09-16 09:42:54.429,419.8542014960186,10
2024-09-16 09:42:54.490,-419.899414899995,6
2024-09-16 09:42:54.518,419.8657542242944,5
2024-09-16 09:42:54.576,419.7985500599033,998
2024-09-16 09:42:54.585,419.9065253967967,1002
2024-09-16 09:42:54.595,419.8714726511117,13
2024-09-16 09:42:54.725,419.89228844014457,1003
2024-09-16 09:42:54.758,419.7754065221048,97
2024-09-16 09:42:54.816,419.7903324377576,996
2024-09-16 09:42:54.890,419.7904876383613,11
2024-09-16 09:42:54.956,419.8908519479892,997
2024-09-16 09:42:54.990,419.82985272417307,996
2024-09-16 09:42:55.020,419.9304429575316,100
2024-09-16 09:42:55.213,419.960000422004,996
2024-09-16 09:42:55.406,419.95304962031753,104
2024-09-16 09:42:55.444,419.9595634615498,7
2024-09-16 09:42:55.467,419.9445790736809,7
2024-09-16 09:42:55.478,419.9385801989769,102
2024-09-16 09:42:55.487,419.91516215817904,103
2024-09-16 09:42:55.549,419.9059963118067,11
2024-09-16 09:42:55.660,419.94578025591454,12
2024-09-16 09:42:55.683,419.9506213315007,10
2024-09-16 09:42:55.742,419.9467397597591,1005
2024-09-16 09:42:55.748,419.9460519003353,998
2024-09-16 09:42:55.859,419.94225756351744,8
2024-09-16 09:42:55.862,-419.91993337383,103
2024-09-16 09:42:55.872,419.93157056191,100
2024-09-16 09:42:55.934,419.9403893611705,1002
2024-09-16 09:42:55.939,419.93827162986,105
2024-09-16 09:42:55.989,419.9647351745639,7
2024-09-16 09:42:56.210,419.9393586761617,101
2024-09-16 09:42:56.248,419.91132360821496,97
2024-09-16 09:42:56.287,419.94913123144096,11
2024-09-16 09:42:56.464,419.9358151253458,995
2024-09-16 09:42:56.516,419.932586698375,100
2024-09-16 09:42:56.605,-419.9345307222178,103
2024-09-16 09:42:56.663,419.9346742366326,5
2024-09-16 09:42:56.670,419.9263098812416,998
2024-09-16 09:42:56.676,419.9281227407603,10
2024-09-16 09:42:56.704,419.9290530947288,103
2024-09-16 09:42:56.705,419.9602682684208,15
2024-09-16 09:42:56.719,419.9511902658294,100
2024-09-16 09:42:56.801,419.9737541610206,7
2024-09-16 09:42:56.886,419.9373995738083,102
2024-09-16 09:42:56.991,419.9564706007798,7
2024-09-16 09:42:57.028,419.96139352553655,10
2024-09-16 09:42:57.117,419.96379813246506,6
2024-09-16 09:42:57.747,419.96657293552965,11
2024-09-16 09:42:58.132,419.9696252948544,97
2024-09-16 09:42:58.157,419.9795041889896,103
2024-09-16 09:42:58.172,419.9644712536463,1005
2024-09-16 09:42:58.259,419.9532113265072,101
2024-09-16 09:42:58.333,419.9517963137391,102
2024-09-16 09:42:58.420,419.9551314296945,12
2024-09-16 09:42:58.618,419.9843967325171,1003
2024-09-16 09:42:58.657,419.9517643053747,96
2024-09-16 09:42:58.778,419.9598922453936,15
2024-09-16 09:42:58.880,419.9690480395766,100
2024-09-16 09:42:58.981,419.96719133643353,10
2024-09-16 09:42:59.014,419.8924889370522,5
2024-09-16 09:42:59.017,419.8761484086785,101
2024-09-16 09:42:59.107,419.88999218588,12
2024-09-16 09:42:59.133,419.899034081738,5
2024-09-16 09:42:59.135,420.0203587901348,1004
2024-09-16 09:42:59.203,419.8763280070633,96
2024-09-16 09:42:59.215,419.992679876332,997
2024-09-16 09:42:59.223,419.92058180904974,9
2024-09-16 09:42:59.346,419.9106389941246,11
2024-09-16 09:42:59.422,419.882652726616,996
2024-09-16 09:42:59.463,419.96694981752177,96
2024-09-16 09:42:59.494,419.93139045682216,14
2024-09-16 09:42:59.504,419.9140404020041,1002
2024-09-16 09:42:59.512,419.87959048659866,104
2024-09-16 09:42:59.557,419.9801930951136,99
2024-09-16 09:42:59.588,419.90936507893736,995
2024-09-16 09:42:59.645,419.950996228203,98
2024-09-16 09:42:59.653,419.888600495857,99
2024-09-16 09:42:59.663,419.99301745806383,1001
2024-09-16 09:42:59.712,419.9056038131621,1004
2024-09-16 09:42:59.742,419.9258624308293,101
2024-09-16 09:42:59.820,420.0072056136162,5
2024-09-16 09:42:59.852,419.9430866010264,1000
2024-09-16 09:42:59.853,419.940067285236,1005
2024-09-16 09:42:59.865,419.9899852350937,1003
2024-09-16 09:42:59.878,419.8763711646278,1003
2024-09-16 09:42:59.891,419.9747705135782,999
2024-09-16 09:42:59.898,419.9886595232067,997
