Timestamp,Price,Size
2024-09-20 09:37:00.069,422.2180016151405,102
2024-09-20 09:37:00.171,422.3193344596814,13
2024-09-20 09:37:00.332,422.244921026222,1005
2024-09-20 09:37:00.335,422.2633313264213,15
2024-09-20 09:37:00.390,422.3103924977067,15
2024-09-20 09:37:00.417,422.23640140102464,98
2024-09-20 09:37:00.418,422.2502285131557,7
2024-09-20 09:37:00.423,422.2817481515669,5
2024-09-20 09:37:00.432,422.31729381750415,997
2024-09-20 09:37:00.457,422.29249928675046,1002
2024-09-20 09:37:00.461,422.2444639493353,999
2024-09-20 09:37:00.489,422.3159014030628,97
2024-09-20 09:37:00.520,422.32564898385885,1003
2024-09-20 09:37:00.520,-422.2473900842948,104
2024-09-20 09:37:00.529,422.2960725703134,15
2024-09-20 09:37:00.542,422.2362737986852,14
2024-09-20 09:37:00.570,422.2589243283133,11
2024-09-20 09:37:00.580,422.26028097201726,1000
2024-09-20 09:37:00.645,422.3174838721692,10
2024-09-20 09:37:00.656,422.2522033196503,104
2024-09-20 09:37:00.674,422.2602651158156,101
2024-09-20 09:37:00.678,422.2447274992883,5
2024-09-20 09:37:00.689,422.3257540917498,7
2024-09-20 09:37:00.735,422.3049052014765,997
2024-09-20 09:37:00.768,422.2536173222098,100
2024-09-20 09:37:00.842,422.2759915519839,6
2024-09-20 09:37:00.919,422.2908066961903,99
2024-09-20 09:37:00.933,422.25756235575614,103
2024-09-20 09:37:01.187,422.2539552529446,100
2024-09-20 09:37:01.237,422.2487941092979,6
2024-09-20 09:37:01.255,422.2363850444883,14
2024-09-20 09:37:01.367,422.2733124535232,999
2024-09-20 09:37:01.377,-422.2525401946488,15
2024-09-20 09:37:01.382,422.2349390249339,7
2024-09-20 09:37:01.416,422.2599040129601,96
2024-09-20 09:37:01.680,422.2652114109269,13
2024-09-20 09:37:01.747,42.22669611010903,14
2024-09-20 09:37:01.875,422.234049637378,11
2024-09-20 09:37:02.019,422.2268763710188,5
2024-09-20 09:37:03.262,422.240658152881,11
2024-09-20 09:37:03.329,422.2355491954576,1004
2024-09-20 09:37:03.390,422.22026859095,999
2024-09-20 09:37:03.517,422.22558844843513,6
2024-09-20 09:37:03.573,422.2412254585485,7
2024-09-20 09:37:03.602,422.22442896396495,995
2024-09-20 09:37:03.665,42.22371849564582,104
2024-09-20 09:37:03.758,422.2343530355234,9
2024-09-20 09:37:03.807,422.2215277848014,1005
2024-09-20 09:37:03.821,422.2069202233618,101
2024-09-20 09:37:03.834,422.2201056651464,1004
2024-09-20 09:37:03.840,422.2301980331984,999
2024-09-20 09:37:03.846,422.2358095469867,1001
2024-09-20 09:37:03.983,422.21167575458776,997
2024-09-20 09:37:04.052,422.2364282000322,5
2024-09-20 09:37:04.054,422.2643665472374,1000
2024-09-20 09:37:04.158,422.2660611927804,6
2024-09-20 09:37:04.171,-422.2722815267992,9
2024-09-20 09:37:04.206,422.2344572262479,1004
2024-09-20 09:37:04.235,422.2512842994718,10
2024-09-20 09:37:04.252,422.2330074050194,11
2024-09-20 09:37:04.260,422.2317974327681,7
2024-09-20 09:37:04.292,422.2210530245399,11
2024-09-20 09:37:04.312,422.209900604739,998
2024-09-20 09:37:04.348,422.22857790040166,1003
2024-09-20 09:37:04.362,422.2469208893493,95
2024-09-20 09:37:04.396,422.2514084356794,999
2024-09-20 09:37:04.409,422.261893688694,12
2024-09-20 09:37:04.483,422.2725931571172,14
2024-09-20 09:37:04.526,422.2682608044171,102
2024-09-20 09:37:04.555,422.2772185815039,996
2024-09-20 09:37:04.563,422.2179131201153,97
2024-09-20 09:37:04.600,422.2729724930935,995
2024-09-20 09:37:04.607,422.2665165835557,99
2024-09-20 09:37:04.674,422.24895215372624,1001
2024-09-20 09:37:04.702,422.24251855080325,15
2024-09-20 09:37:04.705,422.2334776855724,995
2024-09-20 09:37:04.706,422.2263472927865,997
2024-09-20 09:37:04.716,422.2442260853049,5
2024-09-20 09:37:04.747,422.2522921268142,996
2024-09-20 09:37:04.803,422.2566825730621,12
2024-09-20 09:37:04.902,422.2366644049846,6
2024-09-20 09:37:04.906,422.26460007874977,15
2024-09-20 09:37:04.964,422.2250671485684,998
2024-09-20 09:37:05.108,422.27364520167896,95
2024-09-20 09:37:05.181,422.2854876215356,95
2024-09-20 09:37:05.203,422.2926533762127,96
2024-09-20 09:37:05.233,422.32391471975006,13
2024-09-20 09:37:05.236,422.36307231457,12
2024-09-20 09:37:05.301,422.33334171525365,105
2024-09-20 09:37:05.304,422.3545609151969,104
2024-09-20 09:37:05.326,422.3500768012176,1002
2024-09-20 09:37:05.460,422.3274489917453,97
2024-09-20 09:37:05.468,422.28226632412776,10
2024-09-20 09:37:05.483,422.3650905679834,95
2024-09-20 09:37:05.502,422.3520017413944,101
2024-09-20 09:37:05.703,422.2567617805311,10
2024-09-20 09:37:05.774,422.3123960399974,96
2024-09-20 09:37:05.833,422.25310439352927,100
2024-09-20 09:37:06.093,422.3730777275355,13
2024-09-20 09:37:06.207,422.4237472344794,1002
2024-09-20 09:37:06.208,422.36145486025646,8
2024-09-20 09:37:06.217,422.3782131883245,8
2024-09-20 09:37:06.293,422.375715209241,97
2024-09-20 09:37:06.417,422.3823582742407,1003
2024-09-20 09:37:06.496,422.40053209253074,1001
2024-09-20 09:37:06.504,422.37941547043096,12
2024-09-20 09:37:06.605,422.4263975075592,10
2024-09-20 09:37:06.657,422.40524641854506,996
2024-09-20 09:37:06.687,422.4175356851122,105
2024-09-20 09:37:06.729,422.3646744862728,14
2024-09-20 09:37:06.837,422.3501968182681,104
2024-09-20 09:37:06.857,422.3986762148777,1004
2024-09-20 09:37:06.884,422.42638921549366,14
2024-09-20 09:37:07.005,422.4319257396318,104
2024-09-20 09:37:07.056,422.44241098153566,96
2024-09-20 09:37:07.194,422.44926267782,5
2024-09-20 09:37:07.316,422.4601010833498,95
2024-09-20 09:37:07.320,422.420564297572,1001
2024-09-20 09:37:07.323,422.4447938996352,102
2024-09-20 09:37:07.416,422.41485063144273,1002
2024-09-20 09:37:07.418,422.425319836704,99
2024-09-20 09:37:07.482,422.4645148015373,10
2024-09-20 09:37:07.519,422.4392781899631,15
2024-09-20 09:37:07.540,422.44383069747295,8
2024-09-20 09:37:07.552,422.4323199211313,7
2024-09-20 09:37:07.588,422.4728882677861,99
2024-09-20 09:37:07.589,422.4469323606904,1005
2024-09-20 09:37:07.688,422.4617158766664,8
2024-09-20 09:37:07.718,422.45576279776736,104
2024-09-20 09:37:07.731,422.46785255604976,11
2024-09-20 09:37:07.807,422.46205265498287,1001
2024-09-20 09:37:07.833,422.42000833057085,101
2024-09-20 09:37:07.961,422.4500798489349,996
2024-09-20 09:37:08.003,,9
2024-09-20 09:37:08.004,422.4392590742256,11
2024-09-20 09:37:08.057,422.454354626132,9
2024-09-20 09:37:08.154,422.4629319354745,7
2024-09-20 09:37:08.195,422.45259322135695,8
2024-09-20 09:37:08.383,422.4667604318338,13
2024-09-20 09:37:08.517,422.4606825356764,12
2024-09-20 09:37:08.539,422.4569821759004,6
2024-09-20 09:37:08.590,422.4673627781484,103
2024-09-20 09:37:08.769,422.4517887245888,8
2024-09-20 09:37:08.901,422.47836704613854,997
2024-09-20 09:37:09.139,422.4975438373922,7
2024-09-20 09:37:09.169,422.4631335822034,95
2024-09-20 09:37:09.372,422.4644683574356,1000
2024-09-20 09:37:09.372,422.4343876647124,1004
2024-09-20 09:37:09.378,422.4482131707168,95
2024-09-20 09:37:09.433,422.4783983514174,97
2024-09-20 09:37:09.492,422.46157647181616,98
2024-09-20 09:37:09.514,422.4552870065106,1001
2024-09-20 09:37:09.529,422.4432513427358,1003
2024-09-20 09:37:09.563,422.4337563701257,9
2024-09-20 09:37:09.600,422.4536341615163,9
2024-09-20 09:37:09.614,422.4498244107391,97
2024-09-20 09:37:09.668,422.48593238609766,98
2024-09-20 09:37:09.727,422.4515592354825,14
2024-09-20 09:37:09.787,422.4521939985565,14
2024-09-20 09:37:09.928,422.4569800588829,996
2024-09-20 09:37:10.012,422.49926334776734,99
2024-09-20 09:37:10.126,422.5023798013936,7
2024-09-20 09:37:10.167,422.5186053879799,105
2024-09-20 09:37:10.360,422.5140502886275,1004
2024-09-20 09:37:10.560,422.4996578208613,100
2024-09-20 09:37:10.577,422.4977213326652,95
2024-09-20 09:37:10.591,422.494510270708,9
2024-09-20 09:37:10.611,422.4958807971487,97
2024-09-20 09:37:10.631,422.494838884161,12
2024-09-20 09:37:10.713,422.5087636463137,14
2024-09-20 09:37:10.800,422.4899820043443,7
2024-09-20 09:37:10.800,422.5222735537325,1002
2024-09-20 09:37:10.888,422.5197566219071,96
2024-09-20 09:37:11.059,422.490141409913,103
2024-09-20 09:37:11.255,422.4703080078105,103
2024-09-20 09:37:11.280,422.5267720686877,1000
2024-09-20 09:37:11.345,422.5098976392693,995
2024-09-20 09:37:11.415,422.5019041551709,11
2024-09-20 09:37:11.468,422.5514814671424,997
2024-09-20 09:37:11.481,422.4951246262556,1002
2024-09-20 09:37:11.496,422.4674755929842,11
2024-09-20 09:37:11.512,42.25454145820419,998
2024-09-20 09:37:11.530,422.4782052790421,1004
2024-09-20 09:37:11.553,422.4789484579515,997
2024-09-20 09:37:11.574,422.5006322457479,6
2024-09-20 09:37:11.600,422.5335230957183,96
2024-09-20 09:37:11.606,422.4825204423532,10
2024-09-20 09:37:11.614,42.24881060784882,95
2024-09-20 09:37:11.634,422.5243173725696,14
2024-09-20 09:37:11.668,422.4808006708403,5
2024-09-20 09:37:11.701,422.4882324921815,7
2024-09-20 09:37:11.859,422.4736684111478,999
2024-09-20 09:37:11.861,422.5276453627405,999
2024-09-20 09:37:11.864,422.5014130030213,6
2024-09-20 09:37:11.880,422.4912140800882,15
2024-09-20 09:37:11.893,422.49490542366425,9
2024-09-20 09:37:11.939,422.47693603476654,995
2024-09-20 09:37:11.947,422.5072986075424,1005
2024-09-20 09:37:12.034,422.5192132925815,104
2024-09-20 09:37:12.162,422.46692539480784,995
2024-09-20 09:37:12.176,422.4585635973661,1003
2024-09-20 09:37:12.182,422.4945728278191,1000
2024-09-20 09:37:12.189,422.5178946546144,7
2024-09-20 09:37:12.216,422.5473908159704,99
2024-09-20 09:37:12.270,422.5615091201775,1002
2024-09-20 09:37:12.307,422.48235530499744,96
2024-09-20 09:37:12.441,422.4566988165499,102
2024-09-20 09:37:12.458,422.4943324484448,1001
2024-09-20 09:37:12.460,422.4884001774435,8
2024-09-20 09:37:12.570,422.408401651252,1000
2024-09-20 09:37:12.622,422.518067760217,1004
2024-09-20 09:37:12.652,422.4073771409458,101
2024-09-20 09:37:12.674,422.5449128652568,14
2024-09-20 09:37:12.778,422.39666011089,999
2024-09-20 09:37:12.796,422.4105148784077,1004
2024-09-20 09:37:12.945,422.4278859989678,95
2024-09-20 09:37:12.980,422.5191845844747,1000
2024-09-20 09:37:12.993,422.40451124886937,104
2024-09-20 09:37:13.018,422.3887853931481,12
2024-09-20 09:37:13.123,422.369666890971,14
2024-09-20 09:37:13.396,-422.38451851619016,7
2024-09-20 09:37:13.515,422.3972160500214,7
2024-09-20 09:37:13.718,422.3899531135732,1004
2024-09-20 09:37:13.801,422.3820369935514,99
2024-09-20 09:37:13.844,422.38565700286784,13
2024-09-20 09:37:13.887,422.37168461147695,104
2024-09-20 09:37:13.910,422.3929504151384,12
2024-09-20 09:37:13.982,422.3862760764607,13
2024-09-20 09:37:14.117,422.37222362233456,13
2024-09-20 09:37:14.552,422.3808839220256,102
2024-09-20 09:37:14.668,422.3851645357612,997
2024-09-20 09:37:14.700,422.3831371487999,1002
2024-09-20 09:37:15.120,422.4130962648697,996
2024-09-20 09:37:15.141,422.4095829729265,1000
2024-09-20 09:37:15.151,422.3442002540848,1004
2024-09-20 09:37:15.178,422.34023501779546,996
2024-09-20 09:37:15.205,422.405671700267,1002
2024-09-20 09:37:15.273,422.3729560546761,997
2024-09-20 09:37:15.301,422.4128404787947,997
2024-09-20 09:37:15.316,422.3484493369307,6
2024-09-20 09:37:15.322,422.41027058321606,997
2024-09-20 09:37:15.438,422.42258078209903,9
2024-09-20 09:37:15.445,422.3981001577025,8
2024-09-20 09:37:15.454,422.39265520119113,6
2024-09-20 09:37:15.530,422.3111026745842,998
2024-09-20 09:37:15.614,422.3785502526319,13
2024-09-20 09:37:15.691,422.4232747120062,102
2024-09-20 09:37:15.718,422.3663490336817,104
2024-09-20 09:37:15.813,,14
2024-09-20 09:37:15.852,422.4058688031719,1003
2024-09-20 09:37:15.883,422.4077666414386,11
2024-09-20 09:37:15.908,422.3933775449813,10
2024-09-20 09:37:15.931,422.4080579764262,97
2024-09-20 09:37:15.947,422.4209305260973,1003
2024-09-20 09:37:16.066,422.345768303398,99
2024-09-20 09:37:16.557,422.35088925730855,11
2024-09-20 09:37:16.725,422.3620991326858,102
2024-09-20 09:37:17.013,422.35316727876034,15
2024-09-20 09:37:17.111,422.3614310384941,8
2024-09-20 09:37:17.115,422.3617534035433,101
2024-09-20 09:37:17.187,422.4061484333057,103
2024-09-20 09:37:17.205,422.35961422303706,95
2024-09-20 09:37:17.433,422.3493729891554,1000
2024-09-20 09:37:17.502,422.4248275539699,10
2024-09-20 09:37:17.627,422.37500773723536,998
2024-09-20 09:37:17.684,422.39568885759184,105
2024-09-20 09:37:17.721,422.3726762461311,7
2024-09-20 09:37:17.803,422.4435008313597,15
2024-09-20 09:37:17.888,422.3702083735516,97
2024-09-20 09:37:17.896,422.4030755943452,996
2024-09-20 09:37:17.906,422.4220965712749,1005
2024-09-20 09:37:17.956,422.3645309254032,998
2024-09-20 09:37:17.983,422.4174286919898,99
2024-09-20 09:37:17.983,422.3798264919992,999
2024-09-20 09:37:18.029,422.4579295047515,1005
2024-09-20 09:37:18.031,422.4406614663493,98
2024-09-20 09:37:18.042,422.4405350230077,12
2024-09-20 09:37:18.097,422.42778744975607,96
2024-09-20 09:37:18.168,422.4295211515093,1001
2024-09-20 09:37:18.177,422.4129458765018,10
2024-09-20 09:37:18.180,422.4222468438976,15
2024-09-20 09:37:18.228,422.41382158999113,15
2024-09-20 09:37:18.287,422.4207813497765,96
2024-09-20 09:37:18.301,422.44185854804186,1001
2024-09-20 09:37:18.360,422.4284533014839,99
2024-09-20 09:37:18.435,422.4082655002596,1004
2024-09-20 09:37:18.519,422.426328653216,7
2024-09-20 09:37:18.578,422.4038864677565,10
2024-09-20 09:37:18.579,,996
2024-09-20 09:37:18.588,422.3945341384041,997
2024-09-20 09:37:18.660,422.40074479074406,10
2024-09-20 09:37:18.744,422.4151068971305,1000
2024-09-20 09:37:18.747,422.4143092517842,5
2024-09-20 09:37:18.752,422.4256752370535,14
2024-09-20 09:37:18.849,422.4441421571441,13
2024-09-20 09:37:18.865,422.41220518549073,98
2024-09-20 09:37:18.908,422.42328924018034,11
2024-09-20 09:37:19.007,,11
2024-09-20 09:37:19.015,422.4374293943605,15
2024-09-20 09:37:19.062,422.4494022805248,999
2024-09-20 09:37:19.121,422.4496228176181,999
2024-09-20 09:37:19.134,422.44323227481055,99
2024-09-20 09:37:19.165,422.4707555169503,1001
2024-09-20 09:37:19.185,422.4615563060428,5
2024-09-20 09:37:19.193,422.458340026925,999
2024-09-20 09:37:19.211,422.4526989503647,100
2024-09-20 09:37:19.220,422.4433941210935,102
2024-09-20 09:37:19.242,422.4536062671321,6
2024-09-20 09:37:19.369,422.44951453222393,11
2024-09-20 09:37:19.393,422.4523713510695,100
2024-09-20 09:37:19.439,422.4606175010405,1000
2024-09-20 09:37:19.463,422.4273140856371,103
2024-09-20 09:37:19.522,422.46758717647526,13
2024-09-20 09:37:19.536,422.42864347831824,100
2024-09-20 09:37:19.597,422.44647153159485,1000
2024-09-20 09:37:19.626,422.45142898606986,98
2024-09-20 09:37:19.645,422.4727259604436,104
2024-09-20 09:37:19.676,422.4468065141685,105
2024-09-20 09:37:19.711,422.45061061258895,5
2024-09-20 09:37:19.715,42.244452474742005,1000
2024-09-20 09:37:19.755,422.4605839078074,1005
2024-09-20 09:37:19.762,422.4591998938878,7
2024-09-20 09:37:19.819,422.4371810296181,1003
2024-09-20 09:37:19.947,422.46050214537553,999
2024-09-20 09:37:19.981,422.4266711238224,12
2024-09-20 09:37:19.993,422.465491534899,15
2024-09-20 09:37:20.031,422.4303081753785,996
2024-09-20 09:37:20.036,422.4148248613094,1001
2024-09-20 09:37:20.058,422.4408945052295,12
2024-09-20 09:37:20.115,422.4462144537381,8
2024-09-20 09:37:20.128,422.4334384635959,1003
2024-09-20 09:37:20.132,422.4580192179861,102
2024-09-20 09:37:20.241,422.4159964903384,997
2024-09-20 09:37:20.306,422.45949163956,105
2024-09-20 09:37:20.439,422.4316577942857,999
2024-09-20 09:37:20.444,422.4580210338029,10
2024-09-20 09:37:20.486,422.47290213080805,98
2024-09-20 09:37:20.490,422.4524924899512,1000
2024-09-20 09:37:20.690,,7
2024-09-20 09:37:20.712,422.4607314828329,15
2024-09-20 09:37:20.825,422.4474972651893,1005
2024-09-20 09:37:20.912,42.24348549847304,12
2024-09-20 09:37:21.040,422.4908230930267,10
2024-09-20 09:37:21.197,422.4729458781756,995
2024-09-20 09:37:21.199,422.4938475758187,99
2024-09-20 09:37:21.274,422.4797268230844,1003
2024-09-20 09:37:21.308,422.5338842171731,995
2024-09-20 09:37:21.315,422.4889926311018,104
2024-09-20 09:37:21.387,422.541899588024,996
2024-09-20 09:37:21.560,422.51510260588566,98
2024-09-20 09:37:21.573,422.5300552231007,95
2024-09-20 09:37:21.628,422.4741746699665,6
2024-09-20 09:37:21.704,422.4823345207162,14
2024-09-20 09:37:21.783,422.4968828022755,100
2024-09-20 09:37:21.784,42.249453056475,1000
2024-09-20 09:37:21.857,422.55704838505153,999
2024-09-20 09:37:21.946,422.4734992110969,7
2024-09-20 09:37:22.190,422.50990033419856,10
2024-09-20 09:37:22.383,422.5071013776305,12
2024-09-20 09:37:22.393,422.5102460720483,99
2024-09-20 09:37:22.421,422.53622058591696,1002
2024-09-20 09:37:22.581,422.4993086029064,9
2024-09-20 09:37:22.675,422.4953888783022,96
2024-09-20 09:37:22.724,422.509863720448,103
2024-09-20 09:37:22.766,422.509198181319,1005
2024-09-20 09:37:22.944,422.5078998875358,11
2024-09-20 09:37:23.074,422.54324136935935,102
2024-09-20 09:37:23.083,422.5145547557501,105
2024-09-20 09:37:23.163,422.5435828974187,1004
2024-09-20 09:37:23.336,422.5079199912946,996
2024-09-20 09:37:23.396,422.5378481673717,996
2024-09-20 09:37:23.479,422.5306531907275,95
2024-09-20 09:37:23.515,422.5341641939343,9
2024-09-20 09:37:23.518,422.509454718515,10
2024-09-20 09:37:23.534,422.5084791387637,11
2024-09-20 09:37:23.687,422.5399854237292,1005
2024-09-20 09:37:23.799,422.53774876007645,1005
2024-09-20 09:37:23.819,422.530058501416,15
2024-09-20 09:37:23.851,422.5303827899783,103
2024-09-20 09:37:23.856,422.5381990374701,5
2024-09-20 09:37:23.877,422.5368362804306,98
2024-09-20 09:37:23.925,422.5308966177092,100
2024-09-20 09:37:24.099,422.56145533060624,104
2024-09-20 09:37:24.131,422.5373713569377,13
2024-09-20 09:37:24.237,422.5477495910214,998
2024-09-20 09:37:24.372,422.5412592145702,102
2024-09-20 09:37:24.387,422.5796853220536,13
2024-09-20 09:37:24.506,422.5587329102776,103
2024-09-20 09:37:24.710,422.5518925536004,1002
2024-09-20 09:37:24.726,422.5419524242331,11
2024-09-20 09:37:24.868,422.579795443184,101
2024-09-20 09:37:24.919,422.5466347748972,95
2024-09-20 09:37:24.996,422.5678251070591,13
2024-09-20 09:37:25.066,422.6024954810565,103
2024-09-20 09:37:25.106,422.59748924908433,10
2024-09-20 09:37:25.191,422.5735324039133,103
2024-09-20 09:37:25.247,422.60058324504905,14
2024-09-20 09:37:25.278,422.6039220297299,1000
2024-09-20 09:37:25.331,422.5885292256779,5
2024-09-20 09:37:25.376,422.5741588096669,12
2024-09-20 09:37:25.714,422.6121440480112,15
2024-09-20 09:37:25.811,422.5850361026834,12
2024-09-20 09:37:25.887,422.5880757401333,6
2024-09-20 09:37:25.945,422.6196135667182,95
2024-09-20 09:37:26.003,422.68477305832346,1004
2024-09-20 09:37:26.044,422.6458460976373,1002
2024-09-20 09:37:26.115,422.6328652093003,999
2024-09-20 09:37:26.132,422.65118256529246,9
2024-09-20 09:37:26.158,422.6580470811612,1004
2024-09-20 09:37:26.205,422.6321236431066,999
2024-09-20 09:37:26.247,422.6414533639829,5
2024-09-20 09:37:26.251,422.6191455328759,99
2024-09-20 09:37:26.269,422.6730709421912,12
2024-09-20 09:37:26.328,422.6550339612053,999
2024-09-20 09:37:26.354,422.656428896512,1000
2024-09-20 09:37:26.480,422.6704964541345,101
2024-09-20 09:37:26.483,422.6611075997276,96
2024-09-20 09:37:26.507,422.6575072913936,1005
2024-09-20 09:37:26.554,422.64984181168256,14
2024-09-20 09:37:26.575,422.6429692785988,996
2024-09-20 09:37:26.610,422.6800523434802,998
2024-09-20 09:37:26.618,422.6402315918405,6
2024-09-20 09:37:26.669,422.6342325613752,103
2024-09-20 09:37:26.687,422.6260259818331,101
2024-09-20 09:37:26.689,422.6510133396522,13
2024-09-20 09:37:26.738,422.679231085114,105
2024-09-20 09:37:26.861,422.6717955507544,6
2024-09-20 09:37:26.982,422.6612589849611,1001
2024-09-20 09:37:26.994,422.6605106724302,8
2024-09-20 09:37:27.001,422.5831566075381,12
2024-09-20 09:37:27.005,422.5776668484776,997
2024-09-20 09:37:27.053,422.5359568169269,11
2024-09-20 09:37:27.063,422.56163575278896,96
2024-09-20 09:37:27.067,422.554577677713,995
2024-09-20 09:37:27.114,422.57397899673424,6
2024-09-20 09:37:27.156,422.5877158064542,996
2024-09-20 09:37:27.224,422.5770073185396,1001
2024-09-20 09:37:27.297,422.5801680880346,95
2024-09-20 09:37:27.349,422.5672160498935,8
2024-09-20 09:37:27.366,422.6003151412536,96
2024-09-20 09:37:27.379,422.57651000739816,8
2024-09-20 09:37:27.381,422.5918927327341,96
2024-09-20 09:37:27.472,422.57354519157263,999
2024-09-20 09:37:27.500,422.6349629250732,15
2024-09-20 09:37:27.539,422.55332458412175,96
2024-09-20 09:37:27.565,422.602458516797,13
2024-09-20 09:37:27.673,422.6146404435004,99
2024-09-20 09:37:27.675,422.5686618348033,97
2024-09-20 09:37:27.709,422.6209435735751,12
2024-09-20 09:37:27.767,422.5908148982602,105
2024-09-20 09:37:27.795,422.558633344277,99
2024-09-20 09:37:27.841,422.5479382644692,996
2024-09-20 09:37:27.881,422.5355886610592,8
2024-09-20 09:37:27.888,422.5409474318215,1003
2024-09-20 09:37:27.940,422.5756407849766,14
2024-09-20 09:37:27.956,422.5962685136428,1002
2024-09-20 09:37:28.002,422.5651587221423,1004
2024-09-20 09:37:28.006,422.5767363382116,1003
2024-09-20 09:37:28.033,422.568920121472,98
2024-09-20 09:37:28.101,422.5547203472357,98
2024-09-20 09:37:28.125,422.61142931306216,1004
2024-09-20 09:37:28.261,422.58770250101344,996
2024-09-20 09:37:28.322,422.573396181372,998
2024-09-20 09:37:28.371,422.58384560695055,8
2024-09-20 09:37:28.381,422.5893588492463,995
2024-09-20 09:37:28.388,422.548648594371,1000
2024-09-20 09:37:28.596,422.5473742931144,1000
2024-09-20 09:37:28.603,422.5429604450688,1002
2024-09-20 09:37:28.637,422.5339256052336,14
2024-09-20 09:37:28.692,422.5775630493383,5
2024-09-20 09:37:28.716,422.5804603551933,998
2024-09-20 09:37:28.742,422.55594596663184,6
2024-09-20 09:37:28.759,422.5917422722914,998
2024-09-20 09:37:28.785,422.5497732066834,15
2024-09-20 09:37:28.797,422.5695197244447,10
2024-09-20 09:37:28.873,422.5773664374865,1000
2024-09-20 09:37:28.951,422.59331201279406,103
2024-09-20 09:37:28.968,422.6206448934063,1002
2024-09-20 09:37:29.000,422.6478118437514,8
2024-09-20 09:37:29.204,422.6518277893682,95
2024-09-20 09:37:29.672,422.63147333924775,6
2024-09-20 09:37:30.015,422.6435589883949,995
2024-09-20 09:37:30.552,422.65080728668215,98
2024-09-20 09:37:32.082,422.63456122804126,101
2024-09-20 09:37:32.098,422.5927898313402,103
2024-09-20 09:37:32.113,422.6236654722333,96
2024-09-20 09:37:32.129,422.629589985106,10
2024-09-20 09:37:32.251,422.6158197409031,995
2024-09-20 09:37:32.284,422.6042085312889,96
2024-09-20 09:37:32.642,422.63293800141935,100
2024-09-20 09:37:32.716,422.6198483741534,5
2024-09-20 09:37:32.745,422.60162162533226,995
2024-09-20 09:37:32.774,422.6199995988984,7
2024-09-20 09:37:32.847,422.627314830867,15
2024-09-20 09:37:33.000,422.6115168421071,103
2024-09-20 09:37:33.069,422.6368037060786,5
2024-09-20 09:37:33.069,422.6479788736406,95
2024-09-20 09:37:33.074,422.6133971763202,7
2024-09-20 09:37:33.090,422.6052583613668,995
2024-09-20 09:37:33.091,422.63906710525487,1001
2024-09-20 09:37:33.092,422.6325268288153,1005
2024-09-20 09:37:33.121,422.64847822844615,9
2024-09-20 09:37:33.124,422.5906838229111,996
2024-09-20 09:37:33.126,422.620562289674,15
2024-09-20 09:37:33.138,422.6279602646824,10
2024-09-20 09:37:33.146,422.5929256681385,1001
2024-09-20 09:37:33.193,422.6641805874518,5
2024-09-20 09:37:33.217,422.6579155154,13
2024-09-20 09:37:33.290,42.26179884818606,6
2024-09-20 09:37:33.294,422.61374817106014,12
2024-09-20 09:37:33.315,422.6606723474794,7
2024-09-20 09:37:33.330,422.5960499816824,999
2024-09-20 09:37:33.358,422.5943443227794,12
2024-09-20 09:37:33.395,422.6226271009595,1004
2024-09-20 09:37:33.488,422.59653087038487,1000
2024-09-20 09:37:33.609,422.64999687282335,8
2024-09-20 09:37:33.674,422.6092051222364,15
2024-09-20 09:37:33.737,422.5864723861436,98
2024-09-20 09:37:33.819,422.660582284337,1005
2024-09-20 09:37:33.824,422.6230073496071,5
2024-09-20 09:37:33.829,422.6031049506435,997
2024-09-20 09:37:33.964,422.66257861328086,995
2024-09-20 09:37:34.046,422.6009194197193,1001
2024-09-20 09:37:34.198,42.25927476800591,996
2024-09-20 09:37:34.341,422.5974526407479,105
2024-09-20 09:37:34.364,422.6084905353386,6
2024-09-20 09:37:34.365,422.594669621129,1003
2024-09-20 09:37:34.671,422.5950722995341,996
2024-09-20 09:37:34.886,422.5836577333399,999
2024-09-20 09:37:35.070,422.6056623991544,101
2024-09-20 09:37:35.212,422.5958387731371,102
2024-09-20 09:37:35.669,422.5813420505846,96
2024-09-20 09:37:35.750,422.6076876395835,105
2024-09-20 09:37:35.782,422.5870483072705,99
2024-09-20 09:37:35.796,422.58440430974986,14
2024-09-20 09:37:35.895,422.6028470688036,1000
2024-09-20 09:37:36.109,422.57748449289903,96
2024-09-20 09:37:36.207,422.55092933116055,99
2024-09-20 09:37:36.376,422.5326858443304,102
2024-09-20 09:37:36.481,422.5568790133161,997
2024-09-20 09:37:36.543,422.57416942760347,10
2024-09-20 09:37:36.582,422.5926893627996,15
2024-09-20 09:37:36.740,422.5547350588084,1000
2024-09-20 09:37:36.755,422.5821169308296,5
2024-09-20 09:37:36.762,422.5597484201096,12
2024-09-20 09:37:36.822,422.5500187943555,95
2024-09-20 09:37:36.937,422.56599732571095,8
2024-09-20 09:37:37.058,422.5696070337473,104
2024-09-20 09:37:37.451,422.5720992188464,103
2024-09-20 09:37:37.527,422.5750889552907,6
2024-09-20 09:37:38.030,422.5787759726799,1004
2024-09-20 09:37:38.032,422.5504382831962,105
2024-09-20 09:37:38.326,422.58592319264176,999
2024-09-20 09:37:38.357,422.5686947368339,98
2024-09-20 09:37:38.451,422.56261361187154,100
2024-09-20 09:37:38.497,,98
2024-09-20 09:37:38.512,422.5940930822512,996
2024-09-20 09:37:38.571,422.597124009599,995
2024-09-20 09:37:38.615,422.5658765489555,999
2024-09-20 09:37:38.715,422.5793591391359,103
2024-09-20 09:37:38.726,422.5790810470125,8
2024-09-20 09:37:38.782,422.5697858383626,996
2024-09-20 09:37:38.869,422.5679752642812,8
2024-09-20 09:37:38.895,422.59426404141135,999
2024-09-20 09:37:38.951,422.5398415401581,14
2024-09-20 09:37:39.057,422.5606306639003,997
2024-09-20 09:37:40.359,422.5813662547799,8
2024-09-20 09:37:40.576,422.58820197045264,98
2024-09-20 09:37:40.594,422.5717136829366,99
2024-09-20 09:37:41.030,422.5606631232642,9
2024-09-20 09:37:41.097,422.599674075618,12
2024-09-20 09:37:41.204,422.59965227855423,101
2024-09-20 09:37:41.299,422.56136642164455,98
2024-09-20 09:37:41.336,422.5682121435293,996
2024-09-20 09:37:41.339,422.5722410381396,15
2024-09-20 09:37:41.347,422.6054027474205,1005
2024-09-20 09:37:41.358,422.5897280555925,14
2024-09-20 09:37:41.360,422.5513394113856,996
2024-09-20 09:37:41.365,422.6143863600674,100
2024-09-20 09:37:41.399,422.6025344379752,99
2024-09-20 09:37:41.426,422.5755970200382,5
2024-09-20 09:37:41.438,422.5671111523095,10
2024-09-20 09:37:41.491,422.564688436364,998
2024-09-20 09:37:41.506,422.60155381183375,8
2024-09-20 09:37:41.558,422.5720028047281,12
2024-09-20 09:37:41.577,422.56697446507405,997
2024-09-20 09:37:41.714,422.5757472673584,1005
2024-09-20 09:37:41.758,422.5937731186123,995
2024-09-20 09:37:41.908,422.5562876217129,9
2024-09-20 09:37:41.946,422.5748192247224,1004
2024-09-20 09:37:41.976,422.5469203672786,995
2024-09-20 09:37:42.057,422.56423668690655,105
2024-09-20 09:37:42.566,422.55254873876106,100
2024-09-20 09:37:42.648,422.56951859865353,998
2024-09-20 09:37:43.009,422.5689316788858,102
2024-09-20 09:37:43.026,422.5363115776275,14
2024-09-20 09:37:43.071,422.5531740105381,1001
2024-09-20 09:37:43.171,422.54021873680006,7
2024-09-20 09:37:43.181,422.5454164623039,1003
2024-09-20 09:37:43.200,422.55022480139695,5
2024-09-20 09:37:43.226,422.518025278424,6
2024-09-20 09:37:43.238,422.5412067578104,97
2024-09-20 09:37:43.277,422.5274650664147,12
2024-09-20 09:37:43.291,422.492926793032,104
2024-09-20 09:37:43.326,422.5455754957524,995
2024-09-20 09:37:43.413,422.56851730061913,11
2024-09-20 09:37:43.437,422.5653320669801,101
2024-09-20 09:37:43.495,422.533732407907,995
2024-09-20 09:37:43.501,422.56089985977934,103
2024-09-20 09:37:43.560,422.5179019632145,101
2024-09-20 09:37:43.605,422.4858644979036,998
2024-09-20 09:37:43.648,422.5207717423119,1000
2024-09-20 09:37:43.666,422.5507386981503,95
2024-09-20 09:37:43.669,422.5078165281978,105
2024-09-20 09:37:43.716,422.5461695315465,999
2024-09-20 09:37:43.743,422.5377132996789,12
2024-09-20 09:37:43.757,422.5253503717937,997
2024-09-20 09:37:43.830,422.55239862487065,1004
2024-09-20 09:37:43.866,422.5557537619902,15
2024-09-20 09:37:43.898,422.5540705991198,1005
2024-09-20 09:37:43.912,422.5600898824033,998
2024-09-20 09:37:43.987,422.5304862759961,999
2024-09-20 09:37:44.141,422.475028062201,1004
2024-09-20 09:37:44.306,422.46998685765135,997
2024-09-20 09:37:44.500,422.4598853798123,995
2024-09-20 09:37:44.531,422.4691328693906,10
2024-09-20 09:37:44.662,422.4706694126626,14
2024-09-20 09:37:44.873,422.4334779105824,997
2024-09-20 09:37:44.924,422.4614728071609,98
2024-09-20 09:37:44.932,-422.4749816522695,7
2024-09-20 09:37:44.957,422.4493236425046,999
2024-09-20 09:37:44.990,422.46664017756825,1003
2024-09-20 09:37:45.041,422.47859854919534,1005
2024-09-20 09:37:45.068,422.4969946797948,996
2024-09-20 09:37:45.166,422.510474839652,1004
2024-09-20 09:37:45.227,422.524406462536,13
2024-09-20 09:37:45.232,422.46619661971937,100
2024-09-20 09:37:45.232,422.4799922986924,1004
2024-09-20 09:37:45.253,422.4642913572309,995
2024-09-20 09:37:45.262,422.488676021483,1003
2024-09-20 09:37:45.282,422.51405031768894,1000
2024-09-20 09:37:45.334,422.49156555156816,10
2024-09-20 09:37:45.349,422.4877267454309,95
2024-09-20 09:37:45.365,422.4770734678713,5
2024-09-20 09:37:45.372,422.4872833676628,11
2024-09-20 09:37:45.382,422.4623464017655,1001
2024-09-20 09:37:45.390,422.4983251674514,1004
2024-09-20 09:37:45.440,422.4751063121366,97
2024-09-20 09:37:45.469,422.4985652384788,103
2024-09-20 09:37:45.534,422.4667136585392,5
2024-09-20 09:37:45.589,422.5096871825922,998
2024-09-20 09:37:45.642,422.5101312374535,1000
2024-09-20 09:37:45.646,422.4995081335836,105
2024-09-20 09:37:45.712,422.4837605801317,104
2024-09-20 09:37:45.744,422.4723987201855,8
2024-09-20 09:37:45.894,422.50739794548406,105
2024-09-20 09:37:45.928,422.4796997192352,98
2024-09-20 09:37:45.994,422.4617486361763,9
2024-09-20 09:37:46.032,422.4825469194058,101
2024-09-20 09:37:47.008,422.49712669547694,95
2024-09-20 09:37:47.152,422.4859200814612,100
2024-09-20 09:37:47.242,422.482027727335,995
2024-09-20 09:37:47.246,422.4845085125078,997
2024-09-20 09:37:47.268,422.4925075488456,104
2024-09-20 09:37:47.299,422.48564630001886,999
2024-09-20 09:37:47.708,422.4703424223409,5
2024-09-20 09:37:47.831,422.4767987374424,999
2024-09-20 09:37:47.924,422.4803903837823,103
2024-09-20 09:37:48.001,422.4946646678936,6
2024-09-20 09:37:48.132,422.5113643767627,6
2024-09-20 09:37:48.200,-422.5302562634221,1003
2024-09-20 09:37:48.331,422.4931183898052,1004
2024-09-20 09:37:48.457,422.5002209696439,98
2024-09-20 09:37:48.524,422.4887572511625,14
2024-09-20 09:37:48.586,422.53393496273145,995
2024-09-20 09:37:48.608,422.5170735996336,6
2024-09-20 09:37:48.612,422.4913995999974,101
2024-09-20 09:37:48.765,422.5156934340296,101
2024-09-20 09:37:48.801,422.5235476268824,9
2024-09-20 09:37:49.053,422.4889374571444,999
2024-09-20 09:37:49.074,422.4969069173992,9
2024-09-20 09:37:49.079,422.4948601428596,105
2024-09-20 09:37:49.132,422.5161126352714,15
2024-09-20 09:37:49.136,422.5267291286193,103
2024-09-20 09:37:49.263,422.4837715167785,999
2024-09-20 09:37:49.326,422.5054759991392,105
2024-09-20 09:37:49.346,422.51414800561565,1004
2024-09-20 09:37:49.389,422.4880932171215,1004
2024-09-20 09:37:49.447,422.5167072334119,10
2024-09-20 09:37:49.462,422.49234805897817,96
2024-09-20 09:37:49.484,422.5090709291193,1005
2024-09-20 09:37:49.534,422.502082550164,1002
2024-09-20 09:37:49.686,42.24810912511035,1004
2024-09-20 09:37:49.705,422.4888546301263,999
2024-09-20 09:37:49.913,422.4937888443185,1003
2024-09-20 09:37:50.058,422.5234503820077,12
2024-09-20 09:37:50.298,422.5204662314133,95
2024-09-20 09:37:50.369,422.5052796181416,100
2024-09-20 09:37:50.375,422.5236579109312,101
2024-09-20 09:37:50.461,422.5412571719895,1000
2024-09-20 09:37:50.527,422.52886707454616,103
2024-09-20 09:37:50.531,422.5058702996569,1003
2024-09-20 09:37:50.713,422.5344490942686,8
2024-09-20 09:37:51.038,422.5420395299083,95
2024-09-20 09:37:51.093,422.5347940518091,5
2024-09-20 09:37:51.180,422.5505653222524,96
2024-09-20 09:37:51.250,422.526349276212,103
2024-09-20 09:37:51.513,422.5603261927735,95
2024-09-20 09:37:51.518,422.52516254542894,1005
2024-09-20 09:37:51.533,422.5092368926054,10
2024-09-20 09:37:51.552,422.5489430632119,14
2024-09-20 09:37:51.579,422.5376384543134,98
2024-09-20 09:37:51.630,422.5269216252016,105
2024-09-20 09:37:51.638,422.5340581134826,8
2024-09-20 09:37:51.673,422.55193278394586,1001
2024-09-20 09:37:51.678,422.5251491673494,5
2024-09-20 09:37:51.682,422.5356770438621,8
2024-09-20 09:37:51.766,422.55735345514535,10
2024-09-20 09:37:51.794,422.5551932516298,104
2024-09-20 09:37:51.849,422.5446006546416,5
2024-09-20 09:37:51.862,422.543062169704,15
2024-09-20 09:37:51.904,422.5359198213744,12
2024-09-20 09:37:52.001,422.53948110102766,9
2024-09-20 09:37:53.029,422.5090100195842,13
2024-09-20 09:37:53.074,422.4674571760978,97
2024-09-20 09:37:53.115,422.4892294289778,102
2024-09-20 09:37:53.134,422.5073374314079,1000
2024-09-20 09:37:53.154,-422.5023910715936,5
2024-09-20 09:37:53.180,422.50409706236087,1000
2024-09-20 09:37:53.202,422.485778968821,15
2024-09-20 09:37:53.211,422.4544212516415,995
2024-09-20 09:37:53.232,422.5135944305444,99
2024-09-20 09:37:53.280,422.4853373262584,10
2024-09-20 09:37:53.351,422.50716279592353,98
2024-09-20 09:37:53.370,422.5043898016776,998
2024-09-20 09:37:53.447,422.4806109960525,99
2024-09-20 09:37:53.461,422.53736572132806,104
2024-09-20 09:37:53.492,422.4616750570355,13
2024-09-20 09:37:53.558,422.5093798998107,100
2024-09-20 09:37:53.567,422.5195789280225,97
2024-09-20 09:37:53.567,422.49296328609233,5
2024-09-20 09:37:53.638,422.4856923897141,6
2024-09-20 09:37:53.767,422.4676793599898,97
2024-09-20 09:37:53.843,422.52387348608767,5
2024-09-20 09:37:54.084,422.5092271432941,98
2024-09-20 09:37:54.100,422.511009119028,1003
2024-09-20 09:37:54.161,422.5064668607269,998
2024-09-20 09:37:54.238,422.4974316253681,101
2024-09-20 09:37:54.276,42.252807309955216,12
2024-09-20 09:37:54.354,422.4645658237861,6
2024-09-20 09:37:54.391,422.5129875571925,8
2024-09-20 09:37:54.431,422.4950778170588,1003
2024-09-20 09:37:54.486,422.4938896125206,100
2024-09-20 09:37:54.651,422.4472757945088,9
2024-09-20 09:37:54.771,422.4466901402487,98
2024-09-20 09:37:54.802,422.523490622082,97
2024-09-20 09:37:54.822,422.4912345970662,9
2024-09-20 09:37:54.853,422.5222977136892,1000
2024-09-20 09:37:54.866,422.47584813989806,12
2024-09-20 09:37:54.949,422.45069037766376,98
2024-09-20 09:37:54.992,422.53258849536326,95
2024-09-20 09:37:55.129,422.4314056144312,101
2024-09-20 09:37:55.268,422.4369407867963,9
2024-09-20 09:37:55.280,422.4879825258655,999
2024-09-20 09:37:55.300,422.45812271314384,1000
2024-09-20 09:37:55.330,422.4478382289952,11
2024-09-20 09:37:55.350,422.4467934554024,95
2024-09-20 09:37:55.551,422.4749852173167,998
2024-09-20 09:37:55.600,422.46274290122034,995
2024-09-20 09:37:55.652,422.48191683290094,12
2024-09-20 09:37:55.683,422.4350333763709,10
2024-09-20 09:37:55.730,422.4358697770177,100
2024-09-20 09:37:56.073,422.4280787642432,104
2024-09-20 09:37:56.458,422.4305707278704,95
2024-09-20 09:37:56.664,422.4132454393545,105
2024-09-20 09:37:56.722,422.403860038909,995
2024-09-20 09:37:56.838,422.4170243423084,1002
2024-09-20 09:37:57.001,422.442478444868,998
2024-09-20 09:37:57.006,422.4408473052397,1004
2024-09-20 09:37:57.017,422.44645073019046,7
2024-09-20 09:37:57.034,422.4046161254603,6
2024-09-20 09:37:57.161,422.4670685496149,103
2024-09-20 09:37:57.176,422.41817203510624,9
2024-09-20 09:37:57.320,422.4366010852629,1003
2024-09-20 09:37:57.377,422.4136455754777,102
2024-09-20 09:37:57.424,422.45514376353015,996
2024-09-20 09:37:57.456,422.44483142638416,6
2024-09-20 09:37:57.466,422.46094178421714,103
2024-09-20 09:37:57.531,422.4213126140104,1003
2024-09-20 09:37:57.573,422.4656860426521,1005
2024-09-20 09:37:57.605,422.4159392737773,997
2024-09-20 09:37:57.625,422.4482700205956,1000
2024-09-20 09:37:57.638,422.420922731936,1002
2024-09-20 09:37:57.669,422.4351400468776,10
2024-09-20 09:37:57.792,422.43128501331336,995
2024-09-20 09:37:57.826,422.4241837000829,1002
2024-09-20 09:37:57.925,422.4331382000827,8
2024-09-20 09:37:57.925,422.4039178652734,11
2024-09-20 09:37:57.943,422.441176515718,13
2024-09-20 09:37:57.954,422.4462694733298,15
2024-09-20 09:37:57.961,422.4152057085048,9
2024-09-20 09:37:58.019,422.4828412645475,1004
2024-09-20 09:37:58.275,422.4641304235408,9
2024-09-20 09:37:58.283,422.4811844159646,14
2024-09-20 09:37:58.342,422.4612678623464,99
2024-09-20 09:37:58.352,422.4520019095622,105
2024-09-20 09:37:58.370,422.4414608918133,104
2024-09-20 09:37:58.477,422.46040739267687,8
2024-09-20 09:37:58.505,422.4968604676878,96
2024-09-20 09:37:58.621,422.4567380888146,102
2024-09-20 09:37:58.653,422.4749213644082,6
2024-09-20 09:37:58.714,422.4631788054572,100
2024-09-20 09:37:58.810,422.46080904866807,1003
2024-09-20 09:37:58.846,422.4436249104649,98
2024-09-20 09:37:58.856,422.4679165797332,6
2024-09-20 09:37:58.857,422.464686122377,999
2024-09-20 09:37:58.926,422.4525133996611,7
2024-09-20 09:37:58.941,42.24812090249373,996
2024-09-20 09:37:59.093,422.403624955702,10
2024-09-20 09:37:59.200,422.4306157333816,996
2024-09-20 09:37:59.229,422.446790541979,96
2024-09-20 09:37:59.394,422.39282191451065,1000
2024-09-20 09:37:59.507,422.4168753509587,1005
2024-09-20 09:37:59.539,422.40290766098144,1000
2024-09-20 09:37:59.570,422.4294394980899,997
2024-09-20 09:37:59.645,422.4122717681733,105
2024-09-20 09:37:59.683,422.4368785796513,99
2024-09-20 09:37:59.716,422.44704865599147,104
2024-09-20 09:37:59.900,422.44115669571306,995
2024-09-20 09:37:59.977,422.4409063700817,995
