Timestamp,Price,Size
2024-09-17 10:06:00.034,415.1105867229018,9
2024-09-17 10:06:00.043,415.1298470151349,1000
2024-09-17 10:06:00.189,415.1328940894424,7
2024-09-17 10:06:00.232,415.1255239027482,7
2024-09-17 10:06:00.244,415.1104986049862,12
2024-09-17 10:06:00.251,415.1590484590658,1003
2024-09-17 10:06:00.270,415.155641983254,12
2024-09-17 10:06:00.374,415.12202308924446,100
2024-09-17 10:06:00.375,415.13943512883736,998
2024-09-17 10:06:00.468,415.1417337740039,99
2024-09-17 10:06:00.587,415.1438032359775,11
2024-09-17 10:06:00.600,415.145599453074,998
2024-09-17 10:06:00.607,415.1253471623164,99
2024-09-17 10:06:00.623,415.166191478372,14
2024-09-17 10:06:00.642,415.1384510676671,14
2024-09-17 10:06:00.705,415.1601117255756,101
2024-09-17 10:06:00.712,415.1252782064924,12
2024-09-17 10:06:00.797,415.1197924659055,103
2024-09-17 10:06:00.799,415.1102647241446,998
2024-09-17 10:06:00.830,415.1344701059763,6
2024-09-17 10:06:00.992,415.1564311511124,13
2024-09-17 10:06:01.035,415.1517303987214,12
2024-09-17 10:06:01.121,415.1699526481841,5
2024-09-17 10:06:01.147,415.175788775411,995
2024-09-17 10:06:01.229,415.1635903633818,1000
2024-09-17 10:06:01.236,415.16337096870274,11
2024-09-17 10:06:01.285,415.16604546112944,1000
2024-09-17 10:06:01.304,415.1464236656677,995
2024-09-17 10:06:01.328,415.1552008334647,1000
2024-09-17 10:06:01.397,415.1926684583999,99
2024-09-17 10:06:01.460,415.183773553847,103
2024-09-17 10:06:01.521,415.1674542272211,100
2024-09-17 10:06:01.558,415.1908152950877,1005
2024-09-17 10:06:01.566,415.18980767372494,7
2024-09-17 10:06:01.691,415.16878473928966,103
2024-09-17 10:06:01.695,415.2026068046081,1000
2024-09-17 10:06:01.752,415.1622134496543,99
2024-09-17 10:06:01.771,415.1698664506524,9
2024-09-17 10:06:01.818,415.2113454461508,95
2024-09-17 10:06:01.864,415.1442261293445,13
2024-09-17 10:06:01.939,415.2003183168779,996
2024-09-17 10:06:01.967,415.18713523686256,102
2024-09-17 10:06:02.042,,7
2024-09-17 10:06:02.094,415.166518599453,95
2024-09-17 10:06:02.186,415.1392650745014,97
2024-09-17 10:06:02.264,415.1471469807289,6
2024-09-17 10:06:02.287,415.1614548818211,97
2024-09-17 10:06:02.478,415.1669193882108,102
2024-09-17 10:06:02.524,415.15397414090233,1003
2024-09-17 10:06:02.538,415.1447195023714,98
2024-09-17 10:06:02.621,415.13792548451806,100
2024-09-17 10:06:02.769,415.1501051403756,97
2024-09-17 10:06:02.777,415.1430919516375,7
2024-09-17 10:06:02.781,415.1594340173949,7
2024-09-17 10:06:02.806,415.16129304139525,1000
2024-09-17 10:06:02.856,415.1442475538434,1004
2024-09-17 10:06:02.989,415.1523067705869,999
2024-09-17 10:06:03.608,415.143962158306,1001
2024-09-17 10:06:03.878,415.1365990825881,12
2024-09-17 10:06:04.086,415.11569168300895,100
2024-09-17 10:06:04.087,415.1432934969343,13
2024-09-17 10:06:04.111,415.1035723101185,101
2024-09-17 10:06:04.320,415.1165769622306,8
2024-09-17 10:06:04.399,415.1308760685983,15
2024-09-17 10:06:04.506,415.1367646694689,98
2024-09-17 10:06:04.527,415.1186761038322,1001
2024-09-17 10:06:04.558,41.508878286208784,1001
2024-09-17 10:06:04.562,415.10408514221234,98
2024-09-17 10:06:04.565,415.1225229724783,95
2024-09-17 10:06:04.566,415.09912737562325,1004
2024-09-17 10:06:04.569,415.1419693604402,1001
2024-09-17 10:06:04.623,415.1312511457713,100
2024-09-17 10:06:04.623,415.11322648479,15
2024-09-17 10:06:04.631,,104
2024-09-17 10:06:04.642,415.1383995243067,99
2024-09-17 10:06:04.689,415.1248681123804,1003
2024-09-17 10:06:04.707,415.130911012213,1005
2024-09-17 10:06:04.711,415.1142604144661,997
2024-09-17 10:06:04.717,,1004
2024-09-17 10:06:04.725,415.0966032093775,98
2024-09-17 10:06:04.730,415.0849243390789,14
2024-09-17 10:06:04.738,415.1409508521663,104
2024-09-17 10:06:04.890,415.1279221239915,10
2024-09-17 10:06:04.922,415.13033195421,99
2024-09-17 10:06:04.933,415.12757599238927,1002
2024-09-17 10:06:04.985,415.1369890463859,7
2024-09-17 10:06:05.103,415.0192273253762,15
2024-09-17 10:06:05.142,415.0637988292363,998
2024-09-17 10:06:05.282,415.0832485491496,1002
2024-09-17 10:06:05.310,415.0896575791752,15
2024-09-17 10:06:05.399,415.0409354247061,103
2024-09-17 10:06:06.089,414.95418206724565,1005
2024-09-17 10:06:06.159,414.961262150642,1005
2024-09-17 10:06:06.200,415.0169330635835,998
2024-09-17 10:06:06.346,414.9968967755188,101
2024-09-17 10:06:06.362,414.9721552700254,14
2024-09-17 10:06:06.383,415.00796362413865,95
2024-09-17 10:06:06.485,415.0113774084358,995
2024-09-17 10:06:06.583,414.9761281934789,1005
2024-09-17 10:06:06.616,414.9858761806349,98
2024-09-17 10:06:06.683,415.0050907684546,102
2024-09-17 10:06:06.820,415.0244037401837,104
2024-09-17 10:06:06.908,414.9719745292163,104
2024-09-17 10:06:06.965,,7
2024-09-17 10:06:07.098,414.91400770969113,999
2024-09-17 10:06:07.102,414.9626915886621,6
2024-09-17 10:06:07.158,414.938391031972,1003
2024-09-17 10:06:07.195,414.9271529187794,103
2024-09-17 10:06:07.281,414.95256274718577,1005
2024-09-17 10:06:07.482,414.9246760874163,95
2024-09-17 10:06:07.542,414.9444987241667,8
2024-09-17 10:06:07.624,41.49524212848786,12
2024-09-17 10:06:07.726,414.9696679500706,104
2024-09-17 10:06:07.762,414.9745610585117,1002
2024-09-17 10:06:07.787,414.976486383078,13
2024-09-17 10:06:07.817,414.9199176611946,1000
2024-09-17 10:06:07.868,414.9585822135844,1000
2024-09-17 10:06:07.955,414.9837743142575,5
2024-09-17 10:06:08.103,414.93915885187965,98
2024-09-17 10:06:08.154,414.9224428502153,7
2024-09-17 10:06:08.212,414.9582052038916,1002
2024-09-17 10:06:08.225,414.9494809506203,7
2024-09-17 10:06:08.258,414.932153829477,1002
2024-09-17 10:06:08.314,414.94450000586136,9
2024-09-17 10:06:08.373,414.95217103422976,1005
2024-09-17 10:06:08.394,414.911653992061,8
2024-09-17 10:06:08.400,414.94582905345976,998
2024-09-17 10:06:08.596,414.9515380116594,95
2024-09-17 10:06:08.742,414.9349303944679,95
2024-09-17 10:06:08.857,414.9517244460554,12
2024-09-17 10:06:08.965,414.94008260824046,6
2024-09-17 10:06:09.012,414.9345836435044,998
2024-09-17 10:06:09.222,414.8992592620113,1003
2024-09-17 10:06:09.276,414.8966803022063,7
2024-09-17 10:06:09.315,414.908726097356,104
2024-09-17 10:06:09.419,414.9177103912489,103
2024-09-17 10:06:09.546,414.90294786311415,999
2024-09-17 10:06:09.669,414.9187394568557,12
2024-09-17 10:06:09.676,414.91048622080285,999
2024-09-17 10:06:09.830,414.9014472667363,101
2024-09-17 10:06:09.932,414.8880235133163,996
2024-09-17 10:06:10.108,414.9192450923221,104
2024-09-17 10:06:10.267,414.9316907539281,997
2024-09-17 10:06:10.447,414.9221796577071,1001
2024-09-17 10:06:10.502,414.92064509262696,12
2024-09-17 10:06:10.526,414.9357180366599,7
2024-09-17 10:06:10.592,414.9332449089406,1001
2024-09-17 10:06:10.904,414.9276913736217,8
2024-09-17 10:06:10.937,414.9176395846197,1004
2024-09-17 10:06:10.949,414.9163318012657,100
2024-09-17 10:06:11.100,414.8870537915267,996
2024-09-17 10:06:11.118,414.90630695465694,9
2024-09-17 10:06:11.300,414.92069558857327,95
2024-09-17 10:06:11.413,414.92997917669845,100
2024-09-17 10:06:11.434,414.9093807269261,999
2024-09-17 10:06:11.716,414.8789518345029,8
2024-09-17 10:06:11.765,414.91567565330905,995
2024-09-17 10:06:11.817,414.8994014160373,10
2024-09-17 10:06:12.667,414.8912946633312,999
2024-09-17 10:06:12.698,414.8570937988145,996
2024-09-17 10:06:12.701,414.89168780853794,14
2024-09-17 10:06:12.734,414.8663777654503,15
2024-09-17 10:06:12.932,414.8703999145616,1004
2024-09-17 10:06:13.008,414.8581519188202,15
2024-09-17 10:06:13.015,414.8395372861501,11
2024-09-17 10:06:13.052,414.84677264744977,12
2024-09-17 10:06:13.278,414.8376851171981,997
2024-09-17 10:06:13.347,414.8321199923557,9
2024-09-17 10:06:13.366,414.8853009073991,105
2024-09-17 10:06:13.449,414.84055188640434,6
2024-09-17 10:06:13.454,414.8554667187598,1004
2024-09-17 10:06:13.642,414.8462456601993,1004
2024-09-17 10:06:13.701,414.8501793318269,105
2024-09-17 10:06:13.707,414.8595659890997,1000
2024-09-17 10:06:13.759,414.8489941227186,1001
2024-09-17 10:06:13.791,414.8499343892699,95
2024-09-17 10:06:13.896,414.8551270041905,98
2024-09-17 10:06:14.030,414.8406454769056,996
2024-09-17 10:06:14.089,414.8556144586784,101
2024-09-17 10:06:14.118,414.87110533342695,1000
2024-09-17 10:06:14.294,414.8689761259225,95
2024-09-17 10:06:14.466,414.8629408782792,995
2024-09-17 10:06:14.513,414.8895254441283,95
2024-09-17 10:06:14.597,414.86951989761127,1004
2024-09-17 10:06:14.738,414.8773807934709,996
2024-09-17 10:06:14.908,414.88234721018136,7
2024-09-17 10:06:14.917,414.8589144948372,1003
2024-09-17 10:06:14.940,414.8857534220605,8
2024-09-17 10:06:15.049,414.81431092223823,999
2024-09-17 10:06:15.148,414.8220864079573,95
2024-09-17 10:06:15.158,414.85592484167233,9
2024-09-17 10:06:15.181,414.85040767265065,15
2024-09-17 10:06:15.210,414.8696832421306,14
2024-09-17 10:06:15.234,414.8368453396319,100
2024-09-17 10:06:15.253,414.84855139145446,1003
2024-09-17 10:06:15.273,414.85409542574735,1004
2024-09-17 10:06:15.310,414.8480907527012,12
2024-09-17 10:06:15.417,414.839128584473,103
2024-09-17 10:06:15.418,414.8485765682746,97
2024-09-17 10:06:15.448,414.8590064936703,7
2024-09-17 10:06:15.473,414.82008464412536,997
2024-09-17 10:06:15.509,414.84635798046986,14
2024-09-17 10:06:15.519,414.848761835984,104
2024-09-17 10:06:15.535,414.8476423759512,13
2024-09-17 10:06:15.536,414.8616625602604,5
2024-09-17 10:06:15.734,414.8137677541768,1003
2024-09-17 10:06:15.755,41.48344706370268,103
2024-09-17 10:06:15.778,414.8091879958955,99
2024-09-17 10:06:15.781,414.8700720854423,104
2024-09-17 10:06:15.797,414.7975075027818,101
2024-09-17 10:06:15.842,414.794434686154,1005
2024-09-17 10:06:15.853,414.8750782359733,103
2024-09-17 10:06:15.868,414.8584453586118,5
2024-09-17 10:06:15.883,414.8301618149263,999
2024-09-17 10:06:15.908,414.834269553537,7
2024-09-17 10:06:15.998,414.8013798131365,999
2024-09-17 10:06:16.221,414.81066714899146,998
2024-09-17 10:06:16.494,,7
2024-09-17 10:06:16.857,414.8290487086464,96
2024-09-17 10:06:16.860,414.82033846610045,101
2024-09-17 10:06:16.925,414.8170678188891,998
2024-09-17 10:06:18.004,414.7961104640535,98
2024-09-17 10:06:18.025,414.8091777684377,11
2024-09-17 10:06:18.028,414.7849308174149,11
2024-09-17 10:06:18.077,414.8213519362063,999
2024-09-17 10:06:18.091,414.8213026601081,999
2024-09-17 10:06:18.123,414.80508841700623,8
2024-09-17 10:06:18.186,414.8151079330639,102
2024-09-17 10:06:18.291,414.79019728612417,13
2024-09-17 10:06:18.370,414.8236810274197,95
2024-09-17 10:06:18.382,414.8132931083831,1003
2024-09-17 10:06:18.392,414.7772842451741,100
2024-09-17 10:06:18.437,414.8096804095277,1000
2024-09-17 10:06:18.469,414.7980029844133,97
2024-09-17 10:06:18.570,414.8123123167402,11
2024-09-17 10:06:18.718,414.788719013804,100
2024-09-17 10:06:18.773,414.7719558985176,1005
2024-09-17 10:06:18.784,414.7935956800581,6
2024-09-17 10:06:18.824,414.80789906706536,100
2024-09-17 10:06:18.870,414.7838343753401,13
2024-09-17 10:06:18.907,414.7991775262773,13
2024-09-17 10:06:18.944,414.80568934629457,14
2024-09-17 10:06:18.998,414.79989350308335,13
2024-09-17 10:06:19.006,414.8306707349459,13
2024-09-17 10:06:19.014,414.83144475752914,5
2024-09-17 10:06:19.021,414.8576553058987,995
2024-09-17 10:06:19.065,414.8373097891911,1000
2024-09-17 10:06:19.074,414.82928994958576,1001
2024-09-17 10:06:19.087,414.8263355950568,6
2024-09-17 10:06:19.133,414.80769951777336,995
2024-09-17 10:06:19.135,414.8158827943336,1003
2024-09-17 10:06:19.157,414.8387198582834,14
2024-09-17 10:06:19.234,414.8618871288771,10
2024-09-17 10:06:19.501,414.818187173758,10
2024-09-17 10:06:19.512,414.86583914037647,97
2024-09-17 10:06:19.535,414.8500492499042,105
2024-09-17 10:06:19.561,414.8472594779112,103
2024-09-17 10:06:19.760,414.8392642408296,100
2024-09-17 10:06:20.052,414.83713237133134,12
2024-09-17 10:06:20.056,414.8269573486355,1003
2024-09-17 10:06:20.088,414.8582374309251,99
2024-09-17 10:06:20.182,414.880574653232,101
2024-09-17 10:06:20.279,414.84633103486266,101
2024-09-17 10:06:20.319,414.8417179525638,13
2024-09-17 10:06:20.362,414.8356792250057,13
2024-09-17 10:06:20.382,414.8439700418126,14
2024-09-17 10:06:20.391,414.8521021057892,999
2024-09-17 10:06:20.434,414.83562871339376,96
2024-09-17 10:06:20.436,414.8428670213325,999
2024-09-17 10:06:20.608,414.8251632648782,1003
2024-09-17 10:06:20.615,414.8124277882611,98
2024-09-17 10:06:20.691,414.82183302351,98
2024-09-17 10:06:20.703,414.8451187405559,8
2024-09-17 10:06:20.703,414.8721395528296,999
2024-09-17 10:06:20.790,414.8498268956925,15
2024-09-17 10:06:20.873,414.8017387022084,999
2024-09-17 10:06:20.976,414.8302453449468,102
2024-09-17 10:06:21.077,414.8696731450413,5
2024-09-17 10:06:21.167,414.93906123157615,101
2024-09-17 10:06:21.317,414.8707008835671,105
2024-09-17 10:06:21.359,414.8830023330584,9
2024-09-17 10:06:21.368,414.8830067379851,96
2024-09-17 10:06:21.389,414.9059204192364,102
2024-09-17 10:06:21.500,414.9354185409064,105
2024-09-17 10:06:21.581,414.8615457790714,995
2024-09-17 10:06:21.584,414.8941659116403,10
2024-09-17 10:06:21.628,414.8706626365389,99
2024-09-17 10:06:21.694,414.864320213787,104
2024-09-17 10:06:21.770,414.8650882031072,102
2024-09-17 10:06:21.770,414.8683948051006,995
2024-09-17 10:06:21.879,414.8691930503566,996
2024-09-17 10:06:22.617,414.9377107368115,8
2024-09-17 10:06:23.036,414.8727119927824,103
2024-09-17 10:06:23.065,414.884160284059,998
2024-09-17 10:06:23.117,414.940041551023,12
2024-09-17 10:06:23.163,414.8972056896218,996
2024-09-17 10:06:23.341,414.8879797947031,995
2024-09-17 10:06:23.389,414.8922348536197,13
2024-09-17 10:06:23.416,414.8951463579407,100
2024-09-17 10:06:23.513,414.9171441430433,102
2024-09-17 10:06:23.640,414.8938154535946,12
2024-09-17 10:06:23.663,41.49187839896054,10
2024-09-17 10:06:23.676,414.8388195461316,99
2024-09-17 10:06:23.684,414.919764782643,1004
2024-09-17 10:06:23.837,414.9140275017852,12
2024-09-17 10:06:23.843,414.84922235413205,996
2024-09-17 10:06:23.959,414.90496708143104,101
2024-09-17 10:06:23.959,414.9018516586326,1001
2024-09-17 10:06:24.361,414.8524056722776,1003
2024-09-17 10:06:24.808,414.8467287002592,10
2024-09-17 10:06:25.425,414.8770711176242,96
2024-09-17 10:06:25.533,414.88171672353263,1000
2024-09-17 10:06:26.094,414.8948580658472,8
2024-09-17 10:06:26.239,414.89852577698144,96
2024-09-17 10:06:26.277,414.8882035146905,995
2024-09-17 10:06:26.773,414.8830661883386,99
2024-09-17 10:06:27.030,414.95977924378445,13
2024-09-17 10:06:27.085,414.9681297157228,997
2024-09-17 10:06:27.093,415.0130855430277,1000
2024-09-17 10:06:27.126,41.49304539697197,103
2024-09-17 10:06:27.134,414.9089186202904,1002
2024-09-17 10:06:27.152,414.9668785039587,105
2024-09-17 10:06:27.270,414.9370306521247,103
2024-09-17 10:06:27.291,414.9871254374679,98
2024-09-17 10:06:27.299,414.94773433500416,14
2024-09-17 10:06:27.310,414.98152597808274,1004
2024-09-17 10:06:27.312,414.9987058458782,8
2024-09-17 10:06:27.401,415.0092179128345,998
2024-09-17 10:06:27.455,414.9985199262107,95
2024-09-17 10:06:27.613,414.9291566562867,15
2024-09-17 10:06:27.847,414.9948333206451,95
2024-09-17 10:06:27.998,414.99955246029407,999
2024-09-17 10:06:28.014,414.851991397828,11
2024-09-17 10:06:28.056,414.8394577305919,8
2024-09-17 10:06:28.063,414.8385862803648,5
2024-09-17 10:06:28.101,414.90872306240345,1005
2024-09-17 10:06:28.121,414.8369973815017,1002
2024-09-17 10:06:28.222,414.9084623077887,100
2024-09-17 10:06:28.296,414.8450613752354,5
2024-09-17 10:06:28.392,414.86477879714016,8
2024-09-17 10:06:28.455,414.8355623087562,6
2024-09-17 10:06:28.485,414.8414960941344,13
2024-09-17 10:06:28.536,414.82930727678087,98
2024-09-17 10:06:28.537,414.8531353254765,105
2024-09-17 10:06:28.676,414.8890400357115,8
2024-09-17 10:06:28.747,414.8560227592011,8
2024-09-17 10:06:28.784,414.8492318734199,8
2024-09-17 10:06:28.808,414.9200673179865,97
2024-09-17 10:06:28.820,414.8982940465983,98
2024-09-17 10:06:28.823,414.8178946464535,104
2024-09-17 10:06:28.870,414.9059703339301,999
2024-09-17 10:06:28.917,414.8401118965648,1005
2024-09-17 10:06:28.946,414.828429968109,99
2024-09-17 10:06:28.958,414.8283608318835,14
2024-09-17 10:06:29.009,414.8295418317893,997
2024-09-17 10:06:29.023,414.7308729784417,5
2024-09-17 10:06:29.075,414.71163970072894,12
2024-09-17 10:06:29.128,414.7931832254168,15
2024-09-17 10:06:29.184,,995
2024-09-17 10:06:29.189,414.7633472875165,97
2024-09-17 10:06:29.264,414.72333129575145,10
2024-09-17 10:06:29.270,414.7647095681325,1000
2024-09-17 10:06:29.293,414.7224287705951,104
2024-09-17 10:06:29.299,414.7402073854293,997
2024-09-17 10:06:29.300,414.8162369515225,9
2024-09-17 10:06:29.301,414.7723764058768,8
2024-09-17 10:06:29.308,414.7503478345638,9
2024-09-17 10:06:29.312,414.7125430906932,99
2024-09-17 10:06:29.419,414.7242279181152,6
2024-09-17 10:06:29.502,414.7210398263008,101
2024-09-17 10:06:29.508,414.7419720692995,12
2024-09-17 10:06:29.509,414.72641289133486,95
2024-09-17 10:06:29.515,414.7520479871146,10
2024-09-17 10:06:29.553,414.758936596106,1003
2024-09-17 10:06:29.555,414.7640353579678,101
2024-09-17 10:06:29.641,414.70146099554233,15
2024-09-17 10:06:29.760,414.7798111708789,5
2024-09-17 10:06:29.796,414.8269214918896,995
2024-09-17 10:06:29.908,414.7698791868852,1001
2024-09-17 10:06:29.924,414.7314059496338,996
2024-09-17 10:06:29.932,414.72388821530114,7
2024-09-17 10:06:29.936,414.7344887676432,105
2024-09-17 10:06:30.018,414.6576247603483,10
2024-09-17 10:06:30.071,414.7055378686267,996
2024-09-17 10:06:30.086,414.6809854728984,8
2024-09-17 10:06:30.157,414.6859895003,103
2024-09-17 10:06:30.274,414.6707004866317,103
2024-09-17 10:06:30.393,414.6626785531528,15
2024-09-17 10:06:30.471,414.704715958908,98
2024-09-17 10:06:30.565,414.6858536646839,103
2024-09-17 10:06:30.599,414.70606541251215,98
2024-09-17 10:06:30.715,414.6788195415797,100
2024-09-17 10:06:30.722,414.69533456816873,7
2024-09-17 10:06:30.732,414.6993769524676,1005
2024-09-17 10:06:30.736,414.69055666031306,1004
2024-09-17 10:06:30.763,414.6881930661495,102
2024-09-17 10:06:30.832,414.7047781356907,15
2024-09-17 10:06:30.952,414.7125988458816,96
2024-09-17 10:06:31.025,414.69232814360777,95
2024-09-17 10:06:31.143,414.6665406626945,1005
2024-09-17 10:06:31.164,414.65119246379,9
2024-09-17 10:06:31.231,414.6899427156039,102
2024-09-17 10:06:31.296,414.6717318295576,102
2024-09-17 10:06:31.315,414.68058971623145,95
2024-09-17 10:06:31.345,414.6759036844068,1003
2024-09-17 10:06:31.353,414.66036509830326,100
2024-09-17 10:06:31.353,41.46232220589944,102
2024-09-17 10:06:31.363,414.6913878245484,103
2024-09-17 10:06:31.392,414.6775470738859,8
2024-09-17 10:06:31.412,414.6587710675213,5
2024-09-17 10:06:31.445,414.64506647367904,1005
2024-09-17 10:06:31.505,414.6691173412005,99
2024-09-17 10:06:31.530,414.64859197589993,12
2024-09-17 10:06:31.694,414.6843431067873,1004
2024-09-17 10:06:31.797,414.63279612438185,997
2024-09-17 10:06:31.915,414.6865620274897,100
2024-09-17 10:06:31.946,414.6594543685224,7
2024-09-17 10:06:32.698,414.6429361534066,1005
2024-09-17 10:06:32.721,414.6728703164873,105
2024-09-17 10:06:32.728,414.6458788764786,8
2024-09-17 10:06:32.820,414.6585439853546,998
2024-09-17 10:06:32.972,414.6666977150597,8
2024-09-17 10:06:33.074,414.724277740521,100
2024-09-17 10:06:33.082,414.7196364990462,14
2024-09-17 10:06:33.089,414.7075140536312,995
2024-09-17 10:06:33.092,414.7408428950348,999
2024-09-17 10:06:33.130,414.74714866934494,8
2024-09-17 10:06:33.170,414.7384811862808,11
2024-09-17 10:06:33.195,414.6620975889025,7
2024-09-17 10:06:33.245,414.7030603681936,101
2024-09-17 10:06:33.299,414.6980973614829,5
2024-09-17 10:06:33.326,414.7470556022256,13
2024-09-17 10:06:33.373,414.70571829528575,101
2024-09-17 10:06:33.403,414.7568187557374,1001
2024-09-17 10:06:33.414,414.7414523308768,15
2024-09-17 10:06:33.426,414.7354456000955,996
2024-09-17 10:06:33.436,414.7322874341677,997
2024-09-17 10:06:33.451,414.6505762262945,997
2024-09-17 10:06:33.493,414.67984846502367,11
2024-09-17 10:06:33.505,414.734712488956,100
2024-09-17 10:06:33.539,414.7424940420059,1004
2024-09-17 10:06:33.587,414.6777781865727,12
2024-09-17 10:06:33.604,-414.72746899985657,6
2024-09-17 10:06:33.637,414.7351696201779,100
2024-09-17 10:06:33.668,414.736813063519,14
2024-09-17 10:06:33.670,414.76316105406033,6
2024-09-17 10:06:33.788,414.7205417724571,15
2024-09-17 10:06:33.829,414.6687817471489,105
2024-09-17 10:06:33.866,414.71581214347145,13
2024-09-17 10:06:33.887,414.7331321035422,997
2024-09-17 10:06:33.936,414.72219643861456,999
2024-09-17 10:06:33.993,414.7367631608082,13
2024-09-17 10:06:35.015,414.77456254075554,97
2024-09-17 10:06:35.638,414.7607793836776,12
2024-09-17 10:06:35.666,414.7630111271933,102
2024-09-17 10:06:35.738,414.7551554066172,999
2024-09-17 10:06:35.973,414.7247535917523,14
2024-09-17 10:06:35.993,-414.73018484075135,1005
2024-09-17 10:06:36.007,414.8150938416726,7
2024-09-17 10:06:36.096,414.81744902999645,12
2024-09-17 10:06:36.124,414.8131486291075,7
2024-09-17 10:06:36.210,414.79566603658606,13
2024-09-17 10:06:36.230,414.7724215152052,98
2024-09-17 10:06:36.243,414.7658545388937,97
2024-09-17 10:06:36.275,414.82156830184425,996
2024-09-17 10:06:36.331,414.77504276817854,996
2024-09-17 10:06:36.333,414.8223886853536,95
2024-09-17 10:06:36.349,414.80587844049575,7
2024-09-17 10:06:36.489,414.8068387690816,998
2024-09-17 10:06:36.525,414.78977091341807,100
2024-09-17 10:06:36.551,414.7892354497423,1004
2024-09-17 10:06:36.560,414.7606781966983,103
2024-09-17 10:06:36.581,414.82875789256536,99
2024-09-17 10:06:36.585,414.762121745062,15
2024-09-17 10:06:36.587,414.8142800771283,14
2024-09-17 10:06:36.594,414.7536269919769,96
2024-09-17 10:06:36.640,414.7927557064973,998
2024-09-17 10:06:36.744,414.7625023946863,99
2024-09-17 10:06:36.806,414.7751572861618,104
2024-09-17 10:06:36.822,414.7835016427264,998
2024-09-17 10:06:36.865,414.7669620070613,996
2024-09-17 10:06:36.947,414.7960694088981,103
2024-09-17 10:06:36.995,414.7853793276404,102
2024-09-17 10:06:37.032,414.7867207844308,1001
2024-09-17 10:06:37.128,414.74490490868834,1000
2024-09-17 10:06:37.184,414.7543313894428,10
2024-09-17 10:06:37.454,414.7498863672529,7
2024-09-17 10:06:37.488,414.7656271278749,1000
2024-09-17 10:06:37.535,414.7476044300311,11
2024-09-17 10:06:37.572,414.7513362427509,10
2024-09-17 10:06:37.604,414.76293397596095,96
2024-09-17 10:06:37.812,414.7509063866808,1001
2024-09-17 10:06:37.825,414.7480855192935,97
2024-09-17 10:06:37.857,414.7829769164016,13
2024-09-17 10:06:37.944,414.7590150039319,9
2024-09-17 10:06:37.969,414.76153463018784,1001
2024-09-17 10:06:37.979,414.7820374739418,996
2024-09-17 10:06:38.149,414.7132017475147,997
2024-09-17 10:06:38.301,414.6902207506545,104
2024-09-17 10:06:38.328,414.7236346439982,997
2024-09-17 10:06:38.407,414.6923607762457,998
2024-09-17 10:06:38.799,414.710672181676,101
2024-09-17 10:06:39.067,414.7352120645034,13
2024-09-17 10:06:39.093,414.7081256199932,1000
2024-09-17 10:06:39.205,414.693738382032,11
2024-09-17 10:06:39.223,414.6844787346385,12
2024-09-17 10:06:39.335,414.7015839083091,104
2024-09-17 10:06:39.353,414.7168879988365,8
2024-09-17 10:06:39.355,414.6796374607813,100
2024-09-17 10:06:39.413,414.7081786803668,9
2024-09-17 10:06:39.480,414.7059564457604,103
2024-09-17 10:06:39.533,414.6848052339054,5
2024-09-17 10:06:39.657,414.6640551425505,99
2024-09-17 10:06:39.670,414.67793295596186,997
2024-09-17 10:06:39.671,414.7340777890241,999
2024-09-17 10:06:39.777,414.7216412270116,95
2024-09-17 10:06:39.779,414.7123186719577,1000
2024-09-17 10:06:39.796,414.7316641961896,9
2024-09-17 10:06:39.842,414.6913623083994,997
2024-09-17 10:06:39.897,414.7401922155224,96
2024-09-17 10:06:40.002,414.8038181359284,9
2024-09-17 10:06:40.008,414.7933307185118,105
2024-09-17 10:06:40.123,414.8091858210631,7
2024-09-17 10:06:40.146,414.7786657087796,104
2024-09-17 10:06:40.156,414.754803342114,10
2024-09-17 10:06:40.247,414.7898128442909,996
2024-09-17 10:06:40.281,414.7812501210373,5
2024-09-17 10:06:40.413,414.797324632828,999
2024-09-17 10:06:40.438,414.78537548160256,101
2024-09-17 10:06:40.491,414.7871670808665,99
2024-09-17 10:06:40.524,414.7632762444588,95
2024-09-17 10:06:40.530,414.79777765020464,10
2024-09-17 10:06:40.647,414.75668956152987,998
2024-09-17 10:06:40.828,414.78389793296606,7
2024-09-17 10:06:40.885,414.73835930690046,95
2024-09-17 10:06:40.903,414.8099618786224,10
2024-09-17 10:06:40.918,414.81554525153655,101
2024-09-17 10:06:40.964,414.7974706022753,997
2024-09-17 10:06:40.994,414.737279253469,5
2024-09-17 10:06:41.035,414.7480550563393,999
2024-09-17 10:06:41.068,414.7901685728036,100
2024-09-17 10:06:41.097,414.7463189911891,15
2024-09-17 10:06:41.127,41.475133446955056,13
2024-09-17 10:06:41.148,414.792039013076,998
2024-09-17 10:06:41.178,414.8043625332786,1001
2024-09-17 10:06:41.240,414.7482644498421,97
2024-09-17 10:06:41.342,414.7432665178141,99
2024-09-17 10:06:41.352,414.7461539134923,1001
2024-09-17 10:06:41.431,414.7463776024293,1004
2024-09-17 10:06:41.459,414.803143098766,99
2024-09-17 10:06:41.460,414.7419234160792,11
2024-09-17 10:06:41.528,414.79115534783074,997
2024-09-17 10:06:41.538,414.74371750748935,97
2024-09-17 10:06:41.562,414.732751164158,5
2024-09-17 10:06:41.575,414.7883903783965,15
2024-09-17 10:06:41.790,414.796417690601,100
2024-09-17 10:06:41.810,414.7439694571914,11
2024-09-17 10:06:41.836,414.7550725237359,13
2024-09-17 10:06:41.942,414.74711228370455,10
2024-09-17 10:06:42.011,414.8634469351543,9
2024-09-17 10:06:42.017,414.813522181281,10
2024-09-17 10:06:42.022,414.7810972463024,11
2024-09-17 10:06:42.041,414.78165373403385,13
2024-09-17 10:06:42.111,414.79981968643966,8
2024-09-17 10:06:42.125,414.7570944486162,997
2024-09-17 10:06:42.135,414.7795185793381,1001
2024-09-17 10:06:42.243,414.7679313004341,96
2024-09-17 10:06:42.296,414.7698070692069,1005
2024-09-17 10:06:42.339,414.7686238216738,5
2024-09-17 10:06:42.374,414.7830863859929,12
2024-09-17 10:06:42.387,414.7785018750637,1004
2024-09-17 10:06:42.426,414.772630178902,101
2024-09-17 10:06:42.516,414.7747910940714,12
2024-09-17 10:06:42.528,414.830865389472,101
2024-09-17 10:06:42.554,414.7578472680376,1002
2024-09-17 10:06:42.561,414.8096295989862,14
2024-09-17 10:06:42.589,414.7738059704103,11
2024-09-17 10:06:42.631,,995
2024-09-17 10:06:42.798,414.7806203879055,997
2024-09-17 10:06:42.802,414.86682082916167,100
2024-09-17 10:06:42.806,414.7405210241255,1001
2024-09-17 10:06:42.828,414.81155242264873,13
2024-09-17 10:06:42.833,414.8426722604352,8
2024-09-17 10:06:42.839,414.7620982741291,995
2024-09-17 10:06:42.913,414.7714160802907,999
2024-09-17 10:06:42.938,414.7718379136172,98
2024-09-17 10:06:42.953,414.77860045691887,1002
2024-09-17 10:06:42.998,414.7752642149935,998
2024-09-17 10:06:43.215,414.8796724026359,97
2024-09-17 10:06:43.267,414.88301552210834,1004
2024-09-17 10:06:43.339,414.9005288098582,103
2024-09-17 10:06:43.387,414.87303953695215,95
2024-09-17 10:06:43.443,414.89151747950734,98
2024-09-17 10:06:43.491,414.881048059618,7
2024-09-17 10:06:43.631,414.8880268197898,7
2024-09-17 10:06:43.773,414.8901295711405,13
2024-09-17 10:06:43.879,414.8811833874125,96
2024-09-17 10:06:44.039,414.8619491172564,1004
2024-09-17 10:06:44.074,414.885993436785,997
2024-09-17 10:06:44.166,414.8692828468996,1004
2024-09-17 10:06:44.285,414.8831594340702,996
2024-09-17 10:06:44.325,414.88425595613165,1000
2024-09-17 10:06:44.334,414.88965753207816,997
2024-09-17 10:06:44.355,414.8858422573436,1005
2024-09-17 10:06:44.537,414.8674164949479,98
2024-09-17 10:06:44.545,414.8810811376954,1004
2024-09-17 10:06:44.661,414.867547691274,1003
2024-09-17 10:06:44.665,414.9040327278919,102
2024-09-17 10:06:44.674,414.8858296646341,1002
2024-09-17 10:06:44.677,414.8950778737543,998
2024-09-17 10:06:44.701,414.87803242026246,7
2024-09-17 10:06:44.717,414.8710821414922,8
2024-09-17 10:06:44.751,414.8674351246345,102
2024-09-17 10:06:44.787,414.8894612909555,1001
2024-09-17 10:06:44.888,414.87795927675234,95
2024-09-17 10:06:44.894,414.8841605046775,9
2024-09-17 10:06:44.899,414.8961765557056,97
2024-09-17 10:06:44.905,414.9090563568285,6
2024-09-17 10:06:45.049,414.8595248987529,12
2024-09-17 10:06:45.125,414.8405959063296,1005
2024-09-17 10:06:45.309,414.8736639391824,1002
2024-09-17 10:06:45.316,414.8638237472031,1003
2024-09-17 10:06:45.481,414.8563324204793,6
2024-09-17 10:06:45.560,414.8676423220256,1000
2024-09-17 10:06:45.603,414.852476286662,105
2024-09-17 10:06:45.654,414.88896224424377,999
2024-09-17 10:06:45.712,414.8688461939042,100
2024-09-17 10:06:45.764,414.872782051053,5
2024-09-17 10:06:45.998,414.8592461030025,1002
2024-09-17 10:06:45.999,414.86720792351855,1000
2024-09-17 10:06:46.072,414.9108888482375,101
2024-09-17 10:06:46.152,414.91638046711176,96
2024-09-17 10:06:46.205,414.89219112353953,1003
2024-09-17 10:06:46.260,414.8778563777536,95
2024-09-17 10:06:46.331,414.9027772046126,99
2024-09-17 10:06:46.397,414.9221874682946,10
2024-09-17 10:06:46.505,414.90879276586577,100
2024-09-17 10:06:46.549,414.9191732276655,998
2024-09-17 10:06:46.658,414.8974606848097,100
2024-09-17 10:06:46.731,414.90713600659006,5
2024-09-17 10:06:46.847,-414.90019465225697,13
2024-09-17 10:06:46.930,414.9138794481,95
2024-09-17 10:06:47.041,414.8869815053283,104
2024-09-17 10:06:47.102,414.8769805681316,11
2024-09-17 10:06:47.107,414.9041879845044,97
2024-09-17 10:06:47.202,414.9082664476261,14
2024-09-17 10:06:47.227,414.8953750796305,997
2024-09-17 10:06:47.247,414.8765943772578,995
2024-09-17 10:06:47.406,414.9690591573753,12
2024-09-17 10:06:47.485,414.9554091672003,104
2024-09-17 10:06:47.573,414.9064179811115,13
2024-09-17 10:06:47.588,414.8848694813933,99
2024-09-17 10:06:47.637,414.9050366895484,9
2024-09-17 10:06:47.734,414.8849075882948,98
2024-09-17 10:06:47.761,414.92187635804527,11
2024-09-17 10:06:47.773,414.9465157650529,9
2024-09-17 10:06:47.785,414.8917190617437,11
2024-09-17 10:06:47.822,414.9244203647003,7
2024-09-17 10:06:47.856,414.8804645218639,1003
2024-09-17 10:06:47.880,414.9775866920379,1002
2024-09-17 10:06:47.981,414.8851056910962,6
2024-09-17 10:06:48.033,414.837131209975,1003
2024-09-17 10:06:48.044,414.8610990517721,102
2024-09-17 10:06:48.045,414.8891463112644,1002
2024-09-17 10:06:48.062,414.8602668336511,101
2024-09-17 10:06:48.162,414.8088671913272,11
2024-09-17 10:06:48.281,414.8432423363215,11
2024-09-17 10:06:48.296,414.88709669574735,1004
2024-09-17 10:06:48.300,414.86137900414127,1004
2024-09-17 10:06:48.304,414.8278603011079,5
2024-09-17 10:06:48.374,414.8949205141529,100
2024-09-17 10:06:48.479,414.882853843895,104
2024-09-17 10:06:48.489,414.96601292445166,7
2024-09-17 10:06:48.549,414.9041598920607,98
2024-09-17 10:06:48.626,414.9086862274021,999
2024-09-17 10:06:48.667,414.8279581112764,11
2024-09-17 10:06:48.700,414.9398739999682,101
2024-09-17 10:06:48.719,414.8989536749471,995
2024-09-17 10:06:48.803,414.9468902934251,13
2024-09-17 10:06:48.813,414.87619741284976,9
2024-09-17 10:06:48.838,414.8708683708524,99
2024-09-17 10:06:48.891,414.9281131725062,104
2024-09-17 10:06:48.895,414.8239053601505,10
2024-09-17 10:06:48.902,414.9067361408439,95
2024-09-17 10:06:48.917,414.8854173267087,998
2024-09-17 10:06:48.965,414.92030573707314,95
2024-09-17 10:06:49.014,414.8576529717338,1000
2024-09-17 10:06:49.076,414.7938044025328,996
2024-09-17 10:06:49.078,414.8202187396668,997
2024-09-17 10:06:49.108,414.8363650476888,99
2024-09-17 10:06:49.111,414.8070869593139,12
2024-09-17 10:06:49.156,414.8041398921715,102
2024-09-17 10:06:49.157,414.8590828351675,6
2024-09-17 10:06:49.202,414.8469305645358,995
2024-09-17 10:06:49.297,414.7956948231112,1004
2024-09-17 10:06:49.299,414.8804613344524,15
2024-09-17 10:06:49.365,414.840364801151,998
2024-09-17 10:06:49.419,414.8656019350319,998
2024-09-17 10:06:49.529,414.8128366700568,13
2024-09-17 10:06:49.598,414.86802681362826,98
2024-09-17 10:06:49.601,414.82725462920206,1002
2024-09-17 10:06:49.629,414.852373478296,6
2024-09-17 10:06:49.638,414.8534621368691,105
2024-09-17 10:06:49.694,414.820322901171,1003
2024-09-17 10:06:49.703,414.8277126022151,998
2024-09-17 10:06:49.731,414.85230766908745,8
2024-09-17 10:06:49.820,414.83335565844135,95
2024-09-17 10:06:49.882,414.8231188075039,99
2024-09-17 10:06:49.911,414.84410900937416,10
2024-09-17 10:06:49.933,414.83614279463296,10
2024-09-17 10:06:49.947,414.8577992120883,5
2024-09-17 10:06:50.000,414.8826086725675,14
2024-09-17 10:06:50.025,414.8639245158154,1005
2024-09-17 10:06:50.027,414.8875699516154,999
2024-09-17 10:06:50.060,414.85090600138216,997
2024-09-17 10:06:50.091,414.8727787073594,7
2024-09-17 10:06:50.135,414.883321515752,998
2024-09-17 10:06:50.153,414.8855307365079,995
2024-09-17 10:06:50.245,414.88151939684366,100
2024-09-17 10:06:50.251,414.81725578215855,1002
2024-09-17 10:06:50.252,414.8901395662482,995
2024-09-17 10:06:50.381,414.84845195309657,6
2024-09-17 10:06:50.401,414.91234519295614,100
2024-09-17 10:06:50.411,414.886978030192,97
2024-09-17 10:06:50.425,414.8386747310623,100
2024-09-17 10:06:50.488,414.9013770300657,11
2024-09-17 10:06:50.512,414.870981158712,1003
2024-09-17 10:06:50.528,414.901186634126,104
2024-09-17 10:06:50.572,414.8685986907951,13
2024-09-17 10:06:50.601,414.8586003784557,6
2024-09-17 10:06:50.742,414.88838363887294,998
2024-09-17 10:06:50.784,414.87856508539465,102
2024-09-17 10:06:50.880,414.8688866175468,1004
2024-09-17 10:06:50.897,414.8956036347306,1005
2024-09-17 10:06:50.994,414.8739093537212,97
2024-09-17 10:06:51.059,414.894585905276,1001
2024-09-17 10:06:51.066,414.8684460717224,96
2024-09-17 10:06:51.091,414.8823200022854,97
2024-09-17 10:06:51.198,414.88134667201086,5
2024-09-17 10:06:51.283,414.8856042281231,100
2024-09-17 10:06:51.755,,14
2024-09-17 10:06:51.884,414.89887737728486,1003
2024-09-17 10:06:51.998,414.9047475943692,1002
2024-09-17 10:06:52.095,414.8803240482337,12
2024-09-17 10:06:52.186,414.8749220617442,102
2024-09-17 10:06:52.208,414.8771151981748,11
2024-09-17 10:06:52.210,414.8918186904974,998
2024-09-17 10:06:52.239,414.8881402420891,8
2024-09-17 10:06:52.598,414.8932631928264,997
2024-09-17 10:06:52.609,414.8366235996192,1001
2024-09-17 10:06:52.648,414.8905157883327,100
2024-09-17 10:06:53.005,414.82574396298816,105
2024-09-17 10:06:53.045,414.84527369183047,10
2024-09-17 10:06:53.077,414.8375777897095,13
2024-09-17 10:06:53.259,414.8533079901144,103
2024-09-17 10:06:53.295,414.8310738883988,5
2024-09-17 10:06:53.315,414.8436548153414,8
2024-09-17 10:06:53.410,414.8583821579541,102
2024-09-17 10:06:53.436,414.8252404545469,104
2024-09-17 10:06:53.640,414.8629444514224,12
2024-09-17 10:06:53.755,414.8189994052886,1005
2024-09-17 10:06:53.805,41.482205323698,95
2024-09-17 10:06:53.814,414.81668516468005,999
2024-09-17 10:06:53.857,414.8420992642967,99
2024-09-17 10:06:53.884,414.828767469628,102
2024-09-17 10:06:53.904,414.8383118560509,996
2024-09-17 10:06:54.090,414.86740562129694,1005
2024-09-17 10:06:54.117,414.8580477392324,95
2024-09-17 10:06:54.208,414.8293084642016,996
2024-09-17 10:06:54.242,414.8316015623085,1001
2024-09-17 10:06:54.499,414.8705752011231,1002
2024-09-17 10:06:54.539,414.868291742604,9
2024-09-17 10:06:54.612,414.8671256050116,104
2024-09-17 10:06:54.653,414.8628229227902,1000
2024-09-17 10:06:54.678,414.8783732277199,997
2024-09-17 10:06:54.724,414.8269335287415,1004
2024-09-17 10:06:54.927,414.82404026710674,102
2024-09-17 10:06:55.115,414.84938314540153,9
2024-09-17 10:06:55.137,414.83823959252015,10
2024-09-17 10:06:55.167,414.8186953590152,998
2024-09-17 10:06:55.271,414.8299753841088,103
2024-09-17 10:06:55.381,414.84387284054105,101
2024-09-17 10:06:55.618,414.8533798833438,995
2024-09-17 10:06:55.870,414.8430094849654,11
2024-09-17 10:06:55.926,414.84462662249695,101
2024-09-17 10:06:56.023,414.8381143483514,999
2024-09-17 10:06:56.110,414.84314909353816,1005
2024-09-17 10:06:56.353,414.8311957358181,13
2024-09-17 10:06:56.931,414.82181854456,12
2024-09-17 10:06:56.956,414.841818816272,101
2024-09-17 10:06:57.020,414.882633326578,11
2024-09-17 10:06:57.111,414.9094732509374,996
2024-09-17 10:06:57.126,414.8540256648808,7
2024-09-17 10:06:57.154,414.9347273066464,995
2024-09-17 10:06:57.174,414.9203242990257,13
2024-09-17 10:06:57.222,414.8645013468081,9
2024-09-17 10:06:57.225,414.8876601585153,97
2024-09-17 10:06:57.258,414.9010002692704,97
2024-09-17 10:06:57.293,414.91749696431697,5
2024-09-17 10:06:57.304,414.87566146943954,100
2024-09-17 10:06:57.335,414.8701937888075,7
2024-09-17 10:06:57.450,414.9118180912803,1005
2024-09-17 10:06:57.539,414.8845302309268,14
2024-09-17 10:06:57.718,414.8412485963592,95
2024-09-17 10:06:57.742,414.874770115656,1003
2024-09-17 10:06:57.824,414.89346819705855,104
2024-09-17 10:06:57.876,414.8689554845199,97
2024-09-17 10:06:58.407,414.88622358515966,103
2024-09-17 10:06:59.012,414.8747681661753,5
2024-09-17 10:06:59.056,414.8988433581024,999
2024-09-17 10:06:59.128,414.91961723467085,8
2024-09-17 10:06:59.147,414.9101518530621,10
2024-09-17 10:06:59.152,414.8631457628261,997
2024-09-17 10:06:59.192,414.87721451045206,102
2024-09-17 10:06:59.201,414.885792174834,102
2024-09-17 10:06:59.229,414.9098167067341,15
2024-09-17 10:06:59.246,414.9322605549134,1003
2024-09-17 10:06:59.341,414.9027524900872,12
2024-09-17 10:06:59.346,414.8403742053926,97
2024-09-17 10:06:59.362,414.9103956075376,96
2024-09-17 10:06:59.415,-414.88860173563154,996
2024-09-17 10:06:59.461,414.9209456557856,95
2024-09-17 10:06:59.468,414.9087543143168,100
2024-09-17 10:06:59.491,414.904846107207,103
2024-09-17 10:06:59.639,414.8674117470374,12
2024-09-17 10:06:59.654,414.9091465624987,15
2024-09-17 10:06:59.681,414.8675153908126,103
2024-09-17 10:06:59.822,414.866914731743,1003
2024-09-17 10:06:59.875,414.8679723459744,5
2024-09-17 10:06:59.877,414.8726617884732,103
2024-09-17 10:06:59.892,414.8527101312234,8
2024-09-17 10:06:59.917,414.8994008521759,95
2024-09-17 10:06:59.956,414.8776942363315,7
2024-09-17 10:06:59.980,414.90815860198666,9
