Timestamp,Price,Size
2024-09-18 10:16:00.044,410.6900214638853,100
2024-09-18 10:16:00.081,410.6620613742085,7
2024-09-18 10:16:00.111,410.6625000806992,1004
2024-09-18 10:16:00.137,410.6620524077183,100
2024-09-18 10:16:00.148,41.06690196278676,9
2024-09-18 10:16:00.250,410.67555172352775,999
2024-09-18 10:16:00.255,410.68439041423954,1004
2024-09-18 10:16:00.258,410.6764898774693,99
2024-09-18 10:16:00.328,410.6773670392985,104
2024-09-18 10:16:00.356,410.70181949683047,9
2024-09-18 10:16:00.444,410.6571513134021,103
2024-09-18 10:16:00.450,410.6790515728583,102
2024-09-18 10:16:00.455,410.6720673808982,100
2024-09-18 10:16:00.458,410.6811916435327,995
2024-09-18 10:16:00.496,410.6682060623527,1001
2024-09-18 10:16:00.500,410.6692990167685,100
2024-09-18 10:16:00.529,410.6676290749743,8
2024-09-18 10:16:00.640,410.6711589635418,95
2024-09-18 10:16:00.657,410.6934333363759,997
2024-09-18 10:16:00.675,410.69287640204607,7
2024-09-18 10:16:00.690,410.6583014306127,10
2024-09-18 10:16:00.693,410.6743375477975,8
2024-09-18 10:16:00.693,410.6839968266516,8
2024-09-18 10:16:00.794,410.695782928403,1005
2024-09-18 10:16:00.856,410.6673619316401,995
2024-09-18 10:16:00.902,410.6634698546465,15
2024-09-18 10:16:00.904,410.6635664313989,996
2024-09-18 10:16:00.913,410.67885719341433,99
2024-09-18 10:16:00.924,410.7028852085663,1003
2024-09-18 10:16:01.073,410.6516228138843,995
2024-09-18 10:16:01.074,410.662765755828,97
2024-09-18 10:16:01.150,410.6602794223136,7
2024-09-18 10:16:01.211,410.6599799051937,101
2024-09-18 10:16:01.214,410.63738195493374,95
2024-09-18 10:16:01.242,410.6527624525679,15
2024-09-18 10:16:01.292,410.6313162945033,8
2024-09-18 10:16:01.388,410.64725726768,998
2024-09-18 10:16:01.426,410.6586101405952,1000
2024-09-18 10:16:01.492,410.6645951707385,103
2024-09-18 10:16:01.532,410.64676510991393,8
2024-09-18 10:16:01.550,410.6657080892809,98
2024-09-18 10:16:01.584,410.6364275664959,105
2024-09-18 10:16:01.601,410.64926852017607,99
2024-09-18 10:16:01.614,410.655506557275,996
2024-09-18 10:16:01.640,410.64951445078793,102
2024-09-18 10:16:01.672,410.6539741635869,95
2024-09-18 10:16:01.707,410.6473246056625,995
2024-09-18 10:16:01.855,410.6420669032103,1000
2024-09-18 10:16:01.869,410.6663147284744,102
2024-09-18 10:16:01.910,410.66303516448863,100
2024-09-18 10:16:01.914,410.6651068704264,995
2024-09-18 10:16:01.924,410.6546184112971,9
2024-09-18 10:16:01.928,410.6451421347055,96
2024-09-18 10:16:01.938,410.66482815938576,98
2024-09-18 10:16:01.988,410.65149469145183,98
2024-09-18 10:16:02.290,410.6624688721941,998
2024-09-18 10:16:02.307,410.70016625298217,7
2024-09-18 10:16:02.313,410.6829831847209,103
2024-09-18 10:16:02.334,410.66805538188646,95
2024-09-18 10:16:02.376,,998
2024-09-18 10:16:02.392,410.68634032554326,102
2024-09-18 10:16:02.415,410.6820229814654,996
2024-09-18 10:16:02.463,410.672656596396,6
2024-09-18 10:16:02.507,410.664999586334,105
2024-09-18 10:16:02.604,410.701045419713,99
2024-09-18 10:16:02.694,410.6799858179272,1002
2024-09-18 10:16:02.724,410.6969790830847,9
2024-09-18 10:16:02.865,410.6693524441246,99
2024-09-18 10:16:02.958,410.67180802769633,10
2024-09-18 10:16:02.965,410.6993162090393,13
2024-09-18 10:16:03.118,410.6748478573927,95
2024-09-18 10:16:03.182,410.69683639282994,97
2024-09-18 10:16:03.244,410.700323226906,996
2024-09-18 10:16:03.290,410.69520664095455,6
2024-09-18 10:16:03.298,410.6562515326097,10
2024-09-18 10:16:03.322,410.6891028344194,100
2024-09-18 10:16:03.324,410.676590886743,103
2024-09-18 10:16:03.367,410.6896331215532,103
2024-09-18 10:16:03.399,,998
2024-09-18 10:16:03.562,410.692546870387,105
2024-09-18 10:16:03.619,410.7097441168288,95
2024-09-18 10:16:03.623,410.6842396515741,1001
2024-09-18 10:16:03.648,410.6988342084682,101
2024-09-18 10:16:03.649,410.6970619341964,995
2024-09-18 10:16:03.653,410.6810403168919,1003
2024-09-18 10:16:03.669,410.67572330045726,1003
2024-09-18 10:16:03.717,410.6706700085908,996
2024-09-18 10:16:03.758,410.6865581461173,999
2024-09-18 10:16:03.764,410.6722748367821,103
2024-09-18 10:16:03.907,410.6857737477095,7
2024-09-18 10:16:03.912,41.06875964651184,96
2024-09-18 10:16:03.918,410.6663192827703,1005
2024-09-18 10:16:03.920,410.683290709652,996
2024-09-18 10:16:03.949,410.6716624839255,14
2024-09-18 10:16:03.958,410.6933894299813,6
2024-09-18 10:16:03.992,410.6830230109004,14
2024-09-18 10:16:04.026,410.708570658671,11
2024-09-18 10:16:04.060,410.64470127904207,1000
2024-09-18 10:16:04.144,-41.068696801971846,97
2024-09-18 10:16:04.149,410.7053369388925,98
2024-09-18 10:16:04.181,410.6777287711951,997
2024-09-18 10:16:04.184,,100
2024-09-18 10:16:04.228,410.7130167012221,5
2024-09-18 10:16:04.273,410.6946545589997,11
2024-09-18 10:16:04.274,410.66291938900514,98
2024-09-18 10:16:04.322,410.7058610862665,13
2024-09-18 10:16:04.356,410.66389653095297,995
2024-09-18 10:16:04.457,410.6385876586795,995
2024-09-18 10:16:04.553,410.6533432490673,1005
2024-09-18 10:16:04.565,410.6842051658341,104
2024-09-18 10:16:04.610,410.63714859016295,1002
2024-09-18 10:16:04.642,410.71288508371725,14
2024-09-18 10:16:04.713,410.6678104318245,1002
2024-09-18 10:16:04.747,410.7494445024616,105
2024-09-18 10:16:04.777,410.656123291572,7
2024-09-18 10:16:04.778,410.65350909699794,995
2024-09-18 10:16:04.791,410.7036361339017,105
2024-09-18 10:16:04.849,410.7505717784921,101
2024-09-18 10:16:04.864,410.68855538267246,998
2024-09-18 10:16:04.899,410.7313341651734,1005
2024-09-18 10:16:04.917,410.74903832608703,101
2024-09-18 10:16:04.930,410.658452575687,10
2024-09-18 10:16:04.971,410.7115945001288,98
2024-09-18 10:16:05.457,410.6635119384055,100
2024-09-18 10:16:06.084,410.7058055793141,9
2024-09-18 10:16:06.296,410.6997657081856,9
2024-09-18 10:16:06.363,410.690210620524,999
2024-09-18 10:16:06.391,410.7024265639496,102
2024-09-18 10:16:06.457,410.7135920524884,97
2024-09-18 10:16:06.614,410.71994244562217,998
2024-09-18 10:16:06.798,410.7001560928403,996
2024-09-18 10:16:07.083,410.7219157060693,999
2024-09-18 10:16:07.100,410.72022627408177,102
2024-09-18 10:16:07.108,410.7650838477114,15
2024-09-18 10:16:07.386,410.722979292073,8
2024-09-18 10:16:07.390,410.75522353585393,11
2024-09-18 10:16:07.411,410.741253188178,6
2024-09-18 10:16:07.420,410.7983012951311,8
2024-09-18 10:16:07.447,410.7364527072913,103
2024-09-18 10:16:07.466,410.7379668293758,7
2024-09-18 10:16:07.478,410.764930482175,1002
2024-09-18 10:16:07.538,410.7414619104727,998
2024-09-18 10:16:07.583,410.7320578067875,9
2024-09-18 10:16:07.649,410.82067432546,102
2024-09-18 10:16:07.677,410.8250623450105,100
2024-09-18 10:16:07.678,410.712771371607,12
2024-09-18 10:16:07.758,410.71502705696383,1000
2024-09-18 10:16:07.813,410.7158934074312,15
2024-09-18 10:16:07.840,410.7194065311671,5
2024-09-18 10:16:07.959,410.7599965493031,97
2024-09-18 10:16:07.993,410.7427232661799,5
2024-09-18 10:16:08.102,410.8127767791747,99
2024-09-18 10:16:08.123,410.8080133475253,9
2024-09-18 10:16:08.159,410.7912733247345,8
2024-09-18 10:16:08.161,410.8179338264254,10
2024-09-18 10:16:08.196,410.8054019189736,11
2024-09-18 10:16:08.271,410.8319023270773,102
2024-09-18 10:16:08.327,410.7998338812956,995
2024-09-18 10:16:08.335,410.8079845326452,97
2024-09-18 10:16:08.421,410.8354730558911,95
2024-09-18 10:16:08.534,410.81109840619087,96
2024-09-18 10:16:08.536,410.8220721938478,10
2024-09-18 10:16:08.644,410.8196396524506,104
2024-09-18 10:16:08.692,410.81853657042166,97
2024-09-18 10:16:08.718,410.8111656865872,96
2024-09-18 10:16:08.720,410.8094849220832,7
2024-09-18 10:16:08.783,410.8451010652622,996
2024-09-18 10:16:08.844,410.81078395371225,996
2024-09-18 10:16:08.863,410.7847226748928,102
2024-09-18 10:16:08.900,410.7983100501926,5
2024-09-18 10:16:08.957,410.7803633629285,100
2024-09-18 10:16:08.969,410.8415454689488,996
2024-09-18 10:16:08.991,410.8067622079309,100
2024-09-18 10:16:09.001,410.8923734089331,1004
2024-09-18 10:16:09.047,410.8639540589402,105
2024-09-18 10:16:09.143,410.85400288536846,10
2024-09-18 10:16:09.268,410.8887704236432,95
2024-09-18 10:16:09.296,410.92230545458494,97
2024-09-18 10:16:09.466,410.86817559910486,7
2024-09-18 10:16:09.467,410.86987248736926,11
2024-09-18 10:16:09.482,410.9127246317977,7
2024-09-18 10:16:09.486,410.8772435446264,11
2024-09-18 10:16:09.509,410.85572174952273,100
2024-09-18 10:16:09.525,410.8257877906154,997
2024-09-18 10:16:09.547,410.85089167624665,102
2024-09-18 10:16:09.581,410.9162816392246,997
2024-09-18 10:16:09.628,410.9091865939853,98
2024-09-18 10:16:09.671,410.8751084089194,12
2024-09-18 10:16:09.672,410.8842141605176,997
2024-09-18 10:16:09.718,410.8621257893645,96
2024-09-18 10:16:09.738,410.88592937395634,1002
2024-09-18 10:16:09.875,410.8344039222539,15
2024-09-18 10:16:09.908,410.8982225336685,98
2024-09-18 10:16:09.981,410.8892495432369,1000
2024-09-18 10:16:09.996,410.8732259864922,1005
2024-09-18 10:16:10.716,410.8689661149685,13
2024-09-18 10:16:11.004,410.88858488163424,998
2024-09-18 10:16:11.103,410.8771637723578,105
2024-09-18 10:16:11.119,410.8911275630397,5
2024-09-18 10:16:11.142,410.8934046132498,5
2024-09-18 10:16:11.300,410.89381528415305,105
2024-09-18 10:16:11.328,410.9000655757154,14
2024-09-18 10:16:11.488,410.9091472959342,996
2024-09-18 10:16:11.506,-410.88977152357296,11
2024-09-18 10:16:11.566,410.9084379418064,1003
2024-09-18 10:16:11.596,410.8852223772915,999
2024-09-18 10:16:11.597,410.88274149116063,14
2024-09-18 10:16:11.617,410.8959707416094,9
2024-09-18 10:16:11.621,410.8850424406583,97
2024-09-18 10:16:11.641,410.89824907406216,101
2024-09-18 10:16:11.995,410.88806589068565,103
2024-09-18 10:16:12.038,410.83556008964,13
2024-09-18 10:16:12.050,410.85699157866463,6
2024-09-18 10:16:12.535,410.86535786004623,101
2024-09-18 10:16:13.064,410.8160599903321,1004
2024-09-18 10:16:14.013,410.8164891180761,6
2024-09-18 10:16:14.019,410.7984890141898,1005
2024-09-18 10:16:14.099,410.8420740057702,105
2024-09-18 10:16:14.138,410.8068977168231,7
2024-09-18 10:16:14.140,410.85922130937627,997
2024-09-18 10:16:14.312,410.8569164683641,95
2024-09-18 10:16:14.425,410.8438812266858,102
2024-09-18 10:16:14.452,410.7727623756244,1001
2024-09-18 10:16:14.491,410.81241768311,996
2024-09-18 10:16:14.503,410.8541650441535,103
2024-09-18 10:16:14.537,410.8495812872351,1005
2024-09-18 10:16:14.588,410.87488036602224,96
2024-09-18 10:16:14.675,410.8640602643292,1003
2024-09-18 10:16:14.724,410.7986312097548,5
2024-09-18 10:16:14.725,410.7964098854312,98
2024-09-18 10:16:14.797,410.8542962333256,1004
2024-09-18 10:16:14.798,410.816857582325,99
2024-09-18 10:16:14.811,410.83174920943645,97
2024-09-18 10:16:14.838,410.7710147681868,104
2024-09-18 10:16:14.843,410.8489653815165,997
2024-09-18 10:16:14.930,410.8347512954916,1000
2024-09-18 10:16:14.977,410.7869625694596,10
2024-09-18 10:16:15.236,410.9047605718936,99
2024-09-18 10:16:15.739,410.8883802906429,98
2024-09-18 10:16:15.940,410.8725593779872,6
2024-09-18 10:16:15.978,410.8825747780868,96
2024-09-18 10:16:16.061,410.9031578798462,101
2024-09-18 10:16:16.363,410.9826725713922,6
2024-09-18 10:16:16.375,410.9308045778604,15
2024-09-18 10:16:16.376,411.0389024755833,1003
2024-09-18 10:16:16.398,410.9217503289333,8
2024-09-18 10:16:16.429,411.00171855397537,995
2024-09-18 10:16:16.528,410.9324813263107,104
2024-09-18 10:16:16.588,410.89555836628006,8
2024-09-18 10:16:16.630,411.0593396368933,1005
2024-09-18 10:16:16.735,410.9026369016127,96
2024-09-18 10:16:16.754,410.906051195586,1005
2024-09-18 10:16:16.758,410.93327211654525,96
2024-09-18 10:16:16.817,410.9667420894924,1000
2024-09-18 10:16:16.854,411.0146946454225,1005
2024-09-18 10:16:16.855,410.9022769043957,9
2024-09-18 10:16:16.964,41.09103127575089,10
2024-09-18 10:16:17.226,411.0649518241535,995
2024-09-18 10:16:18.044,411.0893056638152,1002
2024-09-18 10:16:18.134,411.12734018275785,998
2024-09-18 10:16:18.158,411.1342295312684,996
2024-09-18 10:16:18.159,411.1011761927503,999
2024-09-18 10:16:18.167,411.10441917052026,996
2024-09-18 10:16:18.185,411.1160176561877,8
2024-09-18 10:16:18.242,411.1362009487164,9
2024-09-18 10:16:18.297,411.0656591333632,1002
2024-09-18 10:16:18.354,411.0969805903055,999
2024-09-18 10:16:18.436,411.1353193996565,101
2024-09-18 10:16:18.509,411.0880073606127,15
2024-09-18 10:16:18.555,411.1302324748118,1000
2024-09-18 10:16:18.594,411.1212986634816,1003
2024-09-18 10:16:18.596,411.12077398077406,5
2024-09-18 10:16:18.657,411.1460194224389,995
2024-09-18 10:16:18.685,411.0941091740005,997
2024-09-18 10:16:18.728,411.13254289775006,996
2024-09-18 10:16:18.734,411.06730674656416,5
2024-09-18 10:16:18.821,411.1172409212234,1004
2024-09-18 10:16:18.876,411.1086001267908,9
2024-09-18 10:16:18.981,411.0991578049381,13
2024-09-18 10:16:19.015,411.0756260006004,103
2024-09-18 10:16:19.015,411.10562527502674,999
2024-09-18 10:16:19.056,411.1096828546652,8
2024-09-18 10:16:19.078,411.10122959496806,1002
2024-09-18 10:16:19.184,411.106129068265,96
2024-09-18 10:16:19.313,411.1262887150489,11
2024-09-18 10:16:19.327,411.11513790638617,12
2024-09-18 10:16:19.336,411.1028667710794,999
2024-09-18 10:16:19.388,411.0699832025479,98
2024-09-18 10:16:19.419,411.0409003379489,5
2024-09-18 10:16:19.599,411.0150666679125,1002
2024-09-18 10:16:19.756,411.1238363031287,996
2024-09-18 10:16:19.765,411.0827540135869,1000
2024-09-18 10:16:20.041,410.98030106458697,99
2024-09-18 10:16:20.068,410.981068193913,12
2024-09-18 10:16:20.139,410.9779513741543,5
2024-09-18 10:16:20.205,410.96263989105387,8
2024-09-18 10:16:20.206,411.00241050715607,1001
2024-09-18 10:16:20.241,410.9880080418554,96
2024-09-18 10:16:20.317,410.97917534972487,103
2024-09-18 10:16:20.442,410.9699331462221,997
2024-09-18 10:16:20.496,410.9731314923884,97
2024-09-18 10:16:20.612,410.9724094969595,996
2024-09-18 10:16:20.700,410.97361949397305,1004
2024-09-18 10:16:20.714,410.99516305405473,13
2024-09-18 10:16:20.718,410.96890399982817,11
2024-09-18 10:16:20.754,410.9935966207197,999
2024-09-18 10:16:20.834,410.9582038398472,14
2024-09-18 10:16:20.838,411.007117029646,14
2024-09-18 10:16:20.838,410.9821021595404,1000
2024-09-18 10:16:20.868,410.9601834456936,1002
2024-09-18 10:16:21.282,410.9867421113456,997
2024-09-18 10:16:21.329,410.9791562452226,995
2024-09-18 10:16:21.398,410.9722995453264,7
2024-09-18 10:16:21.550,410.9672035799262,7
2024-09-18 10:16:21.632,410.9778334893651,997
2024-09-18 10:16:21.986,410.9657106508768,105
2024-09-18 10:16:22.125,411.0187584565724,1002
2024-09-18 10:16:22.351,410.9559624327754,995
2024-09-18 10:16:22.427,410.9965127173352,97
2024-09-18 10:16:22.539,411.02204567197697,1000
2024-09-18 10:16:22.579,410.9618885283442,100
2024-09-18 10:16:22.625,411.0227330379711,102
2024-09-18 10:16:22.625,411.0177416681701,12
2024-09-18 10:16:22.643,411.0344013978261,15
2024-09-18 10:16:22.669,411.0005701140653,7
2024-09-18 10:16:22.717,411.02321944539744,1003
2024-09-18 10:16:22.750,411.0082957215785,11
2024-09-18 10:16:22.805,411.0046837516718,999
2024-09-18 10:16:22.867,410.99932082766463,9
2024-09-18 10:16:22.922,410.98793823086174,97
2024-09-18 10:16:23.009,411.03919834631455,995
2024-09-18 10:16:23.120,411.1396558162423,102
2024-09-18 10:16:23.169,411.17771342284846,98
2024-09-18 10:16:23.192,411.1548249971116,103
2024-09-18 10:16:23.249,411.14371027830776,102
2024-09-18 10:16:23.264,411.06084539557673,97
2024-09-18 10:16:23.266,411.1857223519579,6
2024-09-18 10:16:23.284,411.0348866111056,9
2024-09-18 10:16:23.394,411.0768238696161,6
2024-09-18 10:16:23.494,411.1468025998692,98
2024-09-18 10:16:23.509,411.1685523393334,104
2024-09-18 10:16:23.510,411.12441933597785,999
2024-09-18 10:16:23.659,411.1364550108608,9
2024-09-18 10:16:23.719,411.0885091537554,1000
2024-09-18 10:16:23.801,411.1021956520602,998
2024-09-18 10:16:23.922,411.0716724480355,998
2024-09-18 10:16:23.984,411.1305451903273,10
2024-09-18 10:16:24.042,411.185351364745,1005
2024-09-18 10:16:24.071,411.20124895929183,102
2024-09-18 10:16:24.199,411.1793835173449,999
2024-09-18 10:16:24.255,411.15907582981566,97
2024-09-18 10:16:24.291,411.1982794571593,95
2024-09-18 10:16:24.702,411.189745792898,996
2024-09-18 10:16:24.710,411.16506898634566,1002
2024-09-18 10:16:24.741,411.1950603793448,1004
2024-09-18 10:16:24.907,411.1881767296078,11
2024-09-18 10:16:24.941,411.1544173888675,15
2024-09-18 10:16:24.953,411.1672350114113,8
2024-09-18 10:16:24.993,411.20841983058256,11
2024-09-18 10:16:25.036,411.22078923128106,13
2024-09-18 10:16:25.098,411.26319438309895,1005
2024-09-18 10:16:25.136,411.2392915229596,9
2024-09-18 10:16:25.169,411.16442357298496,12
2024-09-18 10:16:25.213,411.2692305986489,1005
2024-09-18 10:16:25.341,411.2658039635111,103
2024-09-18 10:16:25.350,411.1766784741818,1000
2024-09-18 10:16:25.572,411.1431811266443,100
2024-09-18 10:16:25.606,411.2780026121508,1003
2024-09-18 10:16:25.620,411.14953766473474,13
2024-09-18 10:16:25.749,411.16967201422096,100
2024-09-18 10:16:26.459,411.2318010821068,13
2024-09-18 10:16:27.141,411.2806910797265,96
2024-09-18 10:16:27.268,411.2735497089617,997
2024-09-18 10:16:27.339,411.2818047271074,102
2024-09-18 10:16:27.382,411.2719831445035,998
2024-09-18 10:16:27.404,411.2451668272419,1003
2024-09-18 10:16:27.574,411.2512271343921,997
2024-09-18 10:16:27.583,411.2560491110495,8
2024-09-18 10:16:27.691,411.2534565809356,95
2024-09-18 10:16:27.853,411.2773366189159,997
2024-09-18 10:16:27.920,411.2712968095876,99
2024-09-18 10:16:27.926,411.2755164205828,101
2024-09-18 10:16:28.061,411.2424885731149,1002
2024-09-18 10:16:28.232,411.27786402742106,104
2024-09-18 10:16:28.710,411.2553070045318,1001
2024-09-18 10:16:28.775,411.2479849457369,9
2024-09-18 10:16:28.963,411.2643738118364,997
2024-09-18 10:16:29.001,411.24276010906414,105
2024-09-18 10:16:29.046,411.19983126452746,5
2024-09-18 10:16:29.082,411.21032428167206,102
2024-09-18 10:16:29.106,411.2293693446084,98
2024-09-18 10:16:29.148,411.18134725343145,102
2024-09-18 10:16:29.185,411.23465792831365,997
2024-09-18 10:16:29.298,411.2072992163045,103
2024-09-18 10:16:29.299,411.2010842709757,14
2024-09-18 10:16:29.354,411.2423099680123,97
2024-09-18 10:16:29.440,411.2267043501082,102
2024-09-18 10:16:29.445,411.2465196295994,1004
2024-09-18 10:16:29.506,411.2350556733064,99
2024-09-18 10:16:29.598,411.2258665286206,1000
2024-09-18 10:16:29.638,411.2164996727805,1000
2024-09-18 10:16:29.647,411.27417342943386,13
2024-09-18 10:16:29.649,411.2226581744539,996
2024-09-18 10:16:29.673,411.2240625609832,102
2024-09-18 10:16:29.694,411.2564171678856,100
2024-09-18 10:16:29.780,411.2562953089132,101
2024-09-18 10:16:29.788,411.2167787004237,1000
2024-09-18 10:16:29.888,411.2689013757442,996
2024-09-18 10:16:29.940,411.23461142754695,995
2024-09-18 10:16:30.045,411.2060809016761,1001
2024-09-18 10:16:30.092,411.1766517730423,15
2024-09-18 10:16:30.119,411.1702418112042,996
2024-09-18 10:16:30.134,411.18713180811176,15
2024-09-18 10:16:30.165,411.1645456925792,103
2024-09-18 10:16:30.169,411.2645133969094,11
2024-09-18 10:16:30.206,411.2402109848212,1000
2024-09-18 10:16:30.206,411.23808122188274,103
2024-09-18 10:16:30.210,411.2375083073052,1003
2024-09-18 10:16:30.265,411.24959027377525,996
2024-09-18 10:16:30.325,411.16290409277696,97
2024-09-18 10:16:30.381,411.22376620209445,1003
2024-09-18 10:16:30.399,411.1521065320052,101
2024-09-18 10:16:30.464,411.226344955731,10
2024-09-18 10:16:30.472,411.22826803962727,12
2024-09-18 10:16:30.543,411.2120891956196,96
2024-09-18 10:16:30.585,411.2305638571824,995
2024-09-18 10:16:30.684,411.1987442127995,1005
2024-09-18 10:16:30.694,411.1585684633105,15
2024-09-18 10:16:30.710,411.2635516047543,5
2024-09-18 10:16:30.724,411.2214533607649,1003
2024-09-18 10:16:30.774,411.1989140723471,998
2024-09-18 10:16:30.777,411.15841127082376,1000
2024-09-18 10:16:30.830,411.1943150933846,997
2024-09-18 10:16:30.921,411.22726574160725,15
2024-09-18 10:16:30.986,411.17790154880265,999
2024-09-18 10:16:30.999,411.26151627773214,997
2024-09-18 10:16:32.017,411.242838463188,997
2024-09-18 10:16:32.173,411.2473416290457,995
2024-09-18 10:16:32.281,411.2678633713009,97
2024-09-18 10:16:32.286,411.24564784381215,996
2024-09-18 10:16:32.300,411.2460049755054,95
2024-09-18 10:16:32.304,411.2777766380776,98
2024-09-18 10:16:32.325,411.2376745255099,101
2024-09-18 10:16:32.353,411.2705275513897,96
2024-09-18 10:16:32.362,411.2499587823986,5
2024-09-18 10:16:32.426,411.258665281594,7
2024-09-18 10:16:32.460,411.2533983315653,995
2024-09-18 10:16:32.494,411.2647462324557,15
2024-09-18 10:16:32.540,411.25552241803314,6
2024-09-18 10:16:32.590,411.2517448605621,996
2024-09-18 10:16:32.647,411.24832974809055,15
2024-09-18 10:16:32.723,411.2668701344277,997
2024-09-18 10:16:32.727,411.2554628590745,13
2024-09-18 10:16:32.840,411.268321645954,1003
2024-09-18 10:16:32.893,411.2607676201604,6
2024-09-18 10:16:32.942,411.26239768649367,1001
2024-09-18 10:16:34.041,411.2415353113555,100
2024-09-18 10:16:34.228,411.26332181472446,9
2024-09-18 10:16:34.261,411.25048663464,99
2024-09-18 10:16:34.298,411.2568145466184,1000
2024-09-18 10:16:34.411,411.2656790477907,10
2024-09-18 10:16:34.432,411.23164604788377,15
2024-09-18 10:16:34.479,411.26044989497774,11
2024-09-18 10:16:34.494,411.2240705355103,5
2024-09-18 10:16:34.568,411.2240658119204,103
2024-09-18 10:16:34.652,411.24821124715805,12
2024-09-18 10:16:34.720,411.244609769282,6
2024-09-18 10:16:34.899,411.2622471421723,99
2024-09-18 10:16:34.923,411.2538919517482,7
2024-09-18 10:16:34.956,411.27400700319606,999
2024-09-18 10:16:35.051,411.19155202089496,102
2024-09-18 10:16:35.140,411.1856245748337,103
2024-09-18 10:16:35.162,411.11865485560617,96
2024-09-18 10:16:35.282,411.12231233801145,105
2024-09-18 10:16:35.321,411.1475119737844,14
2024-09-18 10:16:35.391,411.14078307260274,1004
2024-09-18 10:16:35.447,411.178287815374,105
2024-09-18 10:16:35.509,411.0693592208093,996
2024-09-18 10:16:35.535,411.0833376834008,104
2024-09-18 10:16:35.570,411.1556520199089,104
2024-09-18 10:16:35.582,411.1400468038127,101
2024-09-18 10:16:35.589,411.1379311806671,103
2024-09-18 10:16:35.651,411.2227063630448,999
2024-09-18 10:16:35.662,411.1073128868401,995
2024-09-18 10:16:35.668,411.1320891144012,100
2024-09-18 10:16:35.710,411.0661935807477,99
2024-09-18 10:16:35.711,411.1537178087591,997
2024-09-18 10:16:35.714,411.10435712192447,1002
2024-09-18 10:16:35.764,411.20897187726206,14
2024-09-18 10:16:35.769,411.0444735855984,996
2024-09-18 10:16:35.810,411.1926625572512,100
2024-09-18 10:16:35.845,411.0547774589292,1000
2024-09-18 10:16:35.865,411.169967406984,103
2024-09-18 10:16:35.948,411.2048655283847,101
2024-09-18 10:16:35.997,411.1341530409656,102
2024-09-18 10:16:36.025,411.06686441214623,14
2024-09-18 10:16:36.187,411.1145744203094,6
2024-09-18 10:16:36.273,411.0761416340919,1004
2024-09-18 10:16:36.302,411.1017891383025,998
2024-09-18 10:16:36.418,411.06092982709146,997
2024-09-18 10:16:36.457,411.07943010906007,998
2024-09-18 10:16:36.462,411.0811031450868,997
2024-09-18 10:16:36.566,411.094008430328,5
2024-09-18 10:16:36.609,411.05382259719073,1004
2024-09-18 10:16:36.671,411.0874739959931,996
2024-09-18 10:16:36.709,411.0800851039273,10
2024-09-18 10:16:36.714,411.09005190570105,11
2024-09-18 10:16:36.736,411.1163917213743,98
2024-09-18 10:16:36.767,411.10671672299634,1004
2024-09-18 10:16:36.923,411.1091480349683,103
2024-09-18 10:16:37.016,411.0802675183072,11
2024-09-18 10:16:37.048,411.0885846420055,99
2024-09-18 10:16:37.057,411.078456398998,13
2024-09-18 10:16:37.212,411.1017658648617,997
2024-09-18 10:16:37.215,411.0613156483651,96
2024-09-18 10:16:37.235,411.0900164406034,5
2024-09-18 10:16:37.262,411.068290435443,105
2024-09-18 10:16:37.299,411.0848864671671,104
2024-09-18 10:16:37.300,411.06682367928937,6
2024-09-18 10:16:37.314,411.097262741599,99
2024-09-18 10:16:37.455,411.0529470460978,1001
2024-09-18 10:16:37.499,411.08448001597947,6
2024-09-18 10:16:37.499,411.0963832400949,6
2024-09-18 10:16:37.577,411.0871604820083,15
2024-09-18 10:16:37.585,411.058980350496,13
2024-09-18 10:16:37.599,411.0779199249095,10
2024-09-18 10:16:37.628,411.0426262976488,1002
2024-09-18 10:16:37.698,411.0974744033988,995
2024-09-18 10:16:37.724,411.0753295429972,1004
2024-09-18 10:16:37.945,411.1020283264242,1005
2024-09-18 10:16:38.326,411.073403119526,96
2024-09-18 10:16:38.376,411.0896306218877,8
2024-09-18 10:16:38.708,411.0867624546372,997
2024-09-18 10:16:38.912,411.0763372423875,12
2024-09-18 10:16:38.914,411.0724850973589,10
2024-09-18 10:16:38.991,411.0822066370599,998
2024-09-18 10:16:39.078,411.0981247945154,14
2024-09-18 10:16:39.099,411.0593380942835,99
2024-09-18 10:16:39.105,411.0588789786724,96
2024-09-18 10:16:39.111,411.0589239164818,997
2024-09-18 10:16:39.181,411.03991328980106,99
2024-09-18 10:16:39.201,411.042212732669,100
2024-09-18 10:16:39.209,411.0733849335282,1001
2024-09-18 10:16:39.216,411.0876070381834,996
2024-09-18 10:16:39.236,411.0310046390607,14
2024-09-18 10:16:39.257,411.0116587716503,98
2024-09-18 10:16:39.400,411.0587627082025,98
2024-09-18 10:16:39.519,411.08238434954615,7
2024-09-18 10:16:39.589,411.035817684913,97
2024-09-18 10:16:39.621,411.05905097621655,11
2024-09-18 10:16:39.651,411.0634113142924,104
2024-09-18 10:16:39.662,411.031397321209,6
2024-09-18 10:16:39.810,411.0180897614538,1005
2024-09-18 10:16:39.821,411.02815892639416,1001
2024-09-18 10:16:39.841,411.04671277126056,6
2024-09-18 10:16:39.866,411.0827433109149,7
2024-09-18 10:16:39.950,411.0824292808934,103
2024-09-18 10:16:40.005,411.007193307944,1000
2024-09-18 10:16:40.084,411.06766184167145,104
2024-09-18 10:16:40.141,411.03192173875226,95
2024-09-18 10:16:40.254,411.0093270269722,105
2024-09-18 10:16:40.310,411.0200855706382,95
2024-09-18 10:16:40.362,411.0070895644232,5
2024-09-18 10:16:40.511,411.0588802402701,8
2024-09-18 10:16:40.541,411.0427403101432,8
2024-09-18 10:16:40.752,411.04428035061073,1000
2024-09-18 10:16:40.821,411.0134656827212,996
2024-09-18 10:16:40.853,411.0388582534304,999
2024-09-18 10:16:40.959,411.0157010441473,101
2024-09-18 10:16:40.977,411.0664944853973,104
2024-09-18 10:16:41.039,411.1360493774895,13
2024-09-18 10:16:41.090,411.07357711497554,101
2024-09-18 10:16:41.108,411.159771496834,1004
2024-09-18 10:16:41.121,411.11635917484665,98
2024-09-18 10:16:41.271,411.10375673772296,13
2024-09-18 10:16:41.315,411.0704699670922,13
2024-09-18 10:16:41.376,411.1303758503584,105
2024-09-18 10:16:41.386,411.0619764074557,1003
2024-09-18 10:16:41.402,411.0499347019744,8
2024-09-18 10:16:41.453,411.0826510374728,105
2024-09-18 10:16:41.454,411.0461370627464,13
2024-09-18 10:16:41.467,411.0846974453893,1005
2024-09-18 10:16:41.484,411.11026301900296,1005
2024-09-18 10:16:41.506,411.12292733989005,7
2024-09-18 10:16:41.539,411.0778591620647,1003
2024-09-18 10:16:41.542,411.0752985209591,6
2024-09-18 10:16:41.579,411.05309943271953,8
2024-09-18 10:16:41.581,411.1414114303066,10
2024-09-18 10:16:41.584,411.0449788665277,1005
2024-09-18 10:16:41.616,411.0683732728786,995
2024-09-18 10:16:41.635,411.1720628145409,6
2024-09-18 10:16:41.760,411.0798184559261,9
2024-09-18 10:16:41.815,41.10913750479476,8
2024-09-18 10:16:41.859,411.1256922620512,98
2024-09-18 10:16:41.866,411.1305899635864,7
2024-09-18 10:16:41.869,411.09322387204736,1002
2024-09-18 10:16:41.894,411.1126513285295,8
2024-09-18 10:16:41.944,411.1303922213734,8
2024-09-18 10:16:42.016,411.2613509063876,999
2024-09-18 10:16:42.048,411.2672342237917,95
2024-09-18 10:16:42.073,411.2219006460176,1005
2024-09-18 10:16:42.092,411.27396637796375,6
2024-09-18 10:16:42.133,411.236789978254,15
2024-09-18 10:16:42.153,-411.2933222978214,997
2024-09-18 10:16:42.188,411.2590272546629,98
2024-09-18 10:16:42.302,411.2613242687402,1003
2024-09-18 10:16:42.310,411.2448234384135,1000
2024-09-18 10:16:42.315,411.21502727870063,1001
2024-09-18 10:16:42.352,411.1924169848723,100
2024-09-18 10:16:42.380,411.24537843705946,6
2024-09-18 10:16:42.398,411.2368311593468,99
2024-09-18 10:16:42.431,411.2872880153368,10
2024-09-18 10:16:42.440,411.2340334924692,95
2024-09-18 10:16:42.444,411.2109361382794,10
2024-09-18 10:16:42.580,411.269156445568,6
2024-09-18 10:16:42.658,411.2668634332506,997
2024-09-18 10:16:42.687,411.2139480557438,1000
2024-09-18 10:16:42.795,411.2740705392964,97
2024-09-18 10:16:42.865,411.2629769540986,1003
2024-09-18 10:16:42.869,411.2637570059772,999
2024-09-18 10:16:42.976,411.2242470958438,95
2024-09-18 10:16:43.058,411.244945699323,12
2024-09-18 10:16:43.177,411.2549348802138,5
2024-09-18 10:16:43.177,411.26702563983787,103
2024-09-18 10:16:43.197,411.2372361561021,105
2024-09-18 10:16:43.326,411.2526043343573,8
2024-09-18 10:16:43.352,411.2295871369373,11
2024-09-18 10:16:43.377,411.2652549809084,1001
2024-09-18 10:16:43.477,411.24715992318414,9
2024-09-18 10:16:43.482,411.2716289599493,99
2024-09-18 10:16:43.502,411.237519123806,1000
2024-09-18 10:16:43.621,411.2526817400085,9
2024-09-18 10:16:43.799,411.2368199932002,7
2024-09-18 10:16:43.829,411.2741540915869,6
2024-09-18 10:16:43.887,411.2325561566923,95
2024-09-18 10:16:43.911,411.2591018909093,1003
2024-09-18 10:16:43.949,411.2647876184314,14
2024-09-18 10:16:43.955,411.2479930184913,997
2024-09-18 10:16:43.978,411.2603460259383,1004
2024-09-18 10:16:44.054,411.2301299550565,1002
2024-09-18 10:16:44.081,411.2695248991608,7
2024-09-18 10:16:44.098,411.220243029532,103
2024-09-18 10:16:44.188,411.254307503106,101
2024-09-18 10:16:44.196,411.23026734271104,998
2024-09-18 10:16:44.231,411.2532986614366,99
2024-09-18 10:16:44.246,411.2428772974967,14
2024-09-18 10:16:44.289,411.2160449659825,1004
2024-09-18 10:16:44.303,411.2415669309863,102
2024-09-18 10:16:44.388,411.1945727755475,5
2024-09-18 10:16:44.393,411.2004120367592,12
2024-09-18 10:16:44.409,411.2295957789631,15
2024-09-18 10:16:44.511,411.2200396588534,8
2024-09-18 10:16:44.580,41.124647012915226,998
2024-09-18 10:16:44.585,411.260551225843,8
2024-09-18 10:16:44.785,411.2064874991161,9
2024-09-18 10:16:44.823,411.2160247465743,101
2024-09-18 10:16:44.852,411.2475338251279,998
2024-09-18 10:16:44.965,411.278127827533,999
2024-09-18 10:16:44.966,411.2249663500724,104
2024-09-18 10:16:44.974,411.2173806589883,10
2024-09-18 10:16:44.990,411.1938912524658,998
2024-09-18 10:16:44.998,411.21108002783615,103
2024-09-18 10:16:45.050,411.22409655793047,104
2024-09-18 10:16:45.097,411.2319866091853,103
2024-09-18 10:16:45.106,411.16691618467854,1003
2024-09-18 10:16:45.130,411.1804483023064,1001
2024-09-18 10:16:45.165,,5
2024-09-18 10:16:45.255,411.2213128452562,7
2024-09-18 10:16:45.277,411.1829165718385,103
2024-09-18 10:16:45.319,411.1708493605973,1004
2024-09-18 10:16:45.354,411.1560365844244,103
2024-09-18 10:16:45.374,411.15895599215327,103
2024-09-18 10:16:45.513,411.2332441399279,999
2024-09-18 10:16:45.538,411.23828961864274,103
2024-09-18 10:16:45.643,411.2199188228325,1005
2024-09-18 10:16:45.657,411.2262454045703,100
2024-09-18 10:16:45.677,411.23905301014014,99
2024-09-18 10:16:45.686,411.2029100867804,10
2024-09-18 10:16:45.791,411.23373136661127,1003
2024-09-18 10:16:45.919,411.17137656176527,1005
2024-09-18 10:16:46.089,411.15255305466576,7
2024-09-18 10:16:46.104,411.1378193324323,998
2024-09-18 10:16:46.137,411.1135543449615,995
2024-09-18 10:16:46.191,411.0921729489752,1005
2024-09-18 10:16:46.298,411.10248062112106,12
2024-09-18 10:16:46.318,411.1093498268067,995
2024-09-18 10:16:46.364,411.109337937503,1001
2024-09-18 10:16:46.421,411.10173532879,10
2024-09-18 10:16:46.435,411.1365274770727,1003
2024-09-18 10:16:46.446,411.1299037140213,95
2024-09-18 10:16:46.505,411.1129520660274,97
2024-09-18 10:16:46.606,411.1200057864901,101
2024-09-18 10:16:46.681,411.1509811935129,8
2024-09-18 10:16:46.711,411.1028371673087,995
2024-09-18 10:16:46.728,411.1347706614007,997
2024-09-18 10:16:46.738,411.1641710443921,100
2024-09-18 10:16:46.748,411.1276149620462,100
2024-09-18 10:16:46.758,411.1418772792794,101
2024-09-18 10:16:46.888,411.1046508406436,996
2024-09-18 10:16:46.895,411.1098619369955,1005
2024-09-18 10:16:46.895,411.0921776069923,95
2024-09-18 10:16:46.908,411.1172807641863,999
2024-09-18 10:16:46.932,411.1287758581601,97
2024-09-18 10:16:46.947,411.0913069723592,97
2024-09-18 10:16:46.972,411.1311315763528,1005
2024-09-18 10:16:46.973,411.1007319307296,95
2024-09-18 10:16:47.026,-411.12415241371247,100
2024-09-18 10:16:47.041,411.1425436807991,100
2024-09-18 10:16:47.043,411.1885595213742,96
2024-09-18 10:16:47.101,411.1608423831311,995
2024-09-18 10:16:47.139,411.1427730498289,96
2024-09-18 10:16:47.157,411.098350588802,1001
2024-09-18 10:16:47.187,411.0932798341455,1004
2024-09-18 10:16:47.217,411.12788547827336,997
2024-09-18 10:16:47.251,411.1662417141503,996
2024-09-18 10:16:47.312,411.18378157345467,96
2024-09-18 10:16:47.321,411.1305710200048,13
2024-09-18 10:16:47.473,411.1241408108109,100
2024-09-18 10:16:47.493,411.186284523411,996
2024-09-18 10:16:47.505,411.14662710208864,1001
2024-09-18 10:16:47.506,411.1844484567139,97
2024-09-18 10:16:47.524,411.14570764629065,103
2024-09-18 10:16:47.547,411.1712935098552,997
2024-09-18 10:16:47.606,411.0904682310378,997
2024-09-18 10:16:47.678,411.0787449728096,8
2024-09-18 10:16:47.683,411.18142570217015,102
2024-09-18 10:16:47.689,411.1020952229469,99
2024-09-18 10:16:47.703,411.18248760800105,95
2024-09-18 10:16:47.739,411.1274396670215,1005
2024-09-18 10:16:47.780,411.20303233201946,14
2024-09-18 10:16:47.832,411.1486325210301,8
2024-09-18 10:16:47.960,411.1860055449965,5
2024-09-18 10:16:47.961,411.1050695649065,100
2024-09-18 10:16:47.968,411.1800584063751,15
2024-09-18 10:16:47.975,411.1736193387033,1001
2024-09-18 10:16:48.003,411.1298648427509,7
2024-09-18 10:16:48.113,411.1234013657801,13
2024-09-18 10:16:48.146,41.10955543832248,99
2024-09-18 10:16:48.167,411.1486339140047,996
2024-09-18 10:16:48.238,411.1333832463455,995
2024-09-18 10:16:48.263,411.1253803518578,998
2024-09-18 10:16:48.270,411.13244807249527,96
2024-09-18 10:16:48.277,411.1330789183628,99
2024-09-18 10:16:48.299,411.1173138690141,103
2024-09-18 10:16:48.414,411.1033984625484,100
2024-09-18 10:16:48.417,411.12458969232034,14
2024-09-18 10:16:48.494,411.1363309683176,102
2024-09-18 10:16:48.516,41.114061840112015,102
2024-09-18 10:16:48.744,411.1319198305457,999
2024-09-18 10:16:48.766,411.1074829946059,97
2024-09-18 10:16:48.768,411.1156358636597,102
2024-09-18 10:16:48.806,411.0832919337592,96
2024-09-18 10:16:48.809,411.0998461293052,103
2024-09-18 10:16:48.851,411.1032319813696,1004
2024-09-18 10:16:48.875,411.1421445036548,1002
2024-09-18 10:16:48.878,411.12097660059794,1005
2024-09-18 10:16:48.893,411.1322310085448,97
2024-09-18 10:16:48.900,411.1227905034879,96
2024-09-18 10:16:48.927,411.0947642754123,1002
2024-09-18 10:16:48.954,,7
2024-09-18 10:16:48.989,411.1327441925112,13
2024-09-18 10:16:48.994,411.1029407153638,102
2024-09-18 10:16:49.048,411.0981758853622,997
2024-09-18 10:16:49.052,411.077191327739,998
2024-09-18 10:16:49.053,411.09275633333766,14
2024-09-18 10:16:49.142,411.078493721119,5
2024-09-18 10:16:49.160,411.0879553014117,10
2024-09-18 10:16:49.195,411.1024161199594,10
2024-09-18 10:16:49.224,411.0800971342466,96
2024-09-18 10:16:49.230,411.0806691473978,14
2024-09-18 10:16:49.245,411.0863783448731,13
2024-09-18 10:16:49.274,411.0881730051012,5
2024-09-18 10:16:49.326,411.1081861451824,5
2024-09-18 10:16:49.342,411.097306282877,96
2024-09-18 10:16:49.345,411.0712148494201,96
2024-09-18 10:16:49.353,411.10443013358,1002
2024-09-18 10:16:49.391,411.1071408104646,96
2024-09-18 10:16:49.410,,1001
2024-09-18 10:16:49.512,-411.082886837766,8
2024-09-18 10:16:49.587,411.0919226167797,96
2024-09-18 10:16:49.594,411.1063553459358,14
2024-09-18 10:16:49.644,411.087838121214,5
2024-09-18 10:16:49.749,411.0973995502176,100
2024-09-18 10:16:49.765,411.0918811837553,15
2024-09-18 10:16:49.793,411.1135967206435,1001
2024-09-18 10:16:49.819,411.09301485639617,1001
2024-09-18 10:16:49.832,41.10995099853736,7
2024-09-18 10:16:49.909,411.09121786200734,95
2024-09-18 10:16:49.944,-411.0952717985031,10
2024-09-18 10:16:49.949,41.10721392741191,996
2024-09-18 10:16:50.022,411.01322908316064,995
2024-09-18 10:16:50.035,410.9727789129731,10
2024-09-18 10:16:50.084,410.9936554106257,997
2024-09-18 10:16:50.131,411.11240401962783,6
2024-09-18 10:16:50.141,410.99657239341786,5
2024-09-18 10:16:50.160,411.00942713680286,12
2024-09-18 10:16:50.163,410.9646474039906,105
2024-09-18 10:16:50.180,411.06617860217705,1000
2024-09-18 10:16:50.251,411.02619708897896,13
2024-09-18 10:16:50.262,411.0130710277991,15
2024-09-18 10:16:50.371,411.06731767979886,101
2024-09-18 10:16:50.413,410.9857442355577,8
2024-09-18 10:16:50.414,410.9906049788854,8
2024-09-18 10:16:50.471,411.1153115718912,95
2024-09-18 10:16:50.506,411.1042679374044,10
2024-09-18 10:16:50.550,410.9999116491518,15
2024-09-18 10:16:50.577,411.1132255610382,14
2024-09-18 10:16:50.593,411.11107076834105,15
2024-09-18 10:16:50.614,411.1258745965296,6
2024-09-18 10:16:50.699,411.089939065476,95
2024-09-18 10:16:50.706,411.0010852679638,9
2024-09-18 10:16:50.738,410.9897904567353,14
2024-09-18 10:16:50.815,411.1010848102074,1005
2024-09-18 10:16:50.858,410.99505386484174,995
2024-09-18 10:16:50.909,411.0882771756654,10
2024-09-18 10:16:50.927,411.0320294844504,998
2024-09-18 10:16:50.951,411.0918193348454,12
2024-09-18 10:16:51.013,411.0644886719882,5
2024-09-18 10:16:51.084,410.9568100256761,99
2024-09-18 10:16:51.092,411.0588927147056,1001
2024-09-18 10:16:51.196,411.1186275232325,10
2024-09-18 10:16:51.310,411.0862653024832,997
2024-09-18 10:16:51.338,410.996900973061,997
2024-09-18 10:16:51.386,410.95162411824487,13
2024-09-18 10:16:51.392,410.9852651467519,12
2024-09-18 10:16:51.403,411.1076308922698,9
2024-09-18 10:16:51.457,411.0862897314385,9
2024-09-18 10:16:51.473,411.0009852329708,102
2024-09-18 10:16:51.476,411.1019806941796,105
2024-09-18 10:16:51.569,411.112610239834,10
2024-09-18 10:16:51.642,410.9762618430588,8
2024-09-18 10:16:51.667,411.1168819275807,1000
2024-09-18 10:16:51.733,411.0312179746858,103
2024-09-18 10:16:51.799,411.0788683912279,15
2024-09-18 10:16:51.805,410.9734870066107,102
2024-09-18 10:16:51.938,411.027159976287,12
2024-09-18 10:16:51.963,410.96795530470087,6
2024-09-18 10:16:51.979,411.0091963644607,104
2024-09-18 10:16:51.991,411.0632368945842,1005
2024-09-18 10:16:52.047,411.1645571193512,11
2024-09-18 10:16:52.083,411.2018558735929,998
2024-09-18 10:16:52.090,411.1902013362702,12
2024-09-18 10:16:52.104,411.1537378619318,1000
2024-09-18 10:16:52.140,411.1489020672233,10
2024-09-18 10:16:52.198,411.2441496961992,15
2024-09-18 10:16:52.255,411.1593865878493,100
2024-09-18 10:16:52.464,411.1662183654335,101
2024-09-18 10:16:52.487,411.1512481916805,102
2024-09-18 10:16:52.524,411.147318044204,8
2024-09-18 10:16:52.524,411.1806875054712,10
2024-09-18 10:16:52.541,411.1568758334258,102
2024-09-18 10:16:52.558,411.1445401147866,104
2024-09-18 10:16:52.563,411.200232508299,5
2024-09-18 10:16:52.577,411.17703019981263,5
2024-09-18 10:16:52.595,411.1678219786528,1002
2024-09-18 10:16:52.609,411.1720298680935,999
2024-09-18 10:16:52.632,411.2384531430231,11
2024-09-18 10:16:52.705,411.1872082259689,1005
2024-09-18 10:16:52.737,411.2117876810266,8
2024-09-18 10:16:52.760,411.2205578878698,105
2024-09-18 10:16:52.769,411.1648029486702,5
2024-09-18 10:16:52.791,411.195837893765,103
2024-09-18 10:16:52.830,411.20193641208624,15
2024-09-18 10:16:52.838,411.2360950369294,996
2024-09-18 10:16:52.841,411.16043117835056,1000
2024-09-18 10:16:52.894,411.1480382334268,9
2024-09-18 10:16:52.979,411.1466390626176,11
2024-09-18 10:16:53.070,411.2215085260224,998
2024-09-18 10:16:53.243,411.2456437816353,999
2024-09-18 10:16:53.271,411.2297137050666,7
2024-09-18 10:16:53.299,411.2296663075937,7
2024-09-18 10:16:53.475,411.2363820224099,7
2024-09-18 10:16:53.724,411.2385975761714,14
2024-09-18 10:16:53.782,411.2412127930159,8
2024-09-18 10:16:53.785,411.2416130949392,103
2024-09-18 10:16:53.842,-411.2356793805682,99
2024-09-18 10:16:53.910,411.2397162362769,8
2024-09-18 10:16:53.951,411.2304251832397,1002
2024-09-18 10:16:53.981,411.2368636013889,13
2024-09-18 10:16:54.033,411.32058179787344,6
2024-09-18 10:16:54.090,411.3385545033149,100
2024-09-18 10:16:54.169,411.30873524328086,13
2024-09-18 10:16:54.328,411.29848143022815,6
2024-09-18 10:16:54.354,411.3295500871477,97
2024-09-18 10:16:54.446,411.2904956285691,1005
2024-09-18 10:16:54.500,411.2996620797292,105
2024-09-18 10:16:54.520,411.2852969725464,97
2024-09-18 10:16:54.548,411.2874268893516,995
2024-09-18 10:16:54.549,411.3382278981532,103
2024-09-18 10:16:54.639,411.3635932854995,995
2024-09-18 10:16:54.653,411.3170766831232,95
2024-09-18 10:16:54.654,411.32048302921015,105
2024-09-18 10:16:54.735,411.2518843146459,105
2024-09-18 10:16:54.741,411.3055419309558,995
2024-09-18 10:16:54.753,411.35304426667136,11
2024-09-18 10:16:54.776,411.29507836145456,100
2024-09-18 10:16:54.882,411.2697819686102,1004
2024-09-18 10:16:54.973,411.3462941725653,6
2024-09-18 10:16:54.995,411.2932813654414,996
2024-09-18 10:16:55.139,411.366887212511,15
2024-09-18 10:16:55.375,411.35685148128135,1000
2024-09-18 10:16:55.494,411.3507691928067,97
2024-09-18 10:16:55.524,411.3630441118903,99
2024-09-18 10:16:55.530,411.35454544888273,8
2024-09-18 10:16:55.553,411.3544187941333,104
2024-09-18 10:16:55.641,,103
2024-09-18 10:16:55.741,411.34488894972174,10
2024-09-18 10:16:55.850,411.35056737939743,8
2024-09-18 10:16:55.930,411.3569471040704,1000
2024-09-18 10:16:55.996,411.3552829084556,15
2024-09-18 10:16:56.033,411.3374089121102,96
2024-09-18 10:16:56.123,411.3496757523109,10
2024-09-18 10:16:56.160,411.3220690950806,14
2024-09-18 10:16:56.175,411.3044110231567,997
2024-09-18 10:16:56.191,411.33274377124775,99
2024-09-18 10:16:56.222,411.2976627856363,1004
2024-09-18 10:16:56.225,411.3320802910446,101
2024-09-18 10:16:56.268,411.3407051245044,1004
2024-09-18 10:16:56.280,411.3486320535829,101
2024-09-18 10:16:56.360,411.34474096480216,1001
2024-09-18 10:16:56.477,411.3098171265326,995
2024-09-18 10:16:56.493,411.34582812766746,13
2024-09-18 10:16:56.583,411.2944606064255,100
2024-09-18 10:16:56.676,411.3440971073777,9
2024-09-18 10:16:56.682,411.3163149789879,995
2024-09-18 10:16:56.696,411.33173522741095,1005
2024-09-18 10:16:56.710,411.33469043489424,5
2024-09-18 10:16:56.744,411.3565838247138,10
2024-09-18 10:16:56.793,411.3365505069127,95
2024-09-18 10:16:56.828,411.2826989547355,11
2024-09-18 10:16:56.830,411.3457850317705,98
2024-09-18 10:16:56.834,411.3340126543101,1002
2024-09-18 10:16:56.836,411.3016323168652,1003
2024-09-18 10:16:56.914,411.3553454165032,14
2024-09-18 10:16:56.916,411.33283412482496,1001
2024-09-18 10:16:56.917,411.3281245250629,999
2024-09-18 10:16:56.966,411.3344308516997,7
2024-09-18 10:16:56.987,411.31859892576654,8
2024-09-18 10:16:58.057,411.19546948866827,14
2024-09-18 10:16:58.102,411.189214133196,996
2024-09-18 10:16:58.137,411.1772646920844,96
2024-09-18 10:16:58.148,411.1922564632501,12
2024-09-18 10:16:58.156,411.2441190741889,100
2024-09-18 10:16:58.177,411.2624027235548,10
2024-09-18 10:16:58.191,411.1993360117682,996
2024-09-18 10:16:58.323,411.28646904698775,101
2024-09-18 10:16:58.453,411.18639388338056,14
2024-09-18 10:16:58.481,411.1615827020495,103
2024-09-18 10:16:58.484,411.1746087502568,99
2024-09-18 10:16:58.493,411.1759200926791,97
2024-09-18 10:16:58.544,411.22531789413006,104
2024-09-18 10:16:58.626,411.2104205580557,102
2024-09-18 10:16:58.637,411.1629498979073,98
2024-09-18 10:16:58.649,411.2272253376674,998
2024-09-18 10:16:58.649,411.197379305816,7
2024-09-18 10:16:58.674,411.1974567778825,1003
2024-09-18 10:16:58.705,411.1890761986269,1002
2024-09-18 10:16:58.713,411.15980985399176,103
2024-09-18 10:16:58.724,411.2039444189874,12
2024-09-18 10:16:58.735,411.1621681305583,14
2024-09-18 10:16:58.735,411.1899524460505,102
2024-09-18 10:16:58.765,411.1858664189304,105
2024-09-18 10:16:58.792,411.18544596711,1003
2024-09-18 10:16:58.794,411.1777492016746,101
2024-09-18 10:16:58.795,411.1734457589648,97
2024-09-18 10:16:58.832,411.219296243448,995
2024-09-18 10:16:58.861,411.2171477224171,98
2024-09-18 10:16:58.937,411.1840730132012,99
2024-09-18 10:16:59.004,411.19422898130017,12
2024-09-18 10:16:59.085,411.25221294048407,99
2024-09-18 10:16:59.099,411.1862031469463,8
2024-09-18 10:16:59.106,411.2530421238683,95
2024-09-18 10:16:59.241,411.20650221889946,998
2024-09-18 10:16:59.269,411.2361132925559,96
2024-09-18 10:16:59.286,411.245776283658,102
2024-09-18 10:16:59.394,411.21993216481815,1004
2024-09-18 10:16:59.427,411.185924259451,10
2024-09-18 10:16:59.429,411.1911098026981,6
2024-09-18 10:16:59.471,411.2322615242463,9
2024-09-18 10:16:59.494,411.17845601128056,997
2024-09-18 10:16:59.501,411.1819277307657,14
2024-09-18 10:16:59.550,411.1952813149261,996
2024-09-18 10:16:59.575,411.2240043996635,1001
2024-09-18 10:16:59.587,411.25560990101866,13
2024-09-18 10:16:59.650,411.1832947682105,104
2024-09-18 10:16:59.720,411.19397954346846,104
2024-09-18 10:16:59.723,411.23172448590816,11
2024-09-18 10:16:59.738,411.1931943130824,1001
2024-09-18 10:16:59.804,411.2564338189863,11
2024-09-18 10:16:59.830,411.1937181630737,14
2024-09-18 10:16:59.880,411.17831009687137,1003
2024-09-18 10:16:59.964,411.1942991528402,13
2024-09-18 10:16:59.977,411.2029886734754,11
