Timestamp,Price,Size
2024-09-16 15:44:00.010,415.8439288507898,99
2024-09-16 15:44:00.035,415.7806370815365,95
2024-09-16 15:44:00.104,415.795841740115,95
2024-09-16 15:44:00.120,415.79232933398623,98
2024-09-16 15:44:00.181,415.839032293766,7
2024-09-16 15:44:00.364,415.84216151678095,10
2024-09-16 15:44:00.395,415.8514060887292,1000
2024-09-16 15:44:00.435,415.7966469068628,7
2024-09-16 15:44:00.492,415.85241704559,100
2024-09-16 15:44:00.547,415.8326269131572,1005
2024-09-16 15:44:00.606,415.8613939041932,1005
2024-09-16 15:44:00.621,415.8263474025405,14
2024-09-16 15:44:00.726,415.794879048028,101
2024-09-16 15:44:00.769,415.7984860721152,99
2024-09-16 15:44:00.815,415.8274517142224,999
2024-09-16 15:44:00.825,415.8490346514557,1005
2024-09-16 15:44:00.834,415.8555464713837,105
2024-09-16 15:44:00.835,415.8336009794458,1005
2024-09-16 15:44:00.878,415.84882984354186,995
2024-09-16 15:44:00.948,415.83965743903127,105
2024-09-16 15:44:00.959,415.81652803168015,99
2024-09-16 15:44:01.017,415.8725657149543,14
2024-09-16 15:44:01.036,415.8469164694022,1004
2024-09-16 15:44:01.095,415.80962531021146,999
2024-09-16 15:44:01.220,415.8330339338493,98
2024-09-16 15:44:01.303,415.8615160596073,999
2024-09-16 15:44:01.325,415.7998518718188,104
2024-09-16 15:44:01.551,415.81312333716426,6
2024-09-16 15:44:01.640,415.8303365468836,8
2024-09-16 15:44:01.648,415.8608215288864,995
2024-09-16 15:44:01.753,415.7967501964973,1000
2024-09-16 15:44:01.776,415.869657791828,6
2024-09-16 15:44:01.960,415.8434111525093,5
2024-09-16 15:44:02.457,415.8781007223763,998
2024-09-16 15:44:02.669,415.8825303845552,1002
2024-09-16 15:44:03.048,415.8660941285974,995
2024-09-16 15:44:03.050,415.8506896251127,1004
2024-09-16 15:44:03.089,-415.88472305890855,14
2024-09-16 15:44:03.099,415.8935738250374,98
2024-09-16 15:44:03.183,415.8197101530564,105
2024-09-16 15:44:03.223,415.8638145393684,1005
2024-09-16 15:44:03.270,415.8651665310029,11
2024-09-16 15:44:03.343,415.9060417326333,10
2024-09-16 15:44:03.435,415.8605464420506,995
2024-09-16 15:44:03.463,415.8659794624653,996
2024-09-16 15:44:03.483,415.8219053695979,101
2024-09-16 15:44:03.641,415.84164545623486,1001
2024-09-16 15:44:03.676,415.8798308213471,105
2024-09-16 15:44:03.720,415.8668604012085,1000
2024-09-16 15:44:03.723,415.84624433632376,95
2024-09-16 15:44:03.751,415.9061445980447,6
2024-09-16 15:44:03.755,415.8595138849258,12
2024-09-16 15:44:03.775,415.8429244157456,998
2024-09-16 15:44:03.784,415.8827132531981,98
2024-09-16 15:44:03.789,415.8478624558578,11
2024-09-16 15:44:03.851,415.8321374390275,999
2024-09-16 15:44:03.853,415.8795235164172,1001
2024-09-16 15:44:03.896,415.85660068443246,12
2024-09-16 15:44:03.959,415.8844756722138,104
2024-09-16 15:44:03.962,415.83147350339897,998
2024-09-16 15:44:03.986,415.8804117042847,95
2024-09-16 15:44:03.998,415.8894825917315,101
2024-09-16 15:44:04.001,415.9258621493705,10
2024-09-16 15:44:04.018,415.90873358599055,1000
2024-09-16 15:44:04.028,415.91261736650506,13
2024-09-16 15:44:04.102,415.8834476731568,101
2024-09-16 15:44:04.117,415.90333570811305,6
2024-09-16 15:44:04.172,415.9124720686186,97
2024-09-16 15:44:04.193,415.87952433094335,96
2024-09-16 15:44:04.194,415.8956715359053,10
2024-09-16 15:44:04.213,415.8934008028471,9
2024-09-16 15:44:04.257,415.9229940945503,97
2024-09-16 15:44:04.312,415.9127899992548,5
2024-09-16 15:44:04.334,415.9067376291824,5
2024-09-16 15:44:04.337,415.8912682379836,105
2024-09-16 15:44:04.368,415.9256426474132,6
2024-09-16 15:44:04.384,415.9281243167216,1000
2024-09-16 15:44:04.476,415.88403921439766,1002
2024-09-16 15:44:04.490,415.9140841342679,1002
2024-09-16 15:44:04.494,415.92337730250586,999
2024-09-16 15:44:04.580,415.94184466539167,1000
2024-09-16 15:44:04.639,415.8754597994102,101
2024-09-16 15:44:04.703,415.9091969962595,15
2024-09-16 15:44:04.734,415.9188808427582,1002
2024-09-16 15:44:04.763,415.91864653327366,104
2024-09-16 15:44:04.806,41.59031572279133,12
2024-09-16 15:44:04.994,415.9023416247314,10
2024-09-16 15:44:05.000,415.8634335640245,95
2024-09-16 15:44:05.016,415.88366362914695,95
2024-09-16 15:44:05.064,415.91903758656736,1002
2024-09-16 15:44:05.093,415.9241466321911,10
2024-09-16 15:44:05.119,415.9459081156848,1002
2024-09-16 15:44:05.234,415.8680356601768,6
2024-09-16 15:44:05.287,415.9352186794336,104
2024-09-16 15:44:05.293,415.9030550691066,96
2024-09-16 15:44:05.307,415.9516295198283,9
2024-09-16 15:44:05.344,,12
2024-09-16 15:44:05.364,415.956394658686,100
2024-09-16 15:44:05.380,415.9504265516636,14
2024-09-16 15:44:05.389,415.9284912842807,99
2024-09-16 15:44:05.420,415.9424698739448,99
2024-09-16 15:44:05.432,415.96764997332383,96
2024-09-16 15:44:05.495,415.91036385824447,103
2024-09-16 15:44:05.531,415.9269878616324,995
2024-09-16 15:44:05.536,415.9406959135354,96
2024-09-16 15:44:05.577,415.9341468161879,95
2024-09-16 15:44:05.659,415.95155716013454,995
2024-09-16 15:44:05.686,415.86073152570856,1003
2024-09-16 15:44:05.724,415.9636982075563,1000
2024-09-16 15:44:05.733,415.94611718023225,1004
2024-09-16 15:44:05.733,415.9095872603601,1005
2024-09-16 15:44:05.768,415.9449622598349,999
2024-09-16 15:44:05.823,415.899690330469,1003
2024-09-16 15:44:05.845,415.9654233986332,100
2024-09-16 15:44:05.924,415.967293006759,96
2024-09-16 15:44:05.974,415.9029923117475,995
2024-09-16 15:44:06.022,415.7767595863231,998
2024-09-16 15:44:06.022,415.7805134810287,9
2024-09-16 15:44:06.024,415.76367921880666,997
2024-09-16 15:44:06.035,415.77871393795016,104
2024-09-16 15:44:06.054,415.7256868738708,9
2024-09-16 15:44:06.103,415.7522170055448,13
2024-09-16 15:44:06.206,415.7793780246425,102
2024-09-16 15:44:06.227,415.8262574031264,101
2024-09-16 15:44:06.233,415.7661497569475,1005
2024-09-16 15:44:06.273,415.763399425635,96
2024-09-16 15:44:06.293,415.7573017636453,103
2024-09-16 15:44:06.346,415.7562910542336,1004
2024-09-16 15:44:06.401,,105
2024-09-16 15:44:06.459,415.76672637955215,97
2024-09-16 15:44:06.568,415.7635552375083,12
2024-09-16 15:44:06.622,415.7814896408444,100
2024-09-16 15:44:06.628,415.7570165338959,103
2024-09-16 15:44:06.653,415.7966271142889,1004
2024-09-16 15:44:06.718,415.7402611100097,11
2024-09-16 15:44:06.762,415.7558632277358,1002
2024-09-16 15:44:06.796,415.8500303383621,97
2024-09-16 15:44:06.817,415.769872358566,102
2024-09-16 15:44:06.830,415.7313034323887,995
2024-09-16 15:44:06.839,415.7475961932012,14
2024-09-16 15:44:06.883,415.7607671779082,99
2024-09-16 15:44:07.216,415.75546500962247,5
2024-09-16 15:44:07.401,415.7341536004018,100
2024-09-16 15:44:07.616,415.74481881684767,13
2024-09-16 15:44:07.756,415.7563626063919,1004
2024-09-16 15:44:07.955,415.7242921847613,1001
2024-09-16 15:44:08.388,415.7187779867634,998
2024-09-16 15:44:08.443,415.7358225952793,14
2024-09-16 15:44:08.512,415.7395391871912,1003
2024-09-16 15:44:08.694,416.1143961140186,11
2024-09-16 15:44:08.795,415.74461340955054,103
2024-09-16 15:44:08.804,415.7197669444177,98
2024-09-16 15:44:08.851,415.7480767842384,8
2024-09-16 15:44:09.151,415.7684581682885,8
2024-09-16 15:44:09.151,415.79040212585153,998
2024-09-16 15:44:09.155,415.738612816116,1001
2024-09-16 15:44:09.201,415.7708945202556,98
2024-09-16 15:44:09.277,415.7570708839952,1002
2024-09-16 15:44:09.298,415.7761614195762,8
2024-09-16 15:44:09.309,415.7590062189507,995
2024-09-16 15:44:09.316,415.7569738298264,14
2024-09-16 15:44:09.371,415.77679502039626,998
2024-09-16 15:44:09.416,415.7724395402335,12
2024-09-16 15:44:09.431,415.76165225534186,8
2024-09-16 15:44:09.473,415.7623591602912,997
2024-09-16 15:44:09.477,415.7668105247293,97
2024-09-16 15:44:09.604,415.76656050903273,12
2024-09-16 15:44:09.610,415.7588987586847,98
2024-09-16 15:44:09.694,415.73587509493206,1002
2024-09-16 15:44:09.707,415.7880225531395,8
2024-09-16 15:44:09.731,415.7520992903282,101
2024-09-16 15:44:09.749,415.7886873991445,103
2024-09-16 15:44:09.751,415.7672301153949,999
2024-09-16 15:44:09.766,415.7650187623147,1002
2024-09-16 15:44:09.838,415.7661952146586,1002
2024-09-16 15:44:09.846,415.7473149119441,100
2024-09-16 15:44:09.857,415.7343223878336,1001
2024-09-16 15:44:09.862,415.759769178472,95
2024-09-16 15:44:09.880,415.784573523464,96
2024-09-16 15:44:09.901,415.7751483171036,14
2024-09-16 15:44:09.928,415.7619749527993,95
2024-09-16 15:44:09.959,415.79650981018864,100
2024-09-16 15:44:09.981,415.7663979805802,12
2024-09-16 15:44:10.481,415.7505887476885,1002
2024-09-16 15:44:10.720,415.7453816950454,6
2024-09-16 15:44:10.731,415.74876847379295,1000
2024-09-16 15:44:10.998,-415.7386478141772,1000
2024-09-16 15:44:11.651,415.7622979160631,1000
2024-09-16 15:44:11.978,415.7522155558413,995
2024-09-16 15:44:12.011,415.78001439960815,98
2024-09-16 15:44:12.037,415.7671430194041,102
2024-09-16 15:44:12.042,415.7822818057045,7
2024-09-16 15:44:12.127,415.7868161348404,97
2024-09-16 15:44:12.312,415.76560888345193,5
2024-09-16 15:44:12.313,415.7849357119528,102
2024-09-16 15:44:12.319,415.782890643778,13
2024-09-16 15:44:12.430,415.78539619249,95
2024-09-16 15:44:12.475,415.75550216566256,15
2024-09-16 15:44:12.591,415.76113519328845,13
2024-09-16 15:44:12.601,415.7775880596059,11
2024-09-16 15:44:12.610,415.7722654681803,105
2024-09-16 15:44:12.643,415.74724459405263,1001
2024-09-16 15:44:12.680,416.1213759603976,95
2024-09-16 15:44:12.696,415.7517848637017,14
2024-09-16 15:44:12.742,415.7675251620728,96
2024-09-16 15:44:12.807,415.7579220672852,105
2024-09-16 15:44:12.948,415.7627385563204,96
2024-09-16 15:44:13.022,415.7353734506281,101
2024-09-16 15:44:13.119,415.7268302056455,1004
2024-09-16 15:44:13.147,415.74414558854414,995
2024-09-16 15:44:13.225,415.7484632180965,1000
2024-09-16 15:44:13.241,415.7504307630655,1003
2024-09-16 15:44:13.325,41.57695296361055,996
2024-09-16 15:44:13.337,415.7392452339317,8
2024-09-16 15:44:13.367,415.7379329818469,997
2024-09-16 15:44:13.374,415.79104567298754,15
2024-09-16 15:44:13.385,415.736854397716,97
2024-09-16 15:44:13.396,415.7458935418545,11
2024-09-16 15:44:13.453,415.73609352580695,11
2024-09-16 15:44:13.514,415.7844264218703,6
2024-09-16 15:44:13.958,415.7780996469924,100
2024-09-16 15:44:14.010,415.788565163303,999
2024-09-16 15:44:14.055,415.804449597816,96
2024-09-16 15:44:14.062,415.7023166585577,1001
2024-09-16 15:44:14.182,415.7796856338648,1001
2024-09-16 15:44:14.252,415.7790597421468,8
2024-09-16 15:44:14.275,415.76973448768814,999
2024-09-16 15:44:14.339,415.7709588661033,1005
2024-09-16 15:44:14.356,415.7568295226026,101
2024-09-16 15:44:14.417,415.7875201771847,12
2024-09-16 15:44:14.465,415.7963692419702,102
2024-09-16 15:44:14.517,415.7205143145578,997
2024-09-16 15:44:14.533,415.6878029359257,999
2024-09-16 15:44:14.534,415.791417871049,999
2024-09-16 15:44:14.538,415.7588417519818,5
2024-09-16 15:44:14.540,415.7625479181902,1001
2024-09-16 15:44:14.549,415.7663017294912,9
2024-09-16 15:44:14.583,415.7890990665434,12
2024-09-16 15:44:14.607,415.7748971852107,1005
2024-09-16 15:44:14.729,415.7651298560418,996
2024-09-16 15:44:14.739,415.7837100633967,997
2024-09-16 15:44:14.766,415.772574265504,8
2024-09-16 15:44:14.816,415.70544675324095,102
2024-09-16 15:44:14.819,415.7001413730623,99
2024-09-16 15:44:14.824,415.68703457018194,95
2024-09-16 15:44:14.865,415.778660694374,99
2024-09-16 15:44:14.900,415.7663158882434,97
2024-09-16 15:44:14.917,41.57795102816118,14
2024-09-16 15:44:14.942,415.7791791074511,100
2024-09-16 15:44:14.974,415.7600252277656,95
2024-09-16 15:44:14.999,415.74996898926287,101
2024-09-16 15:44:15.040,415.7215636377639,102
2024-09-16 15:44:15.064,415.7099916003124,6
2024-09-16 15:44:15.183,415.6972533533881,14
2024-09-16 15:44:15.214,415.7083820920333,999
2024-09-16 15:44:15.364,415.69734737498953,104
2024-09-16 15:44:15.381,415.7109862481609,997
2024-09-16 15:44:15.404,415.7006847733518,1001
2024-09-16 15:44:15.427,415.7117603781771,99
2024-09-16 15:44:15.435,415.7336069082623,13
2024-09-16 15:44:15.444,415.7252395964339,13
2024-09-16 15:44:15.501,415.73019325510535,5
2024-09-16 15:44:15.504,415.7247195323316,997
2024-09-16 15:44:15.514,415.71599436858287,999
2024-09-16 15:44:15.592,415.7084969035061,98
2024-09-16 15:44:15.607,415.7197263651959,11
2024-09-16 15:44:15.679,415.719801667968,105
2024-09-16 15:44:15.686,415.7107036821981,11
2024-09-16 15:44:15.805,415.717935055462,9
2024-09-16 15:44:15.895,415.7133440368797,99
2024-09-16 15:44:16.013,415.7353251323095,999
2024-09-16 15:44:16.023,415.71659353796537,1000
2024-09-16 15:44:16.063,415.7166598358775,99
2024-09-16 15:44:16.287,415.7370453233396,101
2024-09-16 15:44:16.297,,98
2024-09-16 15:44:16.298,415.6799438927664,1005
2024-09-16 15:44:16.402,415.72751924163407,9
2024-09-16 15:44:16.549,415.7150386859902,11
2024-09-16 15:44:16.555,415.7449893303553,997
2024-09-16 15:44:16.673,415.73493277058384,999
2024-09-16 15:44:16.739,415.7034051582593,15
2024-09-16 15:44:16.759,415.7389507522105,8
2024-09-16 15:44:16.768,415.720801652183,995
2024-09-16 15:44:17.011,415.6771878401321,97
2024-09-16 15:44:17.015,415.720649026811,1001
2024-09-16 15:44:17.015,415.73283740675566,1004
2024-09-16 15:44:17.020,415.7464733710893,8
2024-09-16 15:44:17.027,415.6617426396012,99
2024-09-16 15:44:17.040,416.2902799118896,1000
2024-09-16 15:44:17.041,415.7170693143654,12
2024-09-16 15:44:17.146,415.6985236670018,8
2024-09-16 15:44:17.162,415.74103958221394,95
2024-09-16 15:44:17.168,415.6808176618948,100
2024-09-16 15:44:17.169,415.6998023577556,9
2024-09-16 15:44:17.215,415.6758141572912,11
2024-09-16 15:44:17.235,415.6682126699747,1005
2024-09-16 15:44:17.280,415.6895189623163,10
2024-09-16 15:44:17.299,415.72721625091225,5
2024-09-16 15:44:17.363,415.6494926173307,14
2024-09-16 15:44:17.483,415.7179416150988,100
2024-09-16 15:44:17.520,415.7405916602422,12
2024-09-16 15:44:17.588,415.70339088391495,99
2024-09-16 15:44:17.596,415.7134096743863,13
2024-09-16 15:44:17.600,415.7047997715295,11
2024-09-16 15:44:17.602,415.71543016564,996
2024-09-16 15:44:17.608,415.68513455954,1005
2024-09-16 15:44:17.610,415.7176989476504,999
2024-09-16 15:44:17.806,415.6904987126573,1001
2024-09-16 15:44:17.845,416.2753216948593,96
2024-09-16 15:44:17.884,415.6755747261714,995
2024-09-16 15:44:17.900,415.714089523836,1000
2024-09-16 15:44:17.940,415.7364646228097,13
2024-09-16 15:44:17.968,415.7257466799651,996
2024-09-16 15:44:17.971,415.7122251903393,995
2024-09-16 15:44:17.983,415.6593034038624,1001
2024-09-16 15:44:18.144,415.69629874626025,6
2024-09-16 15:44:18.259,,8
2024-09-16 15:44:18.313,415.7002326292388,102
2024-09-16 15:44:18.347,415.6888601299968,11
2024-09-16 15:44:18.379,415.715255222653,14
2024-09-16 15:44:18.387,415.71445225784095,97
2024-09-16 15:44:18.419,415.7192827095805,104
2024-09-16 15:44:18.434,415.7040244521884,99
2024-09-16 15:44:18.436,415.7074952637596,1003
2024-09-16 15:44:18.539,415.72730711878137,96
2024-09-16 15:44:18.557,415.7068941350598,995
2024-09-16 15:44:18.563,415.7356201497397,100
2024-09-16 15:44:18.584,415.7278394677174,1002
2024-09-16 15:44:18.626,415.7087131889816,1003
2024-09-16 15:44:18.640,415.6718607242008,10
2024-09-16 15:44:18.655,415.7331937345638,1001
2024-09-16 15:44:18.655,415.6953781351051,1001
2024-09-16 15:44:18.660,415.7288040850492,995
2024-09-16 15:44:18.750,415.7136781084663,96
2024-09-16 15:44:18.751,415.6967766328455,999
2024-09-16 15:44:18.813,415.7279639436761,103
2024-09-16 15:44:18.836,415.6952811500279,1003
2024-09-16 15:44:18.881,415.6818087944339,8
2024-09-16 15:44:18.919,415.7408528486003,102
2024-09-16 15:44:18.944,415.7325058571316,1000
2024-09-16 15:44:18.969,415.7038410483853,6
2024-09-16 15:44:18.972,415.6958182381139,6
2024-09-16 15:44:18.979,415.7153612250475,9
2024-09-16 15:44:19.554,415.70698000136827,1002
2024-09-16 15:44:19.731,415.6943710584247,6
2024-09-16 15:44:19.984,415.7122245073219,12
2024-09-16 15:44:20.023,415.68930286740607,996
2024-09-16 15:44:20.052,415.69514152452274,1000
2024-09-16 15:44:20.091,415.6834278147278,14
2024-09-16 15:44:20.099,415.6653728767076,1004
2024-09-16 15:44:20.110,415.6756620503305,102
2024-09-16 15:44:20.150,415.7016757554443,1003
2024-09-16 15:44:20.156,415.70288313491983,1000
2024-09-16 15:44:20.209,415.6878280140059,996
2024-09-16 15:44:20.233,415.6858577405,996
2024-09-16 15:44:20.251,415.6874774749887,99
2024-09-16 15:44:20.309,415.6822791598687,15
2024-09-16 15:44:20.312,415.693867200596,1002
2024-09-16 15:44:20.445,415.7008536798453,103
2024-09-16 15:44:20.550,-415.6721499664403,102
2024-09-16 15:44:20.555,415.6488264407211,12
2024-09-16 15:44:20.558,415.6818466875325,13
2024-09-16 15:44:20.565,415.6796453799829,1001
2024-09-16 15:44:20.603,415.67254062240926,97
2024-09-16 15:44:20.619,415.707880920213,1004
2024-09-16 15:44:20.685,415.6657679496036,11
2024-09-16 15:44:20.691,415.6784933085288,999
2024-09-16 15:44:20.711,415.6462868255486,998
2024-09-16 15:44:20.744,415.692043065994,997
2024-09-16 15:44:20.810,415.69500217639296,14
2024-09-16 15:44:20.842,415.6626033187477,999
2024-09-16 15:44:20.894,415.6615790342442,103
2024-09-16 15:44:21.017,415.72317826804,9
2024-09-16 15:44:21.160,415.7156086617253,1003
2024-09-16 15:44:21.196,415.72738358800814,101
2024-09-16 15:44:21.282,415.671959162219,103
2024-09-16 15:44:21.328,415.74828271651353,98
2024-09-16 15:44:21.430,415.7447653251335,1000
2024-09-16 15:44:21.466,415.7123413067951,995
2024-09-16 15:44:21.518,415.7058832913993,99
2024-09-16 15:44:21.613,-415.7218698758579,102
2024-09-16 15:44:21.615,415.69931652963805,97
2024-09-16 15:44:21.636,415.7065707672424,8
2024-09-16 15:44:21.655,415.7584105826457,10
2024-09-16 15:44:21.680,415.7154535240475,1003
2024-09-16 15:44:21.747,415.7076795252052,9
2024-09-16 15:44:21.762,415.71541910712494,100
2024-09-16 15:44:21.788,415.7498535500762,1005
2024-09-16 15:44:21.817,415.6715407243898,998
2024-09-16 15:44:21.904,415.7005740927871,101
2024-09-16 15:44:21.907,415.7562950329594,9
2024-09-16 15:44:21.929,415.6687128149672,1005
2024-09-16 15:44:21.973,415.68037761280175,96
2024-09-16 15:44:21.976,415.70593233277,1003
2024-09-16 15:44:21.978,415.7266172948836,5
2024-09-16 15:44:22.426,415.7417429842343,1005
2024-09-16 15:44:22.698,415.7497513911349,995
2024-09-16 15:44:22.720,415.7577260379417,999
2024-09-16 15:44:22.787,415.7631899044057,1004
2024-09-16 15:44:22.884,415.753979150895,995
2024-09-16 15:44:22.893,415.74630978504285,15
2024-09-16 15:44:22.897,415.7457904577303,96
2024-09-16 15:44:23.024,415.6749591563846,98
2024-09-16 15:44:23.045,415.7504941337545,98
2024-09-16 15:44:23.059,415.7234353722274,100
2024-09-16 15:44:23.100,415.71737910249175,10
2024-09-16 15:44:23.155,415.6803291288358,15
2024-09-16 15:44:23.182,415.70550369196746,99
2024-09-16 15:44:23.184,415.66206400887296,6
2024-09-16 15:44:23.200,415.6835879847572,95
2024-09-16 15:44:23.209,415.75040097318345,1004
2024-09-16 15:44:23.219,415.75715940590726,11
2024-09-16 15:44:23.223,415.71630855553065,105
2024-09-16 15:44:23.261,415.6840509157266,96
2024-09-16 15:44:23.437,415.7538400510856,95
2024-09-16 15:44:23.517,415.7301062786661,1001
2024-09-16 15:44:23.552,415.6965497893548,7
2024-09-16 15:44:23.573,415.7005672379089,5
2024-09-16 15:44:23.618,415.6744785201994,98
2024-09-16 15:44:23.626,415.71793891841577,98
2024-09-16 15:44:23.673,415.7725828087469,996
2024-09-16 15:44:23.701,415.7718372712532,1002
2024-09-16 15:44:23.824,415.689186059576,11
2024-09-16 15:44:23.825,415.6835279571731,999
2024-09-16 15:44:23.885,415.6668913511668,1002
2024-09-16 15:44:23.928,415.77412183906586,997
2024-09-16 15:44:23.930,415.6903277196448,95
2024-09-16 15:44:23.935,41.56703016523475,14
2024-09-16 15:44:23.954,415.7674955804028,12
2024-09-16 15:44:23.966,415.6922908055469,100
2024-09-16 15:44:24.038,415.7708388379147,11
2024-09-16 15:44:24.064,415.7787462405688,995
2024-09-16 15:44:24.073,415.76899287654527,1005
2024-09-16 15:44:24.081,415.7627625190441,11
2024-09-16 15:44:24.093,415.7462458480081,104
2024-09-16 15:44:24.097,415.77348688553553,10
2024-09-16 15:44:24.131,415.7824272700166,997
2024-09-16 15:44:24.154,415.7665274451095,7
2024-09-16 15:44:24.209,415.766201189038,998
2024-09-16 15:44:24.259,415.79533396337735,95
2024-09-16 15:44:24.263,415.7669271815135,9
2024-09-16 15:44:24.274,415.78163418861857,999
2024-09-16 15:44:24.277,415.7853770848388,98
2024-09-16 15:44:24.443,415.7740941904872,995
2024-09-16 15:44:24.474,415.7928912288829,96
2024-09-16 15:44:24.481,415.7651684566023,996
2024-09-16 15:44:24.613,415.7953410619213,1001
2024-09-16 15:44:24.695,415.77832627740895,1004
2024-09-16 15:44:24.765,415.7583361442099,1005
2024-09-16 15:44:24.811,415.7403391781602,15
2024-09-16 15:44:25.017,415.7135203443662,996
2024-09-16 15:44:25.022,415.6842677253287,5
2024-09-16 15:44:25.072,415.71333122139873,9
2024-09-16 15:44:25.099,415.7569449845281,10
2024-09-16 15:44:25.188,415.78984274469246,6
2024-09-16 15:44:25.250,415.7680065481237,13
2024-09-16 15:44:25.271,415.7729730070848,96
2024-09-16 15:44:25.273,415.6987955152073,104
2024-09-16 15:44:25.276,415.7857286845685,95
2024-09-16 15:44:25.316,415.6997728219751,996
2024-09-16 15:44:25.717,415.7844357121446,98
2024-09-16 15:44:25.918,415.7938170629222,8
2024-09-16 15:44:26.032,,13
2024-09-16 15:44:26.034,415.67871788276943,99
2024-09-16 15:44:26.131,415.67447989634354,995
2024-09-16 15:44:26.144,415.66849620333886,9
2024-09-16 15:44:26.192,415.6824882674092,1004
2024-09-16 15:44:26.247,415.6576793838273,9
2024-09-16 15:44:26.281,415.6867301346885,996
2024-09-16 15:44:26.287,415.66204530965206,1005
2024-09-16 15:44:26.296,415.6921713208326,7
2024-09-16 15:44:26.315,415.6682947944525,14
2024-09-16 15:44:26.322,415.6722887510247,101
2024-09-16 15:44:26.331,416.1913144905028,8
2024-09-16 15:44:26.331,415.6625688579084,1000
2024-09-16 15:44:26.355,415.6672839325581,14
2024-09-16 15:44:26.422,415.6802017044741,15
2024-09-16 15:44:26.439,-415.6943664424052,998
2024-09-16 15:44:26.448,415.6682046391121,8
2024-09-16 15:44:26.665,415.6808656619793,100
2024-09-16 15:44:26.713,415.6751014904792,103
2024-09-16 15:44:26.786,415.7044213669561,12
2024-09-16 15:44:26.861,415.67431627824817,1000
2024-09-16 15:44:26.955,415.6800458910692,6
2024-09-16 15:44:27.005,415.6572433920679,14
2024-09-16 15:44:27.153,415.6618591934487,10
2024-09-16 15:44:27.294,415.6911500537748,98
2024-09-16 15:44:27.391,415.6910324286664,97
2024-09-16 15:44:27.600,415.6737934230288,1003
2024-09-16 15:44:27.672,415.639485276652,995
2024-09-16 15:44:27.883,415.6694752225318,103
2024-09-16 15:44:28.074,415.711720794915,1002
2024-09-16 15:44:28.081,-415.7083431921269,12
2024-09-16 15:44:28.123,415.6838368540433,1001
2024-09-16 15:44:28.181,415.64320054166507,995
2024-09-16 15:44:28.244,415.7209753349789,10
2024-09-16 15:44:28.247,415.65970816462846,101
2024-09-16 15:44:28.257,415.7063754414807,96
2024-09-16 15:44:28.287,415.7004804553707,1001
2024-09-16 15:44:28.420,415.7210542650884,1001
2024-09-16 15:44:28.705,415.7128340574016,104
2024-09-16 15:44:28.707,416.08944570803305,1003
2024-09-16 15:44:28.774,415.6817040932039,8
2024-09-16 15:44:28.807,415.7259427229614,102
2024-09-16 15:44:28.814,415.71072500524207,96
2024-09-16 15:44:28.963,415.6852046458789,997
2024-09-16 15:44:29.011,415.5870325401002,96
2024-09-16 15:44:29.019,415.6322244792678,103
2024-09-16 15:44:29.040,415.5894450877474,996
2024-09-16 15:44:29.137,415.5958571103136,1000
2024-09-16 15:44:29.149,415.5951215986644,101
2024-09-16 15:44:29.151,415.5856633637333,10
2024-09-16 15:44:29.158,415.5910047088052,97
2024-09-16 15:44:29.172,415.58270451316537,997
2024-09-16 15:44:29.218,415.5854082518951,15
2024-09-16 15:44:29.281,415.58907581787696,14
2024-09-16 15:44:29.346,415.58287046919776,999
2024-09-16 15:44:29.543,415.6163217338172,101
2024-09-16 15:44:29.808,415.5908511353344,15
2024-09-16 15:44:29.836,415.5885898260341,6
2024-09-16 15:44:29.890,415.597114001622,102
2024-09-16 15:44:29.995,415.5858854843561,10
2024-09-16 15:44:30.470,415.55639426014136,1004
2024-09-16 15:44:30.561,415.5797761277015,95
2024-09-16 15:44:30.835,415.5772365951023,100
2024-09-16 15:44:30.932,415.5459583340896,999
2024-09-16 15:44:31.036,415.5425877082152,6
2024-09-16 15:44:31.051,415.5058606783865,13
2024-09-16 15:44:31.056,415.5026218862784,105
2024-09-16 15:44:31.110,415.5149782874637,12
2024-09-16 15:44:31.193,415.40890007591713,5
2024-09-16 15:44:31.236,415.5338581916509,1004
2024-09-16 15:44:31.296,415.48914302206606,103
2024-09-16 15:44:31.504,415.5401185308286,1005
2024-09-16 15:44:31.527,415.5245891550378,1000
2024-09-16 15:44:31.555,415.45257140123095,100
2024-09-16 15:44:31.715,415.5341105386062,1002
2024-09-16 15:44:31.763,415.5372403922765,9
2024-09-16 15:44:31.777,415.5164079741038,12
2024-09-16 15:44:31.787,415.439810923504,15
2024-09-16 15:44:31.797,415.4581775009531,1004
2024-09-16 15:44:31.866,415.4270931672575,105
2024-09-16 15:44:31.883,415.5466346704338,104
2024-09-16 15:44:31.960,415.4256482575833,105
2024-09-16 15:44:31.999,415.50508049443744,100
2024-09-16 15:44:32.625,415.4252229161036,96
2024-09-16 15:44:32.669,415.4262498985355,96
2024-09-16 15:44:32.803,415.4408727088343,1001
2024-09-16 15:44:33.028,415.44680402369903,101
2024-09-16 15:44:33.265,415.44131817210814,1005
2024-09-16 15:44:33.461,415.43217851004687,996
2024-09-16 15:44:33.535,415.45061811480826,1003
2024-09-16 15:44:33.548,415.44969149220543,101
2024-09-16 15:44:33.565,415.452143417143,5
2024-09-16 15:44:33.645,415.4252821397655,100
2024-09-16 15:44:33.717,415.4424539169693,14
2024-09-16 15:44:33.876,415.4545159344573,1004
2024-09-16 15:44:33.881,415.4507613729211,5
2024-09-16 15:44:34.010,415.4294966545701,97
2024-09-16 15:44:34.068,415.4146530249898,9
2024-09-16 15:44:34.223,415.43910000021737,8
2024-09-16 15:44:34.290,415.4375915088296,102
2024-09-16 15:44:34.406,415.431190642353,997
2024-09-16 15:44:34.442,415.4444958470355,10
2024-09-16 15:44:34.447,415.4130405718643,995
2024-09-16 15:44:34.477,415.42057853266255,95
2024-09-16 15:44:34.504,415.4142781382257,995
2024-09-16 15:44:34.531,415.4350028921499,97
2024-09-16 15:44:34.586,415.4223872147423,10
2024-09-16 15:44:34.602,415.4585968744338,6
2024-09-16 15:44:34.623,415.42813000197606,14
2024-09-16 15:44:34.623,415.3944864762968,8
2024-09-16 15:44:34.712,415.42736455484135,98
2024-09-16 15:44:34.860,415.4224585470985,104
2024-09-16 15:44:34.973,415.4151820532852,104
2024-09-16 15:44:35.158,415.4221544530255,6
2024-09-16 15:44:35.219,415.42374298786086,97
2024-09-16 15:44:35.402,415.4368489496264,15
2024-09-16 15:44:35.422,415.40703468421566,99
2024-09-16 15:44:35.509,415.4239763778655,9
2024-09-16 15:44:35.543,415.40759147308927,8
2024-09-16 15:44:35.655,415.4136012618477,105
2024-09-16 15:44:35.742,415.4212451709647,995
2024-09-16 15:44:35.827,41.54155316451288,15
2024-09-16 15:44:36.083,415.4274877884792,12
2024-09-16 15:44:36.087,415.30712083091936,1005
2024-09-16 15:44:36.171,415.4295036878863,1002
2024-09-16 15:44:36.278,415.3617240798706,95
2024-09-16 15:44:36.394,415.3668820043149,997
2024-09-16 15:44:36.401,415.349762404791,1005
2024-09-16 15:44:36.457,415.34752136649735,1005
2024-09-16 15:44:36.581,415.37570086943776,101
2024-09-16 15:44:36.610,415.4168603365281,10
2024-09-16 15:44:36.694,415.4101368963404,6
2024-09-16 15:44:36.704,415.40668723281993,99
2024-09-16 15:44:36.736,415.3500574894708,102
2024-09-16 15:44:36.760,415.4026089228132,104
2024-09-16 15:44:36.817,415.4299648396488,995
2024-09-16 15:44:36.893,415.4164936622527,8
2024-09-16 15:44:36.920,415.3124303238624,100
2024-09-16 15:44:37.010,415.3291966365376,11
2024-09-16 15:44:37.043,415.3061553965868,96
2024-09-16 15:44:37.050,415.2425948298823,1001
2024-09-16 15:44:37.101,415.29951827293,995
2024-09-16 15:44:37.111,415.3015782468837,998
2024-09-16 15:44:37.161,415.2431564619537,95
2024-09-16 15:44:37.187,415.2960476954796,97
2024-09-16 15:44:37.200,415.2504980447495,97
2024-09-16 15:44:37.222,415.26139919966255,1002
2024-09-16 15:44:37.265,415.31910428334095,1005
2024-09-16 15:44:37.273,415.2949233207042,13
2024-09-16 15:44:37.276,415.2341807725035,105
2024-09-16 15:44:37.375,415.3109608394464,105
2024-09-16 15:44:37.377,415.2814266983775,998
2024-09-16 15:44:37.387,415.2942963457343,15
2024-09-16 15:44:37.433,41.53013283471295,101
2024-09-16 15:44:37.532,415.3099629159078,11
2024-09-16 15:44:37.536,415.3164236616679,15
2024-09-16 15:44:37.543,415.2817623163713,101
2024-09-16 15:44:37.547,415.33044732569647,103
2024-09-16 15:44:37.567,415.2770183465995,14
2024-09-16 15:44:37.608,415.2618651894717,15
2024-09-16 15:44:37.645,415.3108863352649,1001
2024-09-16 15:44:37.736,415.31994486968136,998
2024-09-16 15:44:37.885,415.2776689960312,99
2024-09-16 15:44:37.919,415.2683661399761,100
2024-09-16 15:44:37.919,415.31566108883385,1002
2024-09-16 15:44:37.997,415.2865591978373,97
2024-09-16 15:44:38.116,415.2126005580501,1000
2024-09-16 15:44:38.249,415.2032777958843,96
2024-09-16 15:44:38.288,415.2169106459549,104
2024-09-16 15:44:38.327,415.21460620927263,10
2024-09-16 15:44:38.429,415.2302358017727,1002
2024-09-16 15:44:38.433,415.2561708880099,1002
2024-09-16 15:44:38.554,415.2152530543413,12
2024-09-16 15:44:38.631,415.235808828542,15
2024-09-16 15:44:38.715,415.1844844059646,996
2024-09-16 15:44:38.736,415.18292071302346,996
2024-09-16 15:44:38.848,,13
2024-09-16 15:44:38.863,415.2071179867563,1005
2024-09-16 15:44:38.932,,1005
2024-09-16 15:44:38.963,415.25351461615406,95
2024-09-16 15:44:39.175,415.2021609986772,101
2024-09-16 15:44:39.216,415.239578993289,15
2024-09-16 15:44:39.264,415.1886159093069,998
2024-09-16 15:44:39.560,415.1875314849596,996
2024-09-16 15:44:39.878,415.1927962480439,997
2024-09-16 15:44:40.125,415.2268334802546,97
2024-09-16 15:44:40.145,415.2194249948407,1004
2024-09-16 15:44:40.184,-415.2427585634418,101
2024-09-16 15:44:40.194,415.2400001642733,10
2024-09-16 15:44:40.215,415.2176351594914,102
2024-09-16 15:44:40.226,415.2289479823353,104
2024-09-16 15:44:40.270,415.22455812746654,100
2024-09-16 15:44:40.295,415.2286369005896,95
2024-09-16 15:44:40.354,415.2418273971729,10
2024-09-16 15:44:40.377,415.2150269040695,1002
2024-09-16 15:44:40.383,415.251887301296,104
2024-09-16 15:44:40.465,415.2093714885544,99
2024-09-16 15:44:40.511,415.25630984764007,1001
2024-09-16 15:44:40.520,415.2305340202709,14
2024-09-16 15:44:40.547,415.2521538954227,96
2024-09-16 15:44:40.550,415.21101173421823,14
2024-09-16 15:44:40.670,415.2424411084856,996
2024-09-16 15:44:40.734,415.2404466440615,996
2024-09-16 15:44:40.752,415.2377795759944,98
2024-09-16 15:44:40.822,415.2230805901783,1002
2024-09-16 15:44:40.867,415.25129712662607,996
2024-09-16 15:44:40.893,415.2406396367276,1005
2024-09-16 15:44:41.115,415.2302877886742,7
2024-09-16 15:44:41.138,415.2083373528535,997
2024-09-16 15:44:41.205,415.2453645877883,8
2024-09-16 15:44:41.265,415.229168608044,15
2024-09-16 15:44:41.365,415.2418109750044,14
2024-09-16 15:44:41.367,415.2107097375947,9
2024-09-16 15:44:41.378,415.2099426813164,14
2024-09-16 15:44:41.381,415.20825016285454,5
2024-09-16 15:44:41.393,415.2340949708517,10
2024-09-16 15:44:41.394,415.2249901150674,12
2024-09-16 15:44:41.427,415.2073850818052,997
2024-09-16 15:44:41.465,415.2245681925652,1004
2024-09-16 15:44:41.520,415.1935464937063,998
2024-09-16 15:44:41.620,415.1901812835061,104
2024-09-16 15:44:41.644,415.231515748931,11
2024-09-16 15:44:41.741,415.23258295013466,5
2024-09-16 15:44:41.753,415.24281684057286,14
2024-09-16 15:44:41.804,415.221163089001,998
2024-09-16 15:44:41.930,415.2283939311088,1000
2024-09-16 15:44:41.984,415.2022511514638,15
2024-09-16 15:44:42.097,415.2351685918308,10
2024-09-16 15:44:42.111,415.18312113254126,101
2024-09-16 15:44:42.112,415.2467276021047,99
2024-09-16 15:44:42.133,415.2237276956484,1003
2024-09-16 15:44:42.151,415.186205493936,999
2024-09-16 15:44:42.237,415.20733491455695,8
2024-09-16 15:44:42.308,415.194266901079,999
2024-09-16 15:44:42.353,415.2281171971752,96
2024-09-16 15:44:42.374,415.1970794531187,8
2024-09-16 15:44:42.378,415.2172910511893,97
2024-09-16 15:44:42.718,415.186475816517,100
2024-09-16 15:44:42.737,415.2091841299092,1004
2024-09-16 15:44:42.743,415.21528251633737,102
2024-09-16 15:44:42.911,415.2411337865042,11
2024-09-16 15:44:42.991,415.2166437629221,7
2024-09-16 15:44:43.026,415.25326500329385,1004
2024-09-16 15:44:43.073,415.24174973740577,95
2024-09-16 15:44:43.116,415.2523474383561,1001
2024-09-16 15:44:43.125,415.23234649989615,1005
2024-09-16 15:44:43.167,415.2519024163069,11
2024-09-16 15:44:43.268,415.2625356625365,6
2024-09-16 15:44:43.299,415.2581100158343,1000
2024-09-16 15:44:43.581,415.244704215049,6
2024-09-16 15:44:43.589,415.2368028466922,998
2024-09-16 15:44:43.615,415.2347665131006,8
2024-09-16 15:44:43.634,415.2384397067693,102
2024-09-16 15:44:43.752,415.2195209321396,14
2024-09-16 15:44:43.783,415.2442348733583,96
2024-09-16 15:44:43.801,415.2457867122214,1003
2024-09-16 15:44:44.074,415.2322011982711,7
2024-09-16 15:44:44.203,415.2376152663526,995
2024-09-16 15:44:44.353,415.2457483680198,1000
2024-09-16 15:44:44.479,415.2308248248953,99
2024-09-16 15:44:44.673,415.2413496221061,996
2024-09-16 15:44:44.893,415.23786281420814,8
2024-09-16 15:44:44.925,415.23557443427,8
2024-09-16 15:44:45.092,,995
2024-09-16 15:44:45.201,415.2344297582413,103
2024-09-16 15:44:45.219,415.24151807126606,105
2024-09-16 15:44:45.515,415.2561832565112,13
2024-09-16 15:44:45.577,416.4362753771,1000
2024-09-16 15:44:45.603,415.2511817408392,998
2024-09-16 15:44:45.668,415.2495579112676,104
2024-09-16 15:44:45.699,415.2533035959259,10
2024-09-16 15:44:45.729,415.2405145523022,1000
2024-09-16 15:44:46.063,415.225051324739,96
2024-09-16 15:44:46.268,,103
2024-09-16 15:44:46.317,415.2266087595284,99
2024-09-16 15:44:46.400,415.21568961688047,98
2024-09-16 15:44:46.508,415.22797082292897,97
2024-09-16 15:44:46.533,415.23448469384687,12
2024-09-16 15:44:46.628,415.2112214968778,11
2024-09-16 15:44:46.687,415.2296136714336,6
2024-09-16 15:44:46.928,415.22719378121934,98
2024-09-16 15:44:46.990,415.2179419963494,11
2024-09-16 15:44:47.006,415.1922197318054,12
2024-09-16 15:44:47.092,415.216762209478,8
2024-09-16 15:44:47.130,415.17684723216007,1000
2024-09-16 15:44:47.149,415.1435204149048,1003
2024-09-16 15:44:47.198,415.21413165356455,96
2024-09-16 15:44:47.220,415.2038386480608,1004
2024-09-16 15:44:47.249,415.1920652635149,101
2024-09-16 15:44:47.366,415.1687810520848,10
2024-09-16 15:44:47.377,415.186501230287,1001
2024-09-16 15:44:47.379,415.19929697769095,9
2024-09-16 15:44:47.389,415.1931094510468,5
2024-09-16 15:44:47.457,415.2250552741154,98
2024-09-16 15:44:47.472,415.1417548291664,11
2024-09-16 15:44:47.570,415.1545630825896,995
2024-09-16 15:44:47.576,415.2001022188964,14
2024-09-16 15:44:47.601,415.1811299058027,14
2024-09-16 15:44:47.612,415.1904781451973,101
2024-09-16 15:44:47.618,415.1613756500047,996
2024-09-16 15:44:47.660,415.16557475767,1001
2024-09-16 15:44:47.707,415.2053612827481,1001
2024-09-16 15:44:47.758,415.1983724929415,103
2024-09-16 15:44:47.819,415.1656926278798,1004
2024-09-16 15:44:47.825,415.1953338154902,997
2024-09-16 15:44:47.858,415.1690876493639,11
2024-09-16 15:44:47.962,415.2305730695031,98
2024-09-16 15:44:47.988,,105
2024-09-16 15:44:48.986,415.179892441656,1003
2024-09-16 15:44:49.047,415.1704671904167,1005
2024-09-16 15:44:49.111,415.2014481318347,100
2024-09-16 15:44:49.168,415.1857214786576,103
2024-09-16 15:44:49.182,415.2210723658071,13
2024-09-16 15:44:49.213,415.1708539796344,99
2024-09-16 15:44:49.322,415.2078634059764,14
2024-09-16 15:44:49.415,415.21196521026894,8
2024-09-16 15:44:49.516,415.2208192615689,996
2024-09-16 15:44:49.546,415.2009164217184,1005
2024-09-16 15:44:49.581,415.200436999337,97
2024-09-16 15:44:49.590,415.2006196863054,10
2024-09-16 15:44:49.606,415.1676243817083,99
2024-09-16 15:44:49.609,415.1874235337462,99
2024-09-16 15:44:49.622,415.21721030223176,15
2024-09-16 15:44:49.643,415.18741233619886,999
2024-09-16 15:44:49.722,415.2078696712457,997
2024-09-16 15:44:49.738,415.1829105162109,95
2024-09-16 15:44:49.799,415.1979338408254,98
2024-09-16 15:44:49.812,415.1890546301923,999
2024-09-16 15:44:49.840,415.1928394853319,998
2024-09-16 15:44:49.884,415.2117253339444,5
2024-09-16 15:44:49.928,41.51730230439848,100
2024-09-16 15:44:49.937,415.2217235264538,7
2024-09-16 15:44:49.953,415.204991342652,13
2024-09-16 15:44:49.971,415.2098220974144,1002
2024-09-16 15:44:49.976,415.1837409814129,1000
2024-09-16 15:44:50.051,415.28774013401977,97
2024-09-16 15:44:50.124,415.2873998643584,1005
2024-09-16 15:44:50.145,415.3003739123653,1000
2024-09-16 15:44:50.207,415.2692978858767,5
2024-09-16 15:44:50.240,415.2781201862745,15
2024-09-16 15:44:50.262,415.30211093700143,12
2024-09-16 15:44:50.319,415.2753508779052,995
2024-09-16 15:44:50.675,415.2869237006475,97
2024-09-16 15:44:50.725,415.2490731537633,100
2024-09-16 15:44:50.732,-415.25578820159393,9
2024-09-16 15:44:50.790,415.28130093838456,996
2024-09-16 15:44:50.798,415.2715050085321,1004
2024-09-16 15:44:51.274,415.3050241201485,1001
2024-09-16 15:44:51.862,415.2800544241349,9
2024-09-16 15:44:51.988,415.2960181066241,7
2024-09-16 15:44:52.001,415.3177414458877,5
2024-09-16 15:44:52.002,415.2756066736906,100
2024-09-16 15:44:52.020,415.2992156693472,11
2024-09-16 15:44:52.024,415.2978719024935,98
2024-09-16 15:44:52.119,,12
2024-09-16 15:44:52.136,415.27444091967845,1000
2024-09-16 15:44:52.172,415.273235759819,1003
2024-09-16 15:44:52.233,415.2642303092612,1005
2024-09-16 15:44:52.235,415.2726411323385,1002
2024-09-16 15:44:52.249,415.29292993403845,1000
2024-09-16 15:44:52.313,415.2648025663632,1003
2024-09-16 15:44:52.366,415.2874616109514,104
2024-09-16 15:44:52.377,415.30728373943015,96
2024-09-16 15:44:52.388,415.28418176026327,5
2024-09-16 15:44:52.416,415.3064463872814,105
2024-09-16 15:44:52.514,415.2902586435691,1005
2024-09-16 15:44:52.526,415.32133003150506,10
2024-09-16 15:44:52.602,415.3027014444009,10
2024-09-16 15:44:52.615,415.2706665246217,12
2024-09-16 15:44:52.672,415.29740010838464,1003
2024-09-16 15:44:52.710,415.2911564067028,95
2024-09-16 15:44:52.783,415.2808823381346,103
2024-09-16 15:44:52.874,415.2968743876528,7
2024-09-16 15:44:52.874,415.29628085823566,15
2024-09-16 15:44:52.887,415.3174804054842,5
2024-09-16 15:44:52.911,415.3009800695634,10
2024-09-16 15:44:53.168,415.3610960692617,99
2024-09-16 15:44:53.229,415.36323590544345,999
2024-09-16 15:44:53.411,415.33881129242593,12
2024-09-16 15:44:53.415,415.32812878159297,95
2024-09-16 15:44:53.664,415.34863351102246,1000
2024-09-16 15:44:53.712,415.37422915360247,14
2024-09-16 15:44:53.831,415.3593967930368,99
2024-09-16 15:44:53.847,415.3426135555422,99
2024-09-16 15:44:54.020,415.3950529441057,97
2024-09-16 15:44:54.072,415.3883086368465,997
2024-09-16 15:44:54.099,41.540707190401584,7
2024-09-16 15:44:54.608,-415.3943791873678,15
2024-09-16 15:44:55.168,415.4113900171024,996
2024-09-16 15:44:55.196,415.3853175787328,1004
2024-09-16 15:44:55.236,415.3915122678559,1001
2024-09-16 15:44:55.321,415.4035862043683,96
2024-09-16 15:44:55.365,415.3871967051178,15
2024-09-16 15:44:55.392,41.54078948065617,1001
2024-09-16 15:44:55.401,415.4054157249128,8
2024-09-16 15:44:55.403,415.4032149349796,102
2024-09-16 15:44:55.437,415.4095367966519,98
2024-09-16 15:44:55.509,415.37631377510894,101
2024-09-16 15:44:55.543,415.4061708088494,10
2024-09-16 15:44:55.634,415.4022530989398,9
2024-09-16 15:44:55.684,41.5418481672703,10
2024-09-16 15:44:55.801,415.4186781150594,99
2024-09-16 15:44:55.825,415.4106164400048,98
2024-09-16 15:44:55.832,415.3997497977844,10
2024-09-16 15:44:55.957,415.4184627629504,96
2024-09-16 15:44:55.970,415.4115958101527,9
2024-09-16 15:44:56.035,-415.4848378826253,6
2024-09-16 15:44:56.092,415.4810196439101,10
2024-09-16 15:44:56.097,415.4981918415544,96
2024-09-16 15:44:56.142,415.4493766704739,1000
2024-09-16 15:44:56.161,415.448904244618,5
2024-09-16 15:44:56.263,415.4640922140832,104
2024-09-16 15:44:56.278,415.4695418059994,104
2024-09-16 15:44:56.365,415.4840647260779,100
2024-09-16 15:44:56.366,415.48852248782526,996
2024-09-16 15:44:56.372,415.5086780257871,105
2024-09-16 15:44:56.590,415.4477141416908,1000
2024-09-16 15:44:56.590,,1003
2024-09-16 15:44:56.612,415.52042052255774,997
2024-09-16 15:44:56.647,415.4818172394684,105
2024-09-16 15:44:56.674,415.42027849973664,1003
2024-09-16 15:44:56.708,415.4741289520401,99
2024-09-16 15:44:56.777,415.50445392566974,1000
2024-09-16 15:44:56.799,415.4647503980272,1000
2024-09-16 15:44:56.835,415.4854434388822,103
2024-09-16 15:44:56.840,415.4600562151691,1002
2024-09-16 15:44:56.878,415.4663874502398,15
2024-09-16 15:44:57.006,415.4982764381934,999
2024-09-16 15:44:57.013,415.49971353404106,996
2024-09-16 15:44:57.016,415.5022213720729,15
2024-09-16 15:44:57.046,415.48629030111965,997
2024-09-16 15:44:57.079,415.52096212558354,1003
2024-09-16 15:44:57.080,415.4974392716277,105
2024-09-16 15:44:57.118,415.4963125953012,1004
2024-09-16 15:44:57.124,415.48796872145226,13
2024-09-16 15:44:57.138,41.54810617719519,102
2024-09-16 15:44:57.148,415.50001115340206,6
2024-09-16 15:44:57.156,415.4907110912934,995
2024-09-16 15:44:57.165,415.521510728912,1001
2024-09-16 15:44:57.184,415.4949711119758,8
2024-09-16 15:44:57.295,415.4965676308289,1000
2024-09-16 15:44:57.336,415.52009140065366,95
2024-09-16 15:44:57.351,415.4831657890832,103
2024-09-16 15:44:57.363,415.5197472213618,8
2024-09-16 15:44:57.373,415.4968368365026,96
2024-09-16 15:44:57.468,41.55009292959103,99
2024-09-16 15:44:57.498,415.5120398047151,102
2024-09-16 15:44:57.525,415.4844066607592,10
2024-09-16 15:44:57.711,415.49121903215536,99
2024-09-16 15:44:57.712,415.5081451772072,10
2024-09-16 15:44:57.713,415.5072305485584,102
2024-09-16 15:44:57.722,415.48214504567983,7
2024-09-16 15:44:57.737,415.52327521221423,1002
2024-09-16 15:44:57.764,41.5507701973759,100
2024-09-16 15:44:57.827,415.50282198915096,995
2024-09-16 15:44:57.891,415.4847177937535,7
2024-09-16 15:44:57.967,415.4797416107066,100
2024-09-16 15:44:58.801,415.5047295712388,14
2024-09-16 15:44:58.804,415.4931980882943,10
2024-09-16 15:44:59.006,415.474078619448,104
2024-09-16 15:44:59.015,415.4676029677338,1002
2024-09-16 15:44:59.035,415.4760852659316,7
2024-09-16 15:44:59.141,415.4399114896203,999
2024-09-16 15:44:59.162,415.47644400901663,104
2024-09-16 15:44:59.186,415.45966604131166,103
2024-09-16 15:44:59.195,415.445022815532,998
2024-09-16 15:44:59.207,415.4554559725704,995
2024-09-16 15:44:59.218,415.4596682884129,5
2024-09-16 15:44:59.247,415.4482153822355,95
2024-09-16 15:44:59.264,415.450483059224,104
2024-09-16 15:44:59.277,415.45899232669046,10
2024-09-16 15:44:59.286,415.4546780529616,997
2024-09-16 15:44:59.294,415.4581951372391,995
2024-09-16 15:44:59.383,415.4470785964952,10
2024-09-16 15:44:59.478,415.4571123141315,99
2024-09-16 15:44:59.493,415.4609177241221,1000
2024-09-16 15:44:59.560,415.4478064356941,997
2024-09-16 15:44:59.644,415.4563480966317,11
2024-09-16 15:44:59.667,415.4605029618492,1004
2024-09-16 15:44:59.775,415.4652875599333,1001
2024-09-16 15:44:59.778,415.5013070176068,101
2024-09-16 15:44:59.788,415.4665382854727,1002
2024-09-16 15:44:59.799,415.460154039686,1002
2024-09-16 15:44:59.830,415.4941668395628,7
2024-09-16 15:44:59.835,415.4658817465251,11
2024-09-16 15:44:59.877,415.4522375049866,8
2024-09-16 15:44:59.901,415.4721589699162,1003
2024-09-16 15:44:59.972,415.4652530976648,96
