Timestamp,Price,Size
2024-09-20 11:17:00.033,425.5682114899229,15
2024-09-20 11:17:00.066,425.5631716100569,997
2024-09-20 11:17:00.103,425.5668379028117,95
2024-09-20 11:17:00.105,425.5610541995314,10
2024-09-20 11:17:00.140,425.5520563362527,9
2024-09-20 11:17:00.290,425.5726451294694,99
2024-09-20 11:17:00.384,425.5798155249825,1004
2024-09-20 11:17:00.422,425.55266095526383,105
2024-09-20 11:17:00.440,425.5839566701581,101
2024-09-20 11:17:00.446,425.5656260639738,997
2024-09-20 11:17:00.485,425.56781036586096,101
2024-09-20 11:17:00.487,425.5705528471994,996
2024-09-20 11:17:00.522,425.5665962440012,15
2024-09-20 11:17:00.573,425.5665098764827,1005
2024-09-20 11:17:00.597,425.5560623847701,1003
2024-09-20 11:17:00.654,425.574029077797,1005
2024-09-20 11:17:00.705,425.553769110677,7
2024-09-20 11:17:00.771,425.5676377065652,11
2024-09-20 11:17:00.871,425.56959971428296,96
2024-09-20 11:17:00.913,425.5506039038752,995
2024-09-20 11:17:00.950,425.57393693843983,102
2024-09-20 11:17:00.986,425.5634891129495,1004
2024-09-20 11:17:01.009,425.5884905288895,101
2024-09-20 11:17:01.060,425.5606069085147,14
2024-09-20 11:17:01.144,425.6144997884354,8
2024-09-20 11:17:01.155,425.5789343843744,1004
2024-09-20 11:17:01.203,425.6044828039402,7
2024-09-20 11:17:01.236,425.6124868005624,101
2024-09-20 11:17:01.252,425.62538810069685,1005
2024-09-20 11:17:01.368,425.5794598230717,95
2024-09-20 11:17:01.408,425.5720447726786,7
2024-09-20 11:17:01.466,425.57026233124446,99
2024-09-20 11:17:01.541,425.5743254592688,6
2024-09-20 11:17:01.617,425.6030299339261,1002
2024-09-20 11:17:01.741,425.6272721531876,103
2024-09-20 11:17:01.791,425.5853633111985,103
2024-09-20 11:17:01.823,425.6284078218853,11
2024-09-20 11:17:01.825,425.6181903629675,11
2024-09-20 11:17:01.902,425.6171853785512,102
2024-09-20 11:17:01.955,425.61431111718827,5
2024-09-20 11:17:01.963,425.6079792894183,13
2024-09-20 11:17:02.027,425.6156679920514,98
2024-09-20 11:17:02.051,425.61759946450405,995
2024-09-20 11:17:02.101,425.6256483440449,1000
2024-09-20 11:17:02.167,425.6373152130425,6
2024-09-20 11:17:02.389,425.5988685286905,1005
2024-09-20 11:17:02.401,425.6203686766413,11
2024-09-20 11:17:02.529,425.6321069845278,13
2024-09-20 11:17:02.530,425.6391505912553,7
2024-09-20 11:17:02.626,425.6330830276552,5
2024-09-20 11:17:02.674,425.6142300286171,98
2024-09-20 11:17:02.822,425.6116232924773,998
2024-09-20 11:17:02.849,425.62864303303934,8
2024-09-20 11:17:02.862,425.6257032211773,997
2024-09-20 11:17:02.875,425.6346460375,103
2024-09-20 11:17:02.889,425.62273116086,1002
2024-09-20 11:17:02.893,425.6156897444692,8
2024-09-20 11:17:02.944,425.62270056649913,995
2024-09-20 11:17:02.958,425.64385525198094,102
2024-09-20 11:17:02.977,425.6162261151149,9
2024-09-20 11:17:02.995,425.6248831437966,996
2024-09-20 11:17:03.084,425.6050668112278,15
2024-09-20 11:17:03.206,425.6061575339885,997
2024-09-20 11:17:03.242,425.5786682016884,96
2024-09-20 11:17:03.303,425.5829358302154,12
2024-09-20 11:17:03.414,425.5997325178749,1004
2024-09-20 11:17:03.845,425.6042895899608,104
2024-09-20 11:17:03.956,425.5929903850329,100
2024-09-20 11:17:03.971,425.6264085551266,1000
2024-09-20 11:17:04.551,425.5548750204767,105
2024-09-20 11:17:04.688,425.5568117239093,11
2024-09-20 11:17:04.706,425.553061649065,7
2024-09-20 11:17:04.827,425.5322999244808,105
2024-09-20 11:17:04.853,425.5434175820195,995
2024-09-20 11:17:04.960,425.55342037513054,5
2024-09-20 11:17:04.995,425.5334182936133,95
2024-09-20 11:17:05.326,425.5333115444861,1001
2024-09-20 11:17:06.106,425.5061096908465,13
2024-09-20 11:17:06.288,425.47581610392734,6
2024-09-20 11:17:06.299,425.5225431134612,98
2024-09-20 11:17:06.319,425.4812296727196,101
2024-09-20 11:17:06.684,425.485402696832,8
2024-09-20 11:17:06.825,425.4718136562458,105
2024-09-20 11:17:07.024,425.5084967157818,997
2024-09-20 11:17:07.048,425.5192516674101,999
2024-09-20 11:17:07.057,425.5196447522971,97
2024-09-20 11:17:07.093,425.49175764320034,95
2024-09-20 11:17:07.122,425.4759052382351,103
2024-09-20 11:17:07.147,425.4770077617473,997
2024-09-20 11:17:07.211,425.5007613480952,105
2024-09-20 11:17:07.218,425.5198944704349,1001
2024-09-20 11:17:07.269,425.48560368913775,13
2024-09-20 11:17:07.311,425.490007974954,1002
2024-09-20 11:17:07.338,425.5060883991897,10
2024-09-20 11:17:07.418,425.5083308969496,11
2024-09-20 11:17:07.453,425.4916228192505,9
2024-09-20 11:17:07.456,,1001
2024-09-20 11:17:07.513,425.4917946499097,98
2024-09-20 11:17:07.560,425.5099925838624,11
2024-09-20 11:17:07.599,425.4908848900428,97
2024-09-20 11:17:07.604,425.51269409606186,9
2024-09-20 11:17:07.606,425.48232748320936,98
2024-09-20 11:17:07.626,425.53275824685375,1005
2024-09-20 11:17:07.715,425.5303918878806,995
2024-09-20 11:17:07.748,425.49511198054927,1002
2024-09-20 11:17:07.777,425.4885486039859,96
2024-09-20 11:17:07.839,425.5017362976786,1005
2024-09-20 11:17:07.840,425.5061511606156,6
2024-09-20 11:17:07.840,425.47359567194894,98
2024-09-20 11:17:07.937,425.5224079785703,96
2024-09-20 11:17:08.011,425.46282114179553,105
2024-09-20 11:17:08.056,425.44681782431365,1005
2024-09-20 11:17:08.070,425.439224900976,104
2024-09-20 11:17:08.139,425.4798132971642,1002
2024-09-20 11:17:08.141,425.4716487713958,14
2024-09-20 11:17:08.151,425.42746414713145,101
2024-09-20 11:17:08.202,425.436338241661,5
2024-09-20 11:17:08.214,425.4562366371191,105
2024-09-20 11:17:08.215,,998
2024-09-20 11:17:08.402,425.4807391436479,1002
2024-09-20 11:17:08.415,425.43273743161166,14
2024-09-20 11:17:08.461,425.4414477329736,1004
2024-09-20 11:17:08.461,425.4536470238397,10
2024-09-20 11:17:08.549,425.4601090203339,1001
2024-09-20 11:17:08.848,425.4654587144592,99
2024-09-20 11:17:08.854,425.467256186259,999
2024-09-20 11:17:08.973,425.4626271994187,7
2024-09-20 11:17:09.278,425.4439972249882,9
2024-09-20 11:17:09.405,425.382953141034,99
2024-09-20 11:17:09.519,425.3733722544905,95
2024-09-20 11:17:09.707,425.3718365166415,98
2024-09-20 11:17:09.762,,14
2024-09-20 11:17:09.828,425.4167036649851,1003
2024-09-20 11:17:09.899,425.36026570138085,999
2024-09-20 11:17:09.949,425.3711737525377,7
2024-09-20 11:17:09.956,425.376040573356,1005
2024-09-20 11:17:10.375,425.36422936149705,9
2024-09-20 11:17:10.531,425.3730488169864,103
2024-09-20 11:17:11.030,425.4434426990036,102
2024-09-20 11:17:11.087,42.54348026731304,1002
2024-09-20 11:17:11.147,425.3862960582091,97
2024-09-20 11:17:11.257,425.4363848868109,999
2024-09-20 11:17:11.269,425.4210000957797,6
2024-09-20 11:17:11.341,425.4508287813483,1005
2024-09-20 11:17:11.393,425.4280507195119,95
2024-09-20 11:17:11.416,425.392683972124,1005
2024-09-20 11:17:11.417,425.43469781821136,103
2024-09-20 11:17:11.479,425.4408447974735,1002
2024-09-20 11:17:11.483,425.3992306325486,104
2024-09-20 11:17:11.549,425.3902036985589,13
2024-09-20 11:17:11.700,425.3813750774468,5
2024-09-20 11:17:11.841,425.370068141664,96
2024-09-20 11:17:11.956,425.430624250428,11
2024-09-20 11:17:11.965,425.385764809206,101
2024-09-20 11:17:12.826,425.4179585030338,100
2024-09-20 11:17:13.686,425.4360273901053,8
2024-09-20 11:17:14.128,425.43763091946334,1004
2024-09-20 11:17:14.307,425.4346903604573,8
2024-09-20 11:17:14.347,425.4507103562141,98
2024-09-20 11:17:14.709,425.42832370091935,95
2024-09-20 11:17:15.006,425.50943045672994,10
2024-09-20 11:17:15.104,425.4776513553829,15
2024-09-20 11:17:15.174,425.4882913887491,10
2024-09-20 11:17:15.189,425.4792736596429,98
2024-09-20 11:17:15.239,425.5215040311573,10
2024-09-20 11:17:15.350,425.5065042717095,10
2024-09-20 11:17:15.400,425.4990672716693,5
2024-09-20 11:17:15.475,425.5122160309031,1004
2024-09-20 11:17:15.634,425.4477525989816,995
2024-09-20 11:17:15.739,425.5209291747205,14
2024-09-20 11:17:15.750,425.5044262613883,997
2024-09-20 11:17:15.806,425.4622695278493,95
2024-09-20 11:17:16.009,425.52497417480345,12
2024-09-20 11:17:16.072,425.5357388165626,15
2024-09-20 11:17:16.116,425.51704897494056,1001
2024-09-20 11:17:16.132,425.527914515533,8
2024-09-20 11:17:16.152,425.521971826868,998
2024-09-20 11:17:16.200,425.5428080757816,11
2024-09-20 11:17:16.236,425.5283205990026,9
2024-09-20 11:17:16.254,425.51933037850034,96
2024-09-20 11:17:16.291,425.5063112268229,98
2024-09-20 11:17:16.311,425.5431329425109,103
2024-09-20 11:17:16.497,425.5263035884765,97
2024-09-20 11:17:16.981,425.5027998671267,7
2024-09-20 11:17:17.024,425.497753447516,105
2024-09-20 11:17:17.293,425.5240489641172,13
2024-09-20 11:17:17.601,425.5231591784772,11
2024-09-20 11:17:17.809,425.4815367856198,99
2024-09-20 11:17:17.892,425.4835162978922,1002
2024-09-20 11:17:18.020,425.5360041775238,1005
2024-09-20 11:17:18.074,425.497177116775,10
2024-09-20 11:17:18.258,425.4989927317299,11
2024-09-20 11:17:18.299,425.48835460985856,15
2024-09-20 11:17:18.326,425.4902328988445,1001
2024-09-20 11:17:18.473,425.5278395878239,100
2024-09-20 11:17:18.599,425.4761714765131,7
2024-09-20 11:17:18.675,425.533037821072,7
2024-09-20 11:17:18.741,425.56505745412505,96
2024-09-20 11:17:18.781,425.52546475369945,103
2024-09-20 11:17:18.828,425.4882324122162,5
2024-09-20 11:17:18.860,425.54660241708336,995
2024-09-20 11:17:18.875,425.5156492007992,14
2024-09-20 11:17:19.019,425.5734784155199,99
2024-09-20 11:17:19.052,425.5445131934797,996
2024-09-20 11:17:19.092,425.5532547193788,6
2024-09-20 11:17:19.092,425.556723506621,5
2024-09-20 11:17:19.129,425.5999167233662,1001
2024-09-20 11:17:19.150,425.537868908594,13
2024-09-20 11:17:19.170,425.5451749046712,105
2024-09-20 11:17:19.185,425.5464037386501,997
2024-09-20 11:17:19.283,425.6008208085261,995
2024-09-20 11:17:19.303,425.5411111192141,12
2024-09-20 11:17:19.320,425.535930178746,10
2024-09-20 11:17:19.380,425.5877647526573,5
2024-09-20 11:17:19.516,425.5548612615829,99
2024-09-20 11:17:19.536,425.5364933452179,1001
2024-09-20 11:17:19.553,425.5850183277324,100
2024-09-20 11:17:19.628,425.56364601659527,6
2024-09-20 11:17:19.638,425.56123914857005,8
2024-09-20 11:17:19.664,425.5807459310428,100
2024-09-20 11:17:19.715,425.5511395699088,1003
2024-09-20 11:17:19.739,425.554285995188,104
2024-09-20 11:17:19.875,425.57391894240345,1004
2024-09-20 11:17:19.968,425.5820984942285,1005
2024-09-20 11:17:20.411,425.5474364381833,1000
2024-09-20 11:17:20.780,425.5774195467794,1005
2024-09-20 11:17:20.791,425.5561932221242,103
2024-09-20 11:17:20.859,425.5801565130768,104
2024-09-20 11:17:21.030,425.5092502951037,1005
2024-09-20 11:17:21.051,425.5319411701696,6
2024-09-20 11:17:21.057,425.5194358619222,101
2024-09-20 11:17:21.147,425.5373059107169,1004
2024-09-20 11:17:21.215,425.52706073505874,14
2024-09-20 11:17:21.407,425.497107480817,15
2024-09-20 11:17:21.473,425.5248343888098,102
2024-09-20 11:17:21.559,425.4896216944084,997
2024-09-20 11:17:21.591,425.4644301887939,1003
2024-09-20 11:17:21.597,425.5107078059598,103
2024-09-20 11:17:21.632,425.48029683194767,999
2024-09-20 11:17:21.658,425.5016566038438,13
2024-09-20 11:17:21.678,425.5147469046356,13
2024-09-20 11:17:21.693,425.4810970469063,100
2024-09-20 11:17:21.741,425.53419407754086,99
2024-09-20 11:17:21.747,425.4938555044264,6
2024-09-20 11:17:21.757,425.4906322564568,98
2024-09-20 11:17:21.914,425.4700348695682,1004
2024-09-20 11:17:21.928,425.5118470792305,105
2024-09-20 11:17:21.948,425.522766784754,996
2024-09-20 11:17:22.054,425.3431978997487,1003
2024-09-20 11:17:22.088,425.3610661144487,104
2024-09-20 11:17:22.131,425.325772215424,99
2024-09-20 11:17:22.183,425.4408499492691,104
2024-09-20 11:17:22.190,425.4869141363018,995
2024-09-20 11:17:22.216,425.3717684164307,101
2024-09-20 11:17:22.219,425.3862714746964,103
2024-09-20 11:17:22.241,425.35430426552136,95
2024-09-20 11:17:22.242,425.4631173423839,97
2024-09-20 11:17:22.258,425.3256558758733,14
2024-09-20 11:17:22.258,425.3344300035093,997
2024-09-20 11:17:22.272,425.48513600789846,15
2024-09-20 11:17:22.303,425.4284749624726,995
2024-09-20 11:17:22.306,425.3355484467856,999
2024-09-20 11:17:22.375,425.405610752868,10
2024-09-20 11:17:22.391,425.3452528229415,1003
2024-09-20 11:17:22.522,425.476600440388,995
2024-09-20 11:17:22.542,425.33845476114,7
2024-09-20 11:17:22.626,425.35167717373446,14
2024-09-20 11:17:22.678,425.3617706979091,10
2024-09-20 11:17:22.680,425.4712459067481,1005
2024-09-20 11:17:22.780,425.47838186652416,104
2024-09-20 11:17:22.854,425.4163104799511,105
2024-09-20 11:17:22.875,425.4783320798804,101
2024-09-20 11:17:22.882,425.4186991359706,998
2024-09-20 11:17:22.889,425.474609288139,6
2024-09-20 11:17:23.073,425.36047392986063,1000
2024-09-20 11:17:23.096,425.3961717645896,996
2024-09-20 11:17:23.159,425.3644338646926,103
2024-09-20 11:17:23.172,425.33307701482494,99
2024-09-20 11:17:23.256,425.3517131216708,14
2024-09-20 11:17:23.257,425.3799271119865,997
2024-09-20 11:17:23.287,425.3630112386432,998
2024-09-20 11:17:23.352,425.3588681636056,101
2024-09-20 11:17:23.372,425.3905139917685,14
2024-09-20 11:17:23.529,425.3533745099387,101
2024-09-20 11:17:23.536,425.3619359565725,1005
2024-09-20 11:17:23.565,425.3292043786197,104
2024-09-20 11:17:23.590,425.33921512276805,15
2024-09-20 11:17:23.612,425.3610194587415,5
2024-09-20 11:17:23.646,425.3629876214706,101
2024-09-20 11:17:23.661,42.53435214300362,103
2024-09-20 11:17:23.822,425.3704412240478,102
2024-09-20 11:17:23.833,425.3557259958024,9
2024-09-20 11:17:23.918,425.3648736705875,8
2024-09-20 11:17:23.928,425.3384292367277,103
2024-09-20 11:17:23.978,425.3604429740507,9
2024-09-20 11:17:23.986,425.3882577330764,7
2024-09-20 11:17:25.233,425.3799970670402,1005
2024-09-20 11:17:25.377,425.38235786672817,7
2024-09-20 11:17:25.708,425.4028721086531,1002
2024-09-20 11:17:25.733,425.39491568236616,101
2024-09-20 11:17:25.754,425.3673664646404,101
2024-09-20 11:17:25.756,425.3866685395376,1005
2024-09-20 11:17:25.907,425.373932761912,5
2024-09-20 11:17:25.966,425.37894614315127,999
2024-09-20 11:17:26.212,425.39509612318335,6
2024-09-20 11:17:26.695,425.3844109366645,6
2024-09-20 11:17:27.049,425.5212295086978,997
2024-09-20 11:17:27.154,425.435341989389,6
2024-09-20 11:17:27.188,425.4636535168684,998
2024-09-20 11:17:27.199,425.4416801732114,1003
2024-09-20 11:17:27.206,425.526577180266,104
2024-09-20 11:17:27.231,425.4811440756595,103
2024-09-20 11:17:27.240,425.49361865631255,1004
2024-09-20 11:17:27.297,425.4370126155624,99
2024-09-20 11:17:27.332,425.5013756988971,1003
2024-09-20 11:17:27.334,425.5216632314472,999
2024-09-20 11:17:27.377,425.5301309026374,95
2024-09-20 11:17:27.379,425.4523424038404,1003
2024-09-20 11:17:27.397,425.5390760321518,98
2024-09-20 11:17:27.514,425.44859234023295,104
2024-09-20 11:17:27.536,425.5249451054782,98
2024-09-20 11:17:27.558,425.3930653480798,9
2024-09-20 11:17:27.654,425.5176570575704,12
2024-09-20 11:17:27.655,425.4219078305349,1005
2024-09-20 11:17:27.671,425.46316750838565,1004
2024-09-20 11:17:27.723,425.5184503685532,1004
2024-09-20 11:17:27.767,425.4762718600036,996
2024-09-20 11:17:27.847,425.4656523137116,995
2024-09-20 11:17:27.853,425.4429447085725,1003
2024-09-20 11:17:27.866,425.4662250519752,1003
2024-09-20 11:17:27.984,425.51591787097016,13
2024-09-20 11:17:27.994,425.5150592914763,1001
2024-09-20 11:17:28.079,425.41774816956223,998
2024-09-20 11:17:28.095,425.385537952203,7
2024-09-20 11:17:28.327,425.4399317068658,96
2024-09-20 11:17:28.364,425.3889105423853,999
2024-09-20 11:17:28.736,425.4012420207636,7
2024-09-20 11:17:29.162,425.39474516895154,15
2024-09-20 11:17:29.298,425.38819040753725,101
2024-09-20 11:17:29.879,425.39866519728537,14
2024-09-20 11:17:30.522,425.3892537311482,104
2024-09-20 11:17:31.003,425.3917622079776,1000
2024-09-20 11:17:31.068,425.42525704619055,97
2024-09-20 11:17:31.083,425.38290509779296,12
2024-09-20 11:17:31.092,-425.4201944860577,97
2024-09-20 11:17:31.143,425.3924259836031,6
2024-09-20 11:17:31.184,425.3978372688017,15
2024-09-20 11:17:31.204,425.3849999818637,95
2024-09-20 11:17:31.207,425.3921818265446,95
2024-09-20 11:17:31.326,425.3335613453871,996
2024-09-20 11:17:31.341,425.42951816295925,12
2024-09-20 11:17:31.362,425.3988063012952,1002
2024-09-20 11:17:31.418,425.4423105041472,11
2024-09-20 11:17:31.423,425.38001594714825,12
2024-09-20 11:17:31.472,425.3489419188002,100
2024-09-20 11:17:31.489,425.4151277886988,103
2024-09-20 11:17:31.498,425.4100102148535,1004
2024-09-20 11:17:31.553,425.3752422543729,11
2024-09-20 11:17:31.582,425.41194794275606,997
2024-09-20 11:17:31.585,425.3842071775697,1005
2024-09-20 11:17:31.684,425.3642266448541,95
2024-09-20 11:17:31.783,425.380278015577,12
2024-09-20 11:17:31.788,425.3408997921144,97
2024-09-20 11:17:31.791,425.4024309650069,9
2024-09-20 11:17:31.812,425.3598599945041,1002
2024-09-20 11:17:31.853,425.3396670723732,96
2024-09-20 11:17:31.906,425.3743347386516,1005
2024-09-20 11:17:31.925,425.3956598174484,95
2024-09-20 11:17:31.931,425.4078507344719,1005
2024-09-20 11:17:31.974,425.30398558216575,6
2024-09-20 11:17:32.019,425.3022147434799,1002
2024-09-20 11:17:32.049,425.2981194930912,1005
2024-09-20 11:17:32.060,425.2671519610177,1000
2024-09-20 11:17:32.094,425.2898518187145,103
2024-09-20 11:17:32.119,425.29305243404906,1005
2024-09-20 11:17:32.135,425.24427916129423,105
2024-09-20 11:17:32.203,425.3133921182573,105
2024-09-20 11:17:32.212,425.2363067138953,97
2024-09-20 11:17:32.213,425.2830838971704,13
2024-09-20 11:17:32.249,425.2493407853576,101
2024-09-20 11:17:32.254,,1002
2024-09-20 11:17:32.305,425.26807908241926,105
2024-09-20 11:17:32.353,425.3146747173515,1002
2024-09-20 11:17:32.393,425.2712042566045,7
2024-09-20 11:17:32.413,,15
2024-09-20 11:17:32.499,425.2993808430959,996
2024-09-20 11:17:32.514,425.2430265777001,95
2024-09-20 11:17:32.518,425.30793718453424,1004
2024-09-20 11:17:32.587,425.3088773882218,1005
2024-09-20 11:17:32.634,425.2803866676941,104
2024-09-20 11:17:32.747,425.2598725532824,98
2024-09-20 11:17:32.766,425.2946253745484,997
2024-09-20 11:17:32.799,425.30310047956414,105
2024-09-20 11:17:32.841,425.2458147959327,1004
2024-09-20 11:17:32.865,425.2940579909509,11
2024-09-20 11:17:32.881,425.2581755389468,996
2024-09-20 11:17:32.883,425.2673663583014,14
2024-09-20 11:17:32.973,425.22734920031417,11
2024-09-20 11:17:32.985,425.27411644135685,97
2024-09-20 11:17:32.998,425.28173094977546,996
2024-09-20 11:17:33.068,425.2477230374582,11
2024-09-20 11:17:33.079,425.2413613218538,1000
2024-09-20 11:17:33.117,425.2902833505815,995
2024-09-20 11:17:33.123,425.2958125015461,998
2024-09-20 11:17:33.213,425.2488317557325,99
2024-09-20 11:17:33.258,425.3161542661268,1001
2024-09-20 11:17:33.259,425.2466049245152,6
2024-09-20 11:17:33.259,425.2887902554136,104
2024-09-20 11:17:33.370,425.2876169743881,98
2024-09-20 11:17:33.410,425.35010927683993,11
2024-09-20 11:17:33.458,425.2809948352453,7
2024-09-20 11:17:33.464,425.2575524104199,99
2024-09-20 11:17:33.476,425.3136085456394,998
2024-09-20 11:17:33.497,425.32223225296747,11
2024-09-20 11:17:33.512,425.2987071027536,995
2024-09-20 11:17:33.532,425.3046134700653,5
2024-09-20 11:17:33.587,425.27485226563846,98
2024-09-20 11:17:33.634,425.302593237798,999
2024-09-20 11:17:33.655,425.3097916363994,9
2024-09-20 11:17:33.682,425.2860606363356,999
2024-09-20 11:17:33.704,425.3338570743684,996
2024-09-20 11:17:33.826,425.2827230082534,98
2024-09-20 11:17:33.848,425.25989991674567,997
2024-09-20 11:17:33.862,425.2778022481941,1003
2024-09-20 11:17:33.866,425.3193349996845,1004
2024-09-20 11:17:33.868,425.3357207324667,98
2024-09-20 11:17:33.881,425.2330411893572,101
2024-09-20 11:17:33.910,425.2524093745598,95
2024-09-20 11:17:33.974,425.2313992651119,15
2024-09-20 11:17:34.302,425.3404470148992,5
2024-09-20 11:17:34.421,425.3488352635701,998
2024-09-20 11:17:34.428,425.3514517903158,1000
2024-09-20 11:17:34.470,425.3152214749005,97
2024-09-20 11:17:34.506,425.3245196570997,98
2024-09-20 11:17:34.525,425.3371209290489,996
2024-09-20 11:17:34.529,425.3134022232455,100
2024-09-20 11:17:34.542,425.33110036151993,10
2024-09-20 11:17:34.581,425.3391295283079,8
2024-09-20 11:17:34.787,425.3407543950695,101
2024-09-20 11:17:34.833,425.33244875396434,999
2024-09-20 11:17:34.919,425.3391061715483,5
2024-09-20 11:17:34.929,425.32737217770506,998
2024-09-20 11:17:34.942,425.3649752175423,1001
2024-09-20 11:17:35.002,425.4230743958853,1001
2024-09-20 11:17:35.029,425.4267644827885,11
2024-09-20 11:17:35.058,425.3924341693532,997
2024-09-20 11:17:35.067,425.3920714631744,996
2024-09-20 11:17:35.098,425.4240747787608,101
2024-09-20 11:17:35.121,425.3661488974645,995
2024-09-20 11:17:35.152,425.40054978728,9
2024-09-20 11:17:35.182,425.3711055170914,105
2024-09-20 11:17:35.200,425.3844985119829,101
2024-09-20 11:17:35.249,425.4166408863526,1002
2024-09-20 11:17:35.269,425.4374545406973,995
2024-09-20 11:17:35.292,425.38535019765146,103
2024-09-20 11:17:35.354,425.4165641875466,98
2024-09-20 11:17:35.354,425.4030197523177,103
2024-09-20 11:17:35.452,425.45028939118856,100
2024-09-20 11:17:35.476,425.4100524918569,7
2024-09-20 11:17:35.508,425.3712030994887,995
2024-09-20 11:17:35.613,425.40470229145205,6
2024-09-20 11:17:35.714,425.4220503033517,6
2024-09-20 11:17:35.733,425.3991212929737,97
2024-09-20 11:17:35.799,42.5368027141444,103
2024-09-20 11:17:35.803,425.3559123399045,8
2024-09-20 11:17:35.870,425.4076627267588,95
2024-09-20 11:17:35.872,425.36003770400487,96
2024-09-20 11:17:35.872,425.4473270839143,5
2024-09-20 11:17:35.886,425.4274616155667,6
2024-09-20 11:17:35.889,425.40233184477984,10
2024-09-20 11:17:36.066,425.37882366741775,100
2024-09-20 11:17:36.275,425.38922868854615,100
2024-09-20 11:17:36.433,425.3813989839669,9
2024-09-20 11:17:36.460,425.38656684665705,5
2024-09-20 11:17:36.543,425.3783531962444,11
2024-09-20 11:17:37.036,425.455050181264,99
2024-09-20 11:17:37.089,425.412349158741,1003
2024-09-20 11:17:37.116,425.4457444237013,99
2024-09-20 11:17:37.158,425.4154009502117,996
2024-09-20 11:17:37.269,-425.3896327953376,10
2024-09-20 11:17:37.285,425.3890401031984,7
2024-09-20 11:17:37.322,425.3887516974387,103
2024-09-20 11:17:37.330,425.4329924620772,103
2024-09-20 11:17:37.429,425.4115442849607,1000
2024-09-20 11:17:37.690,425.411474292784,1000
2024-09-20 11:17:37.832,425.3754401711521,105
2024-09-20 11:17:37.855,425.4532213980344,995
2024-09-20 11:17:37.936,425.3796689949388,96
2024-09-20 11:17:38.044,425.3864118954011,1002
2024-09-20 11:17:38.560,425.4381074407302,15
2024-09-20 11:17:38.699,425.40329407802966,14
2024-09-20 11:17:38.742,425.4020221946708,10
2024-09-20 11:17:38.818,425.387995962677,11
2024-09-20 11:17:38.886,425.4376441505108,101
2024-09-20 11:17:38.895,425.404227168772,96
2024-09-20 11:17:38.897,425.4140237633695,100
2024-09-20 11:17:38.927,425.4504641075491,999
2024-09-20 11:17:39.012,425.3940559560458,13
2024-09-20 11:17:39.020,425.407676424577,11
2024-09-20 11:17:39.058,425.4084864215152,1001
2024-09-20 11:17:39.147,425.3994748776311,10
2024-09-20 11:17:39.158,425.3935902593386,102
2024-09-20 11:17:39.178,425.41447609416485,11
2024-09-20 11:17:39.190,425.41383551310224,98
2024-09-20 11:17:39.207,425.3768078869881,1004
2024-09-20 11:17:39.222,425.4423660182768,95
2024-09-20 11:17:39.229,425.3869698513639,1004
2024-09-20 11:17:39.244,425.4153792029024,95
2024-09-20 11:17:39.319,425.4184330376456,1001
2024-09-20 11:17:39.457,425.4302533108453,1002
2024-09-20 11:17:39.497,425.4166111098424,997
2024-09-20 11:17:39.497,425.4152516753824,104
2024-09-20 11:17:39.676,425.4094647561561,7
2024-09-20 11:17:39.763,425.414780545528,11
2024-09-20 11:17:39.809,425.3798507742893,10
2024-09-20 11:17:39.818,425.4000084312207,105
2024-09-20 11:17:39.841,425.3829995137485,15
2024-09-20 11:17:39.984,425.4235900049816,1003
2024-09-20 11:17:39.995,425.38335982908353,995
2024-09-20 11:17:40.230,425.4152267265181,12
2024-09-20 11:17:40.303,425.41742463154566,15
2024-09-20 11:17:40.797,425.4122554332588,100
2024-09-20 11:17:41.091,425.3397687953122,96
2024-09-20 11:17:41.101,425.3609672420637,1001
2024-09-20 11:17:41.183,425.36112668787325,13
2024-09-20 11:17:41.185,425.3493880873961,1001
2024-09-20 11:17:41.215,425.3339961006397,12
2024-09-20 11:17:41.262,425.380102003416,998
2024-09-20 11:17:41.337,425.4066186399417,1003
2024-09-20 11:17:41.355,425.3353055218777,998
2024-09-20 11:17:41.360,425.38109941366713,95
2024-09-20 11:17:41.432,425.35983423456014,996
2024-09-20 11:17:41.453,425.36413499753735,11
2024-09-20 11:17:41.464,425.4183206559569,1001
2024-09-20 11:17:41.495,425.3409307644743,1001
2024-09-20 11:17:41.538,425.3382457774172,102
2024-09-20 11:17:41.591,425.355419513293,1001
2024-09-20 11:17:41.622,425.3403454748316,100
2024-09-20 11:17:41.660,425.3787101096269,11
2024-09-20 11:17:41.738,425.3475668262996,96
2024-09-20 11:17:41.768,425.3227616220506,98
2024-09-20 11:17:41.792,425.3219315812672,999
2024-09-20 11:17:41.811,425.3712226883332,998
2024-09-20 11:17:41.856,425.3691851312495,1004
2024-09-20 11:17:41.978,425.3642698163232,97
2024-09-20 11:17:42.059,425.3989230515475,996
2024-09-20 11:17:42.204,425.3776633709471,1002
2024-09-20 11:17:42.279,425.372548629472,1005
2024-09-20 11:17:42.351,425.39841776583535,12
2024-09-20 11:17:42.478,425.3824729592407,102
2024-09-20 11:17:42.812,425.3776129037892,99
2024-09-20 11:17:43.054,425.2928735762764,13
2024-09-20 11:17:43.092,425.2988790320242,8
2024-09-20 11:17:43.126,425.3274302526231,100
2024-09-20 11:17:43.240,425.3176687957514,6
2024-09-20 11:17:43.302,425.358853387797,101
2024-09-20 11:17:43.429,425.3366508206833,12
2024-09-20 11:17:43.461,425.3003941120492,11
2024-09-20 11:17:43.469,425.31959441474817,996
2024-09-20 11:17:43.490,425.3288131387523,11
2024-09-20 11:17:43.606,425.3125769458384,7
2024-09-20 11:17:43.611,425.3538170453614,101
2024-09-20 11:17:43.632,425.3683450128386,997
2024-09-20 11:17:43.783,425.314358413547,99
2024-09-20 11:17:43.909,425.37097898755314,102
2024-09-20 11:17:43.955,425.3726377156668,996
2024-09-20 11:17:43.966,425.3356811998101,1005
2024-09-20 11:17:44.012,425.3795960076258,6
2024-09-20 11:17:44.086,425.3799522513518,101
2024-09-20 11:17:44.088,425.3614175424759,97
2024-09-20 11:17:44.149,425.3922211162776,15
2024-09-20 11:17:44.164,425.3996531647589,1002
2024-09-20 11:17:44.314,425.404072855212,9
2024-09-20 11:17:44.347,425.3841219957418,12
2024-09-20 11:17:44.358,425.3393771454995,6
2024-09-20 11:17:44.399,425.3368564978456,1004
2024-09-20 11:17:44.417,425.3775871017877,1004
2024-09-20 11:17:44.477,425.41047748425416,99
2024-09-20 11:17:44.480,425.3741602962807,95
2024-09-20 11:17:44.499,425.37761575149983,96
2024-09-20 11:17:44.582,425.3893527014821,7
2024-09-20 11:17:44.587,425.3503834758772,98
2024-09-20 11:17:44.605,425.3759774054507,103
2024-09-20 11:17:44.635,425.3770142434957,6
2024-09-20 11:17:44.653,425.3812078422705,1003
2024-09-20 11:17:44.694,425.38211316473024,15
2024-09-20 11:17:44.716,-425.38990471240464,103
2024-09-20 11:17:44.720,425.36694724797553,5
2024-09-20 11:17:44.732,425.3737590357493,995
2024-09-20 11:17:44.766,425.388324065128,105
2024-09-20 11:17:44.777,425.3731792977935,10
2024-09-20 11:17:44.855,425.3636823863766,98
2024-09-20 11:17:44.860,425.3864360529645,95
2024-09-20 11:17:44.880,425.37143626867805,6
2024-09-20 11:17:44.963,425.3961854935354,996
2024-09-20 11:17:44.993,425.3733993281924,997
2024-09-20 11:17:45.087,425.3847387551282,12
2024-09-20 11:17:45.418,425.3662137866064,104
2024-09-20 11:17:45.583,425.3818217938034,1002
2024-09-20 11:17:45.768,425.3817962793919,103
2024-09-20 11:17:46.011,425.3537996469205,13
2024-09-20 11:17:46.096,425.3762759168173,995
2024-09-20 11:17:46.266,425.3509169228827,98
2024-09-20 11:17:46.338,425.345807601681,1001
2024-09-20 11:17:46.399,425.34674108024126,12
2024-09-20 11:17:46.450,-425.3537806867308,1003
2024-09-20 11:17:46.451,425.3721722185927,13
2024-09-20 11:17:46.462,425.3489955647933,104
2024-09-20 11:17:46.568,425.364059693983,15
2024-09-20 11:17:46.729,425.3655012438989,12
2024-09-20 11:17:46.746,425.3697212105355,1001
2024-09-20 11:17:46.858,425.3504402915383,97
2024-09-20 11:17:46.866,425.3567654979874,1004
2024-09-20 11:17:47.045,425.3908045142706,5
2024-09-20 11:17:47.113,425.35239188130447,13
2024-09-20 11:17:47.186,425.3897905378739,13
2024-09-20 11:17:47.205,425.3634422442268,1000
2024-09-20 11:17:47.251,425.3574564997928,7
2024-09-20 11:17:47.261,425.3677422230547,103
2024-09-20 11:17:47.305,425.3736577172761,997
2024-09-20 11:17:47.407,425.3606589842892,14
2024-09-20 11:17:47.515,425.3479774881645,5
2024-09-20 11:17:47.574,425.3573230457155,98
2024-09-20 11:17:47.596,425.3840858766325,99
2024-09-20 11:17:47.693,425.3621990212519,12
2024-09-20 11:17:47.742,425.3643630338913,1001
2024-09-20 11:17:47.773,425.3710808116269,105
2024-09-20 11:17:47.842,425.3734351293605,996
2024-09-20 11:17:48.304,425.3629526101983,8
2024-09-20 11:17:48.324,425.3619931196424,102
2024-09-20 11:17:48.372,425.3541280023759,12
2024-09-20 11:17:48.471,425.3502040740519,100
2024-09-20 11:17:48.499,425.3376871019325,5
2024-09-20 11:17:48.522,425.3599227057424,13
2024-09-20 11:17:48.822,425.3570782200663,5
2024-09-20 11:17:49.011,425.3516491508088,101
2024-09-20 11:17:49.092,425.3474113835642,7
2024-09-20 11:17:49.202,425.3239871848092,1004
2024-09-20 11:17:49.342,425.3518217676246,1002
2024-09-20 11:17:49.358,425.3402862541725,103
2024-09-20 11:17:49.462,425.34105439445216,1005
2024-09-20 11:17:49.479,425.3461729641833,6
2024-09-20 11:17:49.515,425.3403511434188,105
2024-09-20 11:17:49.662,425.3390072651373,8
2024-09-20 11:17:49.712,425.3551977512949,96
2024-09-20 11:17:49.719,425.34911774449,996
2024-09-20 11:17:49.724,425.34243576026216,1002
2024-09-20 11:17:49.806,425.34256292884544,1004
2024-09-20 11:17:49.953,425.34279360730505,14
2024-09-20 11:17:50.459,425.3224839668718,1001
2024-09-20 11:17:50.462,425.3248980544121,1004
2024-09-20 11:17:50.639,425.3127769668866,999
2024-09-20 11:17:50.657,425.3327627680901,104
2024-09-20 11:17:50.687,,105
2024-09-20 11:17:51.013,425.3227557353826,100
2024-09-20 11:17:51.113,425.3810283117426,1002
2024-09-20 11:17:51.161,425.3709161720445,95
2024-09-20 11:17:51.174,425.3059001781297,1004
2024-09-20 11:17:51.175,425.3672391303347,101
2024-09-20 11:17:51.199,42.53791512289339,1000
2024-09-20 11:17:51.265,425.3049290048781,997
2024-09-20 11:17:51.328,425.3622557096558,1002
2024-09-20 11:17:51.328,425.3758904559797,98
2024-09-20 11:17:51.409,425.3407742770365,998
2024-09-20 11:17:51.423,425.3249622200948,96
2024-09-20 11:17:51.447,425.3432928306033,98
2024-09-20 11:17:51.492,425.3343909933903,1004
2024-09-20 11:17:51.567,425.35551211058737,104
2024-09-20 11:17:51.582,425.36528821725983,6
2024-09-20 11:17:51.588,425.3732716791261,1002
2024-09-20 11:17:51.647,425.3003623490314,105
2024-09-20 11:17:51.751,425.3954207010066,14
2024-09-20 11:17:51.808,425.3298412674391,1002
2024-09-20 11:17:51.808,425.3243916104631,995
2024-09-20 11:17:51.828,425.3399354623656,995
2024-09-20 11:17:51.839,425.3602632537784,101
2024-09-20 11:17:51.968,425.3232976776981,14
2024-09-20 11:17:51.989,425.327456960071,96
2024-09-20 11:17:52.424,425.3488020329107,1002
2024-09-20 11:17:52.516,425.33858165508417,102
2024-09-20 11:17:52.653,425.34955038865496,8
2024-09-20 11:17:52.683,425.34285322571816,1004
2024-09-20 11:17:52.730,425.3386278204023,6
2024-09-20 11:17:52.783,425.3581841094712,1002
2024-09-20 11:17:52.790,425.3551757509992,104
2024-09-20 11:17:52.863,425.3424866060717,102
2024-09-20 11:17:52.881,425.35661564166656,1005
2024-09-20 11:17:52.985,425.34601388523487,104
2024-09-20 11:17:53.041,425.40442877858897,1005
2024-09-20 11:17:53.048,425.3810574212218,1004
2024-09-20 11:17:53.106,425.3828927102367,100
2024-09-20 11:17:53.125,425.39925004722215,1001
2024-09-20 11:17:53.126,425.4019441426288,11
2024-09-20 11:17:53.141,425.34513619932255,995
2024-09-20 11:17:53.256,425.4020420501212,15
2024-09-20 11:17:53.256,425.4390032362056,12
2024-09-20 11:17:53.270,425.39223565740514,102
2024-09-20 11:17:53.297,425.4317674158613,14
2024-09-20 11:17:53.300,425.38214809205857,9
2024-09-20 11:17:53.365,425.4058642343648,1005
2024-09-20 11:17:53.417,,996
2024-09-20 11:17:53.440,425.38171698722925,996
2024-09-20 11:17:53.519,425.4234098538014,5
2024-09-20 11:17:53.660,425.4105320341909,5
2024-09-20 11:17:53.771,425.4195339160956,6
2024-09-20 11:17:53.801,425.3731077157465,103
2024-09-20 11:17:53.835,425.4160324714483,100
2024-09-20 11:17:53.884,425.4237569264629,1001
2024-09-20 11:17:53.922,425.4081895514111,13
2024-09-20 11:17:53.929,425.4153608390454,8
2024-09-20 11:17:54.612,425.4179535663772,996
2024-09-20 11:17:56.021,425.3676288887093,15
2024-09-20 11:17:56.030,425.42238638534536,9
2024-09-20 11:17:56.039,425.4066062349486,100
2024-09-20 11:17:56.091,425.3435074954164,103
2024-09-20 11:17:56.205,425.3472329495567,99
2024-09-20 11:17:56.258,,995
2024-09-20 11:17:56.297,425.3947740014318,998
2024-09-20 11:17:56.303,-425.4035800893896,1002
2024-09-20 11:17:56.327,425.3649777961114,96
2024-09-20 11:17:56.350,425.3377839117649,999
2024-09-20 11:17:56.374,425.38833676254734,1005
2024-09-20 11:17:56.392,425.3438795952503,1001
2024-09-20 11:17:56.402,425.3818545600485,96
2024-09-20 11:17:56.474,425.3355630109587,100
2024-09-20 11:17:56.487,425.42157486846696,997
2024-09-20 11:17:56.518,425.3686703249567,99
2024-09-20 11:17:56.558,425.3321650490623,99
2024-09-20 11:17:56.565,425.3687140429798,1000
2024-09-20 11:17:56.592,425.3718677731848,997
2024-09-20 11:17:56.608,425.4064559701781,1001
2024-09-20 11:17:56.734,425.3595586953754,102
2024-09-20 11:17:56.755,425.389707140394,1004
2024-09-20 11:17:56.756,425.374476713062,1003
2024-09-20 11:17:56.783,425.3540116398773,101
2024-09-20 11:17:56.877,425.3503991490082,1003
2024-09-20 11:17:56.900,425.3485440991661,10
2024-09-20 11:17:56.905,425.3780915441251,6
2024-09-20 11:17:57.059,425.3551561818197,1003
2024-09-20 11:17:57.123,425.3732646290399,995
2024-09-20 11:17:57.212,425.3612294085854,104
2024-09-20 11:17:57.249,425.3499124049608,8
2024-09-20 11:17:57.257,425.3690908746789,97
2024-09-20 11:17:57.346,425.3702898889605,14
2024-09-20 11:17:57.634,425.34044913524826,101
2024-09-20 11:17:57.901,425.3698617586131,95
2024-09-20 11:17:58.008,425.3517952070106,102
2024-09-20 11:17:58.051,425.3478902350419,104
2024-09-20 11:17:58.062,425.3760901210215,95
2024-09-20 11:17:58.073,425.3724682877612,15
2024-09-20 11:17:58.195,425.3720252947088,8
2024-09-20 11:17:58.210,425.3785106966328,15
2024-09-20 11:17:58.218,425.37863011709663,997
2024-09-20 11:17:58.219,425.362752624697,7
2024-09-20 11:17:58.242,425.3530260662608,1004
2024-09-20 11:17:58.299,425.37109193008826,13
2024-09-20 11:17:58.299,425.3597514339654,9
2024-09-20 11:17:58.312,425.3750074634031,105
2024-09-20 11:17:58.353,425.3527966980391,6
2024-09-20 11:17:58.375,425.3623659096193,8
2024-09-20 11:17:58.398,425.3295121428746,12
2024-09-20 11:17:58.462,425.3514639527291,7
2024-09-20 11:17:58.511,425.36745716716,100
2024-09-20 11:17:58.674,425.36473008542185,9
2024-09-20 11:17:58.684,425.3305490409096,997
2024-09-20 11:17:58.691,425.3477197926027,100
2024-09-20 11:17:58.784,425.3804632044392,1000
2024-09-20 11:17:58.862,425.3457404864344,997
2024-09-20 11:17:58.864,425.3338807153238,6
2024-09-20 11:17:58.887,42.53297452962832,1000
2024-09-20 11:17:58.913,425.3764145328418,995
2024-09-20 11:17:58.946,425.3247911172242,7
2024-09-20 11:17:58.954,425.3567110579076,6
2024-09-20 11:17:58.965,425.3427930271039,995
2024-09-20 11:17:59.064,425.366315870928,6
2024-09-20 11:17:59.078,425.3789400399401,101
2024-09-20 11:17:59.672,425.3587363473757,1004
2024-09-20 11:17:59.811,425.374808345562,996
