Timestamp,Price,Size
2024-09-18 09:41:00.110,407.6935417425502,6
2024-09-18 09:41:00.172,407.6845129664444,96
2024-09-18 09:41:00.177,407.76509017744615,8
2024-09-18 09:41:00.192,407.7075606462632,1002
2024-09-18 09:41:00.215,407.7150145655485,7
2024-09-18 09:41:00.240,407.68434552197454,101
2024-09-18 09:41:00.278,407.7052648067336,105
2024-09-18 09:41:00.402,407.7621194605314,1005
2024-09-18 09:41:00.407,407.688970741626,1000
2024-09-18 09:41:00.418,407.7648663229388,105
2024-09-18 09:41:00.480,407.7595675353261,1002
2024-09-18 09:41:00.556,407.7650324400534,96
2024-09-18 09:41:00.566,407.76606848205375,8
2024-09-18 09:41:00.572,407.75212369842495,11
2024-09-18 09:41:00.605,407.69534064454285,1003
2024-09-18 09:41:00.738,407.7902061504967,105
2024-09-18 09:41:00.781,407.6971948176832,100
2024-09-18 09:41:00.800,407.77061457579856,6
2024-09-18 09:41:00.847,407.7608023497824,5
2024-09-18 09:41:00.880,407.7178282989899,998
2024-09-18 09:41:00.919,407.7669095495969,5
2024-09-18 09:41:00.945,407.7455089405964,13
2024-09-18 09:41:00.958,407.7384310616504,5
2024-09-18 09:41:00.966,407.7564079054838,7
2024-09-18 09:41:00.993,407.7545202236763,9
2024-09-18 09:41:01.045,407.7527644181939,997
2024-09-18 09:41:01.091,407.7410913037384,104
2024-09-18 09:41:01.094,407.7304377736532,103
2024-09-18 09:41:01.105,407.72796919687175,5
2024-09-18 09:41:01.148,407.7622122069679,101
2024-09-18 09:41:01.157,407.7286460287039,1002
2024-09-18 09:41:01.171,407.6993316505698,97
2024-09-18 09:41:01.200,407.7490389975484,101
2024-09-18 09:41:01.267,407.7189660493248,105
2024-09-18 09:41:01.292,407.7587833434479,95
2024-09-18 09:41:01.295,407.7359110767723,101
2024-09-18 09:41:01.301,407.7239769727965,8
2024-09-18 09:41:01.375,407.7354529697479,102
2024-09-18 09:41:01.461,-407.7476034910532,14
2024-09-18 09:41:01.511,407.693440215291,14
2024-09-18 09:41:01.568,407.74348258899846,1002
2024-09-18 09:41:01.650,407.7222220507529,1001
2024-09-18 09:41:01.658,407.7274107757671,97
2024-09-18 09:41:01.702,407.7486728027618,13
2024-09-18 09:41:01.771,407.7180527985459,98
2024-09-18 09:41:01.786,407.7637651191048,105
2024-09-18 09:41:01.796,407.7440546680729,102
2024-09-18 09:41:01.871,407.75718886518,5
2024-09-18 09:41:01.960,407.7666945232003,103
2024-09-18 09:41:01.992,407.7291200974087,96
2024-09-18 09:41:02.043,407.74965760115504,10
2024-09-18 09:41:02.084,407.777426826024,14
2024-09-18 09:41:02.109,407.7697789204565,1003
2024-09-18 09:41:02.318,407.7543239283,7
2024-09-18 09:41:02.541,407.7747570267237,13
2024-09-18 09:41:02.551,407.7501381029502,1002
2024-09-18 09:41:02.577,407.7466198205421,96
2024-09-18 09:41:02.633,407.77072276313305,95
2024-09-18 09:41:02.674,407.74496733666,5
2024-09-18 09:41:02.698,407.7464899698135,999
2024-09-18 09:41:02.807,407.7433001527069,97
2024-09-18 09:41:02.848,407.7612873578886,5
2024-09-18 09:41:02.953,407.7577455762433,101
2024-09-18 09:41:02.969,407.7559276881583,9
2024-09-18 09:41:03.142,407.82779351299325,999
2024-09-18 09:41:03.232,407.7868312188748,1005
2024-09-18 09:41:03.244,407.76774185181966,1002
2024-09-18 09:41:03.343,407.8749313285616,103
2024-09-18 09:41:03.349,407.8927223246404,99
2024-09-18 09:41:03.430,407.8864777266389,10
2024-09-18 09:41:03.454,407.7926841018386,1003
2024-09-18 09:41:03.475,407.8092539971751,95
2024-09-18 09:41:03.658,407.91498638699466,10
2024-09-18 09:41:03.705,407.79445771988895,95
2024-09-18 09:41:03.736,407.8566108728394,15
2024-09-18 09:41:03.812,407.8975500053367,999
2024-09-18 09:41:03.834,407.8944961485128,95
2024-09-18 09:41:03.845,407.8711323678081,102
2024-09-18 09:41:03.871,407.8836278934507,105
2024-09-18 09:41:03.871,407.8865627832888,95
2024-09-18 09:41:03.956,,100
2024-09-18 09:41:03.974,407.8763253891889,103
2024-09-18 09:41:04.171,407.8694231018597,98
2024-09-18 09:41:04.199,407.87612512311824,14
2024-09-18 09:41:04.219,40.78501576463807,995
2024-09-18 09:41:04.244,407.8478446622912,1003
2024-09-18 09:41:04.247,407.8656553358819,14
2024-09-18 09:41:04.354,407.8491347136953,9
2024-09-18 09:41:04.363,407.86647857818446,97
2024-09-18 09:41:04.390,407.86928874647975,995
2024-09-18 09:41:04.578,407.87425842424057,997
2024-09-18 09:41:04.588,407.8646073328588,10
2024-09-18 09:41:04.595,407.8735281343508,1004
2024-09-18 09:41:04.631,407.8610676744493,998
2024-09-18 09:41:04.752,407.8534950172783,995
2024-09-18 09:41:04.908,407.8593526474164,98
2024-09-18 09:41:04.955,407.8455139782396,1001
2024-09-18 09:41:05.152,407.8692416508852,1004
2024-09-18 09:41:05.167,407.8519648605877,14
2024-09-18 09:41:05.216,407.9143562301599,6
2024-09-18 09:41:05.285,407.87996092642015,96
2024-09-18 09:41:05.310,407.9392427975473,11
2024-09-18 09:41:05.343,,95
2024-09-18 09:41:05.370,407.8650781812947,10
2024-09-18 09:41:05.370,407.87144514359454,1000
2024-09-18 09:41:05.380,407.854522920713,7
2024-09-18 09:41:05.414,407.8708147552646,14
2024-09-18 09:41:05.492,407.890782161276,999
2024-09-18 09:41:05.574,407.8561841149332,104
2024-09-18 09:41:05.604,407.90271407765175,97
2024-09-18 09:41:05.690,407.8532934898773,99
2024-09-18 09:41:05.690,407.8807979681496,9
2024-09-18 09:41:05.809,407.8704662721493,105
2024-09-18 09:41:05.832,407.848713979317,999
2024-09-18 09:41:05.884,407.947375449806,12
2024-09-18 09:41:05.937,407.85170971843206,998
2024-09-18 09:41:06.044,407.96228998651424,996
2024-09-18 09:41:06.071,407.9391035335891,97
2024-09-18 09:41:06.117,407.9532890969961,1002
2024-09-18 09:41:06.119,407.970069047971,1004
2024-09-18 09:41:06.168,407.9711536089032,997
2024-09-18 09:41:06.186,407.9510396563292,100
2024-09-18 09:41:06.270,407.9833252353685,996
2024-09-18 09:41:06.308,407.9792369960454,1005
2024-09-18 09:41:06.394,407.9710700062431,105
2024-09-18 09:41:06.476,407.95726173432007,14
2024-09-18 09:41:06.509,407.9652342285715,998
2024-09-18 09:41:06.512,407.9905925930536,95
2024-09-18 09:41:06.523,407.9411192479331,1005
2024-09-18 09:41:06.535,407.9708994193199,6
2024-09-18 09:41:06.777,407.9625707378836,11
2024-09-18 09:41:06.838,407.9766949091441,101
2024-09-18 09:41:06.877,-407.95384190853775,95
2024-09-18 09:41:07.135,408.0127317159114,996
2024-09-18 09:41:07.177,407.9724276411363,1005
2024-09-18 09:41:07.337,408.0284117167374,14
2024-09-18 09:41:07.489,408.02042105224587,1000
2024-09-18 09:41:07.690,408.0154774116834,1000
2024-09-18 09:41:08.020,407.9583253135971,96
2024-09-18 09:41:08.173,407.9940139323616,103
2024-09-18 09:41:08.235,407.9494652256437,100
2024-09-18 09:41:08.249,407.9491038492396,13
2024-09-18 09:41:08.314,407.9883994657655,1005
2024-09-18 09:41:08.369,407.9760510550818,996
2024-09-18 09:41:08.408,407.9726217666756,1004
2024-09-18 09:41:08.610,407.9702189753864,14
2024-09-18 09:41:08.665,-407.9803223981887,97
2024-09-18 09:41:08.735,408.0269731703122,96
2024-09-18 09:41:08.773,407.98203058467226,100
2024-09-18 09:41:08.886,408.01671230569184,9
2024-09-18 09:41:08.929,408.0180488487106,998
2024-09-18 09:41:08.997,407.9555151149604,102
2024-09-18 09:41:09.060,407.9280735784826,95
2024-09-18 09:41:09.070,407.9206328105636,95
2024-09-18 09:41:09.071,407.9133841183889,14
2024-09-18 09:41:09.093,407.96329499966,1001
2024-09-18 09:41:09.128,407.9709602852837,95
2024-09-18 09:41:09.204,407.9597659076061,105
2024-09-18 09:41:09.241,407.90070089101897,7
2024-09-18 09:41:09.296,407.9598144544084,10
2024-09-18 09:41:09.329,407.93082590543673,11
2024-09-18 09:41:09.351,407.9059966486169,14
2024-09-18 09:41:09.351,407.9463004300601,14
2024-09-18 09:41:09.377,407.9109936954141,999
2024-09-18 09:41:09.377,407.9376206655083,5
2024-09-18 09:41:09.408,407.9182692286535,10
2024-09-18 09:41:09.419,407.96082907430014,9
2024-09-18 09:41:09.435,407.9393251420556,15
2024-09-18 09:41:09.465,407.8951214008376,14
2024-09-18 09:41:09.571,407.9585936799941,8
2024-09-18 09:41:09.580,407.92344074342407,96
2024-09-18 09:41:09.595,407.9516186810316,6
2024-09-18 09:41:09.747,407.9419349233156,995
2024-09-18 09:41:09.811,407.90360468818,1005
2024-09-18 09:41:09.846,407.8952721934918,100
2024-09-18 09:41:09.878,407.93692321578953,1004
2024-09-18 09:41:09.919,407.94637193939553,1001
2024-09-18 09:41:09.961,407.90090576939264,1005
2024-09-18 09:41:09.996,407.9396920489662,997
2024-09-18 09:41:10.009,407.8543190225048,102
2024-09-18 09:41:10.046,407.91282345948446,8
2024-09-18 09:41:10.080,407.8384277047636,103
2024-09-18 09:41:10.092,407.8667597641266,999
2024-09-18 09:41:10.142,407.9079597521186,14
2024-09-18 09:41:10.164,407.8968552699082,1002
2024-09-18 09:41:10.187,407.92016642561686,96
2024-09-18 09:41:10.213,407.8398385406338,5
2024-09-18 09:41:10.329,407.8632049984445,104
2024-09-18 09:41:10.377,407.85077562536407,1005
2024-09-18 09:41:10.393,407.9377499855272,996
2024-09-18 09:41:10.546,407.87423945978594,13
2024-09-18 09:41:10.581,407.9165738430363,997
2024-09-18 09:41:10.626,407.88258852990606,1000
2024-09-18 09:41:10.638,407.8833194034266,996
2024-09-18 09:41:10.651,407.8952896615296,8
2024-09-18 09:41:10.668,407.8501904619702,8
2024-09-18 09:41:10.670,407.91229672525344,997
2024-09-18 09:41:10.687,407.8502202858682,6
2024-09-18 09:41:10.723,407.85506601612354,104
2024-09-18 09:41:10.730,407.8534624155619,1001
2024-09-18 09:41:10.768,407.8484400725706,105
2024-09-18 09:41:10.782,407.90496696146977,1004
2024-09-18 09:41:10.805,407.9127068192126,999
2024-09-18 09:41:10.829,407.91339194244017,100
2024-09-18 09:41:10.922,407.8959699849862,997
2024-09-18 09:41:10.933,407.91249251864326,102
2024-09-18 09:41:10.950,407.8910327464612,996
2024-09-18 09:41:10.954,407.8829101568376,1001
2024-09-18 09:41:10.976,-407.9063048370685,6
2024-09-18 09:41:11.000,407.8466863070069,9
2024-09-18 09:41:11.108,407.8906957163066,12
2024-09-18 09:41:11.186,407.8619099156893,104
2024-09-18 09:41:11.191,407.84189851447496,98
2024-09-18 09:41:11.204,407.860183200594,9
2024-09-18 09:41:11.318,-407.8512463925368,10
2024-09-18 09:41:11.353,407.8018054254656,100
2024-09-18 09:41:11.392,407.7972051085658,999
2024-09-18 09:41:11.394,407.8611036712882,12
2024-09-18 09:41:11.421,407.8628094765385,1003
2024-09-18 09:41:11.426,407.8765540597237,104
2024-09-18 09:41:11.489,407.87605374953097,100
2024-09-18 09:41:11.710,407.8495160943665,7
2024-09-18 09:41:11.797,407.86845627519983,98
2024-09-18 09:41:11.964,407.8261341115709,1001
2024-09-18 09:41:11.965,407.8517977523493,103
2024-09-18 09:41:12.047,,7
2024-09-18 09:41:12.082,407.7762925702388,10
2024-09-18 09:41:12.152,407.8063499324104,8
2024-09-18 09:41:12.154,407.7990910014644,1000
2024-09-18 09:41:12.202,407.7863166781048,105
2024-09-18 09:41:12.214,407.8023299321947,996
2024-09-18 09:41:12.383,407.7490311561199,997
2024-09-18 09:41:12.406,407.8144635525297,102
2024-09-18 09:41:12.487,407.7848269327216,13
2024-09-18 09:41:12.501,407.79247295387546,9
2024-09-18 09:41:12.525,407.74685252097976,998
2024-09-18 09:41:12.526,407.7460696570556,5
2024-09-18 09:41:12.600,407.7971605056397,104
2024-09-18 09:41:12.624,407.72985926457153,1005
2024-09-18 09:41:12.641,407.783312133268,1005
2024-09-18 09:41:12.657,407.7853343747151,105
2024-09-18 09:41:12.661,407.7939059827816,102
2024-09-18 09:41:12.694,407.75350305005503,5
2024-09-18 09:41:12.792,407.7561095678541,104
2024-09-18 09:41:12.814,407.80231365775904,8
2024-09-18 09:41:12.821,407.7901552080653,101
2024-09-18 09:41:12.827,407.7889703525486,996
2024-09-18 09:41:12.959,407.7654072763619,9
2024-09-18 09:41:13.063,407.7287711068497,1000
2024-09-18 09:41:13.070,407.7081687750956,9
2024-09-18 09:41:13.102,407.7767560017032,999
2024-09-18 09:41:13.220,-407.7606354238772,95
2024-09-18 09:41:13.309,407.8611992307365,1005
2024-09-18 09:41:13.314,407.7371601528122,104
2024-09-18 09:41:13.314,407.7245252266691,9
2024-09-18 09:41:13.318,407.8517218400704,8
2024-09-18 09:41:13.395,407.8552571572432,995
2024-09-18 09:41:13.409,407.70376158333,6
2024-09-18 09:41:13.466,407.7612476635792,96
2024-09-18 09:41:13.538,407.7242651770532,11
2024-09-18 09:41:13.598,407.8497057054608,101
2024-09-18 09:41:13.656,407.6861177788609,1004
2024-09-18 09:41:13.698,407.8096806191394,997
2024-09-18 09:41:13.747,407.77851592974565,1005
2024-09-18 09:41:13.760,407.8084937098232,1004
2024-09-18 09:41:13.808,407.77877545872025,1002
2024-09-18 09:41:13.814,407.7170333480141,9
2024-09-18 09:41:13.860,407.7382355387475,9
2024-09-18 09:41:13.940,407.7275552936349,15
2024-09-18 09:41:13.962,407.8451583426141,11
2024-09-18 09:41:13.967,407.832672413546,7
2024-09-18 09:41:13.986,407.82230156710153,999
2024-09-18 09:41:14.030,407.92002589047576,103
2024-09-18 09:41:14.092,407.9138676079701,995
2024-09-18 09:41:14.120,40.79071291792204,8
2024-09-18 09:41:14.137,407.92887812423874,1005
2024-09-18 09:41:14.177,407.85289200938325,999
2024-09-18 09:41:14.304,407.9179714435493,996
2024-09-18 09:41:14.357,407.93422879431415,1003
2024-09-18 09:41:14.382,407.9499094731341,100
2024-09-18 09:41:14.410,407.9484545654179,1001
2024-09-18 09:41:14.462,407.9206923880044,99
2024-09-18 09:41:14.466,407.94771906349257,1002
2024-09-18 09:41:14.518,407.9427912567972,103
2024-09-18 09:41:14.519,407.9342230133439,98
2024-09-18 09:41:14.576,407.9330425568628,997
2024-09-18 09:41:14.603,407.9222904086435,8
2024-09-18 09:41:14.647,407.8647234083896,14
2024-09-18 09:41:14.655,407.9332824064545,96
2024-09-18 09:41:14.741,407.9310790309967,102
2024-09-18 09:41:14.772,,98
2024-09-18 09:41:14.819,407.88761402637135,103
2024-09-18 09:41:14.858,407.93467452422544,1000
2024-09-18 09:41:15.055,407.9255765336304,15
2024-09-18 09:41:15.521,407.94397742545937,6
2024-09-18 09:41:15.549,407.9390816688226,102
2024-09-18 09:41:15.593,407.9374571477834,1001
2024-09-18 09:41:15.600,407.930437015821,1005
2024-09-18 09:41:15.818,407.93953471019785,95
2024-09-18 09:41:15.986,407.94263080628303,96
2024-09-18 09:41:16.113,407.8844234969527,996
2024-09-18 09:41:16.183,407.9127205572075,100
2024-09-18 09:41:16.257,407.8881876020984,6
2024-09-18 09:41:16.372,407.9091060946716,14
2024-09-18 09:41:16.492,407.8939981790002,98
2024-09-18 09:41:16.517,407.9062966661298,9
2024-09-18 09:41:16.562,407.9058769874787,998
2024-09-18 09:41:16.675,407.9221995542014,100
2024-09-18 09:41:16.703,407.8979495241841,1005
2024-09-18 09:41:16.764,407.89888480767945,100
2024-09-18 09:41:16.902,407.8962000364169,995
2024-09-18 09:41:17.015,407.9551632700404,15
2024-09-18 09:41:17.144,407.9999256284237,98
2024-09-18 09:41:17.204,408.0331720439557,96
2024-09-18 09:41:17.209,407.9211453958176,997
2024-09-18 09:41:17.267,407.9794171102985,14
2024-09-18 09:41:17.291,407.9015746581872,997
2024-09-18 09:41:17.356,407.9954890241276,999
2024-09-18 09:41:17.383,40.8033361732678,1005
2024-09-18 09:41:17.452,408.0283084320906,998
2024-09-18 09:41:17.456,407.9918270594911,998
2024-09-18 09:41:17.494,407.926420324366,6
2024-09-18 09:41:17.541,407.9845261051387,1001
2024-09-18 09:41:17.567,408.0252711849006,8
2024-09-18 09:41:17.597,407.9683915749624,10
2024-09-18 09:41:17.646,408.0182556545813,14
2024-09-18 09:41:17.676,408.0166736157703,95
2024-09-18 09:41:17.730,407.96813173100384,1005
2024-09-18 09:41:17.864,407.89452080158713,15
2024-09-18 09:41:17.881,407.9152541693542,997
2024-09-18 09:41:17.898,407.99887842691487,5
2024-09-18 09:41:17.957,408.0125821239811,10
2024-09-18 09:41:18.010,408.0767472217297,8
2024-09-18 09:41:18.056,408.0193341314875,997
2024-09-18 09:41:18.127,408.0271235790992,97
2024-09-18 09:41:18.173,408.08233409628224,103
2024-09-18 09:41:18.201,408.0640115792343,1004
2024-09-18 09:41:18.233,408.02223906513706,1002
2024-09-18 09:41:18.258,407.97884965732175,8
2024-09-18 09:41:18.283,408.0584004192036,1001
2024-09-18 09:41:18.311,407.9977189167868,97
2024-09-18 09:41:18.323,408.0166397827283,96
2024-09-18 09:41:18.324,408.0979527925213,5
2024-09-18 09:41:18.327,407.9741265705418,97
2024-09-18 09:41:18.374,408.0174612911052,998
2024-09-18 09:41:18.412,408.022413663502,104
2024-09-18 09:41:18.435,408.08710184637806,998
2024-09-18 09:41:18.466,408.0588384963322,997
2024-09-18 09:41:18.531,408.07926730911504,1004
2024-09-18 09:41:18.549,407.9920926930636,95
2024-09-18 09:41:18.562,408.0232169295453,998
2024-09-18 09:41:18.631,408.04772856485033,999
2024-09-18 09:41:18.704,407.9787689023921,97
2024-09-18 09:41:18.845,407.9821600739875,105
2024-09-18 09:41:18.911,408.0050715775866,1004
2024-09-18 09:41:18.940,407.97416951479033,101
2024-09-18 09:41:18.997,408.00650131393326,104
2024-09-18 09:41:19.064,408.0791969267156,1000
2024-09-18 09:41:19.068,408.0687052001722,105
2024-09-18 09:41:19.200,408.0812876513667,1001
2024-09-18 09:41:19.218,408.0700381899803,7
2024-09-18 09:41:19.264,408.0851760501273,1001
2024-09-18 09:41:19.276,408.06594411848624,1004
2024-09-18 09:41:19.325,408.07876624316646,15
2024-09-18 09:41:19.353,408.0994417313835,999
2024-09-18 09:41:19.478,408.0580481887456,1000
2024-09-18 09:41:19.499,408.0763488161589,11
2024-09-18 09:41:19.537,408.08352290197536,10
2024-09-18 09:41:19.571,408.0930923853184,7
2024-09-18 09:41:19.609,408.0965774382033,10
2024-09-18 09:41:19.628,408.06832332250207,102
2024-09-18 09:41:19.671,408.0996379882621,12
2024-09-18 09:41:19.733,408.0935332029336,102
2024-09-18 09:41:19.738,408.0907777047119,104
2024-09-18 09:41:19.787,408.0997250633097,1005
2024-09-18 09:41:19.888,408.1033653993743,999
2024-09-18 09:41:19.930,408.1033525539011,997
2024-09-18 09:41:20.334,408.1345518557828,9
2024-09-18 09:41:20.424,408.1325777595448,997
2024-09-18 09:41:20.760,408.1178331059176,6
2024-09-18 09:41:20.779,408.1036080984941,98
2024-09-18 09:41:21.010,408.0963988225266,104
2024-09-18 09:41:21.184,408.1262624935492,1004
2024-09-18 09:41:21.241,408.12552797160686,13
2024-09-18 09:41:21.335,408.1234213993242,999
2024-09-18 09:41:21.403,408.1416788609159,97
2024-09-18 09:41:21.438,408.1053707200374,13
2024-09-18 09:41:21.445,408.108690820438,1005
2024-09-18 09:41:21.527,408.14588927088914,1001
2024-09-18 09:41:21.643,408.1340480559269,103
2024-09-18 09:41:21.682,408.0964334699346,101
2024-09-18 09:41:21.876,408.12585388982177,12
2024-09-18 09:41:21.885,408.12368688713366,1005
2024-09-18 09:41:21.928,408.0865573471097,995
2024-09-18 09:41:22.054,408.12977423643946,996
2024-09-18 09:41:22.077,408.11395340559056,1002
2024-09-18 09:41:22.086,408.11830695719885,100
2024-09-18 09:41:22.093,408.1172001738512,1004
2024-09-18 09:41:22.095,408.11016552974894,13
2024-09-18 09:41:22.142,408.1253068632662,15
2024-09-18 09:41:22.175,408.0737466171783,1005
2024-09-18 09:41:22.243,408.12636015478665,997
2024-09-18 09:41:22.250,408.1141492603701,8
2024-09-18 09:41:22.284,408.1321614879528,6
2024-09-18 09:41:22.319,408.15203576267686,13
2024-09-18 09:41:22.348,408.1310675186717,1000
2024-09-18 09:41:22.350,408.1067172614293,95
2024-09-18 09:41:22.385,408.16368341902427,98
2024-09-18 09:41:22.530,408.13118827201566,15
2024-09-18 09:41:22.619,408.1199329410782,103
2024-09-18 09:41:22.699,408.1201928929764,8
2024-09-18 09:41:22.713,408.1138255567469,12
2024-09-18 09:41:22.739,408.1349984767615,104
2024-09-18 09:41:22.780,408.0557674995868,98
2024-09-18 09:41:22.816,408.09268501520506,997
2024-09-18 09:41:22.920,408.08766590360455,9
2024-09-18 09:41:22.972,408.0661029358866,102
2024-09-18 09:41:23.010,408.0867780031907,997
2024-09-18 09:41:23.056,408.0964909770013,97
2024-09-18 09:41:23.129,408.1112716825301,1004
2024-09-18 09:41:23.190,408.0920664930206,98
2024-09-18 09:41:23.590,408.1015264538895,11
2024-09-18 09:41:23.595,408.09304391223367,1000
2024-09-18 09:41:23.979,408.0892360352748,1003
2024-09-18 09:41:24.002,408.08856492455465,1000
2024-09-18 09:41:24.033,408.09832976590417,1004
2024-09-18 09:41:24.036,408.0728041472504,98
2024-09-18 09:41:24.071,408.13128248866167,1000
2024-09-18 09:41:24.071,408.1236677009467,11
2024-09-18 09:41:24.073,408.0527363683064,15
2024-09-18 09:41:24.094,408.12623458856615,998
2024-09-18 09:41:24.141,408.05894791034353,95
2024-09-18 09:41:24.234,408.13393609027474,7
2024-09-18 09:41:24.245,408.0821514250693,14
2024-09-18 09:41:24.283,408.1048214808284,15
2024-09-18 09:41:24.289,408.0732127497603,10
2024-09-18 09:41:24.309,408.09741948351126,5
2024-09-18 09:41:24.401,408.1099641802208,9
2024-09-18 09:41:24.441,408.12168457107833,1004
2024-09-18 09:41:24.441,408.0872508403692,14
2024-09-18 09:41:24.478,408.1010770749358,101
2024-09-18 09:41:24.544,408.0871105421549,14
2024-09-18 09:41:24.570,408.08281755223766,995
2024-09-18 09:41:24.644,40.81168191519044,996
2024-09-18 09:41:24.655,408.0701531696757,5
2024-09-18 09:41:24.771,408.095037588729,13
2024-09-18 09:41:24.912,408.1227416437157,996
2024-09-18 09:41:24.953,408.1355859513079,8
2024-09-18 09:41:24.957,408.103072359658,9
2024-09-18 09:41:25.009,408.06350425397466,995
2024-09-18 09:41:25.157,408.0746242319986,1005
2024-09-18 09:41:25.158,408.06840969540536,7
2024-09-18 09:41:25.200,408.0687074973577,7
2024-09-18 09:41:25.219,408.0899642694902,105
2024-09-18 09:41:25.221,40.806273082120754,12
2024-09-18 09:41:25.247,408.0767331682937,11
2024-09-18 09:41:25.298,408.0679693230248,998
2024-09-18 09:41:25.483,408.07840693228457,99
2024-09-18 09:41:25.484,408.0833778816078,14
2024-09-18 09:41:25.521,408.0646010689242,1004
2024-09-18 09:41:25.588,408.07676927751737,995
2024-09-18 09:41:25.603,408.0935641047174,1000
2024-09-18 09:41:25.677,408.0804501799468,97
2024-09-18 09:41:25.705,408.0775769079885,99
2024-09-18 09:41:25.777,408.08584979986057,1000
2024-09-18 09:41:25.806,408.0672774870487,5
2024-09-18 09:41:25.854,,104
2024-09-18 09:41:25.859,408.0919364764962,11
2024-09-18 09:41:25.873,408.0874094590179,1005
2024-09-18 09:41:25.909,408.0649167246635,12
2024-09-18 09:41:25.919,408.0660397903445,12
2024-09-18 09:41:25.954,-408.09215888689175,104
2024-09-18 09:41:25.961,408.0985064971417,999
2024-09-18 09:41:26.065,408.0230846431976,102
2024-09-18 09:41:26.069,408.0913512139159,1004
2024-09-18 09:41:26.111,408.0488388865676,998
2024-09-18 09:41:26.132,408.07701753188695,1001
2024-09-18 09:41:26.173,408.100328126453,96
2024-09-18 09:41:26.182,408.0247953032736,1002
2024-09-18 09:41:26.240,408.0663549714114,103
2024-09-18 09:41:26.316,408.0565731512912,101
2024-09-18 09:41:26.345,408.0560992845185,13
2024-09-18 09:41:26.347,408.070126446114,6
2024-09-18 09:41:26.358,408.0419886305662,96
2024-09-18 09:41:26.395,408.0304860232043,995
2024-09-18 09:41:26.418,408.083251056708,997
2024-09-18 09:41:26.432,408.0348293341751,1000
2024-09-18 09:41:26.469,408.0853472481125,1004
2024-09-18 09:41:26.485,408.0761580567441,96
2024-09-18 09:41:26.542,408.0670992392356,11
2024-09-18 09:41:26.564,408.066567553209,100
2024-09-18 09:41:26.658,408.02557025515983,101
2024-09-18 09:41:26.665,408.0783767303168,7
2024-09-18 09:41:26.706,408.087688861861,1000
2024-09-18 09:41:26.843,408.0957787626763,15
2024-09-18 09:41:26.870,408.0822740941386,997
2024-09-18 09:41:26.894,408.032853716244,13
2024-09-18 09:41:26.939,408.08320344995576,8
2024-09-18 09:41:26.978,408.0816137602233,104
2024-09-18 09:41:27.058,408.0384460546996,105
2024-09-18 09:41:27.064,408.0624753436573,96
2024-09-18 09:41:27.167,408.01406809780576,7
2024-09-18 09:41:27.232,408.0533311541341,14
2024-09-18 09:41:27.306,408.0496692545178,998
2024-09-18 09:41:27.353,408.05976795016375,995
2024-09-18 09:41:27.370,408.0667375722307,95
2024-09-18 09:41:27.377,408.0442749220041,98
2024-09-18 09:41:27.425,408.08133876778993,101
2024-09-18 09:41:27.443,408.039788055739,103
2024-09-18 09:41:27.529,408.026402157221,8
2024-09-18 09:41:27.536,408.054129958148,1004
2024-09-18 09:41:27.601,408.0324375886611,7
2024-09-18 09:41:27.645,408.0630090451948,997
2024-09-18 09:41:27.708,408.0368498685762,1003
2024-09-18 09:41:27.749,408.0577931239988,7
2024-09-18 09:41:27.779,408.0335709863628,1000
2024-09-18 09:41:27.811,408.05993384121655,97
2024-09-18 09:41:27.847,408.05303912237946,7
2024-09-18 09:41:27.867,408.035535329521,98
2024-09-18 09:41:28.005,408.0783140479311,11
2024-09-18 09:41:28.077,408.0806470581233,102
2024-09-18 09:41:28.078,408.0815988327562,999
2024-09-18 09:41:28.152,408.0794055159394,105
2024-09-18 09:41:28.198,408.0859858665787,15
2024-09-18 09:41:28.346,408.0872861083472,102
2024-09-18 09:41:28.587,408.0872277254296,101
2024-09-18 09:41:28.632,408.0759480486852,1003
2024-09-18 09:41:28.690,408.076819392426,6
2024-09-18 09:41:28.736,408.050200679501,100
2024-09-18 09:41:28.745,408.1010010961687,1003
2024-09-18 09:41:28.848,408.1220715865536,104
2024-09-18 09:41:28.900,408.0945465609658,13
2024-09-18 09:41:28.907,408.1054740941229,10
2024-09-18 09:41:28.948,408.0935064486541,102
2024-09-18 09:41:28.976,408.0766776388581,1002
2024-09-18 09:41:29.053,408.0892924763996,1000
2024-09-18 09:41:29.092,408.087786361298,998
2024-09-18 09:41:29.474,408.0726341540685,7
2024-09-18 09:41:29.640,408.0983747291125,5
2024-09-18 09:41:29.655,408.0828275365703,13
2024-09-18 09:41:29.680,408.0611538253,999
2024-09-18 09:41:29.804,408.0978558287911,99
2024-09-18 09:41:29.989,408.0955485259851,5
2024-09-18 09:41:30.326,408.0823349505093,10
2024-09-18 09:41:30.428,408.0668303244784,95
2024-09-18 09:41:31.004,407.9612846835405,998
2024-09-18 09:41:31.005,407.9798415617392,13
2024-09-18 09:41:31.023,407.9554010392693,6
2024-09-18 09:41:31.024,407.9682240381408,96
2024-09-18 09:41:31.067,408.02400413915575,97
2024-09-18 09:41:31.076,407.9702897817333,96
2024-09-18 09:41:31.128,407.9905430515371,6
2024-09-18 09:41:31.137,407.9990888561383,103
2024-09-18 09:41:31.242,407.9363012803658,12
2024-09-18 09:41:31.243,407.949525953532,101
2024-09-18 09:41:31.265,407.9564650009602,8
2024-09-18 09:41:31.444,408.0076676918843,999
2024-09-18 09:41:31.514,408.0434490393475,10
2024-09-18 09:41:31.545,407.95329906318216,6
2024-09-18 09:41:31.608,408.0654869778447,98
2024-09-18 09:41:31.744,408.03621510976313,1002
2024-09-18 09:41:31.752,407.9834206323835,6
2024-09-18 09:41:31.850,407.9748173304269,1004
2024-09-18 09:41:31.862,408.0063115884072,15
2024-09-18 09:41:31.863,407.9772314999374,103
2024-09-18 09:41:31.865,408.01468029801015,99
2024-09-18 09:41:31.873,407.95288884947087,98
2024-09-18 09:41:31.940,407.9669292703592,999
2024-09-18 09:41:31.942,408.0491471884757,95
2024-09-18 09:41:32.077,,1005
2024-09-18 09:41:32.196,408.0013262796907,97
2024-09-18 09:41:32.587,407.97970626339577,999
2024-09-18 09:41:32.627,407.9917595912296,96
2024-09-18 09:41:32.858,407.9938951167261,9
2024-09-18 09:41:33.006,407.9726921690549,103
2024-09-18 09:41:33.027,407.9027556695398,13
2024-09-18 09:41:33.043,407.9292666910981,998
2024-09-18 09:41:33.076,407.984572024184,13
2024-09-18 09:41:33.087,407.909064106424,101
2024-09-18 09:41:33.105,407.9753784157816,99
2024-09-18 09:41:33.156,407.9845089467617,12
2024-09-18 09:41:33.179,-407.9763587363784,996
2024-09-18 09:41:33.184,407.9744761187798,97
2024-09-18 09:41:33.265,407.9823645671816,15
2024-09-18 09:41:33.372,407.995628134062,102
2024-09-18 09:41:33.377,408.0009741707629,12
2024-09-18 09:41:33.389,407.9962554040589,100
2024-09-18 09:41:33.402,407.9229667245109,98
2024-09-18 09:41:33.458,407.9376590153061,96
2024-09-18 09:41:33.464,407.9122028239278,101
2024-09-18 09:41:33.467,407.93680250087255,12
2024-09-18 09:41:33.506,407.9192240449682,105
2024-09-18 09:41:33.577,407.972318008378,5
2024-09-18 09:41:33.637,408.0006112453362,995
2024-09-18 09:41:33.709,407.9764594145186,95
2024-09-18 09:41:33.740,407.9563459626389,14
2024-09-18 09:41:33.753,407.9828851259799,995
2024-09-18 09:41:33.787,407.9802521485364,996
2024-09-18 09:41:33.802,408.00218465934415,96
2024-09-18 09:41:33.846,407.9864500032035,999
2024-09-18 09:41:33.919,,102
2024-09-18 09:41:33.960,407.9894636850212,102
2024-09-18 09:41:33.975,407.9686139775733,104
2024-09-18 09:41:34.002,407.89442615035466,104
2024-09-18 09:41:34.308,407.8776097135823,1000
2024-09-18 09:41:34.311,407.8921814210293,14
2024-09-18 09:41:34.371,407.9093244358417,1001
2024-09-18 09:41:34.378,407.8973215662479,996
2024-09-18 09:41:34.392,407.88329018151967,1000
2024-09-18 09:41:34.407,407.90289590104095,100
2024-09-18 09:41:34.652,407.8937007874182,104
2024-09-18 09:41:34.675,407.8919540633272,99
2024-09-18 09:41:34.697,407.891330327225,104
2024-09-18 09:41:34.857,407.8956474521186,5
2024-09-18 09:41:35.050,407.8840141349566,15
2024-09-18 09:41:35.062,407.8480564507664,996
2024-09-18 09:41:35.076,407.8235141705413,95
2024-09-18 09:41:35.093,407.8383547691857,997
2024-09-18 09:41:35.093,407.83392597179056,1002
2024-09-18 09:41:35.101,407.8614611859636,998
2024-09-18 09:41:35.133,407.8301479056733,97
2024-09-18 09:41:35.146,407.8546090542469,96
2024-09-18 09:41:35.199,407.8646299860395,96
2024-09-18 09:41:35.208,407.8158289284131,9
2024-09-18 09:41:35.234,407.824780332656,995
2024-09-18 09:41:35.263,407.84867616886856,15
2024-09-18 09:41:35.274,407.8054468970919,1003
2024-09-18 09:41:35.469,407.84409846668376,1002
2024-09-18 09:41:35.479,407.8575397761237,105
2024-09-18 09:41:35.601,407.8246423628649,7
2024-09-18 09:41:35.604,407.86563173563854,10
2024-09-18 09:41:35.660,407.8514236214808,995
2024-09-18 09:41:35.745,407.8725224621233,101
2024-09-18 09:41:35.750,407.8224260185338,10
2024-09-18 09:41:35.813,407.8706103948283,104
2024-09-18 09:41:35.864,407.8675657970741,101
2024-09-18 09:41:35.901,407.8687492505181,9
2024-09-18 09:41:35.902,407.866531574713,996
2024-09-18 09:41:35.917,407.8338863241274,105
2024-09-18 09:41:35.951,407.8546419662486,998
2024-09-18 09:41:35.954,407.8870447512432,1004
2024-09-18 09:41:35.989,407.8152571562306,97
2024-09-18 09:41:36.527,407.8070738892502,11
2024-09-18 09:41:36.955,407.7985943814256,996
2024-09-18 09:41:37.007,407.80432405732125,995
2024-09-18 09:41:37.285,407.81940991784967,11
2024-09-18 09:41:37.342,407.82178863062006,1005
2024-09-18 09:41:37.383,407.8163155156352,99
2024-09-18 09:41:37.503,407.7915241766096,97
2024-09-18 09:41:37.799,407.8196523207401,105
2024-09-18 09:41:37.843,407.8239144996994,15
2024-09-18 09:41:38.224,407.8498191974358,15
2024-09-18 09:41:38.329,407.8542700720517,6
2024-09-18 09:41:38.397,407.8429009834701,98
2024-09-18 09:41:38.415,407.8357687457208,10
2024-09-18 09:41:38.430,407.83194337051634,105
2024-09-18 09:41:38.469,407.8403994850559,6
2024-09-18 09:41:38.481,407.8222596098724,5
2024-09-18 09:41:38.690,407.8234896086043,11
2024-09-18 09:41:38.840,407.8466087213623,1005
2024-09-18 09:41:38.877,407.8377924653956,96
2024-09-18 09:41:38.892,407.8430632708783,998
2024-09-18 09:41:38.931,407.83352528419,15
2024-09-18 09:41:38.969,407.8495353306568,8
2024-09-18 09:41:39.052,407.8862085574859,105
2024-09-18 09:41:39.062,407.8683452288103,1001
2024-09-18 09:41:39.173,407.89102200663416,1005
2024-09-18 09:41:39.180,407.89259701128697,12
2024-09-18 09:41:39.378,407.8805701096036,96
2024-09-18 09:41:39.382,407.9217362278015,95
2024-09-18 09:41:39.412,407.85183868777193,105
2024-09-18 09:41:39.434,407.8783918613369,1000
2024-09-18 09:41:39.479,407.8955581865912,1000
2024-09-18 09:41:39.496,407.8882369203333,995
2024-09-18 09:41:39.541,407.9070512823573,14
2024-09-18 09:41:39.579,407.8736325893507,1001
2024-09-18 09:41:39.626,407.90584620092153,99
2024-09-18 09:41:39.659,407.851327458383,99
2024-09-18 09:41:39.693,407.8830762844171,14
2024-09-18 09:41:39.812,407.8952136321888,96
2024-09-18 09:41:39.823,407.888050970913,15
2024-09-18 09:41:39.885,407.9200444770676,1001
2024-09-18 09:41:39.894,407.92639679239227,104
2024-09-18 09:41:39.936,407.91798005691226,996
2024-09-18 09:41:39.946,407.8594100852739,1001
2024-09-18 09:41:39.997,407.9013400389172,10
2024-09-18 09:41:40.113,407.9413044167395,97
2024-09-18 09:41:40.125,407.97342675619086,99
2024-09-18 09:41:40.131,407.9242176115347,1004
2024-09-18 09:41:40.174,407.96221033221065,6
2024-09-18 09:41:40.202,407.961392807362,1000
2024-09-18 09:41:40.236,407.9150492161234,96
2024-09-18 09:41:40.259,407.95593303313296,14
2024-09-18 09:41:40.357,407.97605138832296,102
2024-09-18 09:41:40.399,407.96903693255337,95
2024-09-18 09:41:40.435,407.9525416918863,103
2024-09-18 09:41:40.490,407.956388854724,14
2024-09-18 09:41:40.506,407.9610760527376,7
2024-09-18 09:41:40.610,407.9819033819839,11
2024-09-18 09:41:40.642,407.95706538659744,999
2024-09-18 09:41:40.654,407.9506824236392,1004
2024-09-18 09:41:40.709,407.9618635946484,98
2024-09-18 09:41:40.735,407.97102556783017,95
2024-09-18 09:41:40.757,407.9307165590855,998
2024-09-18 09:41:40.789,407.9254657551775,8
2024-09-18 09:41:40.985,407.9251583705409,13
2024-09-18 09:41:40.987,407.9624264133929,8
2024-09-18 09:41:41.078,407.98601686495687,103
2024-09-18 09:41:41.121,407.96020496522505,14
2024-09-18 09:41:41.209,407.93800674001534,97
2024-09-18 09:41:41.212,407.9697730517799,997
2024-09-18 09:41:41.261,407.9697673806142,8
2024-09-18 09:41:41.302,407.9650482112837,1002
2024-09-18 09:41:41.340,407.9720467515429,996
2024-09-18 09:41:41.379,407.97067146233286,999
2024-09-18 09:41:41.398,407.9933192623638,999
2024-09-18 09:41:41.460,407.99340572834257,96
2024-09-18 09:41:41.485,407.9524380043151,100
2024-09-18 09:41:41.698,407.9998556225871,995
2024-09-18 09:41:41.733,407.9623797479021,13
2024-09-18 09:41:41.745,407.9875358537996,1002
2024-09-18 09:41:41.774,407.9583854150893,12
2024-09-18 09:41:41.790,407.9659627165129,1004
2024-09-18 09:41:41.793,407.9766387806224,1003
2024-09-18 09:41:41.851,407.976681897824,999
2024-09-18 09:41:41.858,407.9445352921548,8
2024-09-18 09:41:41.898,407.977534689081,1005
2024-09-18 09:41:41.969,407.986726307791,8
2024-09-18 09:41:41.999,407.9414818623833,13
2024-09-18 09:41:42.170,407.93624091543614,996
2024-09-18 09:41:42.189,407.9417111598439,1000
2024-09-18 09:41:42.230,407.952083540198,1005
2024-09-18 09:41:42.252,407.9521789338334,1002
2024-09-18 09:41:42.357,407.9452304766272,13
2024-09-18 09:41:42.379,407.9462177718727,998
2024-09-18 09:41:42.518,407.9506644133814,995
2024-09-18 09:41:42.573,407.9419137802063,10
2024-09-18 09:41:42.689,407.9428613089492,105
2024-09-18 09:41:42.711,407.9432283450637,1001
2024-09-18 09:41:42.772,407.9633548871441,104
2024-09-18 09:41:42.839,407.935224080052,999
2024-09-18 09:41:42.864,407.9573016136919,1000
2024-09-18 09:41:42.867,407.9674787540741,101
2024-09-18 09:41:42.910,407.953976234885,1000
2024-09-18 09:41:42.937,407.9574478388748,14
2024-09-18 09:41:42.992,407.9525683085519,998
2024-09-18 09:41:43.039,407.97397370372624,11
2024-09-18 09:41:43.044,408.0002950813221,8
2024-09-18 09:41:43.299,407.9521171066046,11
2024-09-18 09:41:43.381,407.9654179387789,1000
2024-09-18 09:41:43.564,407.9891474953442,1005
2024-09-18 09:41:43.644,408.0089695003337,1001
2024-09-18 09:41:43.661,408.00435949812135,14
2024-09-18 09:41:43.674,407.9650949111421,98
2024-09-18 09:41:43.699,407.9982394075926,997
2024-09-18 09:41:43.731,40.79705753566611,9
2024-09-18 09:41:44.114,408.0129333375221,996
2024-09-18 09:41:44.592,408.01435491365766,999
2024-09-18 09:41:44.848,408.0265104911716,97
2024-09-18 09:41:45.000,407.9854648438139,97
2024-09-18 09:41:45.043,407.96090169182,1001
2024-09-18 09:41:45.068,407.98529853756327,102
2024-09-18 09:41:45.070,407.9160714300851,6
2024-09-18 09:41:45.090,407.91452777126665,10
2024-09-18 09:41:45.090,407.91170318454687,1000
2024-09-18 09:41:45.177,407.9192792385282,15
2024-09-18 09:41:45.184,407.9342050440634,1001
2024-09-18 09:41:45.187,407.9833513026575,12
2024-09-18 09:41:45.222,407.9484301332092,101
2024-09-18 09:41:45.276,407.9527767526004,14
2024-09-18 09:41:45.279,408.0156314139847,99
2024-09-18 09:41:45.363,407.9834640907583,8
2024-09-18 09:41:45.366,407.9261646635176,95
2024-09-18 09:41:45.397,407.96515817251225,9
2024-09-18 09:41:45.461,407.96895292877247,95
2024-09-18 09:41:45.508,407.91427765181777,98
2024-09-18 09:41:45.519,407.9992626386374,12
2024-09-18 09:41:45.606,407.9363366183306,100
2024-09-18 09:41:45.643,407.9797919334508,96
2024-09-18 09:41:45.751,407.9203830255984,104
2024-09-18 09:41:45.785,407.9577478376956,97
2024-09-18 09:41:45.956,407.9704568567625,99
2024-09-18 09:41:45.995,407.93257596661033,103
2024-09-18 09:41:46.099,407.9600266566361,6
2024-09-18 09:41:46.289,407.98040269909046,1002
2024-09-18 09:41:46.297,407.96373249889655,998
2024-09-18 09:41:46.458,407.9657137821719,995
2024-09-18 09:41:46.580,407.9495363390157,96
2024-09-18 09:41:46.675,407.93511586942935,102
2024-09-18 09:41:46.896,407.9347031723127,105
2024-09-18 09:41:47.090,407.8982687207546,11
2024-09-18 09:41:47.094,407.9797506459759,998
2024-09-18 09:41:47.116,407.9845218263526,100
2024-09-18 09:41:47.164,407.8714889316942,1002
2024-09-18 09:41:47.217,407.9287287830029,5
2024-09-18 09:41:47.237,407.9437101940161,1001
2024-09-18 09:41:47.250,407.9492537036351,100
2024-09-18 09:41:47.271,407.9961413362889,1003
2024-09-18 09:41:47.476,407.9897323109636,103
2024-09-18 09:41:47.484,407.9033743232656,101
2024-09-18 09:41:47.543,407.9636090225947,99
2024-09-18 09:41:47.553,407.9953322071832,1002
2024-09-18 09:41:47.574,407.9128067757173,1001
2024-09-18 09:41:47.639,408.0014727308224,15
2024-09-18 09:41:47.649,40.80006465468357,1001
2024-09-18 09:41:47.650,407.95293239717125,101
2024-09-18 09:41:47.701,407.9600767884512,98
2024-09-18 09:41:47.707,407.9001328759271,1002
2024-09-18 09:41:47.710,407.9200003856448,1002
2024-09-18 09:41:47.748,408.0013860405935,100
2024-09-18 09:41:47.781,407.8943658609195,102
2024-09-18 09:41:47.816,407.9267449794172,1001
2024-09-18 09:41:47.880,407.9247247920909,5
2024-09-18 09:41:47.903,407.9547389848655,105
2024-09-18 09:41:47.916,407.9856008888769,99
2024-09-18 09:41:47.977,407.87595613076576,102
2024-09-18 09:41:47.984,407.9789288449845,1005
2024-09-18 09:41:48.027,407.8807518230011,1004
2024-09-18 09:41:48.032,407.9531489454049,105
2024-09-18 09:41:48.096,407.9019085545448,1004
2024-09-18 09:41:48.157,407.904108109823,5
2024-09-18 09:41:48.212,407.8897396131704,104
2024-09-18 09:41:48.274,407.9024743592288,102
2024-09-18 09:41:48.355,407.9083826643797,95
2024-09-18 09:41:48.371,407.90269623375553,8
2024-09-18 09:41:48.426,407.9257529075003,1003
2024-09-18 09:41:48.492,-407.9262432246324,998
2024-09-18 09:41:48.671,407.893305614866,997
2024-09-18 09:41:48.720,407.9376986078183,99
2024-09-18 09:41:48.742,407.8899295830808,15
2024-09-18 09:41:48.744,-407.9116557650752,5
2024-09-18 09:41:48.887,407.8953801091377,995
2024-09-18 09:41:48.956,407.93213183673646,102
2024-09-18 09:41:48.957,407.8981325763793,8
2024-09-18 09:41:49.070,407.8812273770265,99
2024-09-18 09:41:49.196,407.9040454856752,99
2024-09-18 09:41:49.406,407.921518426402,8
2024-09-18 09:41:49.459,407.8840360623926,101
2024-09-18 09:41:49.486,407.91475625733926,5
2024-09-18 09:41:49.628,407.8630588091481,6
2024-09-18 09:41:49.639,407.87999253158335,999
2024-09-18 09:41:49.723,407.8642779513439,97
2024-09-18 09:41:49.737,,1001
2024-09-18 09:41:49.876,407.8995076255671,100
2024-09-18 09:41:49.978,407.9093059820633,99
2024-09-18 09:41:50.333,407.8840590505904,98
2024-09-18 09:41:50.629,407.8863794126064,97
2024-09-18 09:41:50.933,407.8926327181185,14
2024-09-18 09:41:51.134,407.8781851650088,104
2024-09-18 09:41:51.260,407.8648989289304,6
2024-09-18 09:41:51.397,407.87674332487234,1000
2024-09-18 09:41:51.599,407.8743255258252,1001
2024-09-18 09:41:51.652,407.8659283686752,100
2024-09-18 09:41:51.684,407.8730595243494,15
2024-09-18 09:41:51.862,,98
2024-09-18 09:41:51.899,407.8518814052224,1001
2024-09-18 09:41:51.959,40.78527750684563,98
2024-09-18 09:41:52.243,407.872913463048,100
2024-09-18 09:41:52.386,407.8705692664394,7
2024-09-18 09:41:52.680,407.8650868140932,102
2024-09-18 09:41:52.785,407.8758503297103,97
2024-09-18 09:41:52.788,407.8667705990546,999
2024-09-18 09:41:52.991,-407.8605883725176,10
2024-09-18 09:41:52.994,407.8732022422408,97
2024-09-18 09:41:53.043,407.8254294377632,97
2024-09-18 09:41:53.079,407.8740915394258,98
2024-09-18 09:41:53.120,407.952200231937,15
2024-09-18 09:41:53.133,407.8316410591124,996
2024-09-18 09:41:53.150,407.8008692986368,105
2024-09-18 09:41:53.164,407.9464489943157,1004
2024-09-18 09:41:53.179,407.935315625142,996
2024-09-18 09:41:53.226,-407.8451789670105,10
2024-09-18 09:41:53.266,407.8254960173137,12
2024-09-18 09:41:53.304,407.8026719033848,1003
2024-09-18 09:41:53.344,407.9347725697814,11
2024-09-18 09:41:53.353,407.7958033350529,995
2024-09-18 09:41:53.426,407.952571898288,97
2024-09-18 09:41:53.453,407.803456335425,99
2024-09-18 09:41:53.455,407.769192427011,105
2024-09-18 09:41:53.457,407.778889778501,100
2024-09-18 09:41:53.465,407.8355872746409,7
2024-09-18 09:41:53.500,-407.8636038618427,1004
2024-09-18 09:41:53.546,407.79447673645495,101
2024-09-18 09:41:53.591,407.80613243288593,98
2024-09-18 09:41:53.655,407.858543458496,998
2024-09-18 09:41:53.704,407.8072235386266,996
2024-09-18 09:41:53.724,407.8077975484437,996
2024-09-18 09:41:53.788,407.9102798343388,7
2024-09-18 09:41:53.828,407.9155006139867,95
2024-09-18 09:41:53.836,407.9398812023504,102
2024-09-18 09:41:53.859,407.8130226978672,12
2024-09-18 09:41:53.871,407.8009300201529,102
2024-09-18 09:41:53.976,407.7934946073368,6
2024-09-18 09:41:54.000,407.9470785722051,7
2024-09-18 09:41:54.237,407.9535675882743,96
2024-09-18 09:41:54.398,407.9502091351768,5
2024-09-18 09:41:54.473,407.9627001467141,6
2024-09-18 09:41:54.582,407.9582104392578,998
2024-09-18 09:41:54.596,407.95890200456586,96
2024-09-18 09:41:54.599,407.9525071419905,100
2024-09-18 09:41:54.604,407.9480337753056,12
2024-09-18 09:41:54.682,407.95066414418005,99
2024-09-18 09:41:54.711,407.9534055167557,1003
2024-09-18 09:41:54.759,407.94593242437617,105
2024-09-18 09:41:55.031,407.9616195608424,97
2024-09-18 09:41:55.248,407.98381781237526,1001
2024-09-18 09:41:55.265,407.9788198986882,1003
2024-09-18 09:41:55.346,407.9898099283492,11
2024-09-18 09:41:55.408,407.97160839408974,99
2024-09-18 09:41:55.436,407.9552194148335,1000
2024-09-18 09:41:55.506,408.00507072746433,105
2024-09-18 09:41:55.574,407.98584560065336,1000
2024-09-18 09:41:55.645,407.98674322451706,12
2024-09-18 09:41:55.690,407.9906836484972,8
2024-09-18 09:41:55.731,407.9703945306954,97
2024-09-18 09:41:55.761,407.94594186680735,5
2024-09-18 09:41:55.832,407.9819605125663,995
2024-09-18 09:41:55.851,407.9717225068393,1002
2024-09-18 09:41:55.856,407.9606481447698,1004
2024-09-18 09:41:55.867,407.96256905722026,5
2024-09-18 09:41:55.913,407.9859183321753,95
2024-09-18 09:41:55.998,407.97871599994585,105
2024-09-18 09:41:56.001,407.9891992108876,99
2024-09-18 09:41:56.045,407.95937099884935,1000
2024-09-18 09:41:56.059,408.0061119438366,96
2024-09-18 09:41:56.132,407.9500509242501,1005
2024-09-18 09:41:56.255,407.9540556334222,98
2024-09-18 09:41:56.574,407.963036768308,103
2024-09-18 09:41:56.683,407.9862695263512,5
2024-09-18 09:41:56.732,407.9733309073263,99
2024-09-18 09:41:56.887,407.9694508830861,9
2024-09-18 09:41:56.891,407.94941532625467,7
2024-09-18 09:41:56.974,407.9795140788253,12
2024-09-18 09:41:57.003,407.90594813235646,997
2024-09-18 09:41:57.077,407.8917683622829,1003
2024-09-18 09:41:57.091,407.9503925662684,999
2024-09-18 09:41:57.184,407.9054730851852,13
2024-09-18 09:41:57.199,407.91823110338703,103
2024-09-18 09:41:57.232,407.9450811403892,998
2024-09-18 09:41:57.290,407.886594403278,999
2024-09-18 09:41:57.306,407.9324939118888,995
2024-09-18 09:41:57.309,407.9341063271018,997
2024-09-18 09:41:57.339,407.930126722917,997
2024-09-18 09:41:57.393,407.9098575050004,14
2024-09-18 09:41:57.459,407.9658854521819,12
2024-09-18 09:41:57.693,407.9213404860696,98
2024-09-18 09:41:57.726,407.9211340365936,102
2024-09-18 09:41:57.744,407.9751100553244,15
2024-09-18 09:41:57.760,407.9109208719252,10
2024-09-18 09:41:57.807,407.9740122610543,8
2024-09-18 09:41:57.853,407.91866807201774,98
2024-09-18 09:41:57.894,407.9423623954335,101
2024-09-18 09:41:57.912,407.905694713,15
2024-09-18 09:41:57.931,407.9334466926068,97
2024-09-18 09:41:58.017,407.8802918837308,1002
2024-09-18 09:41:58.025,407.8656592491,102
2024-09-18 09:41:58.033,407.8730483693698,998
2024-09-18 09:41:58.046,407.887415621232,101
2024-09-18 09:41:58.104,407.88199093260215,103
2024-09-18 09:41:58.113,407.9063556136572,98
2024-09-18 09:41:58.147,407.9042123349408,1003
2024-09-18 09:41:58.184,407.9126232646447,998
2024-09-18 09:41:58.213,407.87609105871,998
2024-09-18 09:41:58.265,407.89033560858826,96
2024-09-18 09:41:58.266,407.88766059993605,97
2024-09-18 09:41:58.271,407.9006258587118,98
2024-09-18 09:41:58.304,407.8818492929563,998
2024-09-18 09:41:58.327,407.88835265265806,10
2024-09-18 09:41:58.332,407.9076081620712,996
2024-09-18 09:41:58.442,407.9189246245638,102
2024-09-18 09:41:58.454,407.8740967199416,100
2024-09-18 09:41:58.511,407.89171837905286,15
2024-09-18 09:41:58.548,407.9239080758197,995
2024-09-18 09:41:58.555,407.8688679222674,13
2024-09-18 09:41:58.638,407.89797891683554,102
2024-09-18 09:41:58.668,407.8967724285724,102
2024-09-18 09:41:58.683,407.9037174183953,998
2024-09-18 09:41:58.699,407.8952721910945,7
2024-09-18 09:41:58.739,407.900292064583,11
2024-09-18 09:41:58.850,407.8845428114606,15
2024-09-18 09:41:58.864,407.87362544842273,97
2024-09-18 09:41:59.368,407.8968525550559,104
