Timestamp,Price,Size
2024-09-16 11:00:00.010,418.1152656420576,9
2024-09-16 11:00:00.063,418.1254242322982,1004
2024-09-16 11:00:00.955,418.1341184059276,996
2024-09-16 11:00:01.085,418.13456132559423,102
2024-09-16 11:00:01.579,418.123862411936,998
2024-09-16 11:00:02.024,418.0643902169606,13
2024-09-16 11:00:02.060,417.97431541955615,105
2024-09-16 11:00:02.071,418.0659777448357,1005
2024-09-16 11:00:02.091,418.0626947975628,10
2024-09-16 11:00:02.104,417.9179794642587,996
2024-09-16 11:00:02.156,417.9663383504669,999
2024-09-16 11:00:02.182,418.0850978314443,14
2024-09-16 11:00:02.199,418.08927041687633,9
2024-09-16 11:00:02.251,418.032651633132,1004
2024-09-16 11:00:02.261,418.0564630994036,1000
2024-09-16 11:00:02.268,418.0680183378997,995
2024-09-16 11:00:02.329,418.00250926335406,15
2024-09-16 11:00:02.386,418.028704877041,999
2024-09-16 11:00:02.395,418.0638991333146,1002
2024-09-16 11:00:02.429,418.1042682366201,13
2024-09-16 11:00:02.583,418.06038667169753,1005
2024-09-16 11:00:02.593,418.01531574045407,13
2024-09-16 11:00:02.597,418.0586476246139,99
2024-09-16 11:00:02.604,418.0766397496473,998
2024-09-16 11:00:02.611,417.9914942668064,13
2024-09-16 11:00:02.645,418.0742260305271,102
2024-09-16 11:00:02.680,418.1044943392149,99
2024-09-16 11:00:02.715,418.1130354094184,13
2024-09-16 11:00:02.724,41.79818572145781,104
2024-09-16 11:00:02.841,418.0979080302033,103
2024-09-16 11:00:02.856,418.0787178207011,11
2024-09-16 11:00:02.865,417.939418409511,11
2024-09-16 11:00:03.040,417.9099203411544,14
2024-09-16 11:00:03.167,417.8897894594393,15
2024-09-16 11:00:03.198,417.8887545188253,14
2024-09-16 11:00:03.299,417.9135128761732,6
2024-09-16 11:00:03.373,417.9073136316507,995
2024-09-16 11:00:03.525,417.9387521708529,6
2024-09-16 11:00:03.602,417.8989034090749,998
2024-09-16 11:00:03.687,417.9370361312063,1003
2024-09-16 11:00:03.748,417.9198341538495,999
2024-09-16 11:00:03.866,417.904800746467,13
2024-09-16 11:00:03.912,417.9023668621816,98
2024-09-16 11:00:03.963,417.9067807695706,1005
2024-09-16 11:00:03.970,417.92011136932734,1003
2024-09-16 11:00:03.979,417.8969819896662,105
2024-09-16 11:00:03.992,417.8962067797824,8
2024-09-16 11:00:04.073,418.03211333249646,11
2024-09-16 11:00:04.084,417.9324430120929,5
2024-09-16 11:00:04.121,417.91771307657865,12
2024-09-16 11:00:04.160,418.0013517523519,1000
2024-09-16 11:00:04.168,417.9384438815567,1000
2024-09-16 11:00:04.240,417.95490940914885,12
2024-09-16 11:00:04.262,418.0117989107675,103
2024-09-16 11:00:04.363,417.9464928670527,98
2024-09-16 11:00:04.399,418.00372540587097,9
2024-09-16 11:00:04.408,417.9202937315669,998
2024-09-16 11:00:04.494,417.98977395470473,14
2024-09-16 11:00:04.498,418.0202682000775,6
2024-09-16 11:00:04.548,418.0018134418011,105
2024-09-16 11:00:04.580,417.9496522934941,999
2024-09-16 11:00:04.616,418.0027055135631,996
2024-09-16 11:00:04.726,417.9580121022739,104
2024-09-16 11:00:04.828,418.0435627676578,7
2024-09-16 11:00:04.829,418.0326707597728,997
2024-09-16 11:00:04.835,418.0267472583619,13
2024-09-16 11:00:04.843,417.9563411947243,12
2024-09-16 11:00:04.849,417.9819395510526,8
2024-09-16 11:00:04.855,417.911449805411,101
2024-09-16 11:00:04.940,417.98040556153455,11
2024-09-16 11:00:05.015,418.01960133632906,1004
2024-09-16 11:00:05.081,418.017803162369,14
2024-09-16 11:00:05.089,417.9942508919991,102
2024-09-16 11:00:05.136,417.9876884998786,7
2024-09-16 11:00:05.181,418.0071630361213,10
2024-09-16 11:00:05.194,418.0080713133768,11
2024-09-16 11:00:05.262,418.00522420346834,999
2024-09-16 11:00:05.382,417.9699668663486,13
2024-09-16 11:00:05.411,,5
2024-09-16 11:00:05.467,418.0184091482048,105
2024-09-16 11:00:05.537,418.012859317661,98
2024-09-16 11:00:05.539,418.004064821584,7
2024-09-16 11:00:05.583,417.96950378507984,996
2024-09-16 11:00:05.587,418.0175545125526,105
2024-09-16 11:00:05.587,417.9774540422246,8
2024-09-16 11:00:05.600,418.0119138973072,96
2024-09-16 11:00:05.610,417.9986279701743,995
2024-09-16 11:00:05.761,418.0161343227895,999
2024-09-16 11:00:05.787,418.02055601944136,9
2024-09-16 11:00:05.796,417.9996131520579,103
2024-09-16 11:00:05.826,418.0281491989521,1001
2024-09-16 11:00:05.833,417.9974094529183,1004
2024-09-16 11:00:05.851,418.0271747375015,1002
2024-09-16 11:00:05.851,418.0007281253157,98
2024-09-16 11:00:05.871,417.9894311291456,13
2024-09-16 11:00:06.056,417.8090698204552,996
2024-09-16 11:00:06.086,417.9393589868155,8
2024-09-16 11:00:06.114,417.80815942674593,104
2024-09-16 11:00:06.161,417.804158470803,13
2024-09-16 11:00:06.188,417.90583629000986,100
2024-09-16 11:00:06.190,417.8177108748281,103
2024-09-16 11:00:06.207,417.9300246529991,1003
2024-09-16 11:00:06.291,417.8421243521283,104
2024-09-16 11:00:06.294,417.8319767527562,99
2024-09-16 11:00:06.384,417.90841709903646,95
2024-09-16 11:00:06.399,417.8728314187466,102
2024-09-16 11:00:06.402,417.8195659979127,99
2024-09-16 11:00:06.442,417.845346895612,7
2024-09-16 11:00:06.449,418.0081181603457,99
2024-09-16 11:00:06.452,417.9880488419952,1003
2024-09-16 11:00:06.466,417.7979062192837,1003
2024-09-16 11:00:06.564,417.9567623293941,1003
2024-09-16 11:00:06.673,417.9669767372548,11
2024-09-16 11:00:06.697,417.8720382827561,95
2024-09-16 11:00:06.744,417.9408463950597,105
2024-09-16 11:00:06.801,417.9310939655284,1004
2024-09-16 11:00:06.872,417.8347805609796,1002
2024-09-16 11:00:06.874,417.8202845020453,1000
2024-09-16 11:00:06.943,41.7895651589821,998
2024-09-16 11:00:06.953,417.8101101733792,1003
2024-09-16 11:00:07.015,417.7644430297733,99
2024-09-16 11:00:07.023,417.75104033780974,98
2024-09-16 11:00:07.055,417.7923200041143,103
2024-09-16 11:00:07.113,417.7938868495247,14
2024-09-16 11:00:07.118,417.76061414436685,9
2024-09-16 11:00:07.133,417.7807403154671,102
2024-09-16 11:00:07.142,417.78999165725816,10
2024-09-16 11:00:07.190,417.79215350378905,15
2024-09-16 11:00:07.198,417.79089999711687,999
2024-09-16 11:00:07.317,417.772093159564,1002
2024-09-16 11:00:07.392,417.7689882033988,998
2024-09-16 11:00:07.433,417.7705172956768,98
2024-09-16 11:00:07.462,417.7771106013569,5
2024-09-16 11:00:07.496,417.7810233666483,97
2024-09-16 11:00:07.500,417.7859781150301,104
2024-09-16 11:00:07.535,417.7611235328202,1005
2024-09-16 11:00:07.549,417.7761359983468,998
2024-09-16 11:00:07.578,-417.7589329553021,99
2024-09-16 11:00:07.642,417.7877154655926,98
2024-09-16 11:00:07.694,417.75591956960375,102
2024-09-16 11:00:07.756,417.7692236069568,999
2024-09-16 11:00:07.766,417.7702993924685,13
2024-09-16 11:00:07.794,417.782119964026,1000
2024-09-16 11:00:07.797,417.7561446670564,997
2024-09-16 11:00:07.846,417.77535493273126,104
2024-09-16 11:00:07.864,417.7821934500654,996
2024-09-16 11:00:07.904,417.75129740277737,101
2024-09-16 11:00:07.905,417.77299953622,995
2024-09-16 11:00:07.939,417.76767713956656,15
2024-09-16 11:00:08.067,417.7696923120756,1005
2024-09-16 11:00:08.086,417.7815365553778,996
2024-09-16 11:00:08.105,417.7306004540393,1004
2024-09-16 11:00:08.121,417.7556099616981,14
2024-09-16 11:00:08.388,417.7019875685663,103
2024-09-16 11:00:08.472,417.7737835636854,95
2024-09-16 11:00:08.484,417.7384206598747,999
2024-09-16 11:00:08.530,417.7587548463332,95
2024-09-16 11:00:08.559,417.75859033270433,1001
2024-09-16 11:00:08.577,417.7428891156512,95
2024-09-16 11:00:08.618,417.7650606688837,1000
2024-09-16 11:00:08.630,417.7598281899429,7
2024-09-16 11:00:08.631,417.7647720812767,15
2024-09-16 11:00:08.667,-417.7870832580466,95
2024-09-16 11:00:08.708,417.7822908278178,101
2024-09-16 11:00:08.715,417.7083289937216,105
2024-09-16 11:00:08.718,417.77598201264135,100
2024-09-16 11:00:08.785,417.6947803897836,1001
2024-09-16 11:00:08.817,417.7424118596857,103
2024-09-16 11:00:08.819,417.7076228183454,103
2024-09-16 11:00:08.840,417.7069052432774,8
2024-09-16 11:00:08.877,417.7538379261835,1000
2024-09-16 11:00:08.971,417.6975864677048,996
2024-09-16 11:00:08.980,417.72193222356185,100
2024-09-16 11:00:09.083,417.6962273670047,102
2024-09-16 11:00:09.230,417.6892948801335,101
2024-09-16 11:00:09.376,417.6863959515736,95
2024-09-16 11:00:09.437,417.67959956602,99
2024-09-16 11:00:09.448,417.69212515865513,996
2024-09-16 11:00:09.478,,15
2024-09-16 11:00:09.506,417.6901792884856,1004
2024-09-16 11:00:09.787,417.7029851958659,11
2024-09-16 11:00:09.796,417.685374571389,13
2024-09-16 11:00:09.807,417.68992933700406,10
2024-09-16 11:00:09.930,417.69782492792194,95
2024-09-16 11:00:10.187,417.71780578941167,8
2024-09-16 11:00:10.232,417.7090894993189,1001
2024-09-16 11:00:10.248,417.7210589008137,13
2024-09-16 11:00:10.322,417.7444320857963,105
2024-09-16 11:00:10.360,417.7148747856924,5
2024-09-16 11:00:10.395,417.7144966833504,95
2024-09-16 11:00:10.615,417.7050575905632,15
2024-09-16 11:00:10.709,417.7249179129239,9
2024-09-16 11:00:10.826,417.7043771396609,997
2024-09-16 11:00:10.981,417.7171536390514,95
2024-09-16 11:00:11.222,417.7604637327189,997
2024-09-16 11:00:11.547,417.7624457042141,1002
2024-09-16 11:00:11.565,417.772510846944,1000
2024-09-16 11:00:11.805,417.7576095155401,6
2024-09-16 11:00:12.043,417.8026206202166,103
2024-09-16 11:00:12.055,417.7759802761962,1002
2024-09-16 11:00:12.065,417.7549226283769,997
2024-09-16 11:00:12.079,417.7659628790537,999
2024-09-16 11:00:12.080,417.78994499431695,97
2024-09-16 11:00:12.093,417.7545410608945,9
2024-09-16 11:00:12.097,417.76024329067536,97
2024-09-16 11:00:12.103,417.82179238699024,11
2024-09-16 11:00:12.194,417.8133681233929,1002
2024-09-16 11:00:12.241,417.8191500925772,1004
2024-09-16 11:00:12.362,417.7669824347349,999
2024-09-16 11:00:12.380,417.7738911561354,7
2024-09-16 11:00:12.403,417.73747690580126,105
2024-09-16 11:00:12.489,417.7947105926461,5
2024-09-16 11:00:12.494,417.79684057177474,104
2024-09-16 11:00:12.531,417.7923139406551,101
2024-09-16 11:00:12.678,417.7496992825691,12
2024-09-16 11:00:12.697,417.74723850475937,999
2024-09-16 11:00:12.848,417.8063550233972,104
2024-09-16 11:00:12.868,417.77571534534,100
2024-09-16 11:00:12.941,417.7690969460726,103
2024-09-16 11:00:12.956,417.77724823209377,104
2024-09-16 11:00:12.959,417.7863446499245,1002
2024-09-16 11:00:13.017,417.82176558488055,11
2024-09-16 11:00:13.071,417.8222505809248,995
2024-09-16 11:00:13.115,417.747586879249,101
2024-09-16 11:00:13.183,417.752137945495,6
2024-09-16 11:00:13.216,417.81146925299,98
2024-09-16 11:00:13.221,417.7747694169864,1004
2024-09-16 11:00:13.376,417.75414077015074,102
2024-09-16 11:00:13.569,417.8099411221908,998
2024-09-16 11:00:13.621,417.8048677931191,99
2024-09-16 11:00:13.676,417.754120460154,995
2024-09-16 11:00:13.789,417.7758348730425,97
2024-09-16 11:00:13.816,417.74505573771376,1000
2024-09-16 11:00:13.829,417.798649469439,12
2024-09-16 11:00:13.850,417.8059426599388,996
2024-09-16 11:00:13.934,417.78326302258233,9
2024-09-16 11:00:13.959,417.7552678849905,998
2024-09-16 11:00:13.962,417.8188628702576,100
2024-09-16 11:00:14.073,417.8291129987059,998
2024-09-16 11:00:14.081,417.83902246682095,100
2024-09-16 11:00:14.234,417.8227499344963,103
2024-09-16 11:00:14.236,417.8276886782658,96
2024-09-16 11:00:14.286,417.81793516876536,998
2024-09-16 11:00:14.335,417.80486642394425,996
2024-09-16 11:00:14.353,417.8348130636586,101
2024-09-16 11:00:14.404,417.8111767022125,1003
2024-09-16 11:00:14.473,417.8063361135162,95
2024-09-16 11:00:14.496,417.85536999704266,12
2024-09-16 11:00:14.609,417.79445612197424,1001
2024-09-16 11:00:14.623,417.82544732800216,104
2024-09-16 11:00:14.677,417.8006059746638,15
2024-09-16 11:00:14.723,417.7985246115293,996
2024-09-16 11:00:14.801,417.8355917914518,101
2024-09-16 11:00:14.821,417.8302901972679,99
2024-09-16 11:00:14.865,417.8318833869168,999
2024-09-16 11:00:14.866,417.7898609222989,997
2024-09-16 11:00:15.043,417.7931203568797,99
2024-09-16 11:00:15.123,417.82655186661873,104
2024-09-16 11:00:15.161,417.7884426059932,12
2024-09-16 11:00:15.165,417.8161430912258,995
2024-09-16 11:00:15.313,417.7899735703256,1002
2024-09-16 11:00:15.332,417.79967452123617,104
2024-09-16 11:00:15.370,417.7852805707056,997
2024-09-16 11:00:15.427,417.83333593663417,1005
2024-09-16 11:00:15.433,417.8456565181095,1001
2024-09-16 11:00:15.462,417.7920055982339,97
2024-09-16 11:00:15.469,417.773034245853,101
2024-09-16 11:00:15.589,417.8317043971344,103
2024-09-16 11:00:15.616,417.83904452104383,1000
2024-09-16 11:00:15.642,417.7916550680568,99
2024-09-16 11:00:15.698,417.7867838152043,99
2024-09-16 11:00:15.706,417.78511875332543,995
2024-09-16 11:00:15.757,417.8137195617499,6
2024-09-16 11:00:15.779,417.7884038348251,1000
2024-09-16 11:00:15.890,417.8242293171276,1004
2024-09-16 11:00:15.953,417.8282421028968,995
2024-09-16 11:00:15.968,417.8013758655827,12
2024-09-16 11:00:16.033,417.8033165454234,97
2024-09-16 11:00:16.089,417.8047915255472,12
2024-09-16 11:00:16.159,417.7978568256223,1002
2024-09-16 11:00:16.218,417.7998771758755,104
2024-09-16 11:00:16.349,417.84594361851816,14
2024-09-16 11:00:16.427,417.81909610905984,1001
2024-09-16 11:00:16.497,417.8269641538785,7
2024-09-16 11:00:16.604,417.85567735355926,99
2024-09-16 11:00:16.643,417.8692903221237,11
2024-09-16 11:00:16.681,417.8276703035096,13
2024-09-16 11:00:16.687,417.7764336329725,9
2024-09-16 11:00:16.742,417.8332987643633,1000
2024-09-16 11:00:16.742,417.8452955251543,999
2024-09-16 11:00:16.783,417.8083828838834,6
2024-09-16 11:00:16.805,417.85833860356496,105
2024-09-16 11:00:16.822,417.8206807673496,7
2024-09-16 11:00:16.827,417.7993861386194,97
2024-09-16 11:00:16.853,417.86659579315057,100
2024-09-16 11:00:16.874,417.8136016824498,5
2024-09-16 11:00:16.876,417.8600408925108,997
2024-09-16 11:00:16.926,417.817614160144,997
2024-09-16 11:00:16.974,417.8167317819396,97
2024-09-16 11:00:17.451,417.8702151676993,1000
2024-09-16 11:00:17.624,417.8529661588135,15
2024-09-16 11:00:17.633,417.8801226025132,11
2024-09-16 11:00:17.671,417.86347549644336,97
2024-09-16 11:00:17.747,417.85643845561736,1001
2024-09-16 11:00:18.000,417.8556057170408,105
2024-09-16 11:00:18.006,417.87293826744616,1000
2024-09-16 11:00:18.032,417.8543898808521,102
2024-09-16 11:00:18.126,417.853935920102,105
2024-09-16 11:00:18.139,417.8392209597049,102
2024-09-16 11:00:18.228,417.8577537445698,102
2024-09-16 11:00:18.229,417.88980182411234,102
2024-09-16 11:00:18.313,417.83595449618,9
2024-09-16 11:00:18.344,417.86767316553625,8
2024-09-16 11:00:18.419,417.8729619167081,96
2024-09-16 11:00:18.461,417.8421271689134,102
2024-09-16 11:00:18.484,417.8631104006412,104
2024-09-16 11:00:18.536,-417.8611023919999,14
2024-09-16 11:00:18.587,417.8343235077296,100
2024-09-16 11:00:18.615,417.826425615828,15
2024-09-16 11:00:18.615,417.8799395527695,15
2024-09-16 11:00:18.625,417.8867564969945,97
2024-09-16 11:00:18.663,417.8572023707108,102
2024-09-16 11:00:18.741,417.8655879130856,103
2024-09-16 11:00:18.811,417.87724378468187,997
2024-09-16 11:00:18.846,417.8332878832519,995
2024-09-16 11:00:19.011,417.8898114881431,101
2024-09-16 11:00:19.196,417.8300459512519,1001
2024-09-16 11:00:19.207,417.8081385300207,1004
2024-09-16 11:00:19.313,417.8727690600564,11
2024-09-16 11:00:19.321,417.8231870655266,12
2024-09-16 11:00:19.333,417.8256983643819,97
2024-09-16 11:00:19.416,417.8764456357526,1001
2024-09-16 11:00:19.452,417.89572106475913,96
2024-09-16 11:00:19.555,-417.8332827470698,15
2024-09-16 11:00:19.561,417.86524551211807,97
2024-09-16 11:00:19.563,417.85642891005375,99
2024-09-16 11:00:19.705,417.8657930271677,96
2024-09-16 11:00:19.715,-417.8946270655698,98
2024-09-16 11:00:19.778,417.833396849032,5
2024-09-16 11:00:19.860,417.8314858541265,1005
2024-09-16 11:00:19.905,417.8720610596852,9
2024-09-16 11:00:19.984,417.8257917716128,999
2024-09-16 11:00:20.021,417.878974106372,998
2024-09-16 11:00:20.062,417.8569450108277,8
2024-09-16 11:00:20.102,417.8898578016779,105
2024-09-16 11:00:20.162,417.91069344718335,998
2024-09-16 11:00:20.176,417.88720151866335,13
2024-09-16 11:00:20.193,417.8763012104414,98
2024-09-16 11:00:20.234,417.8852455212527,11
2024-09-16 11:00:20.265,417.8689217413413,1000
2024-09-16 11:00:20.312,417.8616884280698,5
2024-09-16 11:00:20.316,417.8592403190909,15
2024-09-16 11:00:20.337,417.8825825190556,96
2024-09-16 11:00:20.363,417.8938875815891,103
2024-09-16 11:00:20.421,417.8404937579504,13
2024-09-16 11:00:20.459,417.8790843020415,103
2024-09-16 11:00:20.462,417.8551588615747,5
2024-09-16 11:00:20.487,417.8877514450647,1000
2024-09-16 11:00:20.545,417.8668292700983,1005
2024-09-16 11:00:20.564,,999
2024-09-16 11:00:20.596,417.9079759155886,100
2024-09-16 11:00:20.729,417.8735604022111,995
2024-09-16 11:00:20.784,417.88061077115833,1002
2024-09-16 11:00:20.844,417.9064665141375,14
2024-09-16 11:00:20.944,417.88061742964464,1005
2024-09-16 11:00:20.958,417.8474782804662,9
2024-09-16 11:00:20.968,417.8407732642908,105
2024-09-16 11:00:21.125,417.8992451038896,100
2024-09-16 11:00:21.213,417.8947849717434,95
2024-09-16 11:00:21.635,417.90765420283793,104
2024-09-16 11:00:21.724,417.912104274476,997
2024-09-16 11:00:21.877,417.8936378848872,997
2024-09-16 11:00:22.610,417.9079288193888,13
2024-09-16 11:00:22.613,417.9151762428299,98
2024-09-16 11:00:22.767,417.8988173401665,1001
2024-09-16 11:00:23.119,417.8763305335294,10
2024-09-16 11:00:23.210,417.90464323298784,998
2024-09-16 11:00:23.344,417.9194762095388,9
2024-09-16 11:00:23.483,417.9196284646051,6
2024-09-16 11:00:23.524,-417.8568175674914,1000
2024-09-16 11:00:23.582,417.8730964049803,1000
2024-09-16 11:00:23.585,417.8645276256895,100
2024-09-16 11:00:23.599,417.86006047713295,1003
2024-09-16 11:00:23.780,417.9158459635102,15
2024-09-16 11:00:23.874,417.8684213777156,95
2024-09-16 11:00:23.910,417.8824243074302,11
2024-09-16 11:00:24.196,417.8316162448736,14
2024-09-16 11:00:24.277,417.80621237265626,6
2024-09-16 11:00:24.318,417.8353264596439,15
2024-09-16 11:00:24.325,417.841900259889,1004
2024-09-16 11:00:24.420,417.8228506174492,95
2024-09-16 11:00:24.488,417.84549970253096,1004
2024-09-16 11:00:24.505,417.7758427997707,99
2024-09-16 11:00:24.550,417.7934038103859,996
2024-09-16 11:00:24.558,417.8387359744767,11
2024-09-16 11:00:24.656,417.8226885517529,5
2024-09-16 11:00:24.717,417.8050309321656,102
2024-09-16 11:00:24.719,417.8362299146172,99
2024-09-16 11:00:24.793,417.8320511062684,104
2024-09-16 11:00:24.842,417.819755902529,102
2024-09-16 11:00:24.902,417.8268039658628,104
2024-09-16 11:00:24.950,417.7949470548072,102
2024-09-16 11:00:24.972,417.8417508204386,996
2024-09-16 11:00:24.986,417.82314239045314,105
2024-09-16 11:00:25.091,417.7433393698263,996
2024-09-16 11:00:25.104,417.77735686823536,102
2024-09-16 11:00:25.153,417.7257843240762,995
2024-09-16 11:00:25.185,417.75854129386977,1002
2024-09-16 11:00:25.283,417.7498516911838,10
2024-09-16 11:00:25.301,417.7777180085648,15
2024-09-16 11:00:25.324,417.7748990922482,999
2024-09-16 11:00:25.347,417.73868838411886,15
2024-09-16 11:00:25.369,417.77533102118656,995
2024-09-16 11:00:25.376,417.7827978728776,1000
2024-09-16 11:00:25.421,417.7249422573252,104
2024-09-16 11:00:25.424,417.75083698971247,99
2024-09-16 11:00:25.475,417.78377167729633,103
2024-09-16 11:00:25.538,417.7400009748689,11
2024-09-16 11:00:25.561,417.7232793766485,1005
2024-09-16 11:00:25.575,417.75043320696585,101
2024-09-16 11:00:25.610,417.7666480737292,96
2024-09-16 11:00:25.623,417.76068118835695,1003
2024-09-16 11:00:25.633,417.7606060675012,97
2024-09-16 11:00:25.659,417.7702890953529,14
2024-09-16 11:00:25.732,417.7805514499077,997
2024-09-16 11:00:25.794,417.7348168893752,97
2024-09-16 11:00:25.796,417.7896379998677,13
2024-09-16 11:00:25.862,417.78655986369387,97
2024-09-16 11:00:25.866,417.7471754733788,13
2024-09-16 11:00:25.926,417.7470924202474,1003
2024-09-16 11:00:25.981,417.757411728884,1001
2024-09-16 11:00:25.985,417.7377481545872,15
2024-09-16 11:00:26.155,417.7457263392887,6
2024-09-16 11:00:26.213,417.7126801448109,99
2024-09-16 11:00:26.278,417.70828171373,8
2024-09-16 11:00:26.280,417.73623205367807,1001
2024-09-16 11:00:26.402,41.77276139964572,6
2024-09-16 11:00:26.403,417.7313634933168,98
2024-09-16 11:00:26.468,417.70540318432575,5
2024-09-16 11:00:26.569,417.6936563538754,7
2024-09-16 11:00:26.587,417.7165430924048,10
2024-09-16 11:00:26.616,417.68473661103815,1000
2024-09-16 11:00:26.660,417.7351509617141,1003
2024-09-16 11:00:26.662,417.7320831963542,1002
2024-09-16 11:00:26.689,417.7376799647332,998
2024-09-16 11:00:26.775,417.7117263802442,1001
2024-09-16 11:00:26.800,417.70988233179,15
2024-09-16 11:00:26.832,417.7244513266306,1000
2024-09-16 11:00:26.840,417.6953918142193,1001
2024-09-16 11:00:26.872,417.7499776955243,15
2024-09-16 11:00:26.884,417.7130815694122,97
2024-09-16 11:00:26.894,417.73202397380834,12
2024-09-16 11:00:26.902,417.7212497347461,998
2024-09-16 11:00:26.936,417.7261073982322,99
2024-09-16 11:00:26.943,417.7030590678996,14
2024-09-16 11:00:26.963,417.72441738824233,95
2024-09-16 11:00:26.983,417.70923804461046,10
2024-09-16 11:00:26.988,417.7210374442207,1002
2024-09-16 11:00:27.054,417.7620256540425,996
2024-09-16 11:00:27.099,417.7186550347163,1000
2024-09-16 11:00:27.110,417.7514275494101,9
2024-09-16 11:00:27.141,417.6914126548297,99
2024-09-16 11:00:27.166,417.7561597973967,1000
2024-09-16 11:00:27.173,417.6980256400731,998
2024-09-16 11:00:27.185,417.6952408136765,98
2024-09-16 11:00:27.274,417.7394051038673,9
2024-09-16 11:00:27.322,417.70119732457385,996
2024-09-16 11:00:27.323,417.7753056950079,8
2024-09-16 11:00:27.340,417.6939954369407,9
2024-09-16 11:00:27.362,417.7175328021879,99
2024-09-16 11:00:27.370,417.79981371168094,14
2024-09-16 11:00:27.469,417.7618343850857,1003
2024-09-16 11:00:27.563,417.753270171543,995
2024-09-16 11:00:27.606,417.7786725367247,1005
2024-09-16 11:00:27.617,417.71646381524016,1004
2024-09-16 11:00:27.714,417.78200263427857,1005
2024-09-16 11:00:27.720,417.7142749136266,5
2024-09-16 11:00:27.734,417.7690649710703,11
2024-09-16 11:00:27.761,417.7991033619681,13
2024-09-16 11:00:27.784,417.743495299634,97
2024-09-16 11:00:27.856,417.7087834593481,999
2024-09-16 11:00:27.895,417.7427065014879,998
2024-09-16 11:00:27.927,417.70534607599865,1003
2024-09-16 11:00:27.957,417.71644934432106,1005
2024-09-16 11:00:27.960,417.711161832321,12
2024-09-16 11:00:27.996,417.7629065171503,1001
2024-09-16 11:00:28.666,417.7612836272166,1005
2024-09-16 11:00:29.013,417.73057143715096,100
2024-09-16 11:00:29.132,417.7258775864687,1003
2024-09-16 11:00:29.273,417.7586261460944,5
2024-09-16 11:00:29.282,417.7625313488459,998
2024-09-16 11:00:29.292,417.7493209730075,998
2024-09-16 11:00:29.297,417.7560687063393,104
2024-09-16 11:00:29.409,417.7682129307855,102
2024-09-16 11:00:29.490,417.7381300299589,96
2024-09-16 11:00:29.559,417.7609599755363,1003
2024-09-16 11:00:29.564,417.7372379791022,6
2024-09-16 11:00:29.842,417.7646387324311,995
2024-09-16 11:00:29.854,417.7284297493696,99
2024-09-16 11:00:29.870,417.7584089190031,997
2024-09-16 11:00:29.873,417.7474657629888,998
2024-09-16 11:00:29.973,417.78179444308887,9
2024-09-16 11:00:29.979,417.7637525451127,1002
2024-09-16 11:00:30.036,417.77635499697067,9
2024-09-16 11:00:30.068,417.7899786771629,11
2024-09-16 11:00:30.109,417.7900354739599,96
2024-09-16 11:00:30.358,417.7897427868826,1001
2024-09-16 11:00:30.424,417.7900357817933,999
2024-09-16 11:00:30.487,417.80951830841167,996
2024-09-16 11:00:30.553,417.7754775697073,95
2024-09-16 11:00:30.614,417.7821942452369,1000
2024-09-16 11:00:30.829,417.7826308890085,1000
2024-09-16 11:00:30.923,417.7983847977709,6
2024-09-16 11:00:31.066,417.77690939139495,998
2024-09-16 11:00:31.115,417.7632207285937,10
2024-09-16 11:00:31.262,417.7896128082864,5
2024-09-16 11:00:31.311,417.77205987754576,11
2024-09-16 11:00:31.312,417.76596292096406,96
2024-09-16 11:00:31.416,417.7752117500284,6
2024-09-16 11:00:31.801,417.77387902638753,9
2024-09-16 11:00:31.889,417.7833242927607,14
2024-09-16 11:00:31.926,417.77562049944936,98
2024-09-16 11:00:31.985,417.78221934533485,14
2024-09-16 11:00:32.037,417.78941212091866,6
2024-09-16 11:00:32.044,417.788206232689,102
2024-09-16 11:00:32.155,417.7961270022451,5
2024-09-16 11:00:32.173,417.7830733066566,1003
2024-09-16 11:00:32.228,417.7986579129507,98
2024-09-16 11:00:32.252,417.7888556376519,99
2024-09-16 11:00:32.312,417.79034175069785,999
2024-09-16 11:00:32.438,417.763377213247,998
2024-09-16 11:00:32.454,417.7855927462611,1003
2024-09-16 11:00:32.526,417.7713505320954,105
2024-09-16 11:00:32.557,417.7752320062964,999
2024-09-16 11:00:32.599,417.78694022688535,997
2024-09-16 11:00:32.607,417.78948292966913,103
2024-09-16 11:00:32.646,417.7915575696903,6
2024-09-16 11:00:32.648,417.7716235378048,95
2024-09-16 11:00:32.673,417.7716861226461,9
2024-09-16 11:00:32.755,417.7895590270654,100
2024-09-16 11:00:32.776,417.7707554705772,8
2024-09-16 11:00:32.899,417.796173923458,101
2024-09-16 11:00:32.955,417.78501790751153,5
2024-09-16 11:00:33.034,417.85264212805725,14
2024-09-16 11:00:33.195,417.8267640962921,100
2024-09-16 11:00:33.221,417.8792583188009,1003
2024-09-16 11:00:33.245,417.87459773146185,97
2024-09-16 11:00:33.352,417.8425734150587,1002
2024-09-16 11:00:33.506,417.8390659031441,101
2024-09-16 11:00:33.525,417.8045390611185,95
2024-09-16 11:00:33.538,417.8790320174495,15
2024-09-16 11:00:33.552,417.81594603950816,1005
2024-09-16 11:00:33.786,417.8563921038506,1000
2024-09-16 11:00:33.835,417.8405407788847,995
2024-09-16 11:00:33.898,417.8675448985622,10
2024-09-16 11:00:33.977,417.8017388179513,996
2024-09-16 11:00:34.043,417.8403996292061,104
2024-09-16 11:00:35.742,417.8333889549313,12
2024-09-16 11:00:36.105,417.8381524632272,1003
2024-09-16 11:00:36.115,417.8455064162599,995
2024-09-16 11:00:36.119,417.8551343435552,15
2024-09-16 11:00:36.135,417.8443020718559,100
2024-09-16 11:00:36.152,417.8580970171988,1004
2024-09-16 11:00:36.159,417.84716304168086,997
2024-09-16 11:00:36.196,417.8397212796091,96
2024-09-16 11:00:36.226,417.853618441561,7
2024-09-16 11:00:36.251,417.8636307271617,97
2024-09-16 11:00:36.317,417.854547389845,8
2024-09-16 11:00:36.328,417.8426899369823,104
2024-09-16 11:00:36.556,417.8352777831293,5
2024-09-16 11:00:36.621,417.849908445816,96
2024-09-16 11:00:36.731,417.8436000857624,7
2024-09-16 11:00:36.818,417.86738670172696,9
2024-09-16 11:00:36.839,417.8537812756052,1004
2024-09-16 11:00:36.848,417.8588579003607,11
2024-09-16 11:00:36.872,417.8682787585381,101
2024-09-16 11:00:36.888,417.8527347718684,1001
2024-09-16 11:00:36.976,417.83590510941207,14
2024-09-16 11:00:36.976,417.8242822818534,996
2024-09-16 11:00:36.978,417.8443860117675,1005
2024-09-16 11:00:37.053,417.8071383861699,1003
2024-09-16 11:00:37.379,417.80426107181927,13
2024-09-16 11:00:37.381,417.8317475965615,1001
2024-09-16 11:00:37.450,417.7868173175045,7
2024-09-16 11:00:37.555,417.7765522478918,13
2024-09-16 11:00:37.637,417.7710663512274,15
2024-09-16 11:00:37.913,417.8207003179292,104
2024-09-16 11:00:38.035,417.8418294363662,102
2024-09-16 11:00:38.175,417.8668496378136,1003
2024-09-16 11:00:38.247,417.8725447960469,10
2024-09-16 11:00:38.285,417.8430367146091,100
2024-09-16 11:00:38.289,417.8184344794688,996
2024-09-16 11:00:38.346,417.8208147976573,9
2024-09-16 11:00:38.457,417.8380983010032,14
2024-09-16 11:00:38.611,417.8347337417544,99
2024-09-16 11:00:38.698,417.8444301108753,9
2024-09-16 11:00:38.783,417.8501047616393,1002
2024-09-16 11:00:38.822,417.8767044515749,7
2024-09-16 11:00:38.894,417.8492773520299,100
2024-09-16 11:00:39.056,417.8616011344844,99
2024-09-16 11:00:39.222,417.834551726256,5
2024-09-16 11:00:39.348,417.8655543226629,996
2024-09-16 11:00:39.423,417.811642269373,995
2024-09-16 11:00:39.492,417.8432991927504,103
2024-09-16 11:00:39.534,417.8478480489471,96
2024-09-16 11:00:39.606,417.8252903370112,12
2024-09-16 11:00:39.639,417.8119115754578,997
2024-09-16 11:00:39.688,417.8322771737919,7
2024-09-16 11:00:40.076,417.8334865438607,1005
2024-09-16 11:00:40.122,417.83333731978496,1002
2024-09-16 11:00:40.132,417.8374609230874,1004
2024-09-16 11:00:40.152,417.81667200704817,101
2024-09-16 11:00:40.801,417.8427814249916,97
2024-09-16 11:00:40.855,417.8398316171699,1005
2024-09-16 11:00:40.976,417.8417583726006,102
2024-09-16 11:00:41.096,417.93122428437806,95
2024-09-16 11:00:41.108,417.8726124393663,996
2024-09-16 11:00:41.111,417.9546691332883,1003
2024-09-16 11:00:41.111,417.9032997099304,102
2024-09-16 11:00:41.138,417.8893880773642,11
2024-09-16 11:00:41.167,417.829071937582,12
2024-09-16 11:00:41.229,417.9376587995425,998
2024-09-16 11:00:41.269,417.9139355013508,99
2024-09-16 11:00:41.307,417.9269395764399,13
2024-09-16 11:00:41.330,417.8307214768104,1002
2024-09-16 11:00:41.350,417.80800055997935,99
2024-09-16 11:00:41.379,417.9308324382387,1002
2024-09-16 11:00:41.385,417.8146954647803,8
2024-09-16 11:00:41.401,417.8193747366193,13
2024-09-16 11:00:41.419,417.88607514903134,100
2024-09-16 11:00:41.525,417.9505498508658,15
2024-09-16 11:00:41.543,417.92507699859055,96
2024-09-16 11:00:41.566,417.9155971939227,97
2024-09-16 11:00:41.567,417.94458888330166,101
2024-09-16 11:00:41.579,417.9123793720509,15
2024-09-16 11:00:41.751,417.9073018618544,15
2024-09-16 11:00:41.789,417.8247597999979,996
2024-09-16 11:00:41.819,417.9220742801292,101
2024-09-16 11:00:41.845,417.8467564356336,8
2024-09-16 11:00:41.862,417.94877260220176,997
2024-09-16 11:00:41.904,417.9111673999165,95
2024-09-16 11:00:41.973,417.8641442139463,1004
2024-09-16 11:00:41.989,417.9064859514916,15
2024-09-16 11:00:41.990,417.9594805295532,12
2024-09-16 11:00:42.446,417.9812720622445,6
2024-09-16 11:00:42.505,417.9757910249745,999
2024-09-16 11:00:42.526,417.9953969785552,101
2024-09-16 11:00:43.054,417.95944080220727,999
2024-09-16 11:00:43.079,417.97628432476506,7
2024-09-16 11:00:43.471,417.9217239386405,98
2024-09-16 11:00:43.495,417.9023114223452,1003
2024-09-16 11:00:43.565,417.9113063931887,7
2024-09-16 11:00:43.640,417.9824847816814,1003
2024-09-16 11:00:43.711,417.96867760722233,12
2024-09-16 11:00:43.716,417.9608979034941,8
2024-09-16 11:00:43.722,417.93293464132233,1000
2024-09-16 11:00:43.728,417.9203577873769,100
2024-09-16 11:00:43.729,417.9325495971091,96
2024-09-16 11:00:43.738,417.92196679671423,98
2024-09-16 11:00:43.884,417.913468140896,11
2024-09-16 11:00:43.907,417.9560565533557,12
2024-09-16 11:00:44.062,418.1045207378581,998
2024-09-16 11:00:44.144,418.0825118701323,6
2024-09-16 11:00:44.159,417.997957703881,14
2024-09-16 11:00:44.178,418.1160263995888,96
2024-09-16 11:00:44.185,417.9717553816024,8
2024-09-16 11:00:44.187,418.0734989805244,13
2024-09-16 11:00:44.271,418.03371017416833,1005
2024-09-16 11:00:44.289,418.1101468313192,995
2024-09-16 11:00:44.330,418.057825687473,995
2024-09-16 11:00:44.394,418.04323613676655,102
2024-09-16 11:00:44.432,417.9957583348978,996
2024-09-16 11:00:44.465,418.0192800847973,1003
2024-09-16 11:00:44.587,418.0399999512117,15
2024-09-16 11:00:44.605,418.0752097371662,996
2024-09-16 11:00:44.624,418.0992171134949,995
2024-09-16 11:00:44.633,417.9909710540516,11
2024-09-16 11:00:44.663,418.0452933081921,96
2024-09-16 11:00:44.672,418.0707037571684,98
2024-09-16 11:00:44.689,417.9919558118267,8
2024-09-16 11:00:44.751,418.0424000038036,98
2024-09-16 11:00:44.776,,997
2024-09-16 11:00:44.783,418.117116596805,11
2024-09-16 11:00:44.836,418.08762410310936,96
2024-09-16 11:00:44.864,418.0704461325152,995
2024-09-16 11:00:44.876,418.10730844476217,95
2024-09-16 11:00:44.902,418.0440793051812,105
2024-09-16 11:00:44.905,417.97321359333097,1005
2024-09-16 11:00:44.988,417.9764094016178,13
2024-09-16 11:00:44.991,418.0958554763479,1005
2024-09-16 11:00:46.090,418.0884796206172,1004
2024-09-16 11:00:46.175,418.1068690397663,1001
2024-09-16 11:00:46.282,418.0872550166753,104
2024-09-16 11:00:46.364,418.0936264235115,99
2024-09-16 11:00:46.365,418.0924661593035,13
2024-09-16 11:00:46.462,418.07909355046735,1004
2024-09-16 11:00:46.483,418.0884272979302,999
2024-09-16 11:00:46.917,418.0686926592901,998
2024-09-16 11:00:46.917,418.0904343597826,999
2024-09-16 11:00:46.925,418.077864469526,1004
2024-09-16 11:00:47.205,418.0703392670583,996
2024-09-16 11:00:47.293,418.0599918127848,103
2024-09-16 11:00:47.389,418.0611266275141,104
2024-09-16 11:00:47.754,418.07489629754696,101
2024-09-16 11:00:47.791,418.089186992334,105
2024-09-16 11:00:47.876,418.0629662219442,1001
2024-09-16 11:00:48.014,418.0121196673334,103
2024-09-16 11:00:48.023,418.0412056842452,103
2024-09-16 11:00:48.138,417.9707386114229,105
2024-09-16 11:00:48.315,,97
2024-09-16 11:00:48.400,418.05222023535407,10
2024-09-16 11:00:48.400,417.9807932899975,1001
2024-09-16 11:00:48.434,418.02590858030857,9
2024-09-16 11:00:48.438,418.041835348021,1002
2024-09-16 11:00:48.499,418.0126791111351,996
2024-09-16 11:00:48.512,417.9801459342965,6
2024-09-16 11:00:48.667,417.9948991765342,15
2024-09-16 11:00:48.728,417.9393569088898,998
2024-09-16 11:00:48.731,418.0448525954069,96
2024-09-16 11:00:48.781,417.9678800312095,995
2024-09-16 11:00:48.818,417.9579831488867,96
2024-09-16 11:00:48.947,418.0465708419663,6
2024-09-16 11:00:49.010,417.890418005987,9
2024-09-16 11:00:49.056,417.89854676703726,1001
2024-09-16 11:00:49.094,417.8805503270614,13
2024-09-16 11:00:49.102,417.90003749058457,1002
2024-09-16 11:00:49.123,417.8947814513252,1000
2024-09-16 11:00:49.309,417.93531913084166,104
2024-09-16 11:00:49.370,417.8675677097396,96
2024-09-16 11:00:49.427,417.89005983468815,1001
2024-09-16 11:00:49.429,417.8721362759814,1005
2024-09-16 11:00:49.492,417.8693091437064,15
2024-09-16 11:00:49.500,417.8889336602349,8
2024-09-16 11:00:49.515,417.8722956672801,98
2024-09-16 11:00:49.563,417.8751563403925,1000
2024-09-16 11:00:49.576,417.8719663581628,1004
2024-09-16 11:00:49.586,417.8737522213064,97
2024-09-16 11:00:49.586,417.8523337110982,1002
2024-09-16 11:00:49.666,417.88437927518913,1000
2024-09-16 11:00:49.705,,98
2024-09-16 11:00:49.716,417.890615641198,1001
2024-09-16 11:00:49.738,417.8792219063747,99
2024-09-16 11:00:49.833,417.93733300760925,102
2024-09-16 11:00:49.843,417.8825199358382,5
2024-09-16 11:00:49.844,417.8816340027882,995
2024-09-16 11:00:49.860,417.8486515901327,103
2024-09-16 11:00:49.910,417.8864473772909,102
2024-09-16 11:00:49.953,417.8595946130499,1003
2024-09-16 11:00:50.140,417.854724163922,98
2024-09-16 11:00:50.260,417.8561376005093,10
2024-09-16 11:00:50.263,417.8442184497204,95
2024-09-16 11:00:50.275,417.8831438939535,15
2024-09-16 11:00:50.290,417.85086240730334,104
2024-09-16 11:00:50.425,417.8815312355244,12
2024-09-16 11:00:50.548,417.8643451928881,998
2024-09-16 11:00:50.580,417.8359031788311,98
2024-09-16 11:00:50.585,417.8764797139412,995
2024-09-16 11:00:50.596,417.8256488414577,999
2024-09-16 11:00:50.655,417.8638859168519,101
2024-09-16 11:00:50.754,417.8563757240644,999
2024-09-16 11:00:50.772,417.8571151573943,15
2024-09-16 11:00:50.783,417.8332606500586,6
2024-09-16 11:00:50.831,417.828098782141,12
2024-09-16 11:00:50.967,417.87120626181854,98
2024-09-16 11:00:50.972,417.8590105386438,9
2024-09-16 11:00:50.992,417.8487614482682,998
2024-09-16 11:00:50.997,417.8833339189388,98
2024-09-16 11:00:51.021,417.93800191207794,14
2024-09-16 11:00:51.129,417.9180668659312,14
2024-09-16 11:00:51.134,417.92178885794846,97
2024-09-16 11:00:51.207,,105
2024-09-16 11:00:51.260,417.9160125766921,96
2024-09-16 11:00:51.351,417.8936227073945,10
2024-09-16 11:00:51.359,,7
2024-09-16 11:00:51.372,417.8855466756758,12
2024-09-16 11:00:51.446,417.9388778123181,15
2024-09-16 11:00:51.460,417.9266229547466,9
2024-09-16 11:00:51.565,417.8940490914476,96
2024-09-16 11:00:51.604,417.9180444432821,96
2024-09-16 11:00:51.637,417.9383748916911,99
2024-09-16 11:00:51.716,417.8899728385878,998
2024-09-16 11:00:51.761,417.9620928852005,102
2024-09-16 11:00:51.778,417.8593761267431,102
2024-09-16 11:00:51.795,417.894439473988,1001
2024-09-16 11:00:51.857,417.9168181028285,14
2024-09-16 11:00:51.903,417.95879305983567,15
2024-09-16 11:00:51.954,417.8913400253073,13
2024-09-16 11:00:51.961,417.8758101674774,1002
2024-09-16 11:00:51.963,417.8774715942691,1000
2024-09-16 11:00:51.991,417.87997557914497,104
2024-09-16 11:00:52.133,417.9655407174283,997
2024-09-16 11:00:52.210,417.9987420702509,1003
2024-09-16 11:00:52.292,418.0499341756323,1005
2024-09-16 11:00:52.307,418.04441975105664,99
2024-09-16 11:00:52.355,418.0411853922175,1004
2024-09-16 11:00:52.459,418.0244164506337,103
2024-09-16 11:00:52.487,418.0398083824384,97
2024-09-16 11:00:52.488,418.03149758212106,9
2024-09-16 11:00:52.520,418.0389940991998,103
2024-09-16 11:00:52.640,417.9760304254694,102
2024-09-16 11:00:52.691,418.0483328804047,1004
2024-09-16 11:00:52.723,417.9521415792693,14
2024-09-16 11:00:52.770,417.9468005621831,105
2024-09-16 11:00:52.871,418.002769102748,8
2024-09-16 11:00:52.872,417.9692697325933,1004
2024-09-16 11:00:52.952,418.0357035890257,103
2024-09-16 11:00:52.961,418.0293913520168,95
2024-09-16 11:00:53.007,418.0601686787067,103
2024-09-16 11:00:53.011,418.0264359758481,96
2024-09-16 11:00:53.086,-417.9893475425933,1003
2024-09-16 11:00:53.114,418.00255408522696,995
2024-09-16 11:00:53.142,418.0481167356809,1004
2024-09-16 11:00:53.183,418.04611166378254,997
2024-09-16 11:00:53.214,418.0442882331006,15
2024-09-16 11:00:53.240,417.9961340034088,6
2024-09-16 11:00:53.295,418.0513061665789,996
2024-09-16 11:00:53.337,418.0484803581708,1000
2024-09-16 11:00:53.356,418.0232898079174,15
2024-09-16 11:00:53.369,418.01226893507175,1000
2024-09-16 11:00:53.377,418.0478599732805,998
2024-09-16 11:00:53.546,418.04467603336434,102
2024-09-16 11:00:53.553,417.9976024728941,98
2024-09-16 11:00:53.560,418.0391611924193,999
2024-09-16 11:00:53.563,418.027368974638,97
2024-09-16 11:00:53.611,417.9968115898357,997
2024-09-16 11:00:53.684,418.0277053630913,1004
2024-09-16 11:00:53.872,41.80417029353798,1004
2024-09-16 11:00:53.951,418.0510250468824,8
2024-09-16 11:00:54.052,418.04664824026895,101
2024-09-16 11:00:54.057,418.0764880059028,9
2024-09-16 11:00:54.059,418.0654520831857,12
2024-09-16 11:00:54.088,418.0494337229701,98
2024-09-16 11:00:54.100,418.0505159339596,99
2024-09-16 11:00:54.177,418.11427571240273,996
2024-09-16 11:00:54.180,418.113626143168,102
2024-09-16 11:00:54.190,418.0603214458809,10
2024-09-16 11:00:54.199,418.0764827511263,995
2024-09-16 11:00:54.219,418.12591993749896,998
2024-09-16 11:00:54.224,418.13485122144345,97
2024-09-16 11:00:54.253,418.1285835838797,1003
2024-09-16 11:00:54.275,418.06989955226766,99
2024-09-16 11:00:54.314,418.0842917961829,1001
2024-09-16 11:00:54.320,418.1052617797193,100
2024-09-16 11:00:54.346,418.0803650818746,6
2024-09-16 11:00:54.455,418.1099646142767,97
2024-09-16 11:00:54.457,,101
2024-09-16 11:00:54.461,418.12699181027466,996
2024-09-16 11:00:54.500,418.1016083191882,5
2024-09-16 11:00:54.576,418.0895402599724,97
2024-09-16 11:00:54.605,418.0600881405224,995
2024-09-16 11:00:54.681,418.1081104871367,1005
2024-09-16 11:00:54.832,41.804974950050415,96
2024-09-16 11:00:54.907,418.1114639312924,12
2024-09-16 11:00:54.925,418.1114938910607,999
2024-09-16 11:00:54.929,418.0793921322153,97
2024-09-16 11:00:54.985,418.0730662993091,9
2024-09-16 11:00:55.054,418.0051184508777,14
2024-09-16 11:00:55.063,418.03171280945327,11
2024-09-16 11:00:55.089,418.0324547760059,12
2024-09-16 11:00:55.137,418.0676870803319,8
2024-09-16 11:00:55.197,418.06542807460056,1000
2024-09-16 11:00:55.273,418.0406058205203,95
2024-09-16 11:00:55.284,418.010114762485,1002
2024-09-16 11:00:55.317,418.0476309113749,999
2024-09-16 11:00:55.380,418.0319839389196,10
2024-09-16 11:00:55.422,417.9955170216249,1002
2024-09-16 11:00:55.474,418.0324172512461,98
2024-09-16 11:00:55.541,418.05471118088417,96
2024-09-16 11:00:55.551,418.0336723728905,102
2024-09-16 11:00:55.585,418.070647837998,7
2024-09-16 11:00:55.643,418.0454693568133,1002
2024-09-16 11:00:55.735,41.80347126964088,104
2024-09-16 11:00:55.744,418.0524109909531,9
2024-09-16 11:00:55.774,418.1034104709106,8
2024-09-16 11:00:55.777,418.018182816188,1002
2024-09-16 11:00:55.793,418.0392407944438,999
2024-09-16 11:00:55.965,418.013356895033,1004
2024-09-16 11:00:56.132,418.0245756583598,105
2024-09-16 11:00:56.180,418.0193504094344,6
2024-09-16 11:00:56.188,418.0247420893366,11
2024-09-16 11:00:56.406,417.9958355403488,10
2024-09-16 11:00:56.452,418.0393078968657,15
2024-09-16 11:00:56.645,418.05724042216826,12
2024-09-16 11:00:56.676,418.0141113797402,995
2024-09-16 11:00:56.734,418.0049795392627,999
2024-09-16 11:00:56.739,418.0139304175619,101
2024-09-16 11:00:56.823,418.0216514631156,15
2024-09-16 11:00:56.946,41.79903205686446,999
2024-09-16 11:00:57.160,418.0341047025885,14
2024-09-16 11:00:57.241,418.0433978243262,9
2024-09-16 11:00:57.397,418.0488568859034,96
2024-09-16 11:00:57.671,418.0426026664224,104
2024-09-16 11:00:57.715,418.0329674733934,99
2024-09-16 11:00:57.837,418.0428084429505,996
2024-09-16 11:00:57.915,418.0574456134213,1004
2024-09-16 11:00:57.923,418.03641773467865,14
2024-09-16 11:00:58.448,418.06570117887145,1001
2024-09-16 11:00:58.477,418.0655775309483,1002
2024-09-16 11:00:58.547,418.0474175861858,1002
2024-09-16 11:00:59.251,418.0809417016218,98
2024-09-16 11:00:59.482,418.0660745819575,8
2024-09-16 11:00:59.498,418.0742110503654,1002
2024-09-16 11:00:59.517,418.08432097453857,100
2024-09-16 11:00:59.543,418.0905519519451,1000
2024-09-16 11:00:59.592,418.0937623883215,103
2024-09-16 11:00:59.651,418.0824940208192,1005
2024-09-16 11:00:59.653,418.0898547901607,13
2024-09-16 11:00:59.949,418.0730556594975,1005
