Timestamp,Price,Size
2024-09-16 13:41:00.015,415.4858441434043,11
2024-09-16 13:41:00.065,415.4912351798805,995
2024-09-16 13:41:00.093,415.58178855824326,1004
2024-09-16 13:41:00.101,415.500564340734,998
2024-09-16 13:41:00.158,415.4974313949612,13
2024-09-16 13:41:00.171,415.48483225084016,1000
2024-09-16 13:41:00.218,415.4986955316551,98
2024-09-16 13:41:00.255,415.53522330354747,15
2024-09-16 13:41:00.345,415.62398675202047,1004
2024-09-16 13:41:00.351,415.5010984362217,1005
2024-09-16 13:41:00.379,415.48775772210894,104
2024-09-16 13:41:00.393,415.52932095823127,12
2024-09-16 13:41:00.402,415.47969806417393,103
2024-09-16 13:41:00.410,415.55120887458713,104
2024-09-16 13:41:00.480,415.4911795169513,100
2024-09-16 13:41:00.522,-415.6026062009485,998
2024-09-16 13:41:00.538,,999
2024-09-16 13:41:00.573,415.5355064375672,96
2024-09-16 13:41:00.585,415.5772079045423,1005
2024-09-16 13:41:00.594,415.5589425848477,1000
2024-09-16 13:41:00.668,415.537947983789,995
2024-09-16 13:41:00.800,415.5430612855347,5
2024-09-16 13:41:00.847,415.4554222419398,103
2024-09-16 13:41:00.869,415.53159060712494,999
2024-09-16 13:41:00.875,415.5415165017936,100
2024-09-16 13:41:00.908,415.5423044497941,1001
2024-09-16 13:41:00.937,415.4557419292278,7
2024-09-16 13:41:01.010,415.45011870332615,97
2024-09-16 13:41:01.083,415.444285509688,99
2024-09-16 13:41:01.218,415.4590135209127,999
2024-09-16 13:41:01.227,415.4272904576841,8
2024-09-16 13:41:01.239,415.4090821570592,12
2024-09-16 13:41:01.280,415.4221070277874,8
2024-09-16 13:41:01.425,415.4502665316565,1005
2024-09-16 13:41:01.462,415.446123569449,1003
2024-09-16 13:41:01.464,415.4357301107163,14
2024-09-16 13:41:01.572,415.4586380115513,997
2024-09-16 13:41:01.773,415.4557758194503,5
2024-09-16 13:41:01.814,415.438251293431,13
2024-09-16 13:41:01.819,415.4521108297964,1005
2024-09-16 13:41:01.844,415.427845324684,12
2024-09-16 13:41:01.950,415.4281246519374,998
2024-09-16 13:41:02.128,415.38922164000815,97
2024-09-16 13:41:02.153,415.40844775603193,6
2024-09-16 13:41:02.425,415.3869866569067,999
2024-09-16 13:41:03.034,415.5083439609927,11
2024-09-16 13:41:03.050,415.481094921218,101
2024-09-16 13:41:03.114,415.4797215966448,101
2024-09-16 13:41:03.122,415.5098835887046,9
2024-09-16 13:41:03.126,415.43384394123296,1004
2024-09-16 13:41:03.153,415.5140331273466,99
2024-09-16 13:41:03.242,415.4904750153929,8
2024-09-16 13:41:03.289,415.4169336966388,99
2024-09-16 13:41:03.307,415.4918522442868,5
2024-09-16 13:41:03.388,415.4044319582881,10
2024-09-16 13:41:03.394,415.4294126654003,103
2024-09-16 13:41:03.399,415.42046115958135,95
2024-09-16 13:41:03.446,415.422135941924,103
2024-09-16 13:41:03.461,415.48667992571967,12
2024-09-16 13:41:03.470,415.4541678257944,103
2024-09-16 13:41:03.486,415.4718507359085,1005
2024-09-16 13:41:03.578,415.4903693119834,11
2024-09-16 13:41:03.590,415.4539092368269,1001
2024-09-16 13:41:03.643,,7
2024-09-16 13:41:03.684,415.4308382197627,1001
2024-09-16 13:41:03.733,415.4836765913183,101
2024-09-16 13:41:03.736,415.4592777857689,101
2024-09-16 13:41:03.848,415.41036650344495,98
2024-09-16 13:41:03.970,415.4564768029617,1000
2024-09-16 13:41:03.973,415.511327226324,10
2024-09-16 13:41:04.097,-415.4926167389602,5
2024-09-16 13:41:04.508,415.50309795524834,101
2024-09-16 13:41:05.011,415.51860597781337,95
2024-09-16 13:41:05.061,415.4959298181981,96
2024-09-16 13:41:05.065,415.55812494159966,1001
2024-09-16 13:41:05.118,415.4921345549028,1005
2024-09-16 13:41:05.157,415.53159736502425,1000
2024-09-16 13:41:05.174,415.5489575078043,9
2024-09-16 13:41:05.213,415.5352967037062,103
2024-09-16 13:41:05.273,415.5305089185917,5
2024-09-16 13:41:05.277,415.53742337229016,99
2024-09-16 13:41:05.351,415.52453525182193,100
2024-09-16 13:41:05.352,415.5304409892751,1005
2024-09-16 13:41:05.353,415.5100947532036,99
2024-09-16 13:41:05.491,415.54142371368704,95
2024-09-16 13:41:05.524,415.4971876635325,1001
2024-09-16 13:41:05.695,415.51442387187177,8
2024-09-16 13:41:05.752,415.4920221674764,104
2024-09-16 13:41:05.801,415.54175086391473,999
2024-09-16 13:41:05.849,415.5334635763501,98
2024-09-16 13:41:05.870,415.5393929810583,1001
2024-09-16 13:41:05.913,415.5543937642186,13
2024-09-16 13:41:05.932,415.5004999758832,7
2024-09-16 13:41:05.964,415.5157042817502,1001
2024-09-16 13:41:06.090,415.5107237947221,12
2024-09-16 13:41:06.255,,997
2024-09-16 13:41:06.380,415.5034987809751,995
2024-09-16 13:41:06.477,415.4909145862682,95
2024-09-16 13:41:06.656,415.5248361278528,102
2024-09-16 13:41:06.716,-415.47065458785386,13
2024-09-16 13:41:06.873,415.50292458314937,1001
2024-09-16 13:41:06.972,415.50357915179785,8
2024-09-16 13:41:06.980,415.4729792671624,6
2024-09-16 13:41:07.008,415.5189419833226,1005
2024-09-16 13:41:07.092,415.4625458999363,7
2024-09-16 13:41:07.131,415.47969305687513,995
2024-09-16 13:41:07.131,-415.49392025139736,11
2024-09-16 13:41:07.237,415.5206509784117,97
2024-09-16 13:41:07.360,415.4557159441257,8
2024-09-16 13:41:07.389,415.50471570100456,97
2024-09-16 13:41:07.403,415.4543579917087,998
2024-09-16 13:41:07.407,415.495818956065,101
2024-09-16 13:41:07.520,415.45177539216326,997
2024-09-16 13:41:07.524,415.5041103691804,7
2024-09-16 13:41:07.705,415.4655376298135,1002
2024-09-16 13:41:07.766,415.50481102921714,5
2024-09-16 13:41:07.783,415.4840158265979,13
2024-09-16 13:41:07.815,415.4654726098896,9
2024-09-16 13:41:07.848,415.4836342018929,98
2024-09-16 13:41:07.938,415.51258107895455,10
2024-09-16 13:41:08.435,415.4332104910197,6
2024-09-16 13:41:08.690,415.4370007906136,6
2024-09-16 13:41:08.847,415.4650833943381,14
2024-09-16 13:41:08.997,415.48117539831145,998
2024-09-16 13:41:09.061,415.4573524652466,997
2024-09-16 13:41:09.152,415.47360457941113,998
2024-09-16 13:41:09.187,415.4707761722811,100
2024-09-16 13:41:09.429,415.4874033506393,12
2024-09-16 13:41:09.693,415.4728628192926,995
2024-09-16 13:41:09.755,415.453408227398,997
2024-09-16 13:41:10.052,415.4799098184142,1000
2024-09-16 13:41:10.095,415.4546447072117,101
2024-09-16 13:41:10.106,415.4750035249799,15
2024-09-16 13:41:10.144,415.46713014270665,8
2024-09-16 13:41:10.209,415.4563238920598,13
2024-09-16 13:41:10.303,415.4658569330973,96
2024-09-16 13:41:10.357,415.4803496901016,998
2024-09-16 13:41:10.627,415.4465803449363,12
2024-09-16 13:41:10.708,415.43838549997366,8
2024-09-16 13:41:10.887,415.4758152027763,10
2024-09-16 13:41:10.897,415.4703839627674,105
2024-09-16 13:41:10.959,415.45732015464574,105
2024-09-16 13:41:10.983,415.4494042972981,104
2024-09-16 13:41:11.050,415.4551977819589,1000
2024-09-16 13:41:11.683,415.45083939222616,11
2024-09-16 13:41:12.092,415.3906925947035,1001
2024-09-16 13:41:12.109,415.4178362455863,15
2024-09-16 13:41:12.122,415.42573696269966,995
2024-09-16 13:41:12.176,415.4258003967768,100
2024-09-16 13:41:12.221,415.40954726562194,103
2024-09-16 13:41:12.275,415.419668083556,1005
2024-09-16 13:41:12.463,415.4126255818075,5
2024-09-16 13:41:12.685,415.4354734361554,15
2024-09-16 13:41:12.763,415.4112921404852,100
2024-09-16 13:41:12.842,415.4068180110592,1003
2024-09-16 13:41:12.978,415.425579525309,7
2024-09-16 13:41:13.052,415.4074178842406,98
2024-09-16 13:41:13.101,415.40855106721216,8
2024-09-16 13:41:13.190,415.4038701718556,102
2024-09-16 13:41:13.217,415.4160365656792,998
2024-09-16 13:41:13.364,415.4108632179425,9
2024-09-16 13:41:13.389,415.4155055733398,997
2024-09-16 13:41:13.410,-415.3954818099653,1003
2024-09-16 13:41:13.544,415.3957385343718,98
2024-09-16 13:41:13.599,415.3983557199347,101
2024-09-16 13:41:13.612,415.4077768956157,5
2024-09-16 13:41:13.683,415.41283298254336,96
2024-09-16 13:41:13.950,415.4076692684452,1003
2024-09-16 13:41:14.127,415.3939645669272,7
2024-09-16 13:41:14.218,415.3885176259286,15
2024-09-16 13:41:14.354,415.3640494183848,10
2024-09-16 13:41:14.370,415.39211488896257,1000
2024-09-16 13:41:14.489,415.3744076577888,10
2024-09-16 13:41:14.746,415.4098017155929,11
2024-09-16 13:41:14.771,415.4039763484122,101
2024-09-16 13:41:14.785,415.3862281983215,96
2024-09-16 13:41:14.809,415.3817923518628,995
2024-09-16 13:41:15.505,415.3525829539827,104
2024-09-16 13:41:16.143,415.3291779444172,104
2024-09-16 13:41:16.394,415.3088595274274,14
2024-09-16 13:41:16.681,415.3157130201169,14
2024-09-16 13:41:16.856,415.3260775594511,101
2024-09-16 13:41:16.947,415.34910351424094,100
2024-09-16 13:41:17.031,415.3398587440597,996
2024-09-16 13:41:17.101,415.330782028381,100
2024-09-16 13:41:17.182,415.3552463742812,99
2024-09-16 13:41:17.378,415.3304066949697,103
2024-09-16 13:41:17.436,415.3404358681994,101
2024-09-16 13:41:17.744,415.366527181708,11
2024-09-16 13:41:17.815,415.3383792220329,1004
2024-09-16 13:41:18.246,415.3597172445028,12
2024-09-16 13:41:18.392,415.3564515112222,98
2024-09-16 13:41:18.564,415.3530887295149,13
2024-09-16 13:41:19.043,415.4255031709026,101
2024-09-16 13:41:19.061,415.3953969504878,15
2024-09-16 13:41:19.064,415.461954432493,1000
2024-09-16 13:41:19.151,415.3630598793583,6
2024-09-16 13:41:19.160,415.4464873896373,6
2024-09-16 13:41:19.199,415.4482297656258,1001
2024-09-16 13:41:19.233,415.3901243952325,8
2024-09-16 13:41:19.235,415.4609892848538,995
2024-09-16 13:41:19.256,415.3516830576357,1002
2024-09-16 13:41:19.318,415.3736422693141,97
2024-09-16 13:41:19.328,415.4081715280083,96
2024-09-16 13:41:19.403,415.3851134597194,97
2024-09-16 13:41:19.477,415.36648867908326,1000
2024-09-16 13:41:19.517,415.37624609584304,1001
2024-09-16 13:41:19.521,415.381364727772,997
2024-09-16 13:41:19.546,415.4010589074685,96
2024-09-16 13:41:19.601,415.385263645346,15
2024-09-16 13:41:19.656,415.433319188918,100
2024-09-16 13:41:19.684,415.4527385881284,1002
2024-09-16 13:41:19.702,415.4447812823516,995
2024-09-16 13:41:19.712,415.39307004298905,1000
2024-09-16 13:41:19.790,415.45963138316006,7
2024-09-16 13:41:19.843,415.4056781371595,95
2024-09-16 13:41:19.949,415.4204581684693,1005
2024-09-16 13:41:20.180,415.44130845711607,998
2024-09-16 13:41:20.183,415.4574741574153,104
2024-09-16 13:41:20.191,415.4447888852509,1002
2024-09-16 13:41:20.320,415.4591182732779,96
2024-09-16 13:41:20.396,41.54599999463957,103
2024-09-16 13:41:20.411,415.468124402173,1004
2024-09-16 13:41:20.589,415.4402836715714,10
2024-09-16 13:41:20.824,415.4720873765697,996
2024-09-16 13:41:20.866,415.4508192598666,999
2024-09-16 13:41:20.992,415.4470685276487,101
2024-09-16 13:41:20.996,415.4316429253137,10
2024-09-16 13:41:21.000,415.4529411771048,101
2024-09-16 13:41:21.018,415.4978523520563,99
2024-09-16 13:41:21.030,415.4636680826407,99
2024-09-16 13:41:21.030,415.4950688895934,15
2024-09-16 13:41:21.032,415.49698010022206,8
2024-09-16 13:41:21.108,415.4884857435472,1002
2024-09-16 13:41:21.138,415.45045538178937,995
2024-09-16 13:41:21.154,415.4699680251388,100
2024-09-16 13:41:21.320,415.4674839283412,97
2024-09-16 13:41:21.367,415.48139831727264,103
2024-09-16 13:41:21.381,415.4680088452369,1004
2024-09-16 13:41:21.422,415.4398333658186,95
2024-09-16 13:41:21.434,415.4739666735125,97
2024-09-16 13:41:21.472,415.4806897864635,996
2024-09-16 13:41:21.513,415.4969358253406,6
2024-09-16 13:41:21.584,415.48240832898335,1005
2024-09-16 13:41:21.623,415.4707892076495,5
2024-09-16 13:41:21.633,415.47308553088834,1005
2024-09-16 13:41:21.654,415.4735637061381,997
2024-09-16 13:41:21.721,415.4472136222161,101
2024-09-16 13:41:21.759,415.4508360965422,1000
2024-09-16 13:41:21.800,415.4306515285158,9
2024-09-16 13:41:21.871,,7
2024-09-16 13:41:21.934,415.4719337963844,104
2024-09-16 13:41:21.937,415.4694620246275,14
2024-09-16 13:41:21.979,415.4922999350439,105
2024-09-16 13:41:21.994,415.44924323551584,11
2024-09-16 13:41:22.018,415.4746007360621,1002
2024-09-16 13:41:22.095,415.5132129947732,6
2024-09-16 13:41:22.229,41.54809001848642,999
2024-09-16 13:41:22.287,415.5114694334399,99
2024-09-16 13:41:22.375,415.4916050312036,1004
2024-09-16 13:41:22.606,415.5103436890663,103
2024-09-16 13:41:22.680,415.515799536944,10
2024-09-16 13:41:22.709,415.4939639307304,102
2024-09-16 13:41:22.799,415.4820446249657,14
2024-09-16 13:41:22.814,415.50092835802496,1002
2024-09-16 13:41:22.895,415.5061229628282,103
2024-09-16 13:41:22.958,41.55248207419482,6
2024-09-16 13:41:22.966,415.5065495600431,5
2024-09-16 13:41:22.982,415.4912035117913,11
2024-09-16 13:41:23.007,415.481482326691,15
2024-09-16 13:41:23.021,415.4733208209512,10
2024-09-16 13:41:23.087,415.48108386297775,95
2024-09-16 13:41:23.242,415.4689484310766,7
2024-09-16 13:41:23.695,415.486887237307,11
2024-09-16 13:41:23.845,415.4823964676124,1004
2024-09-16 13:41:23.905,415.4720323799067,102
2024-09-16 13:41:24.002,415.4925879762631,1004
2024-09-16 13:41:24.064,415.4826474204492,102
2024-09-16 13:41:24.118,415.4708261763842,1004
2024-09-16 13:41:24.188,415.48727256823713,9
2024-09-16 13:41:24.728,415.4640331855644,8
2024-09-16 13:41:24.962,415.47697688526586,1001
2024-09-16 13:41:25.006,415.4450486230161,95
2024-09-16 13:41:25.165,415.4306564625221,102
2024-09-16 13:41:25.185,415.46697250626414,10
2024-09-16 13:41:25.209,415.46163384894726,103
2024-09-16 13:41:25.253,415.4489432346778,103
2024-09-16 13:41:25.322,415.4627258338176,1005
2024-09-16 13:41:25.506,415.43606765176935,9
2024-09-16 13:41:25.538,415.473021958855,102
2024-09-16 13:41:25.612,415.4609584370909,9
2024-09-16 13:41:25.697,415.4559561260786,12
2024-09-16 13:41:25.748,415.4466266551728,99
2024-09-16 13:41:25.766,415.472968665077,1002
2024-09-16 13:41:25.915,415.4734106359529,999
2024-09-16 13:41:26.066,415.4521199192913,8
2024-09-16 13:41:26.109,415.436906835652,7
2024-09-16 13:41:26.110,415.4114549728616,1001
2024-09-16 13:41:26.112,415.4440670994122,7
2024-09-16 13:41:26.192,415.42792129880297,6
2024-09-16 13:41:26.233,415.4112163598422,995
2024-09-16 13:41:26.315,415.4475876841189,996
2024-09-16 13:41:26.325,415.4485101871592,105
2024-09-16 13:41:26.346,415.44463442311815,11
2024-09-16 13:41:26.395,415.4241686770727,997
2024-09-16 13:41:26.397,415.4592040433,10
2024-09-16 13:41:26.609,415.4244014321448,1003
2024-09-16 13:41:26.622,415.4356266339364,13
2024-09-16 13:41:26.669,415.4148920698015,103
2024-09-16 13:41:26.714,415.4321071195256,15
2024-09-16 13:41:26.718,415.4474943083729,995
2024-09-16 13:41:26.818,415.4705002480905,97
2024-09-16 13:41:26.853,415.4787348177776,1000
2024-09-16 13:41:26.855,415.4500121688724,997
2024-09-16 13:41:26.928,415.4163347288092,98
2024-09-16 13:41:26.942,415.45270522026567,98
2024-09-16 13:41:26.991,415.4125531312212,98
2024-09-16 13:41:27.032,415.41962524898713,1003
2024-09-16 13:41:27.141,415.39921756224896,11
2024-09-16 13:41:27.247,415.3997898564355,12
2024-09-16 13:41:27.319,415.426341754948,7
2024-09-16 13:41:27.377,415.4213708215215,1003
2024-09-16 13:41:27.536,415.431204529583,9
2024-09-16 13:41:27.704,415.4314698052967,7
2024-09-16 13:41:27.815,415.3983093850385,100
2024-09-16 13:41:27.864,415.4183380509468,11
2024-09-16 13:41:27.865,415.4073265012229,99
2024-09-16 13:41:27.888,415.42245691622094,13
2024-09-16 13:41:27.903,415.4074371676417,14
2024-09-16 13:41:27.903,415.3963622327134,1000
2024-09-16 13:41:27.949,415.43997525792713,100
2024-09-16 13:41:27.979,415.425364658251,1001
2024-09-16 13:41:27.979,415.4205409874127,97
2024-09-16 13:41:27.980,415.390701122343,1005
2024-09-16 13:41:28.307,415.44106179737446,102
2024-09-16 13:41:28.405,-415.4719695432755,1005
2024-09-16 13:41:28.475,415.4401515329645,12
2024-09-16 13:41:28.487,415.4686626695969,996
2024-09-16 13:41:28.585,415.44060193750056,997
2024-09-16 13:41:28.585,415.4473642577223,1003
2024-09-16 13:41:28.673,415.4604275305806,997
2024-09-16 13:41:28.737,415.441618514769,1002
2024-09-16 13:41:28.891,415.4704986741589,8
2024-09-16 13:41:28.917,415.45220782806354,1005
2024-09-16 13:41:28.918,415.4390122677835,95
2024-09-16 13:41:28.942,415.45226436605486,13
2024-09-16 13:41:28.998,415.4557220072908,1004
2024-09-16 13:41:29.064,415.5202354193214,1003
2024-09-16 13:41:29.084,415.5013155330725,14
2024-09-16 13:41:29.114,415.5334748369906,10
2024-09-16 13:41:29.149,415.4837846847896,5
2024-09-16 13:41:29.258,415.558207717828,103
2024-09-16 13:41:29.264,415.5115066022974,7
2024-09-16 13:41:29.282,415.527456262552,999
2024-09-16 13:41:29.286,415.5120854320791,10
2024-09-16 13:41:29.444,415.50740527644496,1000
2024-09-16 13:41:29.523,415.5178765406806,997
2024-09-16 13:41:29.525,415.5328112314529,6
2024-09-16 13:41:29.540,415.5411577560346,1000
2024-09-16 13:41:29.559,415.5434026962635,1004
2024-09-16 13:41:29.607,415.5231305288473,998
2024-09-16 13:41:29.713,415.5149371336862,101
2024-09-16 13:41:29.844,415.5060834327092,13
2024-09-16 13:41:29.862,415.4893460801549,14
2024-09-16 13:41:29.886,415.5342688526716,12
2024-09-16 13:41:29.893,415.5266160076705,1005
2024-09-16 13:41:29.934,415.5098867334469,997
2024-09-16 13:41:29.959,415.5573664871872,6
2024-09-16 13:41:30.155,415.51296544808486,7
2024-09-16 13:41:30.297,415.5224139488385,95
2024-09-16 13:41:30.409,415.5163131421035,1004
2024-09-16 13:41:30.419,415.5146222452409,1001
2024-09-16 13:41:30.444,415.515420844349,5
2024-09-16 13:41:30.576,415.5343874283232,1005
2024-09-16 13:41:30.640,415.5234808726794,8
2024-09-16 13:41:30.659,415.5158760328162,15
2024-09-16 13:41:30.757,415.5130999674184,13
2024-09-16 13:41:30.786,415.4897267207035,99
2024-09-16 13:41:30.833,415.4906329866774,98
2024-09-16 13:41:30.849,415.51895172993073,97
2024-09-16 13:41:31.024,415.549491856381,1001
2024-09-16 13:41:31.039,415.5166134398336,5
2024-09-16 13:41:31.052,415.5250276643844,1002
2024-09-16 13:41:31.136,415.544664981927,7
2024-09-16 13:41:31.222,415.5392495166031,100
2024-09-16 13:41:31.236,415.50603878373033,15
2024-09-16 13:41:31.247,415.5036723273892,1003
2024-09-16 13:41:31.267,415.5099482883322,99
2024-09-16 13:41:31.382,415.51518492946326,102
2024-09-16 13:41:31.394,415.5348838200047,999
2024-09-16 13:41:31.496,415.5580645934129,6
2024-09-16 13:41:31.544,415.5035262029116,102
2024-09-16 13:41:31.545,415.5031208419801,8
2024-09-16 13:41:31.570,415.5189958869949,10
2024-09-16 13:41:31.574,415.55288162751634,1001
2024-09-16 13:41:31.643,415.4961717013827,999
2024-09-16 13:41:31.645,415.5368246135692,103
2024-09-16 13:41:31.662,,7
2024-09-16 13:41:31.729,415.5102979007469,997
2024-09-16 13:41:31.818,415.5423711983051,999
2024-09-16 13:41:31.860,415.561318910113,1001
2024-09-16 13:41:31.879,415.54185132795743,1003
2024-09-16 13:41:31.903,415.5432835283704,14
2024-09-16 13:41:31.913,415.4984845927941,10
2024-09-16 13:41:31.936,415.5440345347575,101
2024-09-16 13:41:31.941,415.5288451470813,102
2024-09-16 13:41:31.953,415.5123528045586,101
2024-09-16 13:41:31.987,415.52807336384495,95
2024-09-16 13:41:32.018,415.5170942906069,996
2024-09-16 13:41:32.144,415.4729595324945,999
2024-09-16 13:41:32.331,415.4563737870089,101
2024-09-16 13:41:32.358,415.4612527230281,1001
2024-09-16 13:41:32.436,415.4938220632214,13
2024-09-16 13:41:32.490,415.4932892405655,997
2024-09-16 13:41:32.520,415.4758460749685,5
2024-09-16 13:41:32.571,415.45843751036864,8
2024-09-16 13:41:32.625,415.4645682042984,95
2024-09-16 13:41:32.679,415.5208508891679,1001
2024-09-16 13:41:32.739,415.4509307230445,997
2024-09-16 13:41:32.764,415.4652618811797,1003
2024-09-16 13:41:32.806,415.4505970236342,8
2024-09-16 13:41:32.885,415.4553869826002,96
2024-09-16 13:41:32.885,415.4991134528855,15
2024-09-16 13:41:32.916,415.4554382779287,98
2024-09-16 13:41:32.938,415.49769048740086,1001
2024-09-16 13:41:32.961,415.5149789439007,1001
2024-09-16 13:41:32.977,415.4544488187505,1005
2024-09-16 13:41:34.184,415.4855902746796,1001
2024-09-16 13:41:34.228,415.4638142596971,11
2024-09-16 13:41:34.232,415.48358820791486,1002
2024-09-16 13:41:34.357,415.465875457505,96
2024-09-16 13:41:34.376,415.4575583996046,14
2024-09-16 13:41:34.414,415.4687380995422,11
2024-09-16 13:41:34.463,415.48334881149935,5
2024-09-16 13:41:34.480,415.4508485845885,105
2024-09-16 13:41:34.484,41.54664403271724,996
2024-09-16 13:41:34.520,415.47196226139647,95
2024-09-16 13:41:34.554,415.46037226979246,995
2024-09-16 13:41:34.583,41.54533526395789,96
2024-09-16 13:41:34.602,415.4826209286128,14
2024-09-16 13:41:34.647,415.4447733870704,100
2024-09-16 13:41:34.676,415.46977411695,98
2024-09-16 13:41:34.741,415.4589155553165,13
2024-09-16 13:41:34.746,415.4725990941223,105
2024-09-16 13:41:34.828,415.443723238836,99
2024-09-16 13:41:34.844,415.4958339355953,997
2024-09-16 13:41:34.870,415.47050367570193,6
2024-09-16 13:41:34.875,415.4660803421559,14
2024-09-16 13:41:34.895,41.54408333043365,9
2024-09-16 13:41:34.917,415.4786994654803,1001
2024-09-16 13:41:34.919,415.4644204032234,999
2024-09-16 13:41:34.943,415.46507945321343,99
2024-09-16 13:41:34.994,415.46878390548966,1005
2024-09-16 13:41:35.058,415.4356775475361,97
2024-09-16 13:41:35.085,415.461222438131,1003
2024-09-16 13:41:35.175,415.4662727265118,997
2024-09-16 13:41:35.280,415.4138528535791,103
2024-09-16 13:41:35.394,415.4241748196438,100
2024-09-16 13:41:35.448,415.4188743487547,10
2024-09-16 13:41:35.486,415.45222650518593,1004
2024-09-16 13:41:35.558,415.4364924707673,1002
2024-09-16 13:41:35.578,415.428583001273,102
2024-09-16 13:41:35.586,415.43759685877023,98
2024-09-16 13:41:35.688,415.4521521837419,105
2024-09-16 13:41:35.717,415.41720117046367,15
2024-09-16 13:41:35.728,415.43508247347074,104
2024-09-16 13:41:35.740,415.42611371389546,1000
2024-09-16 13:41:35.748,415.43465560796017,103
2024-09-16 13:41:35.888,415.4623477672753,102
2024-09-16 13:41:35.941,,13
2024-09-16 13:41:35.946,415.4764492674483,11
2024-09-16 13:41:36.007,415.41958397590224,996
2024-09-16 13:41:36.052,415.50173922594064,97
2024-09-16 13:41:36.065,415.444213042136,1004
2024-09-16 13:41:36.092,415.4992145751265,1002
2024-09-16 13:41:36.134,415.458851276671,96
2024-09-16 13:41:36.157,415.4180670368045,15
2024-09-16 13:41:36.178,415.5050655805696,5
2024-09-16 13:41:36.204,415.4651392150465,1005
2024-09-16 13:41:36.217,415.4895293013045,1005
2024-09-16 13:41:36.266,415.4502940300612,10
2024-09-16 13:41:36.340,415.4549901311959,14
2024-09-16 13:41:36.361,415.5087119956955,100
2024-09-16 13:41:36.476,415.4211716997024,101
2024-09-16 13:41:36.560,415.4524144627763,12
2024-09-16 13:41:36.563,415.448187675041,7
2024-09-16 13:41:36.596,415.5081185975888,105
2024-09-16 13:41:36.609,415.4645970236908,103
2024-09-16 13:41:36.610,415.42531917532193,14
2024-09-16 13:41:36.623,415.4701332958675,105
2024-09-16 13:41:36.659,415.4390127607986,11
2024-09-16 13:41:36.666,415.4650907024581,1004
2024-09-16 13:41:36.701,415.4844384797767,1002
2024-09-16 13:41:36.730,415.4691764002933,9
2024-09-16 13:41:36.775,415.43322524037706,8
2024-09-16 13:41:36.834,415.4429302583276,1005
2024-09-16 13:41:36.899,415.4647494204135,13
2024-09-16 13:41:36.960,415.437813544617,9
2024-09-16 13:41:36.960,415.48082595978656,105
2024-09-16 13:41:37.008,415.4110544457228,6
2024-09-16 13:41:37.031,415.4101504898578,102
2024-09-16 13:41:37.070,415.4120177473488,6
2024-09-16 13:41:37.126,415.4416689483637,10
2024-09-16 13:41:37.127,415.447726599547,98
2024-09-16 13:41:37.175,415.39727744086434,96
2024-09-16 13:41:37.192,415.4024829536847,8
2024-09-16 13:41:37.217,415.41828118809167,996
2024-09-16 13:41:37.230,415.45887770530646,995
2024-09-16 13:41:37.232,415.426436894739,1000
2024-09-16 13:41:37.245,415.4131015460719,1005
2024-09-16 13:41:37.262,415.40283961955856,6
2024-09-16 13:41:37.281,415.3877227932961,101
2024-09-16 13:41:37.417,415.3875692086728,8
2024-09-16 13:41:37.442,415.3883717308059,98
2024-09-16 13:41:37.498,415.3863017614051,995
2024-09-16 13:41:37.568,415.41074521635056,12
2024-09-16 13:41:37.631,415.423710529508,15
2024-09-16 13:41:37.651,415.4266083975494,6
2024-09-16 13:41:37.664,415.430600896052,1001
2024-09-16 13:41:37.678,415.3793541785556,11
2024-09-16 13:41:37.729,415.405530485517,97
2024-09-16 13:41:37.788,415.4173168710307,13
2024-09-16 13:41:37.842,415.41261101091743,996
2024-09-16 13:41:37.930,415.3706162748701,996
2024-09-16 13:41:37.976,415.43163165355946,6
2024-09-16 13:41:39.010,415.3618694295219,7
2024-09-16 13:41:39.420,415.3717403575131,5
2024-09-16 13:41:39.456,415.3685564458535,97
2024-09-16 13:41:40.108,415.33967165170105,995
2024-09-16 13:41:40.190,415.3567576055861,100
2024-09-16 13:41:40.436,415.3614398209162,1002
2024-09-16 13:41:40.455,415.3816101879481,8
2024-09-16 13:41:40.549,415.3691093131462,999
2024-09-16 13:41:40.552,415.3629789160114,999
2024-09-16 13:41:40.685,415.36431393108506,11
2024-09-16 13:41:40.855,415.3729298020653,105
2024-09-16 13:41:40.931,415.3460963293529,99
2024-09-16 13:41:41.481,415.317840303776,96
2024-09-16 13:41:41.753,415.3410743331947,105
2024-09-16 13:41:42.047,415.2823210091522,99
2024-09-16 13:41:42.096,415.25868946594335,7
2024-09-16 13:41:42.100,415.2882325514393,12
2024-09-16 13:41:42.171,415.2428109012496,996
2024-09-16 13:41:42.179,415.2723493554355,6
2024-09-16 13:41:42.180,415.2818111659137,1002
2024-09-16 13:41:42.231,415.27660197229415,996
2024-09-16 13:41:42.293,415.24894128514353,95
2024-09-16 13:41:42.372,415.2478364918409,998
2024-09-16 13:41:42.381,-415.2594846923791,1001
2024-09-16 13:41:42.383,415.2654323198996,998
2024-09-16 13:41:42.455,415.2444917873268,95
2024-09-16 13:41:42.458,415.287340882197,1004
2024-09-16 13:41:42.471,415.31395991949057,98
2024-09-16 13:41:42.590,415.254389565772,6
2024-09-16 13:41:42.606,415.2521158845194,103
2024-09-16 13:41:42.612,415.2586195030192,97
2024-09-16 13:41:42.729,415.2753645936332,15
2024-09-16 13:41:42.746,415.2482144682533,7
2024-09-16 13:41:42.784,415.30335344691343,997
2024-09-16 13:41:42.833,415.2719735063237,6
2024-09-16 13:41:42.839,415.2634442668545,5
2024-09-16 13:41:42.844,415.2916492714704,1000
2024-09-16 13:41:42.884,415.2543460232495,101
2024-09-16 13:41:42.909,415.23454822236425,999
2024-09-16 13:41:42.967,415.2674061578618,15
2024-09-16 13:41:43.001,415.2342543645336,105
2024-09-16 13:41:43.115,415.229866157905,995
2024-09-16 13:41:43.168,415.2506154695736,102
2024-09-16 13:41:43.182,415.2161576176864,14
2024-09-16 13:41:43.222,415.2483328263107,96
2024-09-16 13:41:43.224,415.2451350356483,1001
2024-09-16 13:41:43.246,415.2142751172378,95
2024-09-16 13:41:43.287,415.2019038117085,5
2024-09-16 13:41:43.372,415.2236799828223,102
2024-09-16 13:41:43.494,415.2361379692674,7
2024-09-16 13:41:43.499,415.2218445698393,103
2024-09-16 13:41:43.738,415.2698978887215,10
2024-09-16 13:41:43.749,415.2023268911041,1002
2024-09-16 13:41:43.803,415.2630897842,995
2024-09-16 13:41:43.830,415.26713338470887,999
2024-09-16 13:41:43.868,415.2718806512376,102
2024-09-16 13:41:43.930,415.2357822958472,1000
2024-09-16 13:41:43.985,415.2500406856857,12
2024-09-16 13:41:43.999,415.2467506648718,99
2024-09-16 13:41:44.098,415.20359420424177,100
2024-09-16 13:41:44.189,415.2265464119898,1005
2024-09-16 13:41:44.507,415.22177611739016,14
2024-09-16 13:41:44.648,415.2079973220253,105
2024-09-16 13:41:44.681,415.2037907333053,103
2024-09-16 13:41:44.743,415.198268555192,8
2024-09-16 13:41:44.752,415.1822108112274,996
2024-09-16 13:41:44.770,415.2087104338448,101
2024-09-16 13:41:45.150,415.21823348712167,14
2024-09-16 13:41:45.685,415.1975880160798,1001
2024-09-16 13:41:46.015,415.2039346434237,999
2024-09-16 13:41:46.097,415.28992134597286,1004
2024-09-16 13:41:46.195,415.2115006810071,1003
2024-09-16 13:41:46.207,415.2867804191588,1001
2024-09-16 13:41:46.244,415.2577658981839,1000
2024-09-16 13:41:46.270,415.25016207557735,15
2024-09-16 13:41:46.399,415.26906927264616,102
2024-09-16 13:41:46.433,-415.2293648889397,97
2024-09-16 13:41:46.438,415.2972443310595,100
2024-09-16 13:41:46.470,415.2645131250596,102
2024-09-16 13:41:46.507,415.22121031219245,15
2024-09-16 13:41:46.543,415.2944694057255,1003
2024-09-16 13:41:46.580,415.2233473343611,104
2024-09-16 13:41:46.607,415.26240705364086,14
2024-09-16 13:41:46.613,415.2008190473371,1004
2024-09-16 13:41:46.622,415.2808196923762,102
2024-09-16 13:41:46.683,415.279807513817,98
2024-09-16 13:41:46.727,415.2687377366885,98
2024-09-16 13:41:46.737,415.21410094551584,1003
2024-09-16 13:41:46.839,415.23934293823584,998
2024-09-16 13:41:46.841,415.2878508062495,14
2024-09-16 13:41:46.849,415.21136231618834,1003
2024-09-16 13:41:46.904,415.2680878007698,9
2024-09-16 13:41:46.938,415.23313705129794,12
2024-09-16 13:41:46.975,415.2605791417117,102
2024-09-16 13:41:46.984,415.2095605513034,1002
2024-09-16 13:41:47.003,415.2713378676093,5
2024-09-16 13:41:47.060,415.2796324529231,9
2024-09-16 13:41:47.194,415.2786206370337,996
2024-09-16 13:41:47.471,415.26958468918224,6
2024-09-16 13:41:47.686,415.2813237488368,98
2024-09-16 13:41:48.442,415.3142009671354,98
2024-09-16 13:41:48.461,415.27588704576914,1004
2024-09-16 13:41:48.475,415.3081973422516,104
2024-09-16 13:41:48.616,415.3139018828148,8
2024-09-16 13:41:48.941,415.2951706192068,96
2024-09-16 13:41:49.001,415.29785517409294,15
2024-09-16 13:41:49.008,415.2973438635285,102
2024-09-16 13:41:49.022,415.3488768564711,1001
2024-09-16 13:41:49.025,415.34618658744336,15
2024-09-16 13:41:49.045,415.3463590660261,1001
2024-09-16 13:41:49.103,415.3049683417176,5
2024-09-16 13:41:49.104,415.2781074799778,14
2024-09-16 13:41:49.140,415.31137324560245,100
2024-09-16 13:41:49.142,415.34931256582433,1000
2024-09-16 13:41:49.142,415.33833909289416,6
2024-09-16 13:41:49.271,415.3142695214335,1001
2024-09-16 13:41:49.322,415.30457981161,999
2024-09-16 13:41:49.452,41.53445121597571,7
2024-09-16 13:41:49.458,415.3002177774932,1002
2024-09-16 13:41:49.568,415.29475447655534,6
2024-09-16 13:41:49.572,415.31228125562944,13
2024-09-16 13:41:49.575,415.28504402516296,11
2024-09-16 13:41:49.580,415.2847683939875,12
2024-09-16 13:41:49.581,-415.3020216084869,1000
2024-09-16 13:41:49.861,415.3276499590142,998
2024-09-16 13:41:49.945,415.3481152501301,997
2024-09-16 13:41:49.962,415.3470731758685,1002
2024-09-16 13:41:50.013,415.1934180223215,999
2024-09-16 13:41:50.056,415.2009686715149,13
2024-09-16 13:41:50.061,415.2871664062607,103
2024-09-16 13:41:50.149,415.223128016242,999
2024-09-16 13:41:50.151,415.2071155841265,105
2024-09-16 13:41:50.172,415.2344519739395,11
2024-09-16 13:41:50.180,415.2227842927653,14
2024-09-16 13:41:50.206,415.2291587224836,997
2024-09-16 13:41:50.343,415.266154009761,9
2024-09-16 13:41:50.360,415.211345070702,997
2024-09-16 13:41:50.380,415.2289002808584,100
2024-09-16 13:41:50.441,415.2545623627609,96
2024-09-16 13:41:50.492,415.2244307351868,95
2024-09-16 13:41:50.544,415.2737041687465,11
2024-09-16 13:41:50.592,415.2203426934025,1004
2024-09-16 13:41:50.701,415.2562160304779,1003
2024-09-16 13:41:50.717,415.25432131160704,1005
2024-09-16 13:41:50.720,415.2000878033485,997
2024-09-16 13:41:50.832,415.2148516097962,103
2024-09-16 13:41:50.896,415.18290877496366,11
2024-09-16 13:41:50.902,415.2255091444116,13
2024-09-16 13:41:50.913,415.2118341102319,104
2024-09-16 13:41:50.924,415.2120901722533,1003
2024-09-16 13:41:50.976,415.1886324571575,13
2024-09-16 13:41:51.138,415.27834912989175,15
2024-09-16 13:41:51.297,415.21358373739633,13
2024-09-16 13:41:51.562,415.2869525245703,5
2024-09-16 13:41:51.692,415.2292390321237,996
2024-09-16 13:41:51.723,415.209374161447,13
2024-09-16 13:41:51.724,415.2241350107005,1003
2024-09-16 13:41:51.745,415.2677387130708,999
2024-09-16 13:41:51.833,415.2650684479973,98
2024-09-16 13:41:51.869,415.2644406949905,5
2024-09-16 13:41:51.940,415.265995943231,5
2024-09-16 13:41:51.947,415.2299199521746,101
2024-09-16 13:41:52.030,41.5369877973923,96
2024-09-16 13:41:52.094,415.3503166703164,996
2024-09-16 13:41:52.102,415.3447903835454,1002
2024-09-16 13:41:52.200,415.3548946409284,105
2024-09-16 13:41:52.264,415.3358106745683,9
2024-09-16 13:41:52.278,415.32019361354713,99
2024-09-16 13:41:52.311,415.3796343307289,98
2024-09-16 13:41:52.329,415.31408478380746,15
2024-09-16 13:41:52.364,415.3688253243451,98
2024-09-16 13:41:52.378,415.3387210895705,102
2024-09-16 13:41:52.480,415.3410064360433,1004
2024-09-16 13:41:52.536,415.2489336815325,1002
2024-09-16 13:41:52.614,415.2673431614355,13
2024-09-16 13:41:52.617,415.2701583238551,1005
2024-09-16 13:41:52.700,415.319769491085,15
2024-09-16 13:41:52.702,415.3477602245862,999
2024-09-16 13:41:52.707,415.3043825007816,7
2024-09-16 13:41:52.920,415.3111491386,98
2024-09-16 13:41:52.921,415.2453678848662,7
2024-09-16 13:41:52.947,415.38207091837495,96
2024-09-16 13:41:52.980,415.3335569429754,96
2024-09-16 13:41:52.994,415.2901132135982,998
2024-09-16 13:41:53.141,415.25842510661295,14
2024-09-16 13:41:53.171,415.2820629497651,96
2024-09-16 13:41:53.186,415.252766418846,102
2024-09-16 13:41:53.196,415.2383369273445,100
2024-09-16 13:41:53.203,415.2898549144045,1002
2024-09-16 13:41:53.239,415.24739555030186,998
2024-09-16 13:41:53.262,415.2495503997297,12
2024-09-16 13:41:53.272,415.29980426674274,105
2024-09-16 13:41:53.298,415.3113591321788,15
2024-09-16 13:41:53.309,415.2736804431918,8
2024-09-16 13:41:53.458,415.27900451249496,95
2024-09-16 13:41:53.474,415.2331442827922,102
2024-09-16 13:41:53.503,415.2294993720915,99
2024-09-16 13:41:53.529,415.31035695453073,11
2024-09-16 13:41:53.536,415.2405368739739,998
2024-09-16 13:41:53.547,415.2449267533312,13
2024-09-16 13:41:53.548,415.2436445519634,996
2024-09-16 13:41:53.549,415.2574979370999,96
2024-09-16 13:41:53.598,415.2528966798167,6
2024-09-16 13:41:53.610,415.2460895407837,105
2024-09-16 13:41:53.767,415.30621350035966,995
2024-09-16 13:41:53.805,415.2930557301986,1005
2024-09-16 13:41:53.818,415.32018233590657,999
2024-09-16 13:41:53.848,415.2234139697592,102
2024-09-16 13:41:53.877,415.26329629951965,6
2024-09-16 13:41:53.978,415.27179801745353,103
2024-09-16 13:41:53.983,415.29557780427183,9
2024-09-16 13:41:53.991,415.2580895767174,8
2024-09-16 13:41:55.012,415.2311160214268,95
2024-09-16 13:41:55.095,415.236271502834,104
2024-09-16 13:41:55.264,415.2328564636233,99
2024-09-16 13:41:55.298,415.24444564636826,995
2024-09-16 13:41:55.445,415.2359781477464,14
2024-09-16 13:41:55.467,415.2436113035709,14
2024-09-16 13:41:55.536,415.1939660399884,14
2024-09-16 13:41:55.581,415.2360336764824,105
2024-09-16 13:41:55.598,415.22163036214425,999
2024-09-16 13:41:55.713,415.230701460001,100
2024-09-16 13:41:55.738,415.22473531481074,95
2024-09-16 13:41:55.764,415.2081009772568,97
2024-09-16 13:41:55.791,415.1896618619133,6
2024-09-16 13:41:55.868,415.24723936267947,997
2024-09-16 13:41:55.878,415.1857951261643,1000
2024-09-16 13:41:56.001,415.17067351852296,6
2024-09-16 13:41:56.062,415.17695953004295,996
2024-09-16 13:41:56.085,415.22959387184426,1005
2024-09-16 13:41:56.098,415.13195588819593,996
2024-09-16 13:41:56.114,415.2726547930358,996
2024-09-16 13:41:56.129,415.1903594067292,7
2024-09-16 13:41:56.144,415.28366347729866,104
2024-09-16 13:41:56.163,415.28175328209227,10
2024-09-16 13:41:56.249,415.1827857889957,1004
2024-09-16 13:41:56.251,415.1657172432852,15
2024-09-16 13:41:56.277,415.1566227006287,997
2024-09-16 13:41:56.324,415.1966589133282,999
2024-09-16 13:41:56.344,415.2768707077419,995
2024-09-16 13:41:56.345,415.2452274280099,99
2024-09-16 13:41:56.396,415.1533122874882,105
2024-09-16 13:41:56.450,415.17242952032433,998
2024-09-16 13:41:56.476,415.1479011067747,98
2024-09-16 13:41:56.485,415.2056780977819,995
2024-09-16 13:41:56.555,415.1758075821746,1001
2024-09-16 13:41:56.684,415.1456786876476,1004
2024-09-16 13:41:56.715,415.17411702747336,100
2024-09-16 13:41:56.767,415.15469455043984,1002
2024-09-16 13:41:56.768,415.2759838660687,997
2024-09-16 13:41:56.792,415.2516857773047,96
2024-09-16 13:41:56.809,415.1626846011247,1000
2024-09-16 13:41:56.883,415.2825582920079,1004
2024-09-16 13:41:56.886,415.1748586296952,102
2024-09-16 13:41:56.947,415.14374214448713,101
2024-09-16 13:41:56.971,415.2812888966697,5
2024-09-16 13:41:56.993,-415.2440703254815,98
2024-09-16 13:41:57.001,-415.1104425076273,1004
2024-09-16 13:41:57.140,415.0983750308189,1002
2024-09-16 13:41:57.191,415.1385909471412,9
2024-09-16 13:41:57.194,415.1091325041224,5
2024-09-16 13:41:57.216,415.1350460626683,9
2024-09-16 13:41:57.308,415.0970383470478,97
2024-09-16 13:41:57.321,415.1886912502738,15
2024-09-16 13:41:57.360,415.116045432247,12
2024-09-16 13:41:57.388,415.1627626645043,15
2024-09-16 13:41:57.421,415.15867261140266,105
2024-09-16 13:41:57.436,415.1375068165384,1001
2024-09-16 13:41:57.454,415.1890957447159,11
2024-09-16 13:41:57.592,415.1746204202554,96
2024-09-16 13:41:57.599,,13
2024-09-16 13:41:57.659,415.13174530650366,1000
2024-09-16 13:41:57.668,415.19582852394586,97
2024-09-16 13:41:57.683,415.10418747025193,7
2024-09-16 13:41:57.714,415.11805225869415,6
2024-09-16 13:41:57.716,415.19687736460935,999
2024-09-16 13:41:57.790,41.519838323480016,5
2024-09-16 13:41:57.792,415.17879248334,999
2024-09-16 13:41:57.925,415.1918603975294,98
2024-09-16 13:41:57.976,415.1923583058585,102
2024-09-16 13:41:58.122,415.0879735520009,1001
2024-09-16 13:41:58.193,415.1190966782331,98
2024-09-16 13:41:58.281,415.0615122512906,996
2024-09-16 13:41:58.986,415.0727382679192,7
2024-09-16 13:41:59.023,415.0488209386677,1001
2024-09-16 13:41:59.270,415.0552065593747,1003
2024-09-16 13:41:59.334,415.0630179139334,101
2024-09-16 13:41:59.390,415.0547440566991,12
2024-09-16 13:41:59.620,415.0773167868245,12
2024-09-16 13:41:59.684,415.0724351641497,95
2024-09-16 13:41:59.866,415.0552610594473,6
2024-09-16 13:41:59.889,415.0665157199045,96
