Timestamp,Price,Size
2024-09-16 10:25:00.001,417.8062263529436,9
2024-09-16 10:25:00.046,417.7920410022868,105
2024-09-16 10:25:00.178,417.78115805917423,1000
2024-09-16 10:25:00.223,417.793496300233,99
2024-09-16 10:25:00.236,417.7960462188124,11
2024-09-16 10:25:00.318,417.78339278241015,10
2024-09-16 10:25:00.385,417.778466801812,12
2024-09-16 10:25:00.558,417.8044261869279,96
2024-09-16 10:25:00.573,41.77897725105815,99
2024-09-16 10:25:00.639,417.7864121808169,101
2024-09-16 10:25:00.685,417.80622108004553,100
2024-09-16 10:25:00.730,417.79398935566377,15
2024-09-16 10:25:00.836,417.7910044552168,1002
2024-09-16 10:25:01.063,417.8092701242022,998
2024-09-16 10:25:01.149,417.7961084556518,7
2024-09-16 10:25:01.164,417.8180846102598,100
2024-09-16 10:25:01.218,417.79813996600313,11
2024-09-16 10:25:01.305,417.846183625189,98
2024-09-16 10:25:01.383,417.8201289734319,8
2024-09-16 10:25:01.440,417.82001831611177,1001
2024-09-16 10:25:01.444,417.826243707429,9
2024-09-16 10:25:01.444,417.8435540978763,99
2024-09-16 10:25:01.445,417.84865518753816,1000
2024-09-16 10:25:01.585,417.807079958014,1001
2024-09-16 10:25:01.592,417.79983416522936,1004
2024-09-16 10:25:01.598,417.8257541148257,98
2024-09-16 10:25:01.782,417.814069960195,104
2024-09-16 10:25:01.804,417.8261880643316,103
2024-09-16 10:25:01.865,417.7995770878965,997
2024-09-16 10:25:01.917,417.83132366987707,10
2024-09-16 10:25:01.934,417.8128510237747,6
2024-09-16 10:25:01.955,417.8417724936888,995
2024-09-16 10:25:02.039,417.8152566674388,10
2024-09-16 10:25:02.051,417.8234829085965,11
2024-09-16 10:25:02.118,417.8333360299831,105
2024-09-16 10:25:02.215,417.8006373658973,13
2024-09-16 10:25:02.311,417.8335745520213,105
2024-09-16 10:25:02.362,417.8337352264463,998
2024-09-16 10:25:02.446,417.8176385686981,1002
2024-09-16 10:25:02.527,417.83238940981664,101
2024-09-16 10:25:02.675,417.8182487185042,999
2024-09-16 10:25:02.678,417.8341220241885,997
2024-09-16 10:25:02.744,417.82871353798834,6
2024-09-16 10:25:02.802,417.8427408613356,104
2024-09-16 10:25:02.814,417.8113519696192,8
2024-09-16 10:25:02.850,417.84066058007824,100
2024-09-16 10:25:02.916,417.8284018226639,10
2024-09-16 10:25:02.923,417.86330849231166,98
2024-09-16 10:25:02.927,417.8397514750196,103
2024-09-16 10:25:03.016,417.9151516055592,9
2024-09-16 10:25:03.040,417.8569344415915,95
2024-09-16 10:25:03.110,417.9388859746084,95
2024-09-16 10:25:03.133,417.9214021960344,996
2024-09-16 10:25:03.151,417.8509483146818,6
2024-09-16 10:25:03.159,417.8351260635754,6
2024-09-16 10:25:03.266,417.8113764749783,12
2024-09-16 10:25:03.304,417.8945786299663,103
2024-09-16 10:25:03.330,417.8130494975882,10
2024-09-16 10:25:03.337,417.8223936418929,98
2024-09-16 10:25:03.373,417.8603121129481,105
2024-09-16 10:25:03.384,417.8212567036607,998
2024-09-16 10:25:03.435,417.8088669050719,999
2024-09-16 10:25:03.450,417.92084416307154,998
2024-09-16 10:25:03.454,417.8571425482194,995
2024-09-16 10:25:03.469,417.85448344981086,5
2024-09-16 10:25:03.570,417.9212507211662,8
2024-09-16 10:25:03.583,417.9194982974503,102
2024-09-16 10:25:03.651,417.8891516102048,13
2024-09-16 10:25:03.704,417.8982989919204,1003
2024-09-16 10:25:03.726,417.9425610566656,105
2024-09-16 10:25:03.749,417.8305769187732,12
2024-09-16 10:25:03.768,417.8406777735906,997
2024-09-16 10:25:03.801,417.8212422137881,10
2024-09-16 10:25:03.849,417.810206124962,5
2024-09-16 10:25:03.861,417.932473571518,1000
2024-09-16 10:25:03.935,417.834833114406,103
2024-09-16 10:25:03.976,417.8796294350788,1001
2024-09-16 10:25:04.048,417.91208097697216,999
2024-09-16 10:25:04.094,417.9221589276383,104
2024-09-16 10:25:04.163,417.9158021147377,1001
2024-09-16 10:25:04.176,417.93756470443446,6
2024-09-16 10:25:04.180,417.9156347794893,997
2024-09-16 10:25:04.185,417.9173415988999,1000
2024-09-16 10:25:04.193,417.9430483011438,1003
2024-09-16 10:25:04.208,417.9209885971765,96
2024-09-16 10:25:04.225,417.9187182302151,99
2024-09-16 10:25:04.275,417.9377611796998,1005
2024-09-16 10:25:04.311,41.7953329098093,1001
2024-09-16 10:25:04.317,417.9112312425825,997
2024-09-16 10:25:04.389,417.91997547808137,99
2024-09-16 10:25:04.532,417.9509204677426,996
2024-09-16 10:25:04.535,417.92639940016727,995
2024-09-16 10:25:04.571,417.935619625789,996
2024-09-16 10:25:04.623,417.9183677490003,102
2024-09-16 10:25:04.651,417.94465898798296,101
2024-09-16 10:25:04.659,417.9245081038517,998
2024-09-16 10:25:04.778,417.9150834260643,13
2024-09-16 10:25:04.831,417.9078414922233,1000
2024-09-16 10:25:04.842,417.9472024194908,98
2024-09-16 10:25:04.894,417.94282281379833,998
2024-09-16 10:25:04.904,417.9153349011141,95
2024-09-16 10:25:04.946,417.9297816351416,105
2024-09-16 10:25:04.954,417.9194157815001,6
2024-09-16 10:25:04.981,417.9290517017606,12
2024-09-16 10:25:05.048,417.9240979952182,1003
2024-09-16 10:25:05.088,417.9839486042573,11
2024-09-16 10:25:05.112,417.9492522260842,999
2024-09-16 10:25:05.120,417.9496575457287,105
2024-09-16 10:25:05.167,417.94039248870513,99
2024-09-16 10:25:05.179,417.9433671758204,103
2024-09-16 10:25:05.217,417.94120785241273,1003
2024-09-16 10:25:05.319,417.96596443215975,1003
2024-09-16 10:25:05.348,417.9941856134829,100
2024-09-16 10:25:05.374,417.9854158300045,13
2024-09-16 10:25:05.375,417.99694748770605,5
2024-09-16 10:25:05.395,417.9480693277154,97
2024-09-16 10:25:05.432,417.9186068085908,95
2024-09-16 10:25:05.492,417.9523451185921,1003
2024-09-16 10:25:05.493,417.9452053267936,99
2024-09-16 10:25:05.495,417.9705703262783,11
2024-09-16 10:25:05.546,417.9935577647794,13
2024-09-16 10:25:05.598,417.9368553171444,102
2024-09-16 10:25:05.608,417.9468122428098,996
2024-09-16 10:25:05.618,417.9942119965114,101
2024-09-16 10:25:05.665,417.9692476796388,1002
2024-09-16 10:25:05.710,418.00324291612185,99
2024-09-16 10:25:05.755,417.9542226758292,15
2024-09-16 10:25:05.758,417.93540477584014,6
2024-09-16 10:25:05.775,417.9017650075918,999
2024-09-16 10:25:05.776,417.9364376934654,14
2024-09-16 10:25:05.793,417.9652337499952,998
2024-09-16 10:25:05.812,417.9509924860592,99
2024-09-16 10:25:05.847,417.9863789409133,102
2024-09-16 10:25:05.942,417.9633693412619,97
2024-09-16 10:25:06.143,417.95919188688976,999
2024-09-16 10:25:06.233,41.798392049211614,996
2024-09-16 10:25:06.433,418.0040986473568,9
2024-09-16 10:25:06.594,417.94857490324006,99
2024-09-16 10:25:06.859,417.98194564904776,96
2024-09-16 10:25:07.006,418.06230414144346,12
2024-09-16 10:25:07.054,418.0661081128631,101
2024-09-16 10:25:07.066,417.92476348294855,995
2024-09-16 10:25:07.095,417.98382928013206,9
2024-09-16 10:25:07.260,418.0695868940702,104
2024-09-16 10:25:07.406,418.0562310263247,96
2024-09-16 10:25:07.407,417.95114901664886,998
2024-09-16 10:25:07.408,418.047867456627,997
2024-09-16 10:25:07.564,417.9920577990929,98
2024-09-16 10:25:07.579,418.0842701019028,998
2024-09-16 10:25:07.596,418.0554000605005,8
2024-09-16 10:25:07.602,417.93708769600994,104
2024-09-16 10:25:07.618,418.05804975975553,102
2024-09-16 10:25:07.656,417.9579372453646,105
2024-09-16 10:25:07.674,417.98394921698366,103
2024-09-16 10:25:07.679,417.9444891257917,1004
2024-09-16 10:25:07.710,418.08555660938754,95
2024-09-16 10:25:07.773,417.938257077211,7
2024-09-16 10:25:07.799,417.9601444832388,97
2024-09-16 10:25:07.850,418.0493232234579,15
2024-09-16 10:25:07.891,418.0086269965525,99
2024-09-16 10:25:07.910,418.00398040055103,9
2024-09-16 10:25:07.932,418.0263156627496,1001
2024-09-16 10:25:07.967,418.0941324479568,5
2024-09-16 10:25:07.973,418.0734474375488,998
2024-09-16 10:25:07.973,,8
2024-09-16 10:25:07.993,417.9291954741986,1003
2024-09-16 10:25:07.994,417.9689941547794,7
2024-09-16 10:25:08.005,418.1026368328149,11
2024-09-16 10:25:08.251,,104
2024-09-16 10:25:08.397,418.0919873715797,100
2024-09-16 10:25:08.507,418.1075635451513,1000
2024-09-16 10:25:08.524,418.0886156382842,997
2024-09-16 10:25:08.817,418.1133553799557,8
2024-09-16 10:25:08.868,418.07196951444814,104
2024-09-16 10:25:08.880,418.0821983513335,101
2024-09-16 10:25:08.891,418.0789676519741,1001
2024-09-16 10:25:08.905,418.1049704905873,12
2024-09-16 10:25:09.005,418.1139413204383,11
2024-09-16 10:25:09.033,-418.1587571913994,103
2024-09-16 10:25:09.070,418.055203167766,1005
2024-09-16 10:25:09.116,418.09566387856137,100
2024-09-16 10:25:09.153,418.11372073931705,7
2024-09-16 10:25:09.222,418.0927445382736,96
2024-09-16 10:25:09.255,418.0442271443199,10
2024-09-16 10:25:09.340,418.1377577970426,101
2024-09-16 10:25:09.394,418.0977644278062,1002
2024-09-16 10:25:09.404,418.0540301146164,11
2024-09-16 10:25:09.419,418.1497764083055,996
2024-09-16 10:25:09.477,418.1631657913177,998
2024-09-16 10:25:09.560,418.1270518172294,97
2024-09-16 10:25:09.566,418.1547922428975,12
2024-09-16 10:25:09.586,418.158104986261,1003
2024-09-16 10:25:09.623,418.0592927496306,12
2024-09-16 10:25:09.712,418.14636373633294,5
2024-09-16 10:25:09.736,418.07360790339766,15
2024-09-16 10:25:09.783,418.12970216445785,996
2024-09-16 10:25:09.804,418.1342166617135,12
2024-09-16 10:25:09.838,418.1551606630793,998
2024-09-16 10:25:09.873,418.0365238160113,105
2024-09-16 10:25:09.885,418.05936595080783,99
2024-09-16 10:25:09.909,418.13286267182247,98
2024-09-16 10:25:09.913,418.1374747456763,8
2024-09-16 10:25:09.941,418.1532975967844,8
2024-09-16 10:25:09.955,418.13644668281455,13
2024-09-16 10:25:09.997,418.0641669885279,102
2024-09-16 10:25:10.306,418.0856319893479,14
2024-09-16 10:25:11.003,418.14807966104047,102
2024-09-16 10:25:11.021,418.1396875880361,95
2024-09-16 10:25:11.041,418.167242568776,7
2024-09-16 10:25:11.059,418.1073551881311,12
2024-09-16 10:25:11.113,418.10501341644897,9
2024-09-16 10:25:11.193,418.1410496060292,98
2024-09-16 10:25:11.195,418.1161969799986,12
2024-09-16 10:25:11.313,418.09459124318914,100
2024-09-16 10:25:11.318,418.07924657758434,1001
2024-09-16 10:25:11.351,418.08085593848045,102
2024-09-16 10:25:11.417,418.1166963935341,6
2024-09-16 10:25:11.443,418.13675967875264,995
2024-09-16 10:25:11.455,418.09682965147954,998
2024-09-16 10:25:11.472,418.1834615634702,14
2024-09-16 10:25:11.504,418.0744238899677,5
2024-09-16 10:25:11.565,418.1099766724378,997
2024-09-16 10:25:11.586,418.0770616764253,102
2024-09-16 10:25:11.659,418.1147409579512,11
2024-09-16 10:25:11.676,418.11942283603247,7
2024-09-16 10:25:11.682,418.1137369364078,12
2024-09-16 10:25:11.699,-418.1170368197987,1005
2024-09-16 10:25:11.716,418.103401391841,105
2024-09-16 10:25:11.778,418.14571247372754,9
2024-09-16 10:25:11.857,418.0805742283053,7
2024-09-16 10:25:11.864,418.0944382306417,1000
2024-09-16 10:25:11.906,418.11598330689225,104
2024-09-16 10:25:11.928,418.0968354615953,97
2024-09-16 10:25:12.001,418.1393876678791,99
2024-09-16 10:25:12.069,418.15768922186135,1003
2024-09-16 10:25:12.106,418.1538237406838,998
2024-09-16 10:25:12.113,418.1924969675781,96
2024-09-16 10:25:12.178,418.1389555854031,1000
2024-09-16 10:25:12.229,418.1564189660748,101
2024-09-16 10:25:12.253,418.1730112094693,100
2024-09-16 10:25:12.256,418.179594867536,7
2024-09-16 10:25:12.324,418.1960236423742,14
2024-09-16 10:25:12.359,418.159839651062,997
2024-09-16 10:25:12.415,418.1609273629153,6
2024-09-16 10:25:12.485,418.1694471280266,995
2024-09-16 10:25:12.531,418.1805806026596,96
2024-09-16 10:25:12.548,418.1779877624117,98
2024-09-16 10:25:12.555,418.1813557585582,95
2024-09-16 10:25:12.563,,103
2024-09-16 10:25:12.587,418.19358988135787,995
2024-09-16 10:25:12.615,418.1629839220352,7
2024-09-16 10:25:12.747,418.1875683448044,1004
2024-09-16 10:25:12.864,418.1774190764439,102
2024-09-16 10:25:12.881,418.1662546714728,10
2024-09-16 10:25:12.910,418.16829956191975,103
2024-09-16 10:25:13.055,418.1425685440889,96
2024-09-16 10:25:13.144,418.1360613326522,105
2024-09-16 10:25:13.236,418.19630594007367,1002
2024-09-16 10:25:13.316,418.1751577257758,95
2024-09-16 10:25:13.336,418.1993939858377,8
2024-09-16 10:25:13.343,418.1934460868944,101
2024-09-16 10:25:13.400,418.13275898729046,103
2024-09-16 10:25:13.414,418.1443386815565,995
2024-09-16 10:25:13.415,41.81890161834588,995
2024-09-16 10:25:13.487,418.1888878134216,104
2024-09-16 10:25:13.561,418.1512102530394,100
2024-09-16 10:25:13.589,418.123375962116,10
2024-09-16 10:25:13.615,418.15328736548105,13
2024-09-16 10:25:13.721,418.1532913467237,1002
2024-09-16 10:25:13.786,418.1812179709696,95
2024-09-16 10:25:13.798,418.1409462125623,10
2024-09-16 10:25:13.803,418.1511331259208,1002
2024-09-16 10:25:13.873,418.1488029847295,998
2024-09-16 10:25:14.014,418.0964093274556,99
2024-09-16 10:25:14.040,418.1368698728001,97
2024-09-16 10:25:14.085,418.1024630730575,101
2024-09-16 10:25:14.112,418.0787217943394,15
2024-09-16 10:25:14.173,418.1008993033311,13
2024-09-16 10:25:14.268,418.08277275731496,100
2024-09-16 10:25:14.298,418.1031349732274,102
2024-09-16 10:25:14.316,418.0666048073327,99
2024-09-16 10:25:14.324,418.1945086324575,100
2024-09-16 10:25:14.327,418.0631294319272,1004
2024-09-16 10:25:14.384,418.1205495979146,98
2024-09-16 10:25:14.413,418.0883000483066,11
2024-09-16 10:25:14.425,418.1112017810819,13
2024-09-16 10:25:14.443,418.08495637714,9
2024-09-16 10:25:14.499,418.18363882550346,98
2024-09-16 10:25:14.499,418.14346934941307,996
2024-09-16 10:25:14.510,418.1726513406715,98
2024-09-16 10:25:14.534,418.0923901650268,104
2024-09-16 10:25:14.541,418.0933022613376,103
2024-09-16 10:25:14.601,418.1119591888663,8
2024-09-16 10:25:14.634,418.1674604561868,8
2024-09-16 10:25:14.638,418.07156548444,11
2024-09-16 10:25:14.643,418.20135432362673,10
2024-09-16 10:25:14.706,418.0910683417862,102
2024-09-16 10:25:14.725,418.06813447527816,1000
2024-09-16 10:25:14.734,418.0590117715266,11
2024-09-16 10:25:14.814,418.1793260540341,995
2024-09-16 10:25:14.884,418.1844949181755,8
2024-09-16 10:25:14.919,418.0854641261178,995
2024-09-16 10:25:14.971,418.09492782486086,6
2024-09-16 10:25:15.024,418.0819314604519,105
2024-09-16 10:25:15.064,418.0685013225588,7
2024-09-16 10:25:15.082,418.1108202499513,95
2024-09-16 10:25:15.153,418.0901209966469,999
2024-09-16 10:25:15.158,418.1109919199234,96
2024-09-16 10:25:15.171,418.0986959450966,99
2024-09-16 10:25:15.334,418.1148337079083,998
2024-09-16 10:25:15.391,418.1155698241608,1000
2024-09-16 10:25:15.513,418.0708282521395,12
2024-09-16 10:25:15.561,418.1166760860828,12
2024-09-16 10:25:15.617,418.1180506842644,104
2024-09-16 10:25:15.769,418.10061410544193,97
2024-09-16 10:25:15.819,418.09176814308887,1003
2024-09-16 10:25:15.820,418.08419450598666,12
2024-09-16 10:25:15.851,418.0910804015703,96
2024-09-16 10:25:15.940,418.0880950927684,995
2024-09-16 10:25:15.953,418.0916533464691,995
2024-09-16 10:25:15.961,418.1127855636561,98
2024-09-16 10:25:16.377,418.1208225346672,12
2024-09-16 10:25:16.476,418.11645100710393,12
2024-09-16 10:25:16.736,418.1111570155269,995
2024-09-16 10:25:17.045,418.18219219218497,104
2024-09-16 10:25:17.061,418.1812383130357,997
2024-09-16 10:25:17.082,418.1897889255084,14
2024-09-16 10:25:17.084,418.1819414616429,9
2024-09-16 10:25:17.185,418.179983987169,1005
2024-09-16 10:25:17.212,418.19759597383353,12
2024-09-16 10:25:17.234,418.1983476365805,9
2024-09-16 10:25:17.239,418.14831672191286,9
2024-09-16 10:25:17.268,418.20025569226647,1004
2024-09-16 10:25:17.278,418.17550076646654,6
2024-09-16 10:25:17.335,418.18370549129503,999
2024-09-16 10:25:17.391,418.1887651402301,7
2024-09-16 10:25:17.434,418.1850967868544,99
2024-09-16 10:25:17.670,418.1759415937805,996
2024-09-16 10:25:17.697,418.1803460562522,13
2024-09-16 10:25:17.745,418.1667228565655,105
2024-09-16 10:25:17.771,418.16770095597946,96
2024-09-16 10:25:17.983,418.18717358146574,99
2024-09-16 10:25:18.920,418.1613430346176,95
2024-09-16 10:25:19.044,418.1935655452765,104
2024-09-16 10:25:19.086,418.1864308211209,104
2024-09-16 10:25:19.124,418.1670359074299,13
2024-09-16 10:25:19.214,418.17934488900994,1003
2024-09-16 10:25:19.394,418.17847727953216,103
2024-09-16 10:25:19.556,418.1971381612323,1000
2024-09-16 10:25:19.731,418.1831728696922,1005
2024-09-16 10:25:19.821,418.1735910183814,7
2024-09-16 10:25:19.955,418.169931443894,12
2024-09-16 10:25:20.007,418.2815497019328,105
2024-09-16 10:25:20.051,418.2709210365724,1005
2024-09-16 10:25:20.074,418.2691924033688,995
2024-09-16 10:25:20.080,418.2486760308572,1005
2024-09-16 10:25:20.124,418.1798116211399,105
2024-09-16 10:25:20.175,418.2546935292966,12
2024-09-16 10:25:20.225,418.2351018702,996
2024-09-16 10:25:20.244,418.1622901439408,999
2024-09-16 10:25:20.317,-418.249083267582,1000
2024-09-16 10:25:20.430,418.1886968128376,105
2024-09-16 10:25:20.469,418.23854699885766,10
2024-09-16 10:25:20.483,418.20381503717954,1000
2024-09-16 10:25:20.504,418.2825332219092,1003
2024-09-16 10:25:20.519,418.2812712929944,95
2024-09-16 10:25:20.519,418.2375862822222,5
2024-09-16 10:25:20.554,418.1810061682909,1003
2024-09-16 10:25:20.653,418.2352911060859,14
2024-09-16 10:25:20.673,418.26677408096543,997
2024-09-16 10:25:20.703,418.17563926936594,105
2024-09-16 10:25:20.751,418.1731353589054,1000
2024-09-16 10:25:20.752,418.2677319925152,103
2024-09-16 10:25:20.828,418.2084933830104,1001
2024-09-16 10:25:20.832,418.2343308426725,103
2024-09-16 10:25:20.959,418.16922471401057,1003
2024-09-16 10:25:21.068,418.23785982008,95
2024-09-16 10:25:22.078,418.2268140170369,103
2024-09-16 10:25:22.086,418.2297952226932,95
2024-09-16 10:25:22.123,418.2404772304994,100
2024-09-16 10:25:22.134,418.1581132588522,101
2024-09-16 10:25:22.135,418.2682943172288,12
2024-09-16 10:25:22.190,418.1394389436285,101
2024-09-16 10:25:22.196,418.25251466884765,7
2024-09-16 10:25:22.275,418.1622919603608,11
2024-09-16 10:25:22.285,418.2562641219727,7
2024-09-16 10:25:22.321,418.271475587888,996
2024-09-16 10:25:22.346,418.232418197018,9
2024-09-16 10:25:22.374,418.1525090552695,1001
2024-09-16 10:25:22.385,418.1686220768829,104
2024-09-16 10:25:22.418,418.2216595938527,12
2024-09-16 10:25:22.487,418.2828732903042,105
2024-09-16 10:25:22.578,418.1893847239132,103
2024-09-16 10:25:22.623,418.17980791104367,104
2024-09-16 10:25:22.626,418.1807516203581,11
2024-09-16 10:25:22.649,418.17317957935455,5
2024-09-16 10:25:22.651,418.2362230883585,95
2024-09-16 10:25:22.654,418.1695417988078,1000
2024-09-16 10:25:22.716,418.2438938998609,1000
2024-09-16 10:25:22.720,418.2474660437444,99
2024-09-16 10:25:22.831,418.23005762632647,95
2024-09-16 10:25:22.892,418.2891957958905,8
2024-09-16 10:25:22.907,418.2187765027784,999
2024-09-16 10:25:22.943,418.2297759761017,14
2024-09-16 10:25:22.994,418.1982593279788,100
2024-09-16 10:25:23.053,418.1957676685362,8
2024-09-16 10:25:23.057,418.17878301747146,104
2024-09-16 10:25:23.089,418.1687919919946,1001
2024-09-16 10:25:23.108,,99
2024-09-16 10:25:23.187,418.16515544364864,8
2024-09-16 10:25:23.263,418.1702352401685,14
2024-09-16 10:25:23.366,418.16348886301233,95
2024-09-16 10:25:23.647,418.18773203260577,1005
2024-09-16 10:25:23.797,418.20046822911553,6
2024-09-16 10:25:23.851,418.2169098201294,14
2024-09-16 10:25:24.003,418.17114259438273,1004
2024-09-16 10:25:24.030,418.177299392776,8
2024-09-16 10:25:24.093,418.1283358131387,6
2024-09-16 10:25:24.255,,11
2024-09-16 10:25:24.299,-418.1462255813935,96
2024-09-16 10:25:24.379,418.18162770356247,1003
2024-09-16 10:25:24.382,418.11919242972846,7
2024-09-16 10:25:24.412,418.1611070333656,1001
2024-09-16 10:25:24.502,418.1071303030214,1002
2024-09-16 10:25:24.533,418.1151374832448,101
2024-09-16 10:25:24.637,,6
2024-09-16 10:25:24.668,418.2037905230399,995
2024-09-16 10:25:24.692,418.195389418982,1003
2024-09-16 10:25:24.693,418.1948284973373,5
2024-09-16 10:25:24.733,418.1821516371245,1002
2024-09-16 10:25:24.734,418.197250042953,9
2024-09-16 10:25:24.760,418.1226938809531,1003
2024-09-16 10:25:25.004,418.067164917752,12
2024-09-16 10:25:25.047,,7
2024-09-16 10:25:25.047,418.0861737872481,100
2024-09-16 10:25:25.058,418.1050292113198,97
2024-09-16 10:25:25.095,418.088863834808,1000
2024-09-16 10:25:25.128,418.08768758451663,13
2024-09-16 10:25:25.193,418.0667727769938,12
2024-09-16 10:25:25.197,418.0442075124872,1003
2024-09-16 10:25:25.335,418.0343289783805,101
2024-09-16 10:25:25.380,418.0754029995085,997
2024-09-16 10:25:25.385,418.0848784383131,1004
2024-09-16 10:25:25.415,418.0833247613936,998
2024-09-16 10:25:25.418,418.0266809088632,9
2024-09-16 10:25:25.469,418.0319781832444,10
2024-09-16 10:25:25.487,418.08083086500375,14
2024-09-16 10:25:25.527,418.08093525182704,998
2024-09-16 10:25:25.531,418.07620627074215,103
2024-09-16 10:25:25.541,418.08030140707694,99
2024-09-16 10:25:25.585,418.0386090689111,105
2024-09-16 10:25:25.589,418.0632041357621,7
2024-09-16 10:25:25.618,418.017231560953,1003
2024-09-16 10:25:25.618,418.0046985012352,5
2024-09-16 10:25:25.655,418.0718748901861,1001
2024-09-16 10:25:25.762,418.10497618655415,6
2024-09-16 10:25:25.890,418.0486180916172,102
2024-09-16 10:25:25.907,418.085661755701,96
2024-09-16 10:25:25.934,418.10088601470505,98
2024-09-16 10:25:25.946,418.0435916718538,104
2024-09-16 10:25:26.043,418.1897251311319,1003
2024-09-16 10:25:26.050,418.1078710436516,6
2024-09-16 10:25:26.074,418.10791033758335,11
2024-09-16 10:25:26.166,418.1724541073834,995
2024-09-16 10:25:26.168,418.17322985009343,100
2024-09-16 10:25:26.193,418.146427888229,1001
2024-09-16 10:25:26.240,418.1399507135929,5
2024-09-16 10:25:26.260,418.1531037620075,101
2024-09-16 10:25:26.277,418.1088346422626,105
2024-09-16 10:25:26.304,418.11393080281846,97
2024-09-16 10:25:26.330,418.1251536794285,998
2024-09-16 10:25:26.368,418.1404503312314,12
2024-09-16 10:25:26.395,418.0761375034272,5
2024-09-16 10:25:26.442,418.1278489887942,6
2024-09-16 10:25:26.462,418.0897027268381,95
2024-09-16 10:25:26.469,418.1398053394066,100
2024-09-16 10:25:26.475,418.12033919821874,1004
2024-09-16 10:25:26.573,418.1298041389617,96
2024-09-16 10:25:26.606,418.1007382901962,95
2024-09-16 10:25:26.725,418.1279410629282,1005
2024-09-16 10:25:26.729,418.12097618522057,98
2024-09-16 10:25:26.757,418.0933905119502,97
2024-09-16 10:25:26.793,418.10234662808375,15
2024-09-16 10:25:26.841,418.13248040571625,103
2024-09-16 10:25:26.852,418.10857456853705,101
2024-09-16 10:25:26.863,418.1574091182894,5
2024-09-16 10:25:26.875,418.1310272703897,10
2024-09-16 10:25:26.888,418.1483208484203,6
2024-09-16 10:25:26.942,418.1284538693889,96
2024-09-16 10:25:26.949,418.1385627867004,99
2024-09-16 10:25:27.102,418.0952960364775,103
2024-09-16 10:25:27.134,418.0503782328303,102
2024-09-16 10:25:27.165,418.1048350740905,96
2024-09-16 10:25:27.192,418.07743028141056,1001
2024-09-16 10:25:27.252,418.11414204885,96
2024-09-16 10:25:27.293,418.1329268832224,97
2024-09-16 10:25:27.412,418.0660484833623,105
2024-09-16 10:25:27.445,418.0943318854835,998
2024-09-16 10:25:27.457,418.06445936800185,101
2024-09-16 10:25:27.515,418.0856130449175,98
2024-09-16 10:25:27.536,418.1261129296271,997
2024-09-16 10:25:27.546,418.1008079896954,95
2024-09-16 10:25:27.584,418.0959585276328,1004
2024-09-16 10:25:27.592,418.05365948853097,6
2024-09-16 10:25:27.612,418.095795467345,999
2024-09-16 10:25:27.713,418.06274073851006,10
2024-09-16 10:25:27.751,418.10971147276695,7
2024-09-16 10:25:27.756,418.06162585146245,12
2024-09-16 10:25:27.771,-418.0425394291368,13
2024-09-16 10:25:27.800,418.05323864228313,7
2024-09-16 10:25:27.820,418.1253135785609,1001
2024-09-16 10:25:27.846,418.0853686816819,11
2024-09-16 10:25:27.909,418.1113091395383,100
2024-09-16 10:25:28.001,418.03137613170793,6
2024-09-16 10:25:28.061,418.00836083328886,96
2024-09-16 10:25:28.219,418.02326331077495,7
2024-09-16 10:25:28.252,418.08046698481286,998
2024-09-16 10:25:28.283,418.0274511368365,98
2024-09-16 10:25:28.325,418.0630408952816,15
2024-09-16 10:25:28.339,418.0749701508312,8
2024-09-16 10:25:28.361,418.0690201115807,999
2024-09-16 10:25:28.454,418.0730092698738,7
2024-09-16 10:25:28.543,418.04304836842056,7
2024-09-16 10:25:28.592,418.0793237465622,102
2024-09-16 10:25:28.635,418.0462128121094,1003
2024-09-16 10:25:28.776,418.064736942388,1001
2024-09-16 10:25:28.899,418.0578071474253,99
2024-09-16 10:25:29.139,418.04549285503504,6
2024-09-16 10:25:29.220,418.0634406547182,14
2024-09-16 10:25:29.519,418.0570225643328,1005
2024-09-16 10:25:29.638,418.0418634458191,10
2024-09-16 10:25:29.735,418.0619862284705,996
2024-09-16 10:25:29.890,418.053775434082,1004
2024-09-16 10:25:29.914,418.0355765298966,998
2024-09-16 10:25:29.941,418.06976819689896,995
2024-09-16 10:25:30.011,418.13159743994,1003
2024-09-16 10:25:30.030,418.12826992206186,997
2024-09-16 10:25:30.055,418.10055896321296,100
2024-09-16 10:25:30.073,418.0713473025226,1005
2024-09-16 10:25:30.155,418.07241574283415,10
2024-09-16 10:25:30.156,418.1357997167927,13
2024-09-16 10:25:30.170,418.07467451150063,996
2024-09-16 10:25:30.202,418.1160593525765,104
2024-09-16 10:25:30.368,418.1032547247003,8
2024-09-16 10:25:30.390,418.1046109228343,100
2024-09-16 10:25:30.534,418.0892044985683,12
2024-09-16 10:25:30.644,418.06536360676233,1003
2024-09-16 10:25:30.664,418.1210741680987,105
2024-09-16 10:25:30.726,418.0730452512695,12
2024-09-16 10:25:30.741,418.06235693037104,99
2024-09-16 10:25:30.773,418.0836601758016,7
2024-09-16 10:25:30.800,418.1372821935896,1004
2024-09-16 10:25:30.836,418.1358782465709,15
2024-09-16 10:25:30.920,418.1361176600847,14
2024-09-16 10:25:30.948,418.1198387775038,102
2024-09-16 10:25:30.998,418.1352359500392,100
2024-09-16 10:25:31.198,418.02181303072655,8
2024-09-16 10:25:31.251,418.0838870344932,14
2024-09-16 10:25:31.252,418.0305040367666,997
2024-09-16 10:25:31.317,418.076720396175,96
2024-09-16 10:25:31.388,418.10610792891,12
2024-09-16 10:25:31.401,418.00385171945504,101
2024-09-16 10:25:31.475,418.04943985019503,15
2024-09-16 10:25:31.551,418.038535142451,96
2024-09-16 10:25:31.593,418.0512734056328,100
2024-09-16 10:25:31.635,418.0763920101939,1001
2024-09-16 10:25:31.636,418.0392667128981,6
2024-09-16 10:25:31.637,418.0235175917514,105
2024-09-16 10:25:31.646,418.0108022966254,5
2024-09-16 10:25:31.715,418.0622306030208,96
2024-09-16 10:25:31.846,418.08278225702304,6
2024-09-16 10:25:31.852,418.0734131166323,101
2024-09-16 10:25:31.930,418.1004389957337,997
2024-09-16 10:25:31.994,418.0316761977862,1005
2024-09-16 10:25:32.097,418.0192848684344,7
2024-09-16 10:25:32.228,418.0238921229535,996
2024-09-16 10:25:32.230,418.0371281844784,996
2024-09-16 10:25:32.334,418.0567186737828,97
2024-09-16 10:25:32.473,418.02265129928895,5
2024-09-16 10:25:32.717,418.03420234113634,7
2024-09-16 10:25:32.723,418.0214898686484,95
2024-09-16 10:25:32.815,418.0164601796776,1000
2024-09-16 10:25:33.079,418.06208729547865,999
2024-09-16 10:25:33.504,418.0609779639023,98
2024-09-16 10:25:34.103,418.0341571821189,11
2024-09-16 10:25:34.137,418.024599105096,97
2024-09-16 10:25:34.177,418.023872604826,995
2024-09-16 10:25:34.229,418.02353733312094,996
2024-09-16 10:25:34.278,418.063384739537,14
2024-09-16 10:25:34.306,418.030216618059,97
2024-09-16 10:25:34.337,418.0940680415034,15
2024-09-16 10:25:34.434,418.0167489450501,8
2024-09-16 10:25:34.448,418.0538904513758,100
2024-09-16 10:25:34.467,418.0362534840737,996
2024-09-16 10:25:34.624,418.0628759652991,997
2024-09-16 10:25:34.635,418.0826698076217,13
2024-09-16 10:25:34.681,418.06108918562967,102
2024-09-16 10:25:34.786,418.0377286627175,105
2024-09-16 10:25:34.801,418.0140885890788,104
2024-09-16 10:25:34.812,418.0581582559432,97
2024-09-16 10:25:34.826,418.0760786344978,102
2024-09-16 10:25:34.839,418.0239879325069,98
2024-09-16 10:25:34.865,418.0457872956511,104
2024-09-16 10:25:34.980,418.0339733032155,105
2024-09-16 10:25:35.169,418.1123859061824,100
2024-09-16 10:25:35.302,418.12026263283497,99
2024-09-16 10:25:35.406,418.0989517058761,5
2024-09-16 10:25:35.510,418.0962744262791,12
2024-09-16 10:25:35.560,418.0921544113007,12
2024-09-16 10:25:35.630,418.0688868521311,95
2024-09-16 10:25:35.911,418.1025204107492,7
2024-09-16 10:25:35.920,418.1106949329499,103
2024-09-16 10:25:36.025,418.1333448957801,98
2024-09-16 10:25:36.048,418.13916229862775,99
2024-09-16 10:25:36.103,418.13903678535,95
2024-09-16 10:25:36.127,418.1635004655791,99
2024-09-16 10:25:36.141,418.1380556952489,999
2024-09-16 10:25:36.156,418.1285075156112,100
2024-09-16 10:25:36.205,418.1599467665872,102
2024-09-16 10:25:36.209,418.1731435981907,997
2024-09-16 10:25:36.245,418.1605868952072,999
2024-09-16 10:25:36.260,418.1534893602914,97
2024-09-16 10:25:36.298,418.116610887104,11
2024-09-16 10:25:36.311,418.1360976004511,96
2024-09-16 10:25:36.362,418.1252749882009,104
2024-09-16 10:25:36.379,418.13342124993807,97
2024-09-16 10:25:36.494,418.12509370819015,10
2024-09-16 10:25:36.572,418.10333073983577,1001
2024-09-16 10:25:36.580,418.10559505822016,15
2024-09-16 10:25:36.586,418.1128449007357,6
2024-09-16 10:25:36.645,418.1160142758628,12
2024-09-16 10:25:36.653,418.1244186516551,5
2024-09-16 10:25:36.696,418.17130398018577,96
2024-09-16 10:25:36.730,418.12480304059295,96
2024-09-16 10:25:36.758,418.119135131185,1001
2024-09-16 10:25:36.838,418.16751225429385,1005
2024-09-16 10:25:36.859,418.1678622163271,1003
2024-09-16 10:25:36.877,418.1202596252206,1001
2024-09-16 10:25:36.977,418.1543248354895,100
2024-09-16 10:25:37.060,418.0872605374938,105
2024-09-16 10:25:37.067,418.0927941141285,8
2024-09-16 10:25:37.068,418.0442381044697,13
2024-09-16 10:25:37.091,418.0952313320437,96
2024-09-16 10:25:37.097,418.0444314526327,1004
2024-09-16 10:25:37.128,418.0868146349587,998
2024-09-16 10:25:37.144,418.0877579512886,1003
2024-09-16 10:25:37.176,418.0692859483527,100
2024-09-16 10:25:37.181,418.107883539561,99
2024-09-16 10:25:37.183,418.0694153869727,998
2024-09-16 10:25:37.193,418.0965385000003,13
2024-09-16 10:25:37.215,418.0840388608364,102
2024-09-16 10:25:37.265,,1005
2024-09-16 10:25:37.304,418.0570743902688,97
2024-09-16 10:25:37.362,418.1070879132863,1000
2024-09-16 10:25:37.425,418.0768174013553,95
2024-09-16 10:25:37.433,418.0702487726308,105
2024-09-16 10:25:37.442,418.0635332603212,8
2024-09-16 10:25:37.498,418.0874392569683,8
2024-09-16 10:25:37.544,418.0678988115973,14
2024-09-16 10:25:37.602,418.07700327610735,103
2024-09-16 10:25:37.627,418.077126617454,1001
2024-09-16 10:25:37.628,418.0878500398865,998
2024-09-16 10:25:37.636,418.0543930681732,998
2024-09-16 10:25:37.700,418.07497706753,9
2024-09-16 10:25:37.722,418.0991107342781,1005
2024-09-16 10:25:37.896,418.05599008596687,100
2024-09-16 10:25:37.929,418.0720691726885,98
2024-09-16 10:25:37.974,418.0641143347841,995
2024-09-16 10:25:38.005,418.05526548667007,999
2024-09-16 10:25:38.088,418.0903172743085,102
2024-09-16 10:25:38.120,418.0586353307709,1005
2024-09-16 10:25:38.129,418.0519915256449,996
2024-09-16 10:25:38.172,418.0708047555542,13
2024-09-16 10:25:38.258,418.0719838815739,1005
2024-09-16 10:25:38.454,41.807928114619024,9
2024-09-16 10:25:38.568,418.0625451844601,999
2024-09-16 10:25:38.579,418.0477974426673,14
2024-09-16 10:25:38.590,418.1075182537221,6
2024-09-16 10:25:38.627,418.08247387399206,104
2024-09-16 10:25:38.738,418.0677478090312,6
2024-09-16 10:25:38.792,418.0656105181377,97
2024-09-16 10:25:39.021,,996
2024-09-16 10:25:39.051,418.0040182932461,101
2024-09-16 10:25:39.124,418.05541951627765,12
2024-09-16 10:25:39.142,-417.9976423832374,105
2024-09-16 10:25:39.220,417.9925101220116,95
2024-09-16 10:25:39.240,418.0135678692784,7
2024-09-16 10:25:39.289,418.0608419168761,102
2024-09-16 10:25:39.374,418.0572168083227,9
2024-09-16 10:25:39.435,418.0217772167522,1002
2024-09-16 10:25:39.496,418.02096718785145,100
2024-09-16 10:25:39.525,418.0255273419673,99
2024-09-16 10:25:39.570,418.0529693093886,100
2024-09-16 10:25:39.708,418.0022517826454,15
2024-09-16 10:25:39.751,418.004065345486,104
2024-09-16 10:25:39.838,418.009399588776,98
2024-09-16 10:25:39.852,418.0618631675988,7
2024-09-16 10:25:39.872,418.0108390092652,14
2024-09-16 10:25:39.937,418.0101363539505,95
2024-09-16 10:25:40.376,418.0145598687842,8
2024-09-16 10:25:40.484,417.9915692007371,101
2024-09-16 10:25:40.717,417.9964923459587,12
2024-09-16 10:25:40.802,417.9819037841434,1000
2024-09-16 10:25:40.828,417.99173814827947,101
2024-09-16 10:25:40.880,417.99482312784943,1001
2024-09-16 10:25:41.023,418.1027537036268,1004
2024-09-16 10:25:41.082,418.0990087294486,105
2024-09-16 10:25:41.100,418.03696045724655,999
2024-09-16 10:25:41.199,418.07113064205066,99
2024-09-16 10:25:41.287,418.0799823030489,996
2024-09-16 10:25:41.301,418.09004524847,101
2024-09-16 10:25:41.302,418.0541894363836,5
2024-09-16 10:25:41.345,418.043441395334,1000
2024-09-16 10:25:41.347,418.0266798919913,96
2024-09-16 10:25:41.397,418.0856282611816,9
2024-09-16 10:25:41.533,418.0887695470125,1004
2024-09-16 10:25:41.713,418.10025689980273,1002
2024-09-16 10:25:41.943,418.044615520551,998
2024-09-16 10:25:41.965,418.0381182416717,9
2024-09-16 10:25:41.969,418.09921788384975,1005
2024-09-16 10:25:42.080,418.0888528414503,105
2024-09-16 10:25:42.130,418.0959995131264,8
2024-09-16 10:25:42.194,418.0892265557348,100
2024-09-16 10:25:42.273,418.094254630066,13
2024-09-16 10:25:42.323,418.0814061235863,103
2024-09-16 10:25:42.381,418.09193804846456,99
2024-09-16 10:25:42.412,418.0754218855144,100
2024-09-16 10:25:42.502,418.0854806678982,97
2024-09-16 10:25:42.508,418.0655194423244,105
2024-09-16 10:25:42.670,418.113838842501,1000
2024-09-16 10:25:42.785,418.0993146190047,8
2024-09-16 10:25:42.794,418.0849704543258,997
2024-09-16 10:25:42.838,418.08036163602696,100
2024-09-16 10:25:42.885,418.08034442772953,996
2024-09-16 10:25:42.926,418.0664091927761,101
2024-09-16 10:25:43.038,418.1080445845309,100
2024-09-16 10:25:43.067,418.1619036981399,1004
2024-09-16 10:25:43.085,418.0716352430638,98
2024-09-16 10:25:43.093,418.1265480392045,6
2024-09-16 10:25:43.125,418.06068048893377,8
2024-09-16 10:25:43.172,418.1018958616012,8
2024-09-16 10:25:43.218,418.0769219210174,7
2024-09-16 10:25:43.219,418.15434027591806,100
2024-09-16 10:25:43.260,418.1541025866922,96
2024-09-16 10:25:43.363,418.1463591306797,98
2024-09-16 10:25:43.429,418.1492866114816,104
2024-09-16 10:25:43.460,418.0738966536776,9
2024-09-16 10:25:43.485,418.0540660538722,105
2024-09-16 10:25:43.564,418.1443291623655,7
2024-09-16 10:25:43.629,418.1363777071819,95
2024-09-16 10:25:43.637,418.0633055432775,100
2024-09-16 10:25:43.651,418.1015544472605,105
2024-09-16 10:25:43.694,418.12837020809616,7
2024-09-16 10:25:43.701,418.1126859924956,1000
2024-09-16 10:25:43.744,418.1526106754207,9
2024-09-16 10:25:43.785,418.0822686986911,103
2024-09-16 10:25:43.786,418.1432488816182,8
2024-09-16 10:25:43.891,418.15679780693785,11
2024-09-16 10:25:43.898,418.06433605108873,14
2024-09-16 10:25:43.945,418.10297949790726,101
2024-09-16 10:25:43.976,,999
2024-09-16 10:25:43.990,418.1243965313897,5
2024-09-16 10:25:45.399,418.1667613627292,9
2024-09-16 10:25:45.646,418.1677439422442,5
2024-09-16 10:25:45.674,418.15913047152975,1004
2024-09-16 10:25:46.089,418.1869272809456,1004
2024-09-16 10:25:46.131,418.18462239140655,98
2024-09-16 10:25:46.147,418.2017538896659,14
2024-09-16 10:25:47.095,418.1885523396895,1004
2024-09-16 10:25:47.370,418.2016463594412,1005
2024-09-16 10:25:47.628,418.192857115527,7
2024-09-16 10:25:47.700,418.1605928496983,101
2024-09-16 10:25:47.712,418.1864815383991,99
2024-09-16 10:25:47.898,418.1673240956318,999
2024-09-16 10:25:48.108,418.21122095537936,12
2024-09-16 10:25:48.372,418.2292566672986,1003
2024-09-16 10:25:48.439,418.212301299605,96
2024-09-16 10:25:48.565,418.204709273217,99
2024-09-16 10:25:48.641,418.2114196832951,99
2024-09-16 10:25:48.817,418.1985589228314,13
2024-09-16 10:25:48.991,418.1872561515683,7
2024-09-16 10:25:49.044,418.2344490741223,1002
2024-09-16 10:25:49.189,418.31266614692566,8
2024-09-16 10:25:49.196,418.2245082217432,99
2024-09-16 10:25:49.219,418.19927013424257,1002
2024-09-16 10:25:49.251,418.27872715394426,998
2024-09-16 10:25:49.256,418.25754073001616,1005
2024-09-16 10:25:49.280,418.32346600722553,105
2024-09-16 10:25:49.358,418.3260578920064,98
2024-09-16 10:25:49.485,418.2475186957637,103
2024-09-16 10:25:49.525,418.24098069035074,15
2024-09-16 10:25:49.642,418.327089029904,102
2024-09-16 10:25:49.686,418.2604177931957,7
2024-09-16 10:25:49.713,418.2212475478445,102
2024-09-16 10:25:49.811,418.2277091150867,6
2024-09-16 10:25:49.859,,5
2024-09-16 10:25:49.927,418.2507855829232,7
2024-09-16 10:25:50.375,418.29194299624334,8
2024-09-16 10:25:50.541,418.30523786038657,997
2024-09-16 10:25:50.611,418.26508277496185,99
2024-09-16 10:25:50.997,418.2610173615464,998
2024-09-16 10:25:51.222,418.23804087136847,102
2024-09-16 10:25:51.472,418.2543781295219,997
2024-09-16 10:25:51.669,418.258239995653,1005
2024-09-16 10:25:51.682,418.253259380951,104
2024-09-16 10:25:51.782,418.25634330013736,98
2024-09-16 10:25:52.063,418.2052868708609,997
2024-09-16 10:25:52.106,418.1573581742702,995
2024-09-16 10:25:52.118,418.1584506881415,1004
2024-09-16 10:25:52.129,418.1601546199297,1005
2024-09-16 10:25:52.143,418.1929939430158,997
2024-09-16 10:25:52.144,418.16617905945344,11
2024-09-16 10:25:52.186,418.2042158865153,1005
2024-09-16 10:25:52.217,418.2113313437157,1000
2024-09-16 10:25:52.237,418.2180966339547,10
2024-09-16 10:25:52.247,418.18154276725664,101
2024-09-16 10:25:52.278,418.1494417957233,995
2024-09-16 10:25:52.331,418.16080931389234,98
2024-09-16 10:25:52.336,418.1580802143678,103
2024-09-16 10:25:52.336,418.1812899676432,13
2024-09-16 10:25:52.347,418.1497641266072,6
2024-09-16 10:25:52.419,418.1507713484608,97
2024-09-16 10:25:52.473,418.135865824052,105
2024-09-16 10:25:52.561,418.1846674389444,105
2024-09-16 10:25:52.562,,1000
2024-09-16 10:25:52.592,418.1713260429119,997
2024-09-16 10:25:52.636,418.2558628972859,15
2024-09-16 10:25:52.666,418.1796011038643,1005
2024-09-16 10:25:52.790,418.2475949104418,10
2024-09-16 10:25:52.851,418.16989283992615,12
2024-09-16 10:25:52.936,418.128676679817,997
2024-09-16 10:25:52.940,418.1487192147188,995
2024-09-16 10:25:53.032,418.1453106163632,102
2024-09-16 10:25:53.231,418.1230125632833,1004
2024-09-16 10:25:53.233,418.1385538804965,9
2024-09-16 10:25:53.278,418.1760242186788,1002
2024-09-16 10:25:53.371,418.1566012201291,1000
2024-09-16 10:25:53.394,418.1392149991428,13
2024-09-16 10:25:53.409,418.1796828060932,105
2024-09-16 10:25:53.409,418.18132601392927,9
2024-09-16 10:25:53.412,418.1862798479768,8
2024-09-16 10:25:53.444,418.1338602950914,9
2024-09-16 10:25:53.475,418.1398438158325,95
2024-09-16 10:25:53.492,418.1533975311024,11
2024-09-16 10:25:53.508,418.148843550142,1005
2024-09-16 10:25:53.713,418.15047195897216,13
2024-09-16 10:25:53.899,418.1588850124151,9
2024-09-16 10:25:53.906,418.1607282255939,9
2024-09-16 10:25:53.970,418.1690475565192,96
2024-09-16 10:25:53.974,418.15656283827366,103
2024-09-16 10:25:53.997,418.1520988518055,12
2024-09-16 10:25:54.007,418.1750358860278,8
2024-09-16 10:25:54.022,418.2236187385394,10
2024-09-16 10:25:54.082,418.16375823639936,1002
2024-09-16 10:25:54.120,418.2012412632658,996
2024-09-16 10:25:54.136,418.1903964057554,1005
2024-09-16 10:25:54.187,418.2007556220231,98
2024-09-16 10:25:54.191,418.2279944492526,1001
2024-09-16 10:25:54.349,418.1934654512036,99
2024-09-16 10:25:54.411,418.1939085168736,7
2024-09-16 10:25:54.418,418.2021940172044,10
2024-09-16 10:25:54.438,418.167319187133,13
2024-09-16 10:25:54.469,418.1794860143454,5
2024-09-16 10:25:54.549,418.1941956305791,996
2024-09-16 10:25:54.577,418.20352934189646,1004
2024-09-16 10:25:54.634,418.146438256381,100
2024-09-16 10:25:54.644,418.1819543041237,105
2024-09-16 10:25:54.655,418.19423656470906,102
2024-09-16 10:25:54.680,418.17527402555913,1004
2024-09-16 10:25:54.685,418.1985273268104,995
2024-09-16 10:25:54.707,418.1609460961696,999
2024-09-16 10:25:54.739,418.1637618791603,1003
2024-09-16 10:25:54.749,418.1670454306847,6
2024-09-16 10:25:54.757,41.81896682354006,97
2024-09-16 10:25:54.788,418.2011545776595,13
2024-09-16 10:25:54.801,418.23788444594,100
2024-09-16 10:25:54.831,418.1935577755008,101
2024-09-16 10:25:54.861,418.1983313127562,1003
2024-09-16 10:25:54.989,418.2061155227863,996
2024-09-16 10:25:55.043,418.1148254603574,8
2024-09-16 10:25:55.077,418.16617980041775,998
2024-09-16 10:25:55.116,418.161654619729,96
2024-09-16 10:25:55.157,-418.1378358194266,997
2024-09-16 10:25:55.189,418.1698450163274,1003
2024-09-16 10:25:55.262,418.1807679459011,10
2024-09-16 10:25:55.283,418.1182537983361,995
2024-09-16 10:25:55.315,418.1713235383492,14
2024-09-16 10:25:55.479,418.1539715051146,99
2024-09-16 10:25:55.513,418.1330299021204,1003
2024-09-16 10:25:55.537,418.1635772799706,998
2024-09-16 10:25:55.540,418.1067388841343,12
2024-09-16 10:25:55.585,418.1472104242624,6
2024-09-16 10:25:55.782,418.1080211110931,96
2024-09-16 10:25:55.805,418.10828136779054,6
2024-09-16 10:25:55.806,418.1549026831988,15
2024-09-16 10:25:55.836,418.1319608329308,97
2024-09-16 10:25:55.925,418.1095064570811,996
2024-09-16 10:25:55.965,418.12986000258473,15
2024-09-16 10:25:56.235,41.81490587967538,100
2024-09-16 10:25:56.503,418.1473418134343,102
2024-09-16 10:25:56.862,418.1396456712544,6
2024-09-16 10:25:57.006,418.1215931777248,5
2024-09-16 10:25:57.034,418.143550532752,995
2024-09-16 10:25:57.094,418.132220344565,7
2024-09-16 10:25:57.151,418.1014634737931,1004
2024-09-16 10:25:57.180,418.1288307105572,6
2024-09-16 10:25:57.218,418.11266229282126,8
2024-09-16 10:25:57.221,418.1317930175966,1004
2024-09-16 10:25:57.279,418.1085048924984,1003
2024-09-16 10:25:57.285,418.1090288335975,5
2024-09-16 10:25:57.384,41.81136510204966,15
2024-09-16 10:25:57.475,418.093672798656,998
2024-09-16 10:25:57.495,418.149250936719,1001
2024-09-16 10:25:57.498,418.12276673355535,104
2024-09-16 10:25:57.505,418.13393684314906,102
2024-09-16 10:25:57.552,418.1153663974172,11
2024-09-16 10:25:57.584,418.1372761747726,97
2024-09-16 10:25:57.595,418.1047999866813,1005
2024-09-16 10:25:57.680,418.1090703421119,1000
2024-09-16 10:25:57.692,418.14044065289625,1002
2024-09-16 10:25:57.700,418.1023754597808,997
2024-09-16 10:25:57.733,418.1098060619592,1001
2024-09-16 10:25:57.754,418.11067786026433,1000
2024-09-16 10:25:57.780,418.1032609042032,5
2024-09-16 10:25:57.878,418.09156305969896,102
2024-09-16 10:25:57.887,418.1349909479118,7
2024-09-16 10:25:57.921,418.13058390767833,1000
2024-09-16 10:25:57.944,418.1389649581671,1001
2024-09-16 10:25:58.208,418.1249146142176,96
2024-09-16 10:25:58.647,418.0927274545441,998
2024-09-16 10:25:58.767,418.1161732202168,996
2024-09-16 10:25:58.787,418.1079101675451,8
2024-09-16 10:25:58.949,418.0973721816544,13
2024-09-16 10:25:59.094,418.1298299002144,96
2024-09-16 10:25:59.115,418.1108859126848,5
2024-09-16 10:25:59.544,418.10271407640965,96
2024-09-16 10:25:59.707,418.1164283377146,996
2024-09-16 10:25:59.732,418.0921543462954,1005
2024-09-16 10:25:59.865,418.1117211878577,14
