Timestamp,Price,Size
2024-09-18 11:47:00.026,41.61171819184474,1004
2024-09-18 11:47:00.032,416.1084302384299,5
2024-09-18 11:47:00.066,416.1155477119143,999
2024-09-18 11:47:00.107,416.1084593026609,998
2024-09-18 11:47:00.117,416.0966698338985,997
2024-09-18 11:47:00.122,416.0679197228016,9
2024-09-18 11:47:00.128,416.0764350594864,14
2024-09-18 11:47:00.189,416.1077171012884,95
2024-09-18 11:47:00.202,416.10531847072673,5
2024-09-18 11:47:00.288,41.61101571882477,997
2024-09-18 11:47:00.324,416.09954396760736,995
2024-09-18 11:47:00.339,416.1081160380049,1003
2024-09-18 11:47:00.433,416.112120431565,103
2024-09-18 11:47:00.439,416.11145798045726,98
2024-09-18 11:47:00.505,416.1118669668765,10
2024-09-18 11:47:00.519,416.11071925989353,9
2024-09-18 11:47:00.579,416.06721186221904,15
2024-09-18 11:47:00.677,416.1056775853523,11
2024-09-18 11:47:00.693,416.0937561898646,1005
2024-09-18 11:47:00.714,416.1052801932776,996
2024-09-18 11:47:00.732,416.1029141514792,1004
2024-09-18 11:47:00.735,416.08159598053135,102
2024-09-18 11:47:00.765,416.0661382758624,8
2024-09-18 11:47:00.807,416.0864177280491,99
2024-09-18 11:47:00.902,416.1031583902606,1003
2024-09-18 11:47:00.903,416.0730823610653,14
2024-09-18 11:47:00.904,416.0774992272128,14
2024-09-18 11:47:00.965,416.10420089790256,999
2024-09-18 11:47:01.042,41.60844784347128,102
2024-09-18 11:47:01.062,416.0863415892126,10
2024-09-18 11:47:01.101,416.0825031665372,998
2024-09-18 11:47:01.114,416.073880022573,11
2024-09-18 11:47:01.139,416.1207834860324,104
2024-09-18 11:47:01.184,416.1030294981929,105
2024-09-18 11:47:01.231,416.1234032754156,996
2024-09-18 11:47:01.266,416.1253746851818,9
2024-09-18 11:47:01.325,416.12407196138986,1005
2024-09-18 11:47:01.333,416.08960809685874,998
2024-09-18 11:47:01.339,416.1664737439884,98
2024-09-18 11:47:01.373,416.1083145244371,7
2024-09-18 11:47:01.393,416.1028986805367,96
2024-09-18 11:47:01.401,416.1207583271975,11
2024-09-18 11:47:01.450,416.0808738816216,103
2024-09-18 11:47:01.464,416.0736389716748,11
2024-09-18 11:47:01.478,416.1147934311898,97
2024-09-18 11:47:01.545,416.15209149922015,102
2024-09-18 11:47:01.558,416.1592472709963,12
2024-09-18 11:47:01.635,416.1618959961589,6
2024-09-18 11:47:01.672,416.0763432441145,1002
2024-09-18 11:47:01.817,416.1008432004654,6
2024-09-18 11:47:01.833,416.127084203558,96
2024-09-18 11:47:01.885,416.0944384673128,99
2024-09-18 11:47:01.886,416.0836275034949,998
2024-09-18 11:47:01.938,416.0979927278215,9
2024-09-18 11:47:01.970,416.1076843700112,9
2024-09-18 11:47:01.982,416.0987064108001,5
2024-09-18 11:47:01.989,416.0798143173826,14
2024-09-18 11:47:02.054,416.195218784357,1003
2024-09-18 11:47:02.066,416.1938841450942,6
2024-09-18 11:47:02.172,416.1755620155516,999
2024-09-18 11:47:02.174,416.171442317036,997
2024-09-18 11:47:02.215,416.1864682420163,104
2024-09-18 11:47:02.225,416.1968025996795,14
2024-09-18 11:47:02.257,416.1781601321618,12
2024-09-18 11:47:02.270,416.157866051668,96
2024-09-18 11:47:02.352,416.211249220138,998
2024-09-18 11:47:02.420,416.1607071038517,1005
2024-09-18 11:47:02.436,416.1758669572637,8
2024-09-18 11:47:02.550,416.1585566932701,1002
2024-09-18 11:47:02.566,416.17599333544416,104
2024-09-18 11:47:02.609,416.1967996250348,103
2024-09-18 11:47:02.688,416.1685550187206,1004
2024-09-18 11:47:02.774,416.17155938214574,101
2024-09-18 11:47:02.831,416.17685828326375,105
2024-09-18 11:47:02.853,416.2296244879737,7
2024-09-18 11:47:02.870,416.1724188538047,13
2024-09-18 11:47:03.012,416.2556404033836,1000
2024-09-18 11:47:03.048,416.2262313202159,105
2024-09-18 11:47:03.096,416.21477533306586,9
2024-09-18 11:47:03.205,416.2421065903837,13
2024-09-18 11:47:03.234,416.2012604432591,995
2024-09-18 11:47:03.252,416.2677232896192,102
2024-09-18 11:47:03.366,416.220346604783,1001
2024-09-18 11:47:03.366,416.21086162685975,7
2024-09-18 11:47:03.366,416.22360587502953,104
2024-09-18 11:47:03.379,416.25946819400144,8
2024-09-18 11:47:03.430,416.2295335627431,100
2024-09-18 11:47:03.613,416.20931886978974,1001
2024-09-18 11:47:03.661,416.23355474265486,12
2024-09-18 11:47:03.707,416.2193049667622,9
2024-09-18 11:47:03.741,416.2697746749998,1003
2024-09-18 11:47:03.752,416.23173123655215,999
2024-09-18 11:47:03.783,416.2580604483306,101
2024-09-18 11:47:03.919,416.2166450036366,97
2024-09-18 11:47:03.954,416.25082776773553,12
2024-09-18 11:47:03.981,416.2463304607112,95
2024-09-18 11:47:04.001,416.2365704690832,998
2024-09-18 11:47:04.093,416.2019996708477,13
2024-09-18 11:47:04.123,416.2051964596176,8
2024-09-18 11:47:04.131,416.2370901563853,9
2024-09-18 11:47:04.200,416.2123219449622,996
2024-09-18 11:47:04.208,416.2455098975068,7
2024-09-18 11:47:04.217,416.2315003862372,1000
2024-09-18 11:47:04.270,416.21583822315233,101
2024-09-18 11:47:04.305,416.250425848638,95
2024-09-18 11:47:04.312,416.2467229880121,5
2024-09-18 11:47:04.391,416.2361118936148,1001
2024-09-18 11:47:04.404,416.19985670426496,11
2024-09-18 11:47:04.446,416.2506876442196,1004
2024-09-18 11:47:04.453,416.22708049770097,1000
2024-09-18 11:47:04.522,416.1942442549462,8
2024-09-18 11:47:04.539,416.2223590138173,102
2024-09-18 11:47:04.580,416.2108998490035,97
2024-09-18 11:47:04.597,416.2064327566055,998
2024-09-18 11:47:04.635,416.2248990905828,13
2024-09-18 11:47:04.665,416.2004124880663,1003
2024-09-18 11:47:04.757,416.2439919890599,1003
2024-09-18 11:47:04.800,416.2669008525148,98
2024-09-18 11:47:04.861,416.2313022375996,999
2024-09-18 11:47:04.947,416.24723372163055,8
2024-09-18 11:47:04.956,416.25217385044,1000
2024-09-18 11:47:05.000,416.1975957928289,5
2024-09-18 11:47:05.069,416.1817711882682,97
2024-09-18 11:47:05.291,416.1719571308529,996
2024-09-18 11:47:05.400,416.1916557064578,995
2024-09-18 11:47:05.506,416.2089841834347,105
2024-09-18 11:47:05.579,416.17404247536194,5
2024-09-18 11:47:05.627,416.15587136397545,6
2024-09-18 11:47:05.788,416.2059116246606,96
2024-09-18 11:47:05.812,416.2242436884161,8
2024-09-18 11:47:05.899,416.1605067293247,996
2024-09-18 11:47:05.910,416.1820483914271,11
2024-09-18 11:47:05.977,416.1719466427549,6
2024-09-18 11:47:06.049,416.19407054122365,11
2024-09-18 11:47:06.093,416.178165641972,5
2024-09-18 11:47:06.115,416.19060900838696,1002
2024-09-18 11:47:06.124,416.2063310896013,1002
2024-09-18 11:47:06.136,416.2000606116256,101
2024-09-18 11:47:06.203,416.154720461112,1003
2024-09-18 11:47:06.257,416.1726701957296,1005
2024-09-18 11:47:06.307,416.1766624171203,11
2024-09-18 11:47:06.308,416.17735712671737,7
2024-09-18 11:47:06.324,-416.21935992152805,9
2024-09-18 11:47:06.341,416.1908748915214,101
2024-09-18 11:47:06.557,416.1623749873316,9
2024-09-18 11:47:06.586,416.21135413568055,15
2024-09-18 11:47:06.659,416.17998878306594,104
2024-09-18 11:47:06.697,416.2209016483269,997
2024-09-18 11:47:06.702,416.2096896107159,100
2024-09-18 11:47:06.726,41.619142501919015,1005
2024-09-18 11:47:06.776,416.1700723266744,9
2024-09-18 11:47:06.825,416.1979887715496,1005
2024-09-18 11:47:06.855,416.2179663995188,13
2024-09-18 11:47:06.930,416.1886977038951,7
2024-09-18 11:47:07.093,416.2447950152428,99
2024-09-18 11:47:07.180,416.2348868573274,1001
2024-09-18 11:47:07.229,416.2119224126171,10
2024-09-18 11:47:07.235,416.2233240830943,997
2024-09-18 11:47:07.511,416.22786054495015,12
2024-09-18 11:47:07.744,416.2488176693693,999
2024-09-18 11:47:07.763,416.23376611948765,105
2024-09-18 11:47:07.793,416.24654937792855,12
2024-09-18 11:47:07.812,416.247009284687,14
2024-09-18 11:47:07.849,416.2530012127604,95
2024-09-18 11:47:07.952,416.2333811498442,998
2024-09-18 11:47:07.988,416.2018108295451,995
2024-09-18 11:47:08.011,416.09780225874056,1005
2024-09-18 11:47:08.129,416.1784563633282,104
2024-09-18 11:47:08.172,416.1322253479016,99
2024-09-18 11:47:08.240,416.19864913520735,9
2024-09-18 11:47:08.247,416.108358712968,97
2024-09-18 11:47:08.273,416.12184963162207,1005
2024-09-18 11:47:08.328,416.1641687138245,15
2024-09-18 11:47:08.385,416.2087356987601,15
2024-09-18 11:47:08.439,416.1077629791048,998
2024-09-18 11:47:08.460,416.2264480492185,7
2024-09-18 11:47:08.489,416.1140101187773,95
2024-09-18 11:47:08.498,416.0940104856807,101
2024-09-18 11:47:08.581,416.09732361415337,8
2024-09-18 11:47:08.648,416.1488852242954,13
2024-09-18 11:47:08.826,416.2057922587781,12
2024-09-18 11:47:08.850,416.14936911441015,1002
2024-09-18 11:47:08.971,416.1107547541256,105
2024-09-18 11:47:09.089,416.06399513288346,7
2024-09-18 11:47:09.103,-416.1126618693544,997
2024-09-18 11:47:09.145,416.0789407359468,999
2024-09-18 11:47:09.164,416.0679228710164,8
2024-09-18 11:47:09.172,416.1027432983876,7
2024-09-18 11:47:09.335,416.10879960011897,1000
2024-09-18 11:47:09.379,416.1130360168417,103
2024-09-18 11:47:09.405,416.0963196112984,100
2024-09-18 11:47:09.458,416.1057530866435,1000
2024-09-18 11:47:09.526,416.0835413942885,1005
2024-09-18 11:47:09.583,416.04387671935615,95
2024-09-18 11:47:09.600,416.05787843300993,98
2024-09-18 11:47:09.716,416.1239336424192,5
2024-09-18 11:47:09.788,416.05836498147534,9
2024-09-18 11:47:09.790,416.1027839647303,101
2024-09-18 11:47:09.799,416.0392975721158,12
2024-09-18 11:47:09.881,416.0824749889069,5
2024-09-18 11:47:09.912,416.0424747745409,13
2024-09-18 11:47:09.920,416.0812489354344,12
2024-09-18 11:47:09.977,416.04827437553513,1001
2024-09-18 11:47:09.996,416.0691040056889,99
2024-09-18 11:47:10.028,-416.0276215831839,1001
2024-09-18 11:47:10.094,416.02014825961646,7
2024-09-18 11:47:10.185,415.9893178350975,10
2024-09-18 11:47:10.200,416.0480216699908,102
2024-09-18 11:47:10.340,416.0651280305536,1003
2024-09-18 11:47:10.433,416.0359942724492,101
2024-09-18 11:47:10.480,416.0874794771413,13
2024-09-18 11:47:10.514,415.99790691046127,99
2024-09-18 11:47:10.533,416.0130304606841,98
2024-09-18 11:47:10.596,416.0708043605339,102
2024-09-18 11:47:10.598,416.0625675080466,1002
2024-09-18 11:47:10.672,416.0785953243316,95
2024-09-18 11:47:10.690,416.0008315259726,13
2024-09-18 11:47:10.740,416.08303545326254,105
2024-09-18 11:47:10.813,416.0326383830793,1001
2024-09-18 11:47:10.877,416.0377551395082,8
2024-09-18 11:47:10.943,416.0700173114673,96
2024-09-18 11:47:10.960,416.1127442516808,6
2024-09-18 11:47:10.964,415.9931631508754,97
2024-09-18 11:47:11.033,41.60647671025546,5
2024-09-18 11:47:11.068,416.0662549980413,12
2024-09-18 11:47:11.096,416.0634835626697,13
2024-09-18 11:47:11.200,416.0596007179688,14
2024-09-18 11:47:11.205,416.07399420048125,1000
2024-09-18 11:47:11.258,416.0583717028729,1002
2024-09-18 11:47:11.382,416.0468963274615,13
2024-09-18 11:47:11.399,41.60877348591242,1004
2024-09-18 11:47:11.416,416.0647614370659,98
2024-09-18 11:47:11.427,416.0641050099295,99
2024-09-18 11:47:11.526,416.0876426809466,13
2024-09-18 11:47:11.599,416.0543535939549,98
2024-09-18 11:47:11.637,416.09335072557406,99
2024-09-18 11:47:11.642,416.0650649785089,12
2024-09-18 11:47:11.700,416.084076635773,5
2024-09-18 11:47:11.779,416.0543229225301,103
2024-09-18 11:47:11.879,416.1023843403015,12
2024-09-18 11:47:11.983,416.0699924496655,997
2024-09-18 11:47:11.996,416.08538594947794,999
2024-09-18 11:47:11.997,416.0631545868667,12
2024-09-18 11:47:12.044,416.0055034284815,7
2024-09-18 11:47:12.056,416.0255469776209,105
2024-09-18 11:47:12.059,416.0692127923981,999
2024-09-18 11:47:12.081,416.0777443809956,98
2024-09-18 11:47:12.110,416.0081599829708,100
2024-09-18 11:47:12.139,416.0267715968509,99
2024-09-18 11:47:12.156,415.9718901644191,6
2024-09-18 11:47:12.237,416.0906806748311,12
2024-09-18 11:47:12.254,416.0686623272545,97
2024-09-18 11:47:12.364,415.9765694475717,10
2024-09-18 11:47:12.375,416.0613721200671,5
2024-09-18 11:47:12.378,416.0419450152935,15
2024-09-18 11:47:12.402,416.0098896635368,98
2024-09-18 11:47:12.471,416.0141457020517,96
2024-09-18 11:47:12.529,416.0817832979573,1002
2024-09-18 11:47:12.580,416.0405502124865,6
2024-09-18 11:47:12.588,416.03388368940426,5
2024-09-18 11:47:12.610,416.0731345852056,12
2024-09-18 11:47:12.658,415.9779307353458,1003
2024-09-18 11:47:12.660,416.097820168664,97
2024-09-18 11:47:12.679,415.9783892516814,999
2024-09-18 11:47:12.699,416.081207351246,15
2024-09-18 11:47:12.712,416.0732458318424,999
2024-09-18 11:47:12.741,416.01675792761495,1002
2024-09-18 11:47:12.768,415.9814465116129,13
2024-09-18 11:47:12.781,415.9628584728621,997
2024-09-18 11:47:12.819,416.0148380944877,1004
2024-09-18 11:47:12.910,416.0269567371612,11
2024-09-18 11:47:12.930,415.9904531862309,99
2024-09-18 11:47:12.994,415.96219188169465,101
2024-09-18 11:47:13.288,415.9930549544089,103
2024-09-18 11:47:13.467,415.9999071752324,995
2024-09-18 11:47:13.622,416.0008299219679,96
2024-09-18 11:47:13.819,415.985626004945,99
2024-09-18 11:47:13.916,416.0172910003074,995
2024-09-18 11:47:13.933,416.0190880265295,1004
2024-09-18 11:47:14.040,415.95890133635794,998
2024-09-18 11:47:14.078,415.96812995326974,1005
2024-09-18 11:47:14.097,416.0135293812648,7
2024-09-18 11:47:14.183,416.03438559857,996
2024-09-18 11:47:14.277,416.0226896540415,1004
2024-09-18 11:47:14.283,416.0004773456967,1004
2024-09-18 11:47:14.345,416.01440315912936,1000
2024-09-18 11:47:14.366,415.9957556372219,1005
2024-09-18 11:47:14.395,415.9971164563145,15
2024-09-18 11:47:14.423,416.0153123062986,15
2024-09-18 11:47:14.533,416.0280499442662,1002
2024-09-18 11:47:14.566,416.02385063123785,6
2024-09-18 11:47:14.593,,1001
2024-09-18 11:47:14.676,415.96115539757375,101
2024-09-18 11:47:14.682,415.97935392155273,1001
2024-09-18 11:47:14.684,415.9543107391325,15
2024-09-18 11:47:14.853,415.9450352919775,10
2024-09-18 11:47:14.917,416.0075224961639,14
2024-09-18 11:47:14.934,415.9882937305593,105
2024-09-18 11:47:14.951,415.9471051742589,1001
2024-09-18 11:47:14.995,416.0123958488912,1004
2024-09-18 11:47:14.998,416.02093949764566,100
2024-09-18 11:47:15.004,416.0281342851689,96
2024-09-18 11:47:15.082,416.0273188610026,103
2024-09-18 11:47:15.178,415.9966046446437,1005
2024-09-18 11:47:15.446,415.9924248420007,15
2024-09-18 11:47:15.578,416.01891495782223,6
2024-09-18 11:47:15.642,416.01788730054807,101
2024-09-18 11:47:15.665,415.99287365781225,102
2024-09-18 11:47:15.750,416.01102539655096,101
2024-09-18 11:47:15.778,416.00236106764265,9
2024-09-18 11:47:15.806,416.0014206133585,96
2024-09-18 11:47:15.855,415.97776069803217,1001
2024-09-18 11:47:15.882,416.0212405054885,6
2024-09-18 11:47:15.915,415.9976228454671,10
2024-09-18 11:47:15.968,415.9922628469912,12
2024-09-18 11:47:15.994,416.0095391326311,8
2024-09-18 11:47:16.037,416.09205009116187,8
2024-09-18 11:47:16.150,416.0563676531679,14
2024-09-18 11:47:16.213,416.06781612225495,11
2024-09-18 11:47:16.236,416.03215908387153,10
2024-09-18 11:47:16.262,416.0596718345486,1000
2024-09-18 11:47:16.268,416.0551825484957,105
2024-09-18 11:47:16.411,416.0311588629066,101
2024-09-18 11:47:16.556,416.01448885853335,998
2024-09-18 11:47:16.587,416.0477344112665,999
2024-09-18 11:47:16.588,416.0170329577957,1000
2024-09-18 11:47:16.687,416.0255517775863,11
2024-09-18 11:47:16.716,416.0215859064122,995
2024-09-18 11:47:16.842,416.0742885245306,102
2024-09-18 11:47:16.891,416.0253533399948,103
2024-09-18 11:47:16.899,416.0402116802509,1005
2024-09-18 11:47:17.003,416.0630712091244,95
2024-09-18 11:47:17.007,416.0623341978354,999
2024-09-18 11:47:17.034,416.08166798202416,8
2024-09-18 11:47:17.101,416.0817705167264,96
2024-09-18 11:47:17.180,416.0167043213272,9
2024-09-18 11:47:17.203,416.07002247200217,103
2024-09-18 11:47:17.206,416.06563252255313,100
2024-09-18 11:47:17.224,416.06213769615255,95
2024-09-18 11:47:17.345,416.03907188727874,103
2024-09-18 11:47:17.358,416.0754541974834,1004
2024-09-18 11:47:17.371,416.082527435858,998
2024-09-18 11:47:17.453,416.0858431161254,7
2024-09-18 11:47:17.465,416.0901797077464,99
2024-09-18 11:47:17.500,416.03760624354,96
2024-09-18 11:47:17.705,416.0291739126727,97
2024-09-18 11:47:17.707,416.0457376841968,101
2024-09-18 11:47:17.769,416.0544750262108,1001
2024-09-18 11:47:17.782,416.0470658768431,13
2024-09-18 11:47:17.785,416.0812329331183,1002
2024-09-18 11:47:17.872,416.07032146771286,99
2024-09-18 11:47:17.960,416.0775846329902,995
2024-09-18 11:47:18.021,416.0765370676136,97
2024-09-18 11:47:18.055,416.0440048675517,7
2024-09-18 11:47:18.096,416.0847268171544,999
2024-09-18 11:47:18.162,416.07122329965495,11
2024-09-18 11:47:18.200,416.0744877070768,1000
2024-09-18 11:47:18.218,416.0685251368988,97
2024-09-18 11:47:18.241,416.0754609013375,97
2024-09-18 11:47:18.276,416.0565058531024,8
2024-09-18 11:47:18.288,416.0763632412785,997
2024-09-18 11:47:18.296,416.0678809475288,12
2024-09-18 11:47:18.303,416.0420798696423,95
2024-09-18 11:47:18.339,416.0637592067525,1002
2024-09-18 11:47:18.520,416.0598026347597,8
2024-09-18 11:47:18.525,416.0822794672095,97
2024-09-18 11:47:18.528,416.0678385311776,999
2024-09-18 11:47:18.582,416.0952077375673,104
2024-09-18 11:47:18.641,416.0585764368837,7
2024-09-18 11:47:18.674,416.08986322095257,103
2024-09-18 11:47:18.710,416.0854573303144,1004
2024-09-18 11:47:18.730,416.0937908918147,1004
2024-09-18 11:47:18.839,416.05497147641313,98
2024-09-18 11:47:18.893,416.0663700040812,10
2024-09-18 11:47:18.950,416.089171040588,100
2024-09-18 11:47:18.953,416.0985258671327,8
2024-09-18 11:47:19.035,416.0029868888663,95
2024-09-18 11:47:19.092,416.0061789440791,105
2024-09-18 11:47:19.123,416.02366222585306,104
2024-09-18 11:47:19.141,416.0268789570808,102
2024-09-18 11:47:19.144,415.9893267203657,12
2024-09-18 11:47:19.167,416.0474714697102,1003
2024-09-18 11:47:19.186,416.0677652208074,997
2024-09-18 11:47:19.223,416.03170058085993,999
2024-09-18 11:47:19.258,416.012691189364,15
2024-09-18 11:47:19.260,416.0522767303336,996
2024-09-18 11:47:19.270,416.01383302487386,103
2024-09-18 11:47:19.339,416.00939313286233,96
2024-09-18 11:47:19.344,416.04020047117854,1003
2024-09-18 11:47:19.391,416.02477281856255,103
2024-09-18 11:47:19.402,416.0052270118393,98
2024-09-18 11:47:19.403,416.0225082709817,104
2024-09-18 11:47:19.450,416.0107514625032,100
2024-09-18 11:47:19.452,416.0458054632449,1005
2024-09-18 11:47:19.469,416.0307164930824,7
2024-09-18 11:47:19.472,415.97587131394187,10
2024-09-18 11:47:19.544,416.0381787452986,15
2024-09-18 11:47:19.584,416.0174599729105,1003
2024-09-18 11:47:19.620,416.0332387404992,995
2024-09-18 11:47:19.626,,995
2024-09-18 11:47:19.649,416.0272301517272,1003
2024-09-18 11:47:19.676,415.9955942595253,104
2024-09-18 11:47:19.716,415.9757903979407,1003
2024-09-18 11:47:19.753,416.0363725955709,95
2024-09-18 11:47:19.903,416.0331980663129,1004
2024-09-18 11:47:19.934,416.0209523554805,98
2024-09-18 11:47:20.117,416.0241012578592,1002
2024-09-18 11:47:20.218,416.0105975279301,97
2024-09-18 11:47:20.257,416.0226378174024,7
2024-09-18 11:47:20.787,416.0249834038848,97
2024-09-18 11:47:20.899,416.02043384176153,14
2024-09-18 11:47:21.057,415.9956444507429,95
2024-09-18 11:47:21.112,415.9976257471856,101
2024-09-18 11:47:21.310,-416.0028127851671,6
2024-09-18 11:47:21.527,416.0141843250708,102
2024-09-18 11:47:21.844,415.98661005087786,1003
2024-09-18 11:47:22.254,415.9980065247221,1001
2024-09-18 11:47:22.290,415.97448106384127,1003
2024-09-18 11:47:22.495,415.9842066087731,98
2024-09-18 11:47:23.387,416.0056012322102,11
2024-09-18 11:47:23.394,416.00575002634776,102
2024-09-18 11:47:25.182,416.0124222786328,1003
2024-09-18 11:47:25.510,416.007214528335,1005
2024-09-18 11:47:26.132,415.89530959175386,6
2024-09-18 11:47:26.234,415.9623955741817,8
2024-09-18 11:47:26.308,415.8372112606623,13
2024-09-18 11:47:26.386,416.0022145466588,1003
2024-09-18 11:47:26.422,415.9475130782273,996
2024-09-18 11:47:26.432,415.8545769242105,1001
2024-09-18 11:47:26.500,415.9645661194892,1002
2024-09-18 11:47:26.552,415.9538817003698,9
2024-09-18 11:47:26.555,415.9868624910168,999
2024-09-18 11:47:26.620,,1005
2024-09-18 11:47:26.625,416.00008812133785,100
2024-09-18 11:47:26.704,415.9517252334516,105
2024-09-18 11:47:26.739,415.9072327902285,1005
2024-09-18 11:47:26.833,415.8455529650046,7
2024-09-18 11:47:26.866,415.9970061432432,997
2024-09-18 11:47:26.928,415.8246034051429,6
2024-09-18 11:47:27.220,415.84138105637913,7
2024-09-18 11:47:27.301,415.8466659431225,7
2024-09-18 11:47:27.318,415.8588920999096,1001
2024-09-18 11:47:27.342,415.8629212818983,96
2024-09-18 11:47:27.350,415.8385852183273,1003
2024-09-18 11:47:27.479,415.8629264859807,9
2024-09-18 11:47:27.572,415.8623406801883,5
2024-09-18 11:47:27.886,415.85056747614095,999
2024-09-18 11:47:28.119,415.86828134298906,100
2024-09-18 11:47:28.249,415.8780642087343,11
2024-09-18 11:47:28.360,415.866804114237,8
2024-09-18 11:47:28.394,415.8822471486072,95
2024-09-18 11:47:28.399,415.8751787999503,12
2024-09-18 11:47:28.403,415.8783416177866,101
2024-09-18 11:47:28.426,415.8674680094298,11
2024-09-18 11:47:28.503,415.8696392092226,11
2024-09-18 11:47:28.544,415.8754689035602,103
2024-09-18 11:47:28.654,415.8516010800236,97
2024-09-18 11:47:28.673,415.8666553958632,1005
2024-09-18 11:47:28.782,415.85836795197264,998
2024-09-18 11:47:29.008,415.9288594693725,999
2024-09-18 11:47:29.077,415.8566534535561,13
2024-09-18 11:47:29.183,415.9000866207255,1000
2024-09-18 11:47:29.184,415.86995491472766,100
2024-09-18 11:47:29.223,415.90784435057634,9
2024-09-18 11:47:29.261,415.8883764248694,11
2024-09-18 11:47:29.307,415.8742938206376,998
2024-09-18 11:47:29.320,415.9175025069789,103
2024-09-18 11:47:29.363,415.9267374890369,998
2024-09-18 11:47:29.416,415.864040156352,1002
2024-09-18 11:47:29.636,415.8663819439964,100
2024-09-18 11:47:29.729,415.9332908520756,98
2024-09-18 11:47:29.756,415.9205679494736,7
2024-09-18 11:47:29.803,415.8817182105397,95
2024-09-18 11:47:29.820,415.8638956161713,11
2024-09-18 11:47:29.833,415.9235388986169,98
2024-09-18 11:47:29.838,-415.9199376896892,12
2024-09-18 11:47:29.893,415.90188856697023,96
2024-09-18 11:47:30.027,415.90266949612976,15
2024-09-18 11:47:30.079,415.9234854916877,103
2024-09-18 11:47:30.092,41.59434410974872,7
2024-09-18 11:47:30.107,415.9336718937199,10
2024-09-18 11:47:30.144,415.9063577535508,105
2024-09-18 11:47:30.173,415.936938918285,5
2024-09-18 11:47:30.202,415.94628118682255,7
2024-09-18 11:47:30.314,415.8797929318116,12
2024-09-18 11:47:30.410,415.9352718238619,995
2024-09-18 11:47:30.476,415.8811616165343,1001
2024-09-18 11:47:30.540,415.8973952322305,1004
2024-09-18 11:47:30.567,415.9429444026629,998
2024-09-18 11:47:30.594,415.8904074507856,15
2024-09-18 11:47:30.647,415.9059567478984,998
2024-09-18 11:47:30.654,415.95121286575255,96
2024-09-18 11:47:30.685,415.93758547940143,100
2024-09-18 11:47:30.731,415.89199789797055,104
2024-09-18 11:47:30.824,415.9158776220697,998
2024-09-18 11:47:30.836,415.9397309763383,12
2024-09-18 11:47:30.905,415.88581842632817,96
2024-09-18 11:47:30.918,415.9425307185337,12
2024-09-18 11:47:30.948,415.92913735761255,1005
2024-09-18 11:47:30.973,415.8827834738533,13
2024-09-18 11:47:31.061,415.8236053102268,5
2024-09-18 11:47:31.072,415.8505523770152,5
2024-09-18 11:47:31.100,415.82290253692594,99
2024-09-18 11:47:31.110,415.8594697463537,6
2024-09-18 11:47:31.183,415.8970546079215,101
2024-09-18 11:47:31.189,,12
2024-09-18 11:47:31.283,415.81968317145487,7
2024-09-18 11:47:31.342,415.85184781762325,102
2024-09-18 11:47:31.343,415.85868496967015,98
2024-09-18 11:47:31.500,415.8346057008068,995
2024-09-18 11:47:31.577,415.9013064914364,1004
2024-09-18 11:47:31.578,41.58684531828374,13
2024-09-18 11:47:31.680,415.84921795621744,101
2024-09-18 11:47:31.836,415.906140252314,98
2024-09-18 11:47:31.850,415.9021771642858,1003
2024-09-18 11:47:31.883,415.8643166238536,6
2024-09-18 11:47:31.895,415.8778247923611,95
2024-09-18 11:47:31.934,415.85761110501466,12
2024-09-18 11:47:31.945,415.848105604058,10
2024-09-18 11:47:31.946,415.8746501823571,96
2024-09-18 11:47:31.966,415.8343427310541,997
2024-09-18 11:47:31.992,415.823936121926,996
2024-09-18 11:47:31.996,415.85860991966354,12
2024-09-18 11:47:32.055,415.81593746576624,996
2024-09-18 11:47:32.056,415.8769532652139,1001
2024-09-18 11:47:32.109,415.8493619717151,15
2024-09-18 11:47:32.114,415.8000449678261,104
2024-09-18 11:47:32.138,415.8181111978071,104
2024-09-18 11:47:32.141,415.8411027595285,997
2024-09-18 11:47:32.172,415.83245839971374,13
2024-09-18 11:47:32.391,415.8264526049675,7
2024-09-18 11:47:32.411,415.8537885254151,1003
2024-09-18 11:47:32.416,415.88219625789134,997
2024-09-18 11:47:32.439,415.8487864532247,15
2024-09-18 11:47:32.460,415.8305024656451,1005
2024-09-18 11:47:32.461,415.83023804689225,10
2024-09-18 11:47:32.509,415.8336102068866,104
2024-09-18 11:47:32.586,415.8500861615633,14
2024-09-18 11:47:32.857,415.8137904088628,996
2024-09-18 11:47:32.876,415.8245494657794,9
2024-09-18 11:47:32.994,415.8395629092691,1003
2024-09-18 11:47:33.071,,100
2024-09-18 11:47:33.139,415.8314611349841,6
2024-09-18 11:47:33.153,415.79597606849626,105
2024-09-18 11:47:33.234,415.75907580590666,98
2024-09-18 11:47:33.238,415.7646908027647,1005
2024-09-18 11:47:33.242,415.76368707379805,10
2024-09-18 11:47:33.304,415.75191396571176,1001
2024-09-18 11:47:33.312,415.7787973004708,100
2024-09-18 11:47:33.534,,1005
2024-09-18 11:47:33.535,415.8012877976362,11
2024-09-18 11:47:33.582,415.8298370630216,104
2024-09-18 11:47:33.615,415.76597631924,98
2024-09-18 11:47:33.766,415.7674184902675,1005
2024-09-18 11:47:33.786,415.80423829675095,1004
2024-09-18 11:47:33.813,415.7863654103712,95
2024-09-18 11:47:33.827,415.7797125501059,97
2024-09-18 11:47:33.838,415.7603172072237,10
2024-09-18 11:47:33.863,415.7740973094544,15
2024-09-18 11:47:33.869,415.7938362776098,96
2024-09-18 11:47:33.880,415.79079770283454,1005
2024-09-18 11:47:33.886,415.7959559114741,95
2024-09-18 11:47:33.911,415.8258418284774,1001
2024-09-18 11:47:33.942,415.7823418360005,997
2024-09-18 11:47:33.950,415.779915264849,998
2024-09-18 11:47:34.117,415.75329604720224,97
2024-09-18 11:47:34.123,415.7577768714041,1003
2024-09-18 11:47:34.137,415.73720945039565,15
2024-09-18 11:47:34.152,415.750537148848,98
2024-09-18 11:47:34.168,415.723085626713,10
2024-09-18 11:47:34.172,415.7761498035061,12
2024-09-18 11:47:34.254,415.7199498350213,1002
2024-09-18 11:47:34.261,415.7290924698788,997
2024-09-18 11:47:34.270,415.7386965923776,101
2024-09-18 11:47:34.278,415.7209081357582,102
2024-09-18 11:47:34.346,415.7098590051976,995
2024-09-18 11:47:34.460,415.728350443813,1002
2024-09-18 11:47:34.487,415.7413635213329,996
2024-09-18 11:47:34.502,415.7897346835876,96
2024-09-18 11:47:34.571,415.728999899941,995
2024-09-18 11:47:34.656,415.7612941187677,104
2024-09-18 11:47:34.687,415.7548223423289,100
2024-09-18 11:47:34.694,415.7321256005651,999
2024-09-18 11:47:34.702,415.7754533581745,15
2024-09-18 11:47:34.759,415.7686788859847,11
2024-09-18 11:47:34.763,415.7900442292783,997
2024-09-18 11:47:34.805,415.73151876254656,7
2024-09-18 11:47:34.910,415.789208544575,15
2024-09-18 11:47:34.972,415.72681557498026,15
2024-09-18 11:47:34.975,415.75837018169847,101
2024-09-18 11:47:35.116,415.7422318101585,1000
2024-09-18 11:47:35.133,415.7361178482274,998
2024-09-18 11:47:35.148,415.7507681467921,98
2024-09-18 11:47:35.148,415.7537073817548,8
2024-09-18 11:47:35.200,415.7420280495262,997
2024-09-18 11:47:35.233,415.79885325573366,1000
2024-09-18 11:47:35.282,415.742029765059,1005
2024-09-18 11:47:35.413,415.7546918871352,1003
2024-09-18 11:47:35.413,415.7483279568781,10
2024-09-18 11:47:35.434,415.77487739652526,10
2024-09-18 11:47:35.453,415.7621836098149,105
2024-09-18 11:47:35.486,415.7289328183477,7
2024-09-18 11:47:35.508,415.7342731111881,995
2024-09-18 11:47:35.619,415.76546614285866,995
2024-09-18 11:47:35.642,415.7572604939946,996
2024-09-18 11:47:35.643,415.7865594459557,96
2024-09-18 11:47:35.649,415.7823829032049,9
2024-09-18 11:47:35.652,415.7279513187032,105
2024-09-18 11:47:35.686,415.77149726636026,1003
2024-09-18 11:47:35.715,415.7570625139634,10
2024-09-18 11:47:35.722,415.74129805813607,103
2024-09-18 11:47:35.723,415.7505148301501,101
2024-09-18 11:47:35.727,415.7940155034172,996
2024-09-18 11:47:35.852,415.7384078540521,11
2024-09-18 11:47:35.880,415.7364927437326,5
2024-09-18 11:47:35.946,415.7393459861999,101
2024-09-18 11:47:35.951,415.758086391024,13
2024-09-18 11:47:36.227,415.77705091228114,7
2024-09-18 11:47:36.235,415.7775847474883,97
2024-09-18 11:47:36.278,415.7597654828209,5
2024-09-18 11:47:36.300,415.78861248723774,11
2024-09-18 11:47:36.361,415.796557354273,102
2024-09-18 11:47:36.494,415.76419475802186,6
2024-09-18 11:47:36.584,415.76248854978047,105
2024-09-18 11:47:36.657,415.7682996762449,95
2024-09-18 11:47:36.683,415.7601390053037,996
2024-09-18 11:47:36.811,415.7607374966929,95
2024-09-18 11:47:36.821,415.765345980187,99
2024-09-18 11:47:36.872,415.7650562986027,999
2024-09-18 11:47:37.065,415.7710570318957,96
2024-09-18 11:47:37.078,415.76954538843074,997
2024-09-18 11:47:37.193,415.7712188102421,10
2024-09-18 11:47:37.217,415.78465727299897,8
2024-09-18 11:47:37.227,415.78094392271856,10
2024-09-18 11:47:37.243,415.7758666572572,96
2024-09-18 11:47:37.260,415.8038105222313,101
2024-09-18 11:47:37.261,415.8124609119874,95
2024-09-18 11:47:37.318,415.76005493717264,1002
2024-09-18 11:47:37.454,415.778149886276,102
2024-09-18 11:47:37.541,415.7732042027092,998
2024-09-18 11:47:37.566,415.7930096389164,7
2024-09-18 11:47:37.569,415.7993830240492,98
2024-09-18 11:47:37.581,415.77550384216806,101
2024-09-18 11:47:37.586,415.7737880944331,10
2024-09-18 11:47:37.635,415.7964257029704,997
2024-09-18 11:47:37.729,415.7740120795823,1000
2024-09-18 11:47:37.802,415.77551274494857,1001
2024-09-18 11:47:37.804,415.7771301939562,97
2024-09-18 11:47:37.924,415.776504780806,98
2024-09-18 11:47:37.925,415.779561491111,1003
2024-09-18 11:47:38.008,415.7796167756281,101
2024-09-18 11:47:38.045,415.6595748118587,1000
2024-09-18 11:47:38.047,415.65006979136376,998
2024-09-18 11:47:38.156,415.6412178315841,11
2024-09-18 11:47:38.197,415.7007566058117,1002
2024-09-18 11:47:38.246,415.7164662454476,1005
2024-09-18 11:47:38.271,415.6632510785145,6
2024-09-18 11:47:38.306,415.70861767725904,5
2024-09-18 11:47:38.312,415.67727831193935,8
2024-09-18 11:47:38.380,415.70129070644623,1001
2024-09-18 11:47:38.381,415.702668822991,1001
2024-09-18 11:47:38.395,415.7889035038367,15
2024-09-18 11:47:38.411,415.79965661793256,5
2024-09-18 11:47:38.414,415.8066154025762,1000
2024-09-18 11:47:38.476,415.7694787566612,105
2024-09-18 11:47:38.562,415.7859487246424,96
2024-09-18 11:47:38.596,415.7709988483358,99
2024-09-18 11:47:38.617,415.7786991295443,997
2024-09-18 11:47:38.623,415.699473997275,100
2024-09-18 11:47:38.656,415.78269686299296,99
2024-09-18 11:47:38.690,415.6659162548306,1005
2024-09-18 11:47:38.692,415.7905172870039,100
2024-09-18 11:47:38.700,415.7327480998549,995
2024-09-18 11:47:38.704,415.7616266169389,8
2024-09-18 11:47:38.729,415.8037757102888,95
2024-09-18 11:47:38.828,415.6597006062301,102
2024-09-18 11:47:38.846,415.8010836228317,8
2024-09-18 11:47:38.847,415.8004092106614,1004
2024-09-18 11:47:38.875,415.6665183121803,7
2024-09-18 11:47:38.997,415.7505413884296,99
2024-09-18 11:47:39.028,415.6709150588999,9
2024-09-18 11:47:39.055,415.6757994566302,996
2024-09-18 11:47:39.269,415.6486477317899,1003
2024-09-18 11:47:39.289,415.66041112811206,1001
2024-09-18 11:47:39.319,415.63910822188535,1003
2024-09-18 11:47:39.366,415.6485072273341,8
2024-09-18 11:47:39.399,415.685057771184,995
2024-09-18 11:47:39.446,415.68081093475183,12
2024-09-18 11:47:39.598,415.66658584055546,1002
2024-09-18 11:47:39.625,415.64387175849816,1005
2024-09-18 11:47:39.651,415.6661330827261,7
2024-09-18 11:47:39.715,415.6462337439295,99
2024-09-18 11:47:39.736,415.6514117336594,12
2024-09-18 11:47:39.771,415.6750071994121,995
2024-09-18 11:47:39.864,415.68642963533074,99
2024-09-18 11:47:40.025,415.661416893069,1004
2024-09-18 11:47:40.031,415.66486556629405,1004
2024-09-18 11:47:40.060,415.6742936343535,95
2024-09-18 11:47:40.236,415.6509185044673,1003
2024-09-18 11:47:40.257,415.7088958172315,99
2024-09-18 11:47:40.297,415.6560094673477,1000
2024-09-18 11:47:40.385,415.67251839690647,5
2024-09-18 11:47:40.388,415.66809320908976,98
2024-09-18 11:47:40.454,415.6921023717432,9
2024-09-18 11:47:40.457,415.67292529250295,98
2024-09-18 11:47:40.515,415.6841752943175,9
2024-09-18 11:47:40.550,415.7241598663276,99
2024-09-18 11:47:40.562,415.6666014080644,1002
2024-09-18 11:47:40.687,415.6753236352078,1002
2024-09-18 11:47:40.696,415.6756758392096,98
2024-09-18 11:47:40.737,415.6974329341685,996
2024-09-18 11:47:40.765,415.6606425508326,98
2024-09-18 11:47:40.775,415.6678803324768,13
2024-09-18 11:47:40.798,415.72344480396765,997
2024-09-18 11:47:40.814,415.69138726776026,8
2024-09-18 11:47:40.832,415.6615103503713,9
2024-09-18 11:47:40.836,415.68520793731807,10
2024-09-18 11:47:40.862,415.68840911269655,15
2024-09-18 11:47:40.887,415.6721147305221,99
2024-09-18 11:47:40.926,415.65744222411,999
2024-09-18 11:47:40.954,415.66987547677934,997
2024-09-18 11:47:40.974,-415.6681599874974,5
2024-09-18 11:47:41.285,415.7043031691783,1003
2024-09-18 11:47:41.306,415.7236257896583,100
2024-09-18 11:47:41.360,415.6991682383344,101
2024-09-18 11:47:41.449,415.72318144896303,1000
2024-09-18 11:47:41.518,415.7119107348991,7
2024-09-18 11:47:41.632,415.7123409259291,14
2024-09-18 11:47:41.868,415.70907526917904,102
2024-09-18 11:47:42.120,415.68180988945215,96
2024-09-18 11:47:42.132,415.7054838624576,95
2024-09-18 11:47:42.133,415.7024417185772,100
2024-09-18 11:47:42.146,415.6903220514791,11
2024-09-18 11:47:42.158,415.6915846228644,13
2024-09-18 11:47:42.199,415.6996805926046,104
2024-09-18 11:47:42.202,415.7065874515634,6
2024-09-18 11:47:42.341,415.7148397646286,103
2024-09-18 11:47:42.380,415.7032940320691,98
2024-09-18 11:47:42.415,415.6698696128677,95
2024-09-18 11:47:42.450,415.7091385798145,1003
2024-09-18 11:47:42.567,415.670858854454,998
2024-09-18 11:47:42.590,415.6861435333967,105
2024-09-18 11:47:42.642,415.6880518267653,996
2024-09-18 11:47:42.736,,15
2024-09-18 11:47:42.764,415.6935600142025,995
2024-09-18 11:47:42.783,415.7067378285712,5
2024-09-18 11:47:42.797,415.6940284983676,100
2024-09-18 11:47:42.897,415.6735754058429,6
2024-09-18 11:47:42.904,415.6830944885032,995
2024-09-18 11:47:42.938,415.6926668908408,15
2024-09-18 11:47:42.956,415.6902736314668,998
2024-09-18 11:47:43.071,415.6304637181377,997
2024-09-18 11:47:43.160,415.6322656496103,103
2024-09-18 11:47:43.234,415.6652925309707,15
2024-09-18 11:47:43.243,415.6792430500765,105
2024-09-18 11:47:43.337,415.65754494429984,99
2024-09-18 11:47:43.360,415.6717684966136,13
2024-09-18 11:47:43.451,415.64748873521233,15
2024-09-18 11:47:43.512,415.6839307272712,5
2024-09-18 11:47:43.516,415.6599502234503,6
2024-09-18 11:47:43.558,415.6922360617001,8
2024-09-18 11:47:43.586,415.6659690450002,96
2024-09-18 11:47:43.648,415.6865133153239,13
2024-09-18 11:47:43.731,415.63903328232885,9
2024-09-18 11:47:43.744,415.6989452323315,7
2024-09-18 11:47:43.777,415.6654360307218,104
2024-09-18 11:47:43.781,415.6725801024668,95
2024-09-18 11:47:43.795,415.6334747049781,14
2024-09-18 11:47:43.820,415.6571465625907,1001
2024-09-18 11:47:43.824,415.64131627747497,11
2024-09-18 11:47:43.869,,1003
2024-09-18 11:47:43.905,41.565303852308205,5
2024-09-18 11:47:43.927,415.68162527782056,11
2024-09-18 11:47:43.931,415.6821227714136,1004
2024-09-18 11:47:43.995,415.6864373726595,5
2024-09-18 11:47:43.997,415.6527517528756,997
2024-09-18 11:47:44.055,415.658196907028,5
2024-09-18 11:47:44.133,415.6577981355246,12
2024-09-18 11:47:44.149,415.67410149807233,7
2024-09-18 11:47:44.216,415.65769734321054,998
2024-09-18 11:47:44.350,415.68380974624864,103
2024-09-18 11:47:44.383,415.6820033489641,14
2024-09-18 11:47:44.507,415.6532633719071,97
2024-09-18 11:47:44.625,415.666667822844,98
2024-09-18 11:47:44.683,415.6454001604117,99
2024-09-18 11:47:44.683,415.6908943044069,105
2024-09-18 11:47:44.711,415.6620176111781,105
2024-09-18 11:47:44.795,415.65635627334825,995
2024-09-18 11:47:44.893,415.6637818222415,98
2024-09-18 11:47:44.949,415.6832141008968,99
2024-09-18 11:47:44.958,415.67288347311154,1003
2024-09-18 11:47:45.106,415.6347823692885,12
2024-09-18 11:47:45.123,415.6164741292801,100
2024-09-18 11:47:45.289,415.6393294256408,1004
2024-09-18 11:47:45.301,415.6716203565411,13
2024-09-18 11:47:45.340,415.6318071175824,6
2024-09-18 11:47:45.342,415.6251224449447,95
2024-09-18 11:47:45.374,415.647508898253,997
2024-09-18 11:47:45.381,415.648289337916,10
2024-09-18 11:47:45.386,415.6317841711447,6
2024-09-18 11:47:45.553,415.63762443963424,102
2024-09-18 11:47:45.584,415.6523527480829,100
2024-09-18 11:47:45.623,415.6563914344514,95
2024-09-18 11:47:45.629,415.66063356158025,8
2024-09-18 11:47:45.654,415.6654442402812,1003
2024-09-18 11:47:45.709,415.6403713966678,7
2024-09-18 11:47:45.759,415.6471611694849,10
2024-09-18 11:47:45.766,415.6641724683618,1000
2024-09-18 11:47:45.838,415.6182996658435,103
2024-09-18 11:47:45.852,415.66001361972417,1001
2024-09-18 11:47:45.868,415.6398890894508,13
2024-09-18 11:47:45.901,415.68460828360287,9
2024-09-18 11:47:45.907,415.6619595149725,99
2024-09-18 11:47:45.912,415.64164175792536,1003
2024-09-18 11:47:45.948,415.65734514118975,1004
2024-09-18 11:47:46.251,415.67052475459616,98
2024-09-18 11:47:46.337,415.6690296985824,1000
2024-09-18 11:47:46.359,415.671737458062,996
2024-09-18 11:47:46.474,415.68181417154784,14
2024-09-18 11:47:46.555,415.6391911762354,995
2024-09-18 11:47:46.636,415.6642163906758,5
2024-09-18 11:47:46.949,415.6603193195468,5
2024-09-18 11:47:46.983,415.635321461713,6
2024-09-18 11:47:47.072,415.6494106425906,1001
2024-09-18 11:47:47.176,415.65102444498297,103
2024-09-18 11:47:47.303,415.61901055061446,13
2024-09-18 11:47:47.370,415.64427861061006,104
2024-09-18 11:47:47.527,,7
2024-09-18 11:47:47.633,415.6529403987802,1005
2024-09-18 11:47:47.753,415.6344761460505,104
2024-09-18 11:47:47.987,415.64952500297176,1002
2024-09-18 11:47:48.022,415.6145519088344,5
2024-09-18 11:47:48.027,415.5607437774325,102
2024-09-18 11:47:48.064,415.6180423026802,95
2024-09-18 11:47:48.075,415.6141745877414,9
2024-09-18 11:47:48.141,415.61534534380337,6
2024-09-18 11:47:48.190,415.61252500164267,96
2024-09-18 11:47:48.191,415.64101630487545,96
2024-09-18 11:47:48.212,415.6256635232138,995
2024-09-18 11:47:48.215,415.5671587851756,103
2024-09-18 11:47:48.215,415.5847929627546,15
2024-09-18 11:47:48.270,415.6505820815683,101
2024-09-18 11:47:48.337,415.6272889581663,95
2024-09-18 11:47:48.373,415.6211163562934,6
2024-09-18 11:47:48.397,415.5492217015828,1005
2024-09-18 11:47:48.405,415.590800749285,6
2024-09-18 11:47:48.467,415.63677189082847,102
2024-09-18 11:47:48.482,415.6192666745941,996
2024-09-18 11:47:48.483,415.5443044668354,998
2024-09-18 11:47:48.486,415.592656307876,11
2024-09-18 11:47:48.497,415.6234090881591,102
2024-09-18 11:47:48.592,415.5804582590397,7
2024-09-18 11:47:48.597,415.57191460015576,11
2024-09-18 11:47:48.688,415.6163245973144,995
2024-09-18 11:47:48.712,415.5453601533736,95
2024-09-18 11:47:48.729,415.6038497003859,1002
2024-09-18 11:47:48.761,415.62847969670986,8
2024-09-18 11:47:48.782,-415.6074232966674,10
2024-09-18 11:47:48.830,415.6208200742324,100
2024-09-18 11:47:48.909,415.555261788181,103
2024-09-18 11:47:48.955,415.5683961666809,13
2024-09-18 11:47:49.021,415.53214476381714,1005
2024-09-18 11:47:49.050,415.5479680157808,996
2024-09-18 11:47:49.081,415.5432202409388,1002
2024-09-18 11:47:49.151,415.5864086391332,6
2024-09-18 11:47:49.211,415.5842103600413,97
2024-09-18 11:47:49.225,415.5214992908211,12
2024-09-18 11:47:49.232,415.5756415689893,15
2024-09-18 11:47:49.240,415.536840705027,1002
2024-09-18 11:47:49.244,415.5513985824669,102
2024-09-18 11:47:49.248,415.5613265823478,9
2024-09-18 11:47:49.296,415.54190678252775,998
2024-09-18 11:47:49.330,415.57467016938085,9
2024-09-18 11:47:49.413,415.56505517002887,6
2024-09-18 11:47:49.527,415.5859737641819,97
2024-09-18 11:47:49.563,415.5384701006574,11
2024-09-18 11:47:49.643,415.5565017248129,103
2024-09-18 11:47:49.660,415.5347324109588,1004
2024-09-18 11:47:49.736,415.5931077620722,10
2024-09-18 11:47:49.755,415.5540105771356,996
2024-09-18 11:47:49.814,415.57847094567927,14
2024-09-18 11:47:49.885,415.5456087313058,7
2024-09-18 11:47:49.887,415.5495783480196,996
2024-09-18 11:47:49.920,415.5444157869981,15
2024-09-18 11:47:50.226,415.5279845814837,1000
2024-09-18 11:47:50.278,415.5065640188822,105
2024-09-18 11:47:50.320,415.5164786854064,9
2024-09-18 11:47:50.376,415.5712674096765,1005
2024-09-18 11:47:50.402,415.5349604986485,104
2024-09-18 11:47:50.412,415.5401135536749,6
2024-09-18 11:47:50.444,415.5257227566449,15
2024-09-18 11:47:50.452,415.5258763605413,995
2024-09-18 11:47:50.463,415.5374412314598,6
2024-09-18 11:47:50.492,415.5722646498839,99
2024-09-18 11:47:50.558,415.54913198881263,996
2024-09-18 11:47:50.607,415.48018026009737,97
2024-09-18 11:47:50.608,415.4811083159969,5
2024-09-18 11:47:50.628,415.5311070427061,13
2024-09-18 11:47:50.680,415.5379628698112,999
2024-09-18 11:47:50.691,415.54675802662047,1000
2024-09-18 11:47:50.703,415.5224492644909,10
2024-09-18 11:47:50.892,415.4862080334803,101
2024-09-18 11:47:50.904,415.4651501220011,5
2024-09-18 11:47:50.919,415.5288399628476,10
2024-09-18 11:47:50.986,415.5361182781885,998
2024-09-18 11:47:51.098,415.45010042547744,98
2024-09-18 11:47:51.121,415.4450784523455,101
2024-09-18 11:47:51.133,415.4228475683495,9
2024-09-18 11:47:51.148,415.4203853219088,997
2024-09-18 11:47:51.252,415.4478727482984,1000
2024-09-18 11:47:51.262,415.4466261774542,101
2024-09-18 11:47:51.354,415.4317577974826,1004
2024-09-18 11:47:51.364,415.4566810282569,98
2024-09-18 11:47:51.390,415.45751145590026,96
2024-09-18 11:47:51.396,-415.44978753629374,1000
2024-09-18 11:47:51.403,415.43882260529887,1003
2024-09-18 11:47:51.489,415.4431049305593,99
2024-09-18 11:47:51.517,415.45788419108175,11
2024-09-18 11:47:51.526,415.4501943131446,6
2024-09-18 11:47:51.538,415.4546555808346,104
2024-09-18 11:47:51.558,415.45818059089856,14
2024-09-18 11:47:51.558,415.453731933854,6
2024-09-18 11:47:51.563,415.4357939591052,102
2024-09-18 11:47:51.578,415.4159216572701,7
2024-09-18 11:47:51.605,415.4511266146636,103
2024-09-18 11:47:51.670,415.43205716516087,1003
2024-09-18 11:47:51.735,415.4406505998789,95
2024-09-18 11:47:51.862,415.4350007903205,13
2024-09-18 11:47:51.945,415.4472878310274,101
2024-09-18 11:47:51.953,415.45423079492525,95
2024-09-18 11:47:52.278,415.4343215044629,99
2024-09-18 11:47:52.414,415.4302454241936,6
2024-09-18 11:47:53.025,415.4519296909534,9
2024-09-18 11:47:53.098,415.45336778677233,1001
2024-09-18 11:47:53.166,415.4347128845536,999
2024-09-18 11:47:53.217,415.4543769582269,98
2024-09-18 11:47:53.542,415.46086644606487,1004
2024-09-18 11:47:53.798,415.43848560249313,1004
2024-09-18 11:47:54.074,415.4598661119312,14
2024-09-18 11:47:54.113,415.4636214493191,1001
2024-09-18 11:47:54.218,415.419796646541,1000
2024-09-18 11:47:54.242,415.4437026535533,7
2024-09-18 11:47:54.250,415.4296005418079,996
2024-09-18 11:47:54.265,415.4340354788441,103
2024-09-18 11:47:54.284,415.448526493502,104
2024-09-18 11:47:54.486,415.4405590659533,100
2024-09-18 11:47:54.502,415.44666103205503,996
2024-09-18 11:47:54.556,415.4421964090512,999
2024-09-18 11:47:54.573,415.4362460683333,5
2024-09-18 11:47:54.661,415.4274500484871,11
2024-09-18 11:47:54.696,415.46092953121337,996
2024-09-18 11:47:54.719,415.4701180460903,5
2024-09-18 11:47:54.763,415.4724424682796,1005
2024-09-18 11:47:54.782,415.4323835565231,1003
2024-09-18 11:47:54.894,415.4597616351815,14
2024-09-18 11:47:54.933,415.4414327006653,102
2024-09-18 11:47:54.940,415.4314957230397,7
2024-09-18 11:47:55.022,415.48628890226433,6
2024-09-18 11:47:55.034,415.49694342584144,96
2024-09-18 11:47:55.090,415.4741114709818,6
2024-09-18 11:47:55.121,415.4479483547334,100
2024-09-18 11:47:55.190,415.4559788056884,11
2024-09-18 11:47:55.235,415.45165924971326,1003
2024-09-18 11:47:55.379,415.4737199576294,10
2024-09-18 11:47:55.660,415.4767926726794,98
2024-09-18 11:47:55.703,415.48684190178335,105
2024-09-18 11:47:55.800,415.4731337204682,997
2024-09-18 11:47:55.801,415.4608080343497,1002
2024-09-18 11:47:55.814,415.5081972617289,7
2024-09-18 11:47:55.850,415.5153417411171,999
2024-09-18 11:47:55.866,415.478125462294,104
2024-09-18 11:47:55.868,415.453544101319,97
2024-09-18 11:47:55.912,415.4698818065392,97
2024-09-18 11:47:55.958,415.4401491993938,95
2024-09-18 11:47:56.067,415.4769640438363,999
2024-09-18 11:47:56.084,415.4421315552369,99
2024-09-18 11:47:56.151,415.4511571928783,6
2024-09-18 11:47:56.193,415.47110973617913,97
2024-09-18 11:47:56.204,415.4771234591927,100
2024-09-18 11:47:56.330,415.427033852737,8
2024-09-18 11:47:56.331,,8
2024-09-18 11:47:56.361,415.4101384266214,99
2024-09-18 11:47:56.404,415.4817083634714,12
2024-09-18 11:47:56.411,415.46388547701946,95
2024-09-18 11:47:56.451,415.4303007839885,7
2024-09-18 11:47:56.456,415.4771473528252,103
2024-09-18 11:47:56.463,415.4576630743588,100
2024-09-18 11:47:56.505,415.4587871976271,98
2024-09-18 11:47:56.575,415.4118005503088,6
2024-09-18 11:47:56.578,415.46286301585576,6
2024-09-18 11:47:56.582,415.4676929125276,12
2024-09-18 11:47:56.593,415.4199158737017,5
2024-09-18 11:47:56.594,415.4029569360797,12
2024-09-18 11:47:56.634,415.47019997709566,12
2024-09-18 11:47:56.648,415.45914383416033,6
2024-09-18 11:47:56.787,415.4438001602184,5
2024-09-18 11:47:56.816,415.4713096465464,105
2024-09-18 11:47:56.863,415.4366966400476,98
2024-09-18 11:47:56.912,415.4657129926086,1003
2024-09-18 11:47:56.940,415.4578631206021,10
2024-09-18 11:47:56.946,415.4112450844462,995
2024-09-18 11:47:56.963,415.4495260213894,1001
2024-09-18 11:47:56.998,415.40144941044167,996
2024-09-18 11:47:57.007,415.5108279811403,5
2024-09-18 11:47:57.028,415.4821939088436,10
2024-09-18 11:47:57.059,415.52644345847887,9
2024-09-18 11:47:57.087,415.5529855218219,7
2024-09-18 11:47:57.152,415.55507124680247,7
2024-09-18 11:47:57.218,415.5310328060464,1002
2024-09-18 11:47:57.242,415.5276738616561,1000
2024-09-18 11:47:57.262,415.5278739965223,8
2024-09-18 11:47:57.283,415.51337893642136,102
2024-09-18 11:47:57.369,415.5121451282072,995
2024-09-18 11:47:57.370,415.5163856639476,102
2024-09-18 11:47:57.439,415.50791676266334,6
2024-09-18 11:47:57.495,415.5267591896662,1003
2024-09-18 11:47:57.501,41.54576662835382,103
2024-09-18 11:47:57.517,415.52857050254096,7
2024-09-18 11:47:57.561,415.49981429946257,102
2024-09-18 11:47:57.613,415.5321951656599,96
2024-09-18 11:47:57.752,415.5117598734541,97
2024-09-18 11:47:57.835,415.5351386121857,103
2024-09-18 11:47:57.841,415.5265189071055,97
2024-09-18 11:47:57.851,415.53955763662094,997
2024-09-18 11:47:57.932,415.5303837803475,9
2024-09-18 11:47:57.983,41.54626956749301,997
2024-09-18 11:47:58.778,415.5457195214746,98
