Timestamp,Price,Size
2024-09-18 14:11:00.022,414.9219481025112,1002
2024-09-18 14:11:00.079,414.9113369074294,9
2024-09-18 14:11:00.170,414.9475288635674,15
2024-09-18 14:11:00.180,414.91821682217295,7
2024-09-18 14:11:00.283,414.91416907865965,12
2024-09-18 14:11:00.287,414.98613125674206,998
2024-09-18 14:11:00.306,414.9213481168495,1004
2024-09-18 14:11:00.314,414.9430348418603,13
2024-09-18 14:11:00.453,414.95902864198416,1000
2024-09-18 14:11:00.529,414.9220643685018,96
2024-09-18 14:11:00.569,414.9239926213226,101
2024-09-18 14:11:00.701,414.9369564583536,999
2024-09-18 14:11:00.718,414.92187404654976,98
2024-09-18 14:11:00.974,414.97051553679074,95
2024-09-18 14:11:00.987,414.9611667173836,1004
2024-09-18 14:11:01.032,414.9112473265495,10
2024-09-18 14:11:01.097,414.9554237036066,100
2024-09-18 14:11:01.107,414.91880152341713,10
2024-09-18 14:11:01.110,414.94216998037774,7
2024-09-18 14:11:01.205,414.9713868235128,14
2024-09-18 14:11:01.250,414.9407534157037,996
2024-09-18 14:11:01.316,414.92813501558425,97
2024-09-18 14:11:01.319,414.9830838048932,8
2024-09-18 14:11:01.323,414.92331817920353,98
2024-09-18 14:11:01.491,414.9292531390256,95
2024-09-18 14:11:01.508,414.969193086037,999
2024-09-18 14:11:01.598,414.9316502662642,95
2024-09-18 14:11:01.713,,995
2024-09-18 14:11:01.767,414.9484723974009,5
2024-09-18 14:11:01.779,414.9228395565171,97
2024-09-18 14:11:01.811,414.99779274233504,999
2024-09-18 14:11:01.892,414.9248207467362,996
2024-09-18 14:11:01.897,414.930061568046,14
2024-09-18 14:11:01.927,414.9260895574512,97
2024-09-18 14:11:02.080,414.9980632889791,996
2024-09-18 14:11:02.090,414.9203874687016,104
2024-09-18 14:11:02.148,414.92333712478734,15
2024-09-18 14:11:02.170,414.9169983370606,998
2024-09-18 14:11:02.184,414.895364501937,997
2024-09-18 14:11:02.185,414.9149107416724,6
2024-09-18 14:11:02.199,414.9556009019717,1001
2024-09-18 14:11:02.241,414.9897441718073,8
2024-09-18 14:11:02.242,414.9678173416036,6
2024-09-18 14:11:02.262,414.98785602377154,9
2024-09-18 14:11:02.318,414.9918105926442,12
2024-09-18 14:11:02.392,414.9074683097817,102
2024-09-18 14:11:02.464,414.90514361289104,1005
2024-09-18 14:11:02.510,414.9741621383987,997
2024-09-18 14:11:02.524,414.9728753350952,105
2024-09-18 14:11:02.619,414.88810112437005,103
2024-09-18 14:11:02.622,414.99365413442257,6
2024-09-18 14:11:02.684,414.9780961586761,98
2024-09-18 14:11:02.690,414.9198619672569,103
2024-09-18 14:11:02.719,414.96131689769015,7
2024-09-18 14:11:02.828,414.9005299702047,102
2024-09-18 14:11:02.866,414.9031013062721,14
2024-09-18 14:11:02.874,414.97526076286647,10
2024-09-18 14:11:02.955,414.9020177863239,1001
2024-09-18 14:11:02.956,414.8978269058953,11
2024-09-18 14:11:02.977,414.906758027545,103
2024-09-18 14:11:03.018,414.8516850714632,15
2024-09-18 14:11:03.085,414.86725680643553,14
2024-09-18 14:11:03.154,414.8595700688375,103
2024-09-18 14:11:03.164,414.8564349119907,995
2024-09-18 14:11:03.615,414.8640324139381,14
2024-09-18 14:11:03.925,414.85967294908494,99
2024-09-18 14:11:03.947,414.8653383628311,100
2024-09-18 14:11:04.080,414.8601483681984,104
2024-09-18 14:11:04.098,414.8516678300634,98
2024-09-18 14:11:04.217,414.8610115018432,13
2024-09-18 14:11:04.224,414.8593999095326,14
2024-09-18 14:11:04.242,414.85520268266,1003
2024-09-18 14:11:04.288,414.9064704276961,1002
2024-09-18 14:11:04.355,414.8957962977856,14
2024-09-18 14:11:04.376,414.8761602462068,5
2024-09-18 14:11:04.402,41.48464635885714,998
2024-09-18 14:11:04.433,414.8823118561965,999
2024-09-18 14:11:04.596,414.8696210758944,13
2024-09-18 14:11:04.612,414.9001173765554,995
2024-09-18 14:11:04.625,414.8525943605163,14
2024-09-18 14:11:04.666,414.8804812428695,1001
2024-09-18 14:11:04.746,414.8697072887538,15
2024-09-18 14:11:04.787,414.8557946888784,101
2024-09-18 14:11:04.793,414.87578954028487,995
2024-09-18 14:11:04.803,414.88823756621446,10
2024-09-18 14:11:04.821,414.9060134836317,1000
2024-09-18 14:11:04.872,414.8619609893561,11
2024-09-18 14:11:04.887,414.86884871478486,14
2024-09-18 14:11:04.902,414.8828401194317,9
2024-09-18 14:11:04.909,414.8915546707848,11
2024-09-18 14:11:04.938,414.8942980630701,14
2024-09-18 14:11:04.950,414.8743375269994,96
2024-09-18 14:11:04.966,414.8992787588078,104
2024-09-18 14:11:04.969,414.848904935645,1002
2024-09-18 14:11:04.989,414.9027050458615,998
2024-09-18 14:11:05.243,,95
2024-09-18 14:11:05.271,414.90056859550697,10
2024-09-18 14:11:05.310,414.90515934846354,102
2024-09-18 14:11:05.448,414.89544269155726,95
2024-09-18 14:11:05.574,414.88460650470256,95
2024-09-18 14:11:06.001,414.9122124792163,104
2024-09-18 14:11:06.072,414.87763337026576,99
2024-09-18 14:11:06.089,414.8750675019052,97
2024-09-18 14:11:06.104,414.8187393166436,103
2024-09-18 14:11:06.156,414.88785246336056,95
2024-09-18 14:11:06.210,414.8326842375768,96
2024-09-18 14:11:06.243,414.8835645379292,10
2024-09-18 14:11:06.311,414.8910971149148,6
2024-09-18 14:11:06.371,414.8548381071369,103
2024-09-18 14:11:06.409,414.876825125209,1001
2024-09-18 14:11:06.426,414.83973691081,1002
2024-09-18 14:11:06.454,414.8741761576472,15
2024-09-18 14:11:06.457,414.8756901126491,1001
2024-09-18 14:11:06.463,414.8258532539791,1002
2024-09-18 14:11:06.493,414.8763942049277,102
2024-09-18 14:11:06.536,414.8949858738037,13
2024-09-18 14:11:06.538,414.8920512598991,100
2024-09-18 14:11:06.568,414.8825122004263,11
2024-09-18 14:11:06.579,414.837255091331,11
2024-09-18 14:11:06.611,414.8218768654982,96
2024-09-18 14:11:06.657,414.8866080290114,103
2024-09-18 14:11:06.734,414.9091014820351,11
2024-09-18 14:11:06.745,414.89040926504015,95
2024-09-18 14:11:06.827,414.8376561797407,12
2024-09-18 14:11:06.835,414.8568717604264,11
2024-09-18 14:11:06.859,414.8574263038332,995
2024-09-18 14:11:06.882,414.8238317733527,10
2024-09-18 14:11:06.889,414.865939065018,10
2024-09-18 14:11:06.932,414.833928527054,1005
2024-09-18 14:11:07.356,414.8259198895981,9
2024-09-18 14:11:08.004,414.85882557565503,12
2024-09-18 14:11:08.011,414.8373213566675,98
2024-09-18 14:11:08.018,414.8384223389256,1005
2024-09-18 14:11:08.059,414.84296339866864,1000
2024-09-18 14:11:08.202,414.8535677613325,100
2024-09-18 14:11:08.325,414.8363766880317,15
2024-09-18 14:11:08.403,414.8250854060113,100
2024-09-18 14:11:08.484,414.8451175942568,995
2024-09-18 14:11:08.504,414.82810057247457,15
2024-09-18 14:11:08.518,414.8202841713521,95
2024-09-18 14:11:08.583,414.8587982554739,1003
2024-09-18 14:11:08.587,414.84881177221376,95
2024-09-18 14:11:08.635,414.8321288550177,1003
2024-09-18 14:11:08.683,414.85410134043417,10
2024-09-18 14:11:08.709,414.848045319833,96
2024-09-18 14:11:08.719,414.8655595851539,102
2024-09-18 14:11:08.722,41.4856847407966,995
2024-09-18 14:11:08.754,414.8505299476717,9
2024-09-18 14:11:08.828,414.83539132587146,105
2024-09-18 14:11:08.872,41.48666162917415,96
2024-09-18 14:11:08.892,414.857250978984,9
2024-09-18 14:11:08.927,414.8439287550324,1003
2024-09-18 14:11:09.032,414.82582922337633,996
2024-09-18 14:11:09.035,414.8236931023951,1004
2024-09-18 14:11:09.048,414.8112846545246,7
2024-09-18 14:11:09.077,414.8263327313347,100
2024-09-18 14:11:09.161,414.84336298253135,100
2024-09-18 14:11:09.186,414.8652366042004,1002
2024-09-18 14:11:09.235,414.83253235294814,15
2024-09-18 14:11:09.258,414.83421543651286,12
2024-09-18 14:11:09.294,414.85211870604,13
2024-09-18 14:11:09.300,414.8553887569082,1002
2024-09-18 14:11:09.365,,15
2024-09-18 14:11:09.410,414.8294760088163,1000
2024-09-18 14:11:09.538,414.8332939308804,101
2024-09-18 14:11:09.577,414.868666481569,103
2024-09-18 14:11:09.609,414.8179281142864,998
2024-09-18 14:11:09.682,414.81437577067214,10
2024-09-18 14:11:09.736,414.8749586676353,1003
2024-09-18 14:11:09.765,414.8513706027733,97
2024-09-18 14:11:09.807,414.87355356847246,5
2024-09-18 14:11:09.809,414.802676768081,997
2024-09-18 14:11:09.810,414.8176913849469,101
2024-09-18 14:11:09.874,414.81417310709367,8
2024-09-18 14:11:09.910,414.8546741061119,100
2024-09-18 14:11:09.923,414.8284093731791,104
2024-09-18 14:11:09.982,414.813551763231,998
2024-09-18 14:11:10.099,414.8672982166021,1001
2024-09-18 14:11:10.125,414.8727440749308,102
2024-09-18 14:11:10.162,414.8493915962237,14
2024-09-18 14:11:10.164,414.881211866628,12
2024-09-18 14:11:10.250,414.8292234898237,15
2024-09-18 14:11:10.382,414.88264206997457,99
2024-09-18 14:11:10.385,414.817971771144,101
2024-09-18 14:11:10.484,414.86609849744735,1003
2024-09-18 14:11:10.645,414.87557987454784,103
2024-09-18 14:11:10.650,414.8483796639835,1004
2024-09-18 14:11:10.678,414.8139454031783,9
2024-09-18 14:11:10.814,414.82325298502127,101
2024-09-18 14:11:10.866,414.8844416767394,8
2024-09-18 14:11:10.931,,1002
2024-09-18 14:11:11.009,414.81392438056673,13
2024-09-18 14:11:11.061,414.7935201618482,1002
2024-09-18 14:11:11.107,414.8138055954705,95
2024-09-18 14:11:11.143,414.8040680432331,995
2024-09-18 14:11:11.177,414.763985192866,7
2024-09-18 14:11:11.191,414.8131304689984,101
2024-09-18 14:11:11.228,414.8255638137151,1000
2024-09-18 14:11:11.253,414.8053792766581,15
2024-09-18 14:11:11.273,414.7880884050932,999
2024-09-18 14:11:11.294,414.804930445817,13
2024-09-18 14:11:11.386,414.7470190739402,101
2024-09-18 14:11:11.403,414.75404970933454,5
2024-09-18 14:11:11.519,414.7985451275843,11
2024-09-18 14:11:11.571,414.7961029497074,97
2024-09-18 14:11:11.598,414.7805519388866,996
2024-09-18 14:11:11.626,414.7995462198933,14
2024-09-18 14:11:11.660,414.8017393560276,10
2024-09-18 14:11:11.665,414.8112606830909,101
2024-09-18 14:11:11.670,414.78297607749766,13
2024-09-18 14:11:11.678,414.79679659788593,999
2024-09-18 14:11:11.714,414.805356042873,15
2024-09-18 14:11:11.716,414.7980358437726,96
2024-09-18 14:11:11.755,414.80565029748567,11
2024-09-18 14:11:11.760,414.7915165745086,100
2024-09-18 14:11:11.774,414.8089940347448,999
2024-09-18 14:11:11.840,414.7798676620464,102
2024-09-18 14:11:11.910,414.7887868258168,998
2024-09-18 14:11:11.974,414.7980484299625,95
2024-09-18 14:11:12.026,414.6807952212122,105
2024-09-18 14:11:12.122,414.6905704057953,101
2024-09-18 14:11:12.142,414.7331568087068,1003
2024-09-18 14:11:12.178,414.7003144634972,14
2024-09-18 14:11:12.205,414.7096704575525,1000
2024-09-18 14:11:12.289,414.695419095187,11
2024-09-18 14:11:12.350,414.7270421550512,999
2024-09-18 14:11:12.358,414.7002866273715,98
2024-09-18 14:11:12.366,,98
2024-09-18 14:11:12.369,414.6721478194822,998
2024-09-18 14:11:12.411,414.684043263208,10
2024-09-18 14:11:12.426,414.7293341142016,1002
2024-09-18 14:11:12.426,414.6855075696977,104
2024-09-18 14:11:12.469,414.6701981842519,14
2024-09-18 14:11:12.483,414.7102112961255,101
2024-09-18 14:11:12.489,414.6745820788949,100
2024-09-18 14:11:12.515,414.6765934847918,105
2024-09-18 14:11:12.537,414.7016565720578,10
2024-09-18 14:11:12.607,414.7008151936674,101
2024-09-18 14:11:12.663,414.72324163668617,100
2024-09-18 14:11:12.759,414.6862333252542,15
2024-09-18 14:11:12.759,414.6833157708379,12
2024-09-18 14:11:12.776,414.6693471500567,995
2024-09-18 14:11:12.813,414.7608004636648,13
2024-09-18 14:11:12.832,414.7462870546552,10
2024-09-18 14:11:12.834,414.719679541125,98
2024-09-18 14:11:12.866,414.75534247968767,1001
2024-09-18 14:11:12.884,414.663054489198,12
2024-09-18 14:11:12.925,414.6849102119319,8
2024-09-18 14:11:12.958,414.6936032163294,104
2024-09-18 14:11:13.009,414.5865539556546,104
2024-09-18 14:11:13.045,414.6596873629,7
2024-09-18 14:11:13.081,414.5676472740982,100
2024-09-18 14:11:13.100,414.6601199598476,105
2024-09-18 14:11:13.143,414.65632350566665,1004
2024-09-18 14:11:13.213,414.67706940172377,14
2024-09-18 14:11:13.300,414.669311786997,14
2024-09-18 14:11:13.315,414.64096180656327,12
2024-09-18 14:11:13.315,414.6108739404885,6
2024-09-18 14:11:13.325,414.62391883602254,11
2024-09-18 14:11:13.344,414.60161049158495,101
2024-09-18 14:11:13.365,414.6605516594896,1002
2024-09-18 14:11:13.443,414.6421509096753,1005
2024-09-18 14:11:13.462,414.55527703570976,998
2024-09-18 14:11:13.511,414.6195917547223,7
2024-09-18 14:11:13.528,414.6468205036311,12
2024-09-18 14:11:13.562,414.66459565241024,96
2024-09-18 14:11:13.692,414.54423218339264,102
2024-09-18 14:11:13.693,414.645036367687,5
2024-09-18 14:11:13.721,414.67425102820175,101
2024-09-18 14:11:13.869,414.6719537129976,105
2024-09-18 14:11:13.904,414.6785992805423,996
2024-09-18 14:11:13.975,414.6649890376218,96
2024-09-18 14:11:14.071,414.53775548787456,7
2024-09-18 14:11:14.086,-414.5409548304653,997
2024-09-18 14:11:14.098,414.60383198936233,1001
2024-09-18 14:11:14.217,414.5439822483161,1002
2024-09-18 14:11:14.242,414.5783717221229,100
2024-09-18 14:11:14.248,414.5704143095962,1000
2024-09-18 14:11:14.265,414.5437537855729,95
2024-09-18 14:11:14.300,414.53080823093904,1003
2024-09-18 14:11:14.320,414.5466660637996,1002
2024-09-18 14:11:14.359,414.5410623210005,15
2024-09-18 14:11:14.406,414.56061732108617,12
2024-09-18 14:11:14.427,414.5484109763766,104
2024-09-18 14:11:14.439,414.56543150205135,9
2024-09-18 14:11:14.468,414.576904874372,103
2024-09-18 14:11:14.572,414.564133094605,100
2024-09-18 14:11:14.621,414.5521681023306,10
2024-09-18 14:11:14.651,414.5980274434027,1002
2024-09-18 14:11:14.867,414.5451141299574,1000
2024-09-18 14:11:14.889,414.5724373997694,998
2024-09-18 14:11:14.900,414.5290804980923,5
2024-09-18 14:11:14.910,414.52256995485806,997
2024-09-18 14:11:14.922,414.5514802834555,96
2024-09-18 14:11:15.030,414.53662301906667,997
2024-09-18 14:11:15.224,414.5296285413837,103
2024-09-18 14:11:15.308,414.5425199989054,1005
2024-09-18 14:11:15.329,414.53086783046007,103
2024-09-18 14:11:15.351,414.53997045113465,7
2024-09-18 14:11:15.658,414.50506881033937,12
2024-09-18 14:11:15.684,414.5394626954454,101
2024-09-18 14:11:15.732,414.52714840457975,105
2024-09-18 14:11:15.828,414.507212490768,7
2024-09-18 14:11:15.958,414.5195362473192,13
2024-09-18 14:11:16.085,414.52454112505046,12
2024-09-18 14:11:16.132,414.5114419203621,996
2024-09-18 14:11:16.161,414.5017399974619,997
2024-09-18 14:11:16.169,414.5285326994807,998
2024-09-18 14:11:16.183,414.4957431475446,1003
2024-09-18 14:11:16.225,414.5399359240098,14
2024-09-18 14:11:16.237,414.51755365817706,14
2024-09-18 14:11:16.258,414.5222644333243,10
2024-09-18 14:11:16.260,414.4917850653864,104
2024-09-18 14:11:16.317,414.503839624491,10
2024-09-18 14:11:16.455,414.526155917299,8
2024-09-18 14:11:16.465,414.5419282104977,1005
2024-09-18 14:11:16.506,414.5183122148077,103
2024-09-18 14:11:16.587,414.5244582544802,10
2024-09-18 14:11:16.615,414.5181929784781,1004
2024-09-18 14:11:16.618,414.5473836453936,1003
2024-09-18 14:11:16.674,414.488569803858,1003
2024-09-18 14:11:16.726,414.4990714379064,101
2024-09-18 14:11:16.747,414.5209310503233,999
2024-09-18 14:11:16.856,414.5027152744885,999
2024-09-18 14:11:17.045,414.4372038110105,998
2024-09-18 14:11:17.079,414.46363636103945,5
2024-09-18 14:11:17.088,414.4726858545004,8
2024-09-18 14:11:17.268,41.44694546549452,999
2024-09-18 14:11:17.299,414.4798586243739,1002
2024-09-18 14:11:17.313,414.4704259906827,9
2024-09-18 14:11:17.360,414.4372717720064,100
2024-09-18 14:11:17.416,414.42625025971313,98
2024-09-18 14:11:17.439,414.485002188065,10
2024-09-18 14:11:17.441,414.44711380763374,98
2024-09-18 14:11:17.473,414.4672530368716,6
2024-09-18 14:11:17.683,414.43672895016,999
2024-09-18 14:11:17.869,414.4634161777934,105
2024-09-18 14:11:17.917,414.45856106204906,999
2024-09-18 14:11:18.737,414.47320649840873,102
2024-09-18 14:11:18.741,414.47481457530193,104
2024-09-18 14:11:18.928,414.47834564968537,7
2024-09-18 14:11:19.119,414.4430326364285,100
2024-09-18 14:11:19.128,414.45041477369926,97
2024-09-18 14:11:19.154,414.4518152036987,103
2024-09-18 14:11:19.378,414.4720460227069,1001
2024-09-18 14:11:19.380,414.4410895700828,15
2024-09-18 14:11:19.793,414.4481304001104,1005
2024-09-18 14:11:19.845,414.45508734872703,1002
2024-09-18 14:11:19.853,414.4809292320588,1005
2024-09-18 14:11:19.877,414.4628404706132,996
2024-09-18 14:11:19.944,414.4387097081469,14
2024-09-18 14:11:20.045,414.44138864674,996
2024-09-18 14:11:20.074,414.4803981937504,999
2024-09-18 14:11:20.100,414.4489046651948,999
2024-09-18 14:11:20.135,414.4657939513612,11
2024-09-18 14:11:20.183,414.4534248604394,1004
2024-09-18 14:11:20.257,414.4682171150823,101
2024-09-18 14:11:20.405,414.4725723486806,11
2024-09-18 14:11:20.578,414.462368628429,10
2024-09-18 14:11:20.614,414.4667106172701,101
2024-09-18 14:11:20.629,414.4397385895302,7
2024-09-18 14:11:20.657,414.4311789678486,101
2024-09-18 14:11:20.706,414.4528882170432,11
2024-09-18 14:11:20.769,414.4639232897421,995
2024-09-18 14:11:21.038,414.4925321159594,8
2024-09-18 14:11:21.123,414.4573929942281,998
2024-09-18 14:11:21.494,414.4907683913336,9
2024-09-18 14:11:21.500,414.5206024310641,105
2024-09-18 14:11:21.536,414.5169910641977,103
2024-09-18 14:11:21.705,414.5331658216989,104
2024-09-18 14:11:21.724,414.48936857411366,997
2024-09-18 14:11:22.109,414.5234552698344,15
2024-09-18 14:11:22.450,414.50585701593445,9
2024-09-18 14:11:22.802,414.4955653184891,1005
2024-09-18 14:11:22.859,414.51774397129833,97
2024-09-18 14:11:22.992,414.5182641913321,1003
2024-09-18 14:11:23.001,414.503415622704,13
2024-09-18 14:11:23.012,414.6240346559868,13
2024-09-18 14:11:23.068,414.63605026097525,96
2024-09-18 14:11:23.100,414.6197862678667,1002
2024-09-18 14:11:23.113,414.51264268994345,996
2024-09-18 14:11:23.166,414.5276588495498,101
2024-09-18 14:11:23.267,414.5836137059508,8
2024-09-18 14:11:23.289,414.5758292465776,96
2024-09-18 14:11:23.330,414.6572876312048,10
2024-09-18 14:11:23.337,414.5698436263529,14
2024-09-18 14:11:23.355,414.4985235749647,101
2024-09-18 14:11:23.368,414.6380193697103,1003
2024-09-18 14:11:23.372,414.6470553108644,101
2024-09-18 14:11:23.398,414.513199276126,997
2024-09-18 14:11:23.435,414.5844025865465,995
2024-09-18 14:11:23.456,414.57776917638114,999
2024-09-18 14:11:23.526,414.62223173562427,6
2024-09-18 14:11:23.664,414.6183940718686,12
2024-09-18 14:11:23.705,414.6434807532557,11
2024-09-18 14:11:23.706,414.5209582560954,5
2024-09-18 14:11:23.812,414.60545168320806,5
2024-09-18 14:11:23.822,414.6204338394374,97
2024-09-18 14:11:23.832,414.53295472327216,1004
2024-09-18 14:11:23.915,414.5245130267229,95
2024-09-18 14:11:23.942,414.5595177904217,5
2024-09-18 14:11:23.942,414.54851560286414,1003
2024-09-18 14:11:23.970,414.51510521432255,1001
2024-09-18 14:11:23.986,414.5862268527573,995
2024-09-18 14:11:24.023,414.5738504953856,102
2024-09-18 14:11:24.099,414.56481054287474,9
2024-09-18 14:11:24.137,414.6138284368913,11
2024-09-18 14:11:24.151,414.5601463165198,95
2024-09-18 14:11:24.156,414.59240924045616,101
2024-09-18 14:11:24.218,414.55614253038846,100
2024-09-18 14:11:24.284,414.59685698106,15
2024-09-18 14:11:24.289,414.5750438975424,7
2024-09-18 14:11:24.452,414.5930283191626,6
2024-09-18 14:11:24.469,414.5618239009873,14
2024-09-18 14:11:24.491,41.455384728723054,13
2024-09-18 14:11:24.512,414.5852063409152,99
2024-09-18 14:11:24.533,414.61807714579874,98
2024-09-18 14:11:24.584,414.5862047961014,1001
2024-09-18 14:11:24.651,414.57780764096447,5
2024-09-18 14:11:24.693,414.5464258735797,1000
2024-09-18 14:11:24.892,414.5704502911543,100
2024-09-18 14:11:24.923,414.6209413838541,999
2024-09-18 14:11:24.944,414.5710584284116,98
2024-09-18 14:11:24.953,-414.5498501654015,102
2024-09-18 14:11:25.137,414.5062461667029,103
2024-09-18 14:11:25.146,414.5167559384448,1002
2024-09-18 14:11:25.192,414.5652633895123,1002
2024-09-18 14:11:25.278,414.5248482050206,96
2024-09-18 14:11:25.294,414.5496824199704,105
2024-09-18 14:11:25.375,414.5392144973377,996
2024-09-18 14:11:25.402,414.5367368068201,103
2024-09-18 14:11:25.514,414.48882375568553,13
2024-09-18 14:11:25.519,414.5119206648528,105
2024-09-18 14:11:25.553,414.54813613274246,99
2024-09-18 14:11:25.609,414.4913701383318,7
2024-09-18 14:11:25.725,414.5597694843671,8
2024-09-18 14:11:25.731,414.47730418877865,105
2024-09-18 14:11:25.742,414.50383011441033,997
2024-09-18 14:11:25.780,414.578629557698,1000
2024-09-18 14:11:25.786,414.518065438816,104
2024-09-18 14:11:25.789,414.5361501210604,99
2024-09-18 14:11:25.797,414.5085095042702,9
2024-09-18 14:11:25.837,414.5067185089892,11
2024-09-18 14:11:25.842,414.48017461712993,11
2024-09-18 14:11:25.898,414.4917195541436,97
2024-09-18 14:11:25.971,414.53228737593287,13
2024-09-18 14:11:26.000,414.5652393256802,95
2024-09-18 14:11:26.002,414.5991848492581,1002
2024-09-18 14:11:26.022,,1003
2024-09-18 14:11:26.044,414.483839595768,12
2024-09-18 14:11:26.067,414.5602552553968,997
2024-09-18 14:11:26.175,414.5075757890888,104
2024-09-18 14:11:26.210,414.5328673609535,5
2024-09-18 14:11:26.244,-414.5618057149786,15
2024-09-18 14:11:26.275,414.5362585912658,14
2024-09-18 14:11:26.290,414.5927424937301,999
2024-09-18 14:11:26.359,414.54504220860446,999
2024-09-18 14:11:26.362,414.5654284617924,7
2024-09-18 14:11:26.424,-414.5613061087041,996
2024-09-18 14:11:26.545,414.53827090812,6
2024-09-18 14:11:26.583,414.500910057508,995
2024-09-18 14:11:26.588,414.5741828083622,98
2024-09-18 14:11:26.613,414.5381338264537,5
2024-09-18 14:11:26.712,414.48462785465455,12
2024-09-18 14:11:26.774,414.5711982593424,99
2024-09-18 14:11:26.783,414.5703992652316,9
2024-09-18 14:11:26.841,414.5062931767839,11
2024-09-18 14:11:26.880,414.5881653853175,102
2024-09-18 14:11:26.895,414.5979619952229,7
2024-09-18 14:11:26.933,414.5662532900406,95
2024-09-18 14:11:26.987,414.5878449144998,14
2024-09-18 14:11:27.091,414.58119169521314,104
2024-09-18 14:11:27.143,414.6070539105443,1001
2024-09-18 14:11:27.193,414.6607973140871,11
2024-09-18 14:11:27.209,414.6663350533514,1002
2024-09-18 14:11:27.360,,1003
2024-09-18 14:11:27.411,414.5982320124821,101
2024-09-18 14:11:27.417,,15
2024-09-18 14:11:27.445,414.6757762230377,102
2024-09-18 14:11:27.517,414.6072949263647,12
2024-09-18 14:11:27.562,414.61309859696206,13
2024-09-18 14:11:27.596,414.6647499928608,103
2024-09-18 14:11:27.682,414.5988102726746,998
2024-09-18 14:11:27.711,414.61155388875744,102
2024-09-18 14:11:27.838,414.5963232455485,100
2024-09-18 14:11:27.940,414.613546843143,999
2024-09-18 14:11:27.967,414.60708020454217,1002
2024-09-18 14:11:27.983,414.62800957449457,8
2024-09-18 14:11:27.994,414.6481154315165,997
2024-09-18 14:11:28.032,414.7044091715219,995
2024-09-18 14:11:28.125,414.7324351338664,6
2024-09-18 14:11:28.205,414.6833181070619,98
2024-09-18 14:11:28.300,414.7192665419656,1001
2024-09-18 14:11:28.302,414.67557194276856,101
2024-09-18 14:11:28.343,-414.7033982759826,9
2024-09-18 14:11:28.371,414.6962369191036,1005
2024-09-18 14:11:28.388,414.73170585018033,8
2024-09-18 14:11:28.388,414.71381035590497,10
2024-09-18 14:11:28.426,414.6893748743462,995
2024-09-18 14:11:28.426,414.6749686384686,997
2024-09-18 14:11:28.442,414.6909318243802,102
2024-09-18 14:11:28.486,414.6821529604367,8
2024-09-18 14:11:28.637,414.6968714007178,5
2024-09-18 14:11:28.682,414.6664171155313,1000
2024-09-18 14:11:28.684,414.692607560936,95
2024-09-18 14:11:28.713,414.7318931063178,99
2024-09-18 14:11:28.742,414.729271251416,995
2024-09-18 14:11:28.779,414.6884621222656,996
2024-09-18 14:11:28.903,414.7130603901624,1001
2024-09-18 14:11:28.924,414.691099532736,8
2024-09-18 14:11:28.959,414.733102794516,6
2024-09-18 14:11:28.974,41.47352702170284,10
2024-09-18 14:11:29.820,414.70390132273087,10
2024-09-18 14:11:29.840,414.7353716942224,11
2024-09-18 14:11:29.887,414.72425529020825,7
2024-09-18 14:11:30.002,414.6954995047569,1000
2024-09-18 14:11:30.058,414.6336469153159,95
2024-09-18 14:11:30.230,414.681614011913,103
2024-09-18 14:11:30.258,414.6969556446815,99
2024-09-18 14:11:30.260,414.64053211034906,104
2024-09-18 14:11:30.281,414.6451044672676,96
2024-09-18 14:11:30.300,414.7041669439455,95
2024-09-18 14:11:30.393,414.7260854333613,105
2024-09-18 14:11:30.415,414.6963329983387,101
2024-09-18 14:11:30.419,414.7071224427623,95
2024-09-18 14:11:30.440,414.6433609538137,996
2024-09-18 14:11:30.489,414.62018305883566,98
2024-09-18 14:11:30.505,414.7366489181185,100
2024-09-18 14:11:30.533,414.67189109707385,101
2024-09-18 14:11:30.596,414.7123969624122,1003
2024-09-18 14:11:30.605,414.6353197042167,14
2024-09-18 14:11:30.613,414.6974370387719,996
2024-09-18 14:11:30.626,414.61575687899455,6
2024-09-18 14:11:30.639,-414.6988340934012,995
2024-09-18 14:11:30.683,414.6415642647158,8
2024-09-18 14:11:30.737,414.6840221110936,104
2024-09-18 14:11:30.798,414.7283721197442,101
2024-09-18 14:11:30.830,414.6077488601483,996
2024-09-18 14:11:30.851,414.7305041573542,1003
2024-09-18 14:11:30.925,414.7428104297846,995
2024-09-18 14:11:30.964,414.7183040057183,104
2024-09-18 14:11:30.990,414.71552038943577,15
2024-09-18 14:11:31.094,414.6123132137347,12
2024-09-18 14:11:31.650,414.6050074942301,12
2024-09-18 14:11:31.899,414.6001535379076,99
2024-09-18 14:11:32.101,414.4757066259253,5
2024-09-18 14:11:32.107,414.6135205158004,100
2024-09-18 14:11:32.199,414.6115513616568,1001
2024-09-18 14:11:32.204,414.5140026693383,9
2024-09-18 14:11:32.267,414.48169934340433,102
2024-09-18 14:11:32.303,414.6173875308213,995
2024-09-18 14:11:32.306,414.5796081743978,996
2024-09-18 14:11:32.315,414.5223621549424,7
2024-09-18 14:11:32.344,414.45778474656873,101
2024-09-18 14:11:32.346,414.5819126778651,99
2024-09-18 14:11:32.354,414.59940390966,5
2024-09-18 14:11:32.371,414.4602498808793,995
2024-09-18 14:11:32.410,-414.5387482102944,104
2024-09-18 14:11:32.455,414.4613584300503,7
2024-09-18 14:11:32.486,414.46928532438335,7
2024-09-18 14:11:32.555,414.4820509872654,13
2024-09-18 14:11:32.621,414.59627386893146,999
2024-09-18 14:11:32.627,414.4831653027089,14
2024-09-18 14:11:32.673,414.5996972749561,96
2024-09-18 14:11:32.676,414.6145336927579,98
2024-09-18 14:11:32.714,414.6166481901915,1004
2024-09-18 14:11:32.718,414.5930520317486,998
2024-09-18 14:11:32.757,414.48686943615536,98
2024-09-18 14:11:32.764,414.6113232215516,10
2024-09-18 14:11:32.837,414.6077638785007,13
2024-09-18 14:11:32.842,414.4694818120184,12
2024-09-18 14:11:32.903,414.6047538243001,98
2024-09-18 14:11:32.906,414.482448923078,9
2024-09-18 14:11:32.931,414.47450588073735,15
2024-09-18 14:11:32.988,414.4778702719292,12
2024-09-18 14:11:33.082,414.4867951180888,95
2024-09-18 14:11:33.101,414.49770075414153,100
2024-09-18 14:11:33.195,414.5009896799979,997
2024-09-18 14:11:33.211,414.47074370792063,995
2024-09-18 14:11:33.295,414.5005197406112,6
2024-09-18 14:11:33.318,414.4944865294307,1004
2024-09-18 14:11:33.379,414.5031057060309,11
2024-09-18 14:11:33.462,414.4739986075684,12
2024-09-18 14:11:33.493,414.48210916598345,1001
2024-09-18 14:11:33.533,414.4775378995207,995
2024-09-18 14:11:33.565,414.48897606405376,1003
2024-09-18 14:11:33.598,414.4869886862938,12
2024-09-18 14:11:33.664,414.5007575935613,14
2024-09-18 14:11:33.670,414.4865166321277,1004
2024-09-18 14:11:33.725,414.48548100349706,11
2024-09-18 14:11:33.761,414.5031824537351,101
2024-09-18 14:11:33.784,414.5112709132805,95
2024-09-18 14:11:33.853,414.4976151519206,9
2024-09-18 14:11:33.903,414.48231632512005,5
2024-09-18 14:11:33.930,414.49674353255193,101
2024-09-18 14:11:33.940,414.50166078853545,1004
2024-09-18 14:11:33.954,414.4914008611488,5
2024-09-18 14:11:33.961,414.4855111522685,105
2024-09-18 14:11:34.089,414.459818091169,99
2024-09-18 14:11:34.162,414.4746458264268,9
2024-09-18 14:11:34.223,414.4592081033308,998
2024-09-18 14:11:34.291,414.4611886311716,997
2024-09-18 14:11:34.316,414.4742767752187,999
2024-09-18 14:11:35.012,414.528921871237,1003
2024-09-18 14:11:35.191,414.4882574057147,102
2024-09-18 14:11:35.224,414.48725366870224,98
2024-09-18 14:11:35.268,414.4852866270712,997
2024-09-18 14:11:35.302,414.5391598758976,996
2024-09-18 14:11:35.332,414.5341491354875,1001
2024-09-18 14:11:35.400,414.5256213913078,100
2024-09-18 14:11:35.451,414.52098208048216,12
2024-09-18 14:11:35.475,414.4919992406017,5
2024-09-18 14:11:35.516,414.5088947413682,1000
2024-09-18 14:11:35.599,414.5085149613256,105
2024-09-18 14:11:35.635,414.4954119049925,8
2024-09-18 14:11:35.646,414.5135943730186,6
2024-09-18 14:11:35.649,414.5191473308828,102
2024-09-18 14:11:35.650,414.49466643787184,14
2024-09-18 14:11:35.706,414.5085555269969,13
2024-09-18 14:11:35.845,414.49256766313937,8
2024-09-18 14:11:35.849,414.5419404757164,1001
2024-09-18 14:11:35.854,414.53099144517074,1001
2024-09-18 14:11:35.866,414.5023117077866,995
2024-09-18 14:11:35.877,414.53523423375856,6
2024-09-18 14:11:35.881,414.4886077824101,102
2024-09-18 14:11:35.924,414.5273734769231,99
2024-09-18 14:11:35.953,414.4851874531272,5
2024-09-18 14:11:35.983,414.4870014514082,14
2024-09-18 14:11:35.987,414.531665853897,1001
2024-09-18 14:11:36.178,414.50107446823336,995
2024-09-18 14:11:36.190,414.47048530969215,10
2024-09-18 14:11:36.243,414.470510050221,996
2024-09-18 14:11:36.339,414.4829917545697,997
2024-09-18 14:11:36.406,414.4842059142108,998
2024-09-18 14:11:36.597,414.49132101701423,14
2024-09-18 14:11:36.608,414.4874837941388,997
2024-09-18 14:11:36.632,414.464205001448,999
2024-09-18 14:11:36.776,414.4859718013978,95
2024-09-18 14:11:36.900,414.4751476304261,15
2024-09-18 14:11:38.639,414.4701359796076,999
2024-09-18 14:11:39.308,414.4172215093835,13
2024-09-18 14:11:39.367,414.4470983957236,8
2024-09-18 14:11:39.656,414.4674459361017,99
2024-09-18 14:11:39.703,414.4379908147915,105
2024-09-18 14:11:39.799,414.48602804269535,13
2024-09-18 14:11:39.889,414.4670343299126,1000
2024-09-18 14:11:39.889,414.4165260675923,14
2024-09-18 14:11:39.891,414.4695321062396,101
2024-09-18 14:11:40.021,414.4653190957159,1005
2024-09-18 14:11:40.059,414.4642519175353,998
2024-09-18 14:11:40.228,414.4788043507997,1000
2024-09-18 14:11:40.379,414.4572236129009,14
2024-09-18 14:11:40.417,414.48651212806175,7
2024-09-18 14:11:40.418,414.4797062516476,11
2024-09-18 14:11:40.469,414.4624395773682,96
2024-09-18 14:11:40.547,414.5025882347082,5
2024-09-18 14:11:40.589,414.4721888846488,103
2024-09-18 14:11:40.686,414.4363984017199,5
2024-09-18 14:11:40.747,414.47662408949503,9
2024-09-18 14:11:40.780,414.4759160717084,14
2024-09-18 14:11:40.831,414.432175420903,996
2024-09-18 14:11:40.880,414.4744055734999,6
2024-09-18 14:11:40.970,414.4347267999672,15
2024-09-18 14:11:41.060,414.4895258338713,97
2024-09-18 14:11:41.473,414.4758645211237,999
2024-09-18 14:11:41.649,414.4941221216792,9
2024-09-18 14:11:41.944,414.4927185333213,1004
2024-09-18 14:11:42.041,414.47503065830114,995
2024-09-18 14:11:42.047,414.47816539550615,97
2024-09-18 14:11:42.092,414.470117875982,12
2024-09-18 14:11:42.162,414.48140648539686,996
2024-09-18 14:11:42.261,414.4871159956551,997
2024-09-18 14:11:42.310,414.4752984173495,101
2024-09-18 14:11:42.353,414.4486632085821,105
2024-09-18 14:11:42.355,414.461821728499,1003
2024-09-18 14:11:42.434,414.4747700139479,99
2024-09-18 14:11:42.447,414.4585118413882,997
2024-09-18 14:11:42.450,414.472724178176,997
2024-09-18 14:11:42.485,414.5075714306661,104
2024-09-18 14:11:42.518,414.4718471171352,103
2024-09-18 14:11:42.544,414.4725371254034,10
2024-09-18 14:11:42.587,414.4459492657754,1000
2024-09-18 14:11:42.604,414.50749181453335,1000
2024-09-18 14:11:42.621,414.51432780477705,96
2024-09-18 14:11:42.672,414.500895874338,997
2024-09-18 14:11:42.807,414.4794533994304,97
2024-09-18 14:11:42.825,414.4997340688246,999
2024-09-18 14:11:42.849,414.4671611419359,14
2024-09-18 14:11:42.849,414.465683178915,995
2024-09-18 14:11:43.060,414.4974797720486,1001
2024-09-18 14:11:43.064,414.5005711709183,7
2024-09-18 14:11:43.068,414.5017919895213,98
2024-09-18 14:11:43.086,414.4924295655465,1000
2024-09-18 14:11:43.114,414.4766943749752,13
2024-09-18 14:11:43.222,414.5467481790761,995
2024-09-18 14:11:43.271,414.50029126752986,10
2024-09-18 14:11:43.280,414.4886116059924,103
2024-09-18 14:11:43.285,414.4971247435673,98
2024-09-18 14:11:43.317,414.5774756914742,995
2024-09-18 14:11:43.380,414.4686867008828,1005
2024-09-18 14:11:43.412,414.4875699974248,96
2024-09-18 14:11:43.450,414.4933417836965,101
2024-09-18 14:11:43.461,414.50038701260286,95
2024-09-18 14:11:43.548,414.5726227658275,97
2024-09-18 14:11:43.567,414.4939440218486,97
2024-09-18 14:11:43.589,414.4911836163326,98
2024-09-18 14:11:43.648,414.4729871312636,12
2024-09-18 14:11:43.685,414.5925510099448,1002
2024-09-18 14:11:43.686,414.5100262701319,96
2024-09-18 14:11:43.754,414.4927378524676,6
2024-09-18 14:11:43.840,414.49194832163175,1001
2024-09-18 14:11:43.857,414.5142534110118,7
2024-09-18 14:11:43.885,414.46763544296886,102
2024-09-18 14:11:43.908,414.4933687742631,102
2024-09-18 14:11:43.947,414.5113108334329,11
2024-09-18 14:11:44.179,414.5974215463689,1005
2024-09-18 14:11:44.369,414.6163877641281,96
2024-09-18 14:11:44.374,414.5766720746869,101
2024-09-18 14:11:44.575,414.5792191605097,1005
2024-09-18 14:11:44.738,414.5940656704065,96
2024-09-18 14:11:44.763,414.59966879183503,999
2024-09-18 14:11:44.924,414.581453374093,8
2024-09-18 14:11:44.981,414.5780640634048,13
2024-09-18 14:11:45.001,414.5416305974182,995
2024-09-18 14:11:45.066,414.5254413412885,99
2024-09-18 14:11:45.134,414.5558395053412,96
2024-09-18 14:11:45.187,414.52620762582814,96
2024-09-18 14:11:45.255,414.5846091279342,997
2024-09-18 14:11:45.279,414.5708152104702,14
2024-09-18 14:11:45.413,414.5714329920235,8
2024-09-18 14:11:45.419,414.58234570727234,1004
2024-09-18 14:11:45.464,414.5495123387175,102
2024-09-18 14:11:45.479,414.569570158406,96
2024-09-18 14:11:45.480,414.5314648749826,8
2024-09-18 14:11:45.487,414.5645880049751,1004
2024-09-18 14:11:45.536,414.600006619313,97
2024-09-18 14:11:45.546,414.5835000379817,1005
2024-09-18 14:11:45.578,414.58138477889895,103
2024-09-18 14:11:45.633,414.5765123772432,103
2024-09-18 14:11:45.667,414.5122013449264,14
2024-09-18 14:11:45.765,414.5278077399757,8
2024-09-18 14:11:46.424,414.5722474361366,11
2024-09-18 14:11:46.682,414.512104240988,9
2024-09-18 14:11:46.897,414.5410737943503,15
2024-09-18 14:11:46.978,414.525165138142,1004
2024-09-18 14:11:47.068,414.5152866117885,1001
2024-09-18 14:11:47.173,414.5087332694732,9
2024-09-18 14:11:47.250,414.5237705879036,998
2024-09-18 14:11:47.271,414.5032792436552,1004
2024-09-18 14:11:47.288,414.5257729430127,99
2024-09-18 14:11:47.290,414.4763481524374,1000
2024-09-18 14:11:47.393,414.5167543493552,1003
2024-09-18 14:11:47.394,414.4991040768549,998
2024-09-18 14:11:47.459,414.4921314488007,997
2024-09-18 14:11:47.603,414.50916915945896,1003
2024-09-18 14:11:47.624,414.5217072783413,10
2024-09-18 14:11:47.705,414.4882287668726,11
2024-09-18 14:11:47.709,414.484958458764,996
2024-09-18 14:11:47.750,414.52366747378807,11
2024-09-18 14:11:47.833,414.5228707080207,1000
2024-09-18 14:11:47.852,414.4974947688448,98
2024-09-18 14:11:47.871,414.5511340457087,1004
2024-09-18 14:11:47.885,414.5380958450251,1003
2024-09-18 14:11:47.907,414.51968983620907,97
2024-09-18 14:11:47.915,414.5096648383834,5
2024-09-18 14:11:48.030,414.5213739776751,99
2024-09-18 14:11:48.052,414.5269497175072,95
2024-09-18 14:11:48.098,414.5125082688292,102
2024-09-18 14:11:48.122,414.5194968113317,6
2024-09-18 14:11:48.187,414.5055944874538,102
2024-09-18 14:11:48.378,41.4541853929076,996
2024-09-18 14:11:48.457,414.51104353975137,104
2024-09-18 14:11:48.700,414.5235066048562,1001
2024-09-18 14:11:48.814,414.545533476749,10
2024-09-18 14:11:49.004,414.4875195791556,1004
2024-09-18 14:11:49.092,414.50985513289686,105
2024-09-18 14:11:49.108,414.4883318855379,95
2024-09-18 14:11:49.126,414.5252727608505,95
2024-09-18 14:11:49.170,414.4751258334244,996
2024-09-18 14:11:49.219,414.47857302156615,6
2024-09-18 14:11:49.262,414.5030153812964,15
2024-09-18 14:11:49.293,414.5349268579394,99
2024-09-18 14:11:49.307,414.4827534437396,15
2024-09-18 14:11:49.330,414.4876215529264,1000
2024-09-18 14:11:49.357,414.4961750874056,96
2024-09-18 14:11:49.374,414.54486228064064,14
2024-09-18 14:11:49.422,414.5030108312118,1004
2024-09-18 14:11:49.457,414.4985075948479,13
2024-09-18 14:11:49.555,414.5383736035719,5
2024-09-18 14:11:49.566,414.5285133703264,12
2024-09-18 14:11:49.577,414.49144938797457,11
2024-09-18 14:11:49.578,414.551139035758,1002
2024-09-18 14:11:49.627,414.5088680163545,1001
2024-09-18 14:11:49.631,414.5560999713548,1005
2024-09-18 14:11:49.659,414.49950971567455,7
2024-09-18 14:11:49.670,414.5603810392768,9
2024-09-18 14:11:49.784,414.5030164724527,7
2024-09-18 14:11:49.823,414.5260060360336,95
2024-09-18 14:11:49.825,414.4815940317722,96
2024-09-18 14:11:49.833,414.496053701333,12
2024-09-18 14:11:49.858,414.4976491510572,97
2024-09-18 14:11:49.877,414.5163086660485,97
2024-09-18 14:11:49.939,414.5255396428332,101
2024-09-18 14:11:50.245,414.5137214917792,95
2024-09-18 14:11:50.266,414.4926365011441,12
2024-09-18 14:11:50.466,414.5002223831136,95
2024-09-18 14:11:50.632,414.5218830730435,13
2024-09-18 14:11:50.732,414.5189141801112,96
2024-09-18 14:11:50.825,414.5171780779388,6
2024-09-18 14:11:51.024,414.4536797930006,14
2024-09-18 14:11:51.034,-414.54762340098375,97
2024-09-18 14:11:51.055,414.4654836575165,14
2024-09-18 14:11:51.076,414.4264734878916,10
2024-09-18 14:11:51.097,414.4392277354124,12
2024-09-18 14:11:51.180,414.4379687995889,11
2024-09-18 14:11:51.239,414.5472858647194,11
2024-09-18 14:11:51.300,414.5513948540606,1005
2024-09-18 14:11:51.301,414.49845044085305,1001
2024-09-18 14:11:51.329,414.5354066126008,9
2024-09-18 14:11:51.358,414.426145817046,97
2024-09-18 14:11:51.408,414.4529627167153,996
2024-09-18 14:11:51.444,414.4899763156152,5
2024-09-18 14:11:51.502,414.4460866850824,999
2024-09-18 14:11:51.511,414.5357899570799,105
2024-09-18 14:11:51.524,414.4879565459343,105
2024-09-18 14:11:51.575,414.4424133079843,997
2024-09-18 14:11:51.643,414.4637030705191,98
2024-09-18 14:11:51.672,414.5093266730689,100
2024-09-18 14:11:51.705,414.5434580788855,9
2024-09-18 14:11:51.718,414.4561108405544,5
2024-09-18 14:11:51.719,414.41902443724143,15
2024-09-18 14:11:51.789,414.4800719490578,99
2024-09-18 14:11:51.801,414.5177406258351,104
2024-09-18 14:11:51.801,414.4242352683402,998
2024-09-18 14:11:51.846,414.53948168157865,1003
2024-09-18 14:11:51.908,414.452133173294,11
2024-09-18 14:11:51.929,414.4801310526772,14
2024-09-18 14:11:52.876,414.4336546847194,10
2024-09-18 14:11:53.079,414.4606578895531,13
2024-09-18 14:11:53.140,,98
2024-09-18 14:11:53.152,414.4384759378119,1005
2024-09-18 14:11:53.251,414.46354599867175,104
2024-09-18 14:11:53.263,414.5073723403706,999
2024-09-18 14:11:53.340,414.4412519494925,1004
2024-09-18 14:11:53.412,414.5104956698261,11
2024-09-18 14:11:53.447,414.4672621160857,15
2024-09-18 14:11:53.559,414.4414251899691,13
2024-09-18 14:11:53.587,414.5180500577421,996
2024-09-18 14:11:53.593,414.46086867406655,6
2024-09-18 14:11:53.663,414.4739664809039,105
2024-09-18 14:11:53.675,414.5138078648184,14
2024-09-18 14:11:53.727,414.455935732436,11
2024-09-18 14:11:53.855,414.4837916977245,6
2024-09-18 14:11:53.892,414.4525782902,99
2024-09-18 14:11:53.937,414.4515068556405,998
2024-09-18 14:11:53.965,414.4937001791206,104
2024-09-18 14:11:53.984,414.4369326776512,997
2024-09-18 14:11:54.025,414.4852241864799,104
2024-09-18 14:11:54.026,414.4344657601304,10
2024-09-18 14:11:54.071,414.45948474852815,97
2024-09-18 14:11:54.120,414.46417836079513,14
2024-09-18 14:11:54.172,414.50245389439016,102
2024-09-18 14:11:54.267,414.4739232296408,98
2024-09-18 14:11:54.304,414.44127786857206,995
2024-09-18 14:11:54.329,414.5077887143008,13
2024-09-18 14:11:54.339,414.4556882007701,1000
2024-09-18 14:11:54.386,414.4364770867911,997
2024-09-18 14:11:54.410,414.45989374836216,6
2024-09-18 14:11:54.412,414.4454860997784,101
2024-09-18 14:11:54.445,414.4425860631163,104
2024-09-18 14:11:54.450,414.4871176996532,102
2024-09-18 14:11:54.504,414.4660568242277,12
2024-09-18 14:11:54.514,414.4663275070495,14
2024-09-18 14:11:54.518,414.4635683550672,7
2024-09-18 14:11:54.549,414.4327033567079,105
2024-09-18 14:11:54.710,414.4691302470399,13
2024-09-18 14:11:54.743,414.46345642214,13
2024-09-18 14:11:54.744,414.45386331225137,7
2024-09-18 14:11:54.765,414.5012639736312,1004
2024-09-18 14:11:54.831,414.51130561897,1001
2024-09-18 14:11:54.855,414.4455632397609,12
2024-09-18 14:11:54.874,414.4424103655608,8
2024-09-18 14:11:54.938,414.4714838314496,101
2024-09-18 14:11:55.000,414.450246767506,1001
2024-09-18 14:11:55.012,414.4665108782606,101
2024-09-18 14:11:55.014,414.4790835424609,1005
2024-09-18 14:11:55.036,414.4788642449091,996
2024-09-18 14:11:55.037,414.4847375957456,5
2024-09-18 14:11:55.158,414.4703848500792,98
2024-09-18 14:11:55.159,414.4777282697398,1003
2024-09-18 14:11:55.205,414.47295516320463,995
2024-09-18 14:11:55.310,414.4763825296512,5
2024-09-18 14:11:55.313,414.4769107648633,103
2024-09-18 14:11:55.339,414.4715699290565,995
2024-09-18 14:11:55.387,414.464419150911,14
2024-09-18 14:11:55.490,414.4753620511021,101
2024-09-18 14:11:55.502,414.469717184549,1005
2024-09-18 14:11:55.520,414.4564411677389,98
2024-09-18 14:11:55.559,41.44745523893314,103
2024-09-18 14:11:55.567,414.49713102734097,6
2024-09-18 14:11:55.614,414.4609122316977,1000
2024-09-18 14:11:55.633,414.4615825942278,9
2024-09-18 14:11:55.650,414.5021936355169,9
2024-09-18 14:11:55.741,414.4634918708141,1001
2024-09-18 14:11:55.788,414.46579150411776,10
2024-09-18 14:11:55.806,414.50235189728994,95
2024-09-18 14:11:55.824,414.4862513305532,995
2024-09-18 14:11:55.831,414.4705561640892,11
2024-09-18 14:11:55.898,414.4623981566591,997
2024-09-18 14:11:55.933,414.4664186704057,9
2024-09-18 14:11:55.967,414.4986916212329,998
2024-09-18 14:11:55.973,414.4672560799031,97
2024-09-18 14:11:55.988,414.47397096324687,105
2024-09-18 14:11:56.709,414.47097566342313,8
2024-09-18 14:11:56.746,414.4629377783191,95
2024-09-18 14:11:56.953,41.44656060180148,97
2024-09-18 14:11:57.006,414.499055995416,1003
2024-09-18 14:11:57.016,414.48079023785886,102
2024-09-18 14:11:57.035,414.5024408098705,12
2024-09-18 14:11:57.048,414.5046283745574,99
2024-09-18 14:11:57.094,414.4725106508367,103
2024-09-18 14:11:57.148,414.4632807540688,1004
2024-09-18 14:11:57.171,414.49485227675984,1004
2024-09-18 14:11:57.189,414.5091364559733,100
2024-09-18 14:11:57.230,414.5139885052092,9
2024-09-18 14:11:57.341,-414.4816093690425,1000
2024-09-18 14:11:57.367,414.5007072674335,11
2024-09-18 14:11:57.384,414.5052954607278,9
2024-09-18 14:11:57.409,414.4854845018592,1000
2024-09-18 14:11:57.419,414.4902865061317,7
2024-09-18 14:11:57.433,414.47250114899714,103
2024-09-18 14:11:57.524,414.4808728806602,995
2024-09-18 14:11:57.563,414.4904564349029,1004
2024-09-18 14:11:57.574,414.4954216405413,997
2024-09-18 14:11:57.584,414.4912121415002,1004
2024-09-18 14:11:57.632,414.4915887758537,104
2024-09-18 14:11:57.693,414.4955147414517,102
2024-09-18 14:11:57.766,414.49135913637934,996
2024-09-18 14:11:57.772,414.46848260850805,103
2024-09-18 14:11:57.795,414.5014111796313,1002
2024-09-18 14:11:57.874,414.48352160513446,100
2024-09-18 14:11:57.915,414.4791746945178,1002
2024-09-18 14:11:57.965,414.4844787353782,101
2024-09-18 14:11:58.330,414.4914200385954,11
2024-09-18 14:11:58.527,414.5331707045042,999
2024-09-18 14:11:58.544,414.4775748392836,6
2024-09-18 14:11:58.609,414.5096190037188,15
2024-09-18 14:11:58.627,414.5442164197074,11
2024-09-18 14:11:58.707,414.5425033962372,995
2024-09-18 14:11:58.901,414.47418170000776,1003
2024-09-18 14:11:59.000,414.5116858589659,995
2024-09-18 14:11:59.061,414.5090537381545,100
2024-09-18 14:11:59.081,414.5208829858794,98
2024-09-18 14:11:59.130,414.4888581079186,100
2024-09-18 14:11:59.153,414.48910242512153,96
2024-09-18 14:11:59.193,414.4698656741337,11
2024-09-18 14:11:59.220,414.474455755981,95
2024-09-18 14:11:59.244,414.4926020336383,10
2024-09-18 14:11:59.284,414.486332275709,6
2024-09-18 14:11:59.312,414.492216218264,1000
2024-09-18 14:11:59.343,414.5039990835626,102
2024-09-18 14:11:59.380,414.49476766442,102
2024-09-18 14:11:59.395,414.48277646911765,8
2024-09-18 14:11:59.479,414.4661655574748,15
2024-09-18 14:11:59.495,414.4733960404789,10
2024-09-18 14:11:59.529,414.5096325823597,1005
2024-09-18 14:11:59.561,414.50098538903313,95
2024-09-18 14:11:59.563,414.5057147577931,15
2024-09-18 14:11:59.571,414.4819385240935,1005
2024-09-18 14:11:59.593,414.502464308201,1002
2024-09-18 14:11:59.651,414.51631026742456,103
2024-09-18 14:11:59.671,414.4856077673249,1001
2024-09-18 14:11:59.770,414.4614874577368,1003
2024-09-18 14:11:59.835,414.469947958616,997
2024-09-18 14:11:59.920,414.5205417113394,102
