Timestamp,Price,Size
2024-09-19 11:24:00.138,420.2095821907119,995
2024-09-19 11:24:00.237,420.1812307506135,97
2024-09-19 11:24:00.359,420.19241266176186,104
2024-09-19 11:24:00.446,420.17236259138,95
2024-09-19 11:24:00.675,420.2202431717435,1005
2024-09-19 11:24:00.804,420.205594771096,105
2024-09-19 11:24:00.977,420.20383081609776,98
2024-09-19 11:24:01.076,420.2326010597377,104
2024-09-19 11:24:01.163,420.2134961797502,11
2024-09-19 11:24:01.201,420.2135643375589,99
2024-09-19 11:24:01.224,420.21126753434623,13
2024-09-19 11:24:01.287,420.20237486193525,101
2024-09-19 11:24:01.322,420.2340970220622,1005
2024-09-19 11:24:01.397,420.2391807516596,998
2024-09-19 11:24:01.406,420.2081758849767,99
2024-09-19 11:24:01.432,420.21964131486095,105
2024-09-19 11:24:01.432,420.21217407120776,102
2024-09-19 11:24:01.576,420.2246080535169,1004
2024-09-19 11:24:01.576,420.1904315268879,14
2024-09-19 11:24:01.626,420.22301337945913,9
2024-09-19 11:24:01.934,420.2038154372558,1004
2024-09-19 11:24:02.063,420.25735694722806,103
2024-09-19 11:24:02.182,420.2116757877863,998
2024-09-19 11:24:02.192,420.2603598495117,6
2024-09-19 11:24:02.199,420.22792947345306,997
2024-09-19 11:24:02.248,420.2288773802724,12
2024-09-19 11:24:02.354,420.22747560023777,998
2024-09-19 11:24:02.356,420.19624327628935,100
2024-09-19 11:24:02.424,420.25222574996167,103
2024-09-19 11:24:02.433,420.2671361613429,102
2024-09-19 11:24:02.481,420.2393574268893,102
2024-09-19 11:24:02.486,420.2583029145503,998
2024-09-19 11:24:02.515,420.2665276802129,6
2024-09-19 11:24:02.524,420.24081557207234,1003
2024-09-19 11:24:02.579,420.2282359819077,102
2024-09-19 11:24:02.602,420.2242368301703,97
2024-09-19 11:24:02.628,420.2219859433801,995
2024-09-19 11:24:02.661,420.2527935738304,8
2024-09-19 11:24:02.669,420.2420062270205,101
2024-09-19 11:24:02.677,420.25668885805067,7
2024-09-19 11:24:02.693,420.2375431211376,8
2024-09-19 11:24:02.694,420.2440122938859,1002
2024-09-19 11:24:02.694,420.2519616506298,98
2024-09-19 11:24:02.758,420.2506840265624,1000
2024-09-19 11:24:02.783,-420.24164049570953,13
2024-09-19 11:24:02.969,420.2562271152395,999
2024-09-19 11:24:03.045,420.27323417780144,102
2024-09-19 11:24:03.228,420.2560532500252,13
2024-09-19 11:24:03.252,420.261575179174,11
2024-09-19 11:24:03.269,420.2408281391509,102
2024-09-19 11:24:03.338,420.2029789578903,101
2024-09-19 11:24:03.361,420.2405796378116,995
2024-09-19 11:24:03.473,420.2479379755614,97
2024-09-19 11:24:03.590,420.2178654735823,997
2024-09-19 11:24:03.601,420.28439771796303,10
2024-09-19 11:24:03.630,420.2369397170736,10
2024-09-19 11:24:03.631,420.2349584534966,10
2024-09-19 11:24:03.863,420.2317241500968,1003
2024-09-19 11:24:04.212,420.2281404231792,1000
2024-09-19 11:24:04.482,420.2102073253082,1005
2024-09-19 11:24:04.615,420.2078717960563,10
2024-09-19 11:24:04.983,420.2160408927655,102
2024-09-19 11:24:05.089,420.260049073316,996
2024-09-19 11:24:05.109,420.2725927123968,105
2024-09-19 11:24:05.449,420.2500426267204,999
2024-09-19 11:24:05.467,420.2745999387541,996
2024-09-19 11:24:05.552,420.2504377954276,15
2024-09-19 11:24:05.607,420.2267271826051,9
2024-09-19 11:24:05.661,420.2633045814345,104
2024-09-19 11:24:05.799,420.2981121921957,1003
2024-09-19 11:24:05.870,420.2363668791404,8
2024-09-19 11:24:05.915,420.24957919796174,95
2024-09-19 11:24:05.917,420.28663528006615,15
2024-09-19 11:24:05.920,420.3047860258436,97
2024-09-19 11:24:06.100,420.2961691659564,97
2024-09-19 11:24:06.105,420.3277713268545,996
2024-09-19 11:24:06.113,420.28973384618126,1002
2024-09-19 11:24:06.116,420.291809905038,1005
2024-09-19 11:24:06.335,420.3154885235268,15
2024-09-19 11:24:06.450,420.30088647333855,1003
2024-09-19 11:24:06.545,420.29566196525366,99
2024-09-19 11:24:06.560,420.2873767055875,102
2024-09-19 11:24:06.580,420.2933057531067,105
2024-09-19 11:24:06.585,420.29600954172,995
2024-09-19 11:24:06.596,420.2895698740936,996
2024-09-19 11:24:06.642,420.2977270093926,1002
2024-09-19 11:24:06.706,420.3009807050757,996
2024-09-19 11:24:06.848,420.2890098034455,7
2024-09-19 11:24:06.873,420.309118795057,1003
2024-09-19 11:24:06.882,420.3106590151572,99
2024-09-19 11:24:06.910,420.2996765356582,97
2024-09-19 11:24:06.993,420.30261970470656,105
2024-09-19 11:24:07.317,420.2930650477314,13
2024-09-19 11:24:08.233,420.2579178412732,1001
2024-09-19 11:24:08.306,420.2666223901242,14
2024-09-19 11:24:08.332,420.29297029433,14
2024-09-19 11:24:08.539,420.308078585132,1001
2024-09-19 11:24:08.561,420.266639932385,96
2024-09-19 11:24:08.563,420.2623599264225,1002
2024-09-19 11:24:08.634,420.28768467788086,8
2024-09-19 11:24:08.670,420.2710045959711,97
2024-09-19 11:24:08.697,420.2646368670871,105
2024-09-19 11:24:08.766,420.3060332319304,100
2024-09-19 11:24:08.824,420.2919702777158,96
2024-09-19 11:24:09.064,420.2969336115997,1000
2024-09-19 11:24:09.085,420.3097048906759,5
2024-09-19 11:24:09.143,420.2849308506332,9
2024-09-19 11:24:09.363,420.2833805641678,998
2024-09-19 11:24:09.472,420.29732342685946,12
2024-09-19 11:24:09.613,420.2908855935116,5
2024-09-19 11:24:09.714,420.3127597486535,5
2024-09-19 11:24:09.922,420.2670280859914,1004
2024-09-19 11:24:11.020,420.3685634287918,98
2024-09-19 11:24:11.050,420.3570574985281,98
2024-09-19 11:24:11.119,420.3518737166007,1001
2024-09-19 11:24:11.155,420.3099108140979,103
2024-09-19 11:24:11.260,420.3474660441656,104
2024-09-19 11:24:11.261,420.35018169697673,1005
2024-09-19 11:24:11.278,420.354767015953,100
2024-09-19 11:24:11.366,420.3598081192005,100
2024-09-19 11:24:11.377,420.32227252393966,15
2024-09-19 11:24:11.390,420.34642405937353,102
2024-09-19 11:24:11.391,420.3646407305092,10
2024-09-19 11:24:11.427,420.3506120351744,97
2024-09-19 11:24:11.493,420.3568009127703,100
2024-09-19 11:24:11.576,420.3615529932703,9
2024-09-19 11:24:11.719,420.3643613087029,999
2024-09-19 11:24:11.753,420.3841069388527,1002
2024-09-19 11:24:11.798,420.3719487185076,15
2024-09-19 11:24:11.896,420.3535438251138,5
2024-09-19 11:24:11.908,420.3696085869568,10
2024-09-19 11:24:11.923,420.36535691414167,14
2024-09-19 11:24:11.930,420.3805289315324,12
2024-09-19 11:24:11.936,420.3768465381754,98
2024-09-19 11:24:12.076,420.3872728859164,999
2024-09-19 11:24:12.099,420.3706488311404,996
2024-09-19 11:24:12.101,420.3930151530126,96
2024-09-19 11:24:12.111,420.3702437789189,1003
2024-09-19 11:24:12.121,420.38804041158056,102
2024-09-19 11:24:12.130,420.3706718833874,101
2024-09-19 11:24:12.130,420.369958633884,101
2024-09-19 11:24:12.236,420.3715593606578,103
2024-09-19 11:24:12.236,420.3974984408172,9
2024-09-19 11:24:12.344,420.40116621647655,102
2024-09-19 11:24:12.362,420.3945614007106,13
2024-09-19 11:24:12.460,420.4028850284789,105
2024-09-19 11:24:12.549,420.39427975715006,102
2024-09-19 11:24:12.592,420.35731499708425,105
2024-09-19 11:24:12.600,420.3768918839562,9
2024-09-19 11:24:12.608,420.35245567071314,1003
2024-09-19 11:24:12.611,420.357683183129,97
2024-09-19 11:24:12.618,420.3550087629084,8
2024-09-19 11:24:12.643,420.3876059423559,97
2024-09-19 11:24:12.644,420.3767040753714,997
2024-09-19 11:24:12.675,420.3666480977284,6
2024-09-19 11:24:12.812,420.3454469196905,10
2024-09-19 11:24:12.875,420.398705149775,103
2024-09-19 11:24:12.906,420.3601515015723,10
2024-09-19 11:24:12.913,420.3917736829716,13
2024-09-19 11:24:12.924,420.3900013358965,14
2024-09-19 11:24:13.005,420.38397222485816,998
2024-09-19 11:24:13.023,420.4317974844292,1002
2024-09-19 11:24:13.115,420.4762235581559,7
2024-09-19 11:24:13.208,420.4301566377619,5
2024-09-19 11:24:13.218,420.46007659712944,105
2024-09-19 11:24:13.286,420.3940575334124,101
2024-09-19 11:24:13.310,420.3830140927308,98
2024-09-19 11:24:13.389,420.41980655255645,104
2024-09-19 11:24:13.398,420.3748897880822,9
2024-09-19 11:24:13.423,420.4232421360732,97
2024-09-19 11:24:13.467,420.3809809882307,98
2024-09-19 11:24:13.545,420.43733886807337,95
2024-09-19 11:24:13.633,420.4928564812932,11
2024-09-19 11:24:13.635,420.4356727518664,999
2024-09-19 11:24:13.639,420.38107830318086,97
2024-09-19 11:24:13.654,420.4136670570318,10
2024-09-19 11:24:13.661,420.44364101251375,7
2024-09-19 11:24:13.749,420.4435114686726,1000
2024-09-19 11:24:13.766,420.4787604289829,1005
2024-09-19 11:24:13.793,420.3907044203671,104
2024-09-19 11:24:13.805,-420.4388995925325,105
2024-09-19 11:24:13.843,420.4674287113961,103
2024-09-19 11:24:13.844,420.455598397616,105
2024-09-19 11:24:13.872,420.3844175813733,999
2024-09-19 11:24:13.873,420.446001576482,1001
2024-09-19 11:24:13.939,420.4393621947369,8
2024-09-19 11:24:13.956,420.3991435917685,6
2024-09-19 11:24:13.995,420.4681731717612,104
2024-09-19 11:24:14.051,420.48910060887175,6
2024-09-19 11:24:14.117,420.4829155167571,13
2024-09-19 11:24:14.173,420.4904076591649,8
2024-09-19 11:24:14.188,42.046434321611706,1003
2024-09-19 11:24:14.319,420.4912744243132,100
2024-09-19 11:24:14.324,420.4798181159107,98
2024-09-19 11:24:14.439,420.4775202798255,98
2024-09-19 11:24:14.512,420.47675345467786,14
2024-09-19 11:24:14.644,420.4746435303022,100
2024-09-19 11:24:14.703,420.50143093956575,6
2024-09-19 11:24:14.727,420.4955922212958,105
2024-09-19 11:24:14.955,420.47243513050944,995
2024-09-19 11:24:14.975,420.50511106859545,103
2024-09-19 11:24:15.069,420.4810563079177,98
2024-09-19 11:24:15.138,420.5113630556308,103
2024-09-19 11:24:15.281,420.5159078786166,8
2024-09-19 11:24:15.527,420.4658618203353,6
2024-09-19 11:24:15.918,420.4886769649587,15
2024-09-19 11:24:15.977,420.48819712334654,101
2024-09-19 11:24:16.021,420.4461195955004,100
2024-09-19 11:24:16.115,420.4723267243908,1000
2024-09-19 11:24:16.182,420.48216925469336,8
2024-09-19 11:24:16.193,420.45248291578906,1003
2024-09-19 11:24:16.199,420.44885703216704,13
2024-09-19 11:24:16.238,,1004
2024-09-19 11:24:16.241,420.4174425900364,1003
2024-09-19 11:24:16.261,420.484210689932,95
2024-09-19 11:24:16.372,420.4621371397213,997
2024-09-19 11:24:16.506,420.4871185631064,995
2024-09-19 11:24:16.539,420.4650275104832,1005
2024-09-19 11:24:16.581,420.44901108986505,1001
2024-09-19 11:24:16.605,420.4456785603124,996
2024-09-19 11:24:16.619,420.44451144659433,1004
2024-09-19 11:24:16.713,420.4802623704752,15
2024-09-19 11:24:16.753,420.47449264689067,11
2024-09-19 11:24:17.038,420.4348717233712,1003
2024-09-19 11:24:17.039,420.51950526268206,100
2024-09-19 11:24:17.124,420.4384015689671,105
2024-09-19 11:24:17.153,420.50986206051874,995
2024-09-19 11:24:17.239,420.4408433161679,9
2024-09-19 11:24:17.247,420.5734668120772,100
2024-09-19 11:24:17.359,420.5438935047725,8
2024-09-19 11:24:17.400,420.4325535616886,5
2024-09-19 11:24:17.421,420.552279492818,11
2024-09-19 11:24:17.457,420.43917198122006,1001
2024-09-19 11:24:17.477,420.4389917334247,105
2024-09-19 11:24:17.493,420.43374430644576,12
2024-09-19 11:24:17.513,420.4274950142526,96
2024-09-19 11:24:17.518,420.4282874559225,98
2024-09-19 11:24:17.578,420.4857575698241,998
2024-09-19 11:24:17.625,420.41940714860095,1000
2024-09-19 11:24:17.644,420.4294055885748,1003
2024-09-19 11:24:17.730,420.5586083710929,6
2024-09-19 11:24:17.760,420.4680336999601,97
2024-09-19 11:24:17.771,420.4289182940474,14
2024-09-19 11:24:17.800,420.57116819052567,997
2024-09-19 11:24:17.811,420.4261831019571,13
2024-09-19 11:24:17.870,420.437883046474,11
2024-09-19 11:24:17.904,420.4292588877936,95
2024-09-19 11:24:17.911,420.52087379761633,1001
2024-09-19 11:24:17.927,420.5518155313291,11
2024-09-19 11:24:17.927,420.5664229654784,14
2024-09-19 11:24:17.995,420.4840896877258,99
2024-09-19 11:24:17.998,420.5438800924495,97
2024-09-19 11:24:18.004,420.5850805389274,1004
2024-09-19 11:24:18.127,420.55882210102726,1003
2024-09-19 11:24:18.130,420.5771757419741,5
2024-09-19 11:24:18.222,420.5696564221348,995
2024-09-19 11:24:18.353,420.5730489711461,1002
2024-09-19 11:24:18.437,420.5809581013744,999
2024-09-19 11:24:18.463,420.582747698646,8
2024-09-19 11:24:18.507,420.5704122410851,10
2024-09-19 11:24:18.547,420.57105255923307,12
2024-09-19 11:24:18.551,420.5776138113212,99
2024-09-19 11:24:18.572,420.59690294891465,1004
2024-09-19 11:24:18.606,420.55374098419577,97
2024-09-19 11:24:18.619,,995
2024-09-19 11:24:18.688,420.585636234022,13
2024-09-19 11:24:18.713,420.561749785606,98
2024-09-19 11:24:18.721,420.579546557527,14
2024-09-19 11:24:18.777,420.5678642643476,1000
2024-09-19 11:24:18.831,420.5485931770207,1000
2024-09-19 11:24:18.836,420.5714849961978,9
2024-09-19 11:24:18.866,420.5872163954965,13
2024-09-19 11:24:18.888,420.5686293673875,95
2024-09-19 11:24:18.993,420.5839014668891,100
2024-09-19 11:24:19.021,420.5136797915984,1005
2024-09-19 11:24:19.081,420.5670080699813,104
2024-09-19 11:24:19.089,420.49195110943367,999
2024-09-19 11:24:19.112,420.5070704138713,995
2024-09-19 11:24:19.160,420.57320579936106,997
2024-09-19 11:24:19.232,420.5580292623233,97
2024-09-19 11:24:19.488,420.54705370914775,99
2024-09-19 11:24:19.514,420.5460919289534,15
2024-09-19 11:24:19.526,420.5753971419422,100
2024-09-19 11:24:19.608,420.5270879660823,1001
2024-09-19 11:24:19.712,420.5615357032592,11
2024-09-19 11:24:19.731,420.5817139417953,12
2024-09-19 11:24:19.909,420.5678893636575,1002
2024-09-19 11:24:20.176,420.54394220177176,8
2024-09-19 11:24:20.226,420.4831634121065,9
2024-09-19 11:24:20.270,420.515875592041,95
2024-09-19 11:24:20.312,420.5716479013191,9
2024-09-19 11:24:20.372,420.52045771192434,1003
2024-09-19 11:24:20.462,420.5020467733569,6
2024-09-19 11:24:20.515,420.5101384388908,995
2024-09-19 11:24:20.585,420.4915240636991,999
2024-09-19 11:24:20.667,420.47696317692345,98
2024-09-19 11:24:20.701,420.5304008249801,996
2024-09-19 11:24:20.705,420.5360475342482,1003
2024-09-19 11:24:20.747,420.5319982411744,13
2024-09-19 11:24:20.780,420.5298795993089,997
2024-09-19 11:24:20.829,420.4963781292632,15
2024-09-19 11:24:20.837,420.5636239957108,103
2024-09-19 11:24:20.913,420.5424229765172,95
2024-09-19 11:24:21.997,420.5596763419758,999
2024-09-19 11:24:22.240,420.5153036033447,97
2024-09-19 11:24:22.341,420.5132189200544,105
2024-09-19 11:24:22.457,420.5113282385869,14
2024-09-19 11:24:22.467,420.5168526704713,999
2024-09-19 11:24:22.504,420.504297305112,1002
2024-09-19 11:24:22.519,420.5132135198726,1001
2024-09-19 11:24:22.927,420.5184191346716,98
2024-09-19 11:24:22.966,420.5438042738729,8
2024-09-19 11:24:23.015,420.4832996990657,15
2024-09-19 11:24:23.129,420.51346818809736,7
2024-09-19 11:24:23.131,420.4961339277795,15
2024-09-19 11:24:23.202,420.5313059474794,13
2024-09-19 11:24:23.284,420.52932346404776,104
2024-09-19 11:24:23.349,420.5033482541008,998
2024-09-19 11:24:23.518,420.5458351118799,95
2024-09-19 11:24:23.567,420.530540414333,8
2024-09-19 11:24:23.585,420.61532966119535,995
2024-09-19 11:24:23.882,420.6081950336403,15
2024-09-19 11:24:23.882,420.5458308398265,1001
2024-09-19 11:24:23.891,420.6242277548828,14
2024-09-19 11:24:23.939,420.556057564015,104
2024-09-19 11:24:23.970,420.5640981035741,13
2024-09-19 11:24:24.034,420.5565469935528,95
2024-09-19 11:24:24.139,420.5241961578179,95
2024-09-19 11:24:24.150,420.5125707824172,1003
2024-09-19 11:24:24.160,420.48897303463775,1002
2024-09-19 11:24:24.286,420.5233591125679,103
2024-09-19 11:24:24.366,420.5280216947528,996
2024-09-19 11:24:24.369,420.60217205800245,99
2024-09-19 11:24:24.385,420.4998624865993,15
2024-09-19 11:24:24.393,420.60795192253465,12
2024-09-19 11:24:24.402,420.5717162982018,104
2024-09-19 11:24:24.461,-420.59315284923866,995
2024-09-19 11:24:24.492,420.5004535668192,97
2024-09-19 11:24:24.509,420.5273497887519,13
2024-09-19 11:24:24.591,420.5964897597501,96
2024-09-19 11:24:24.615,420.5027964222256,8
2024-09-19 11:24:24.647,420.523887445993,6
2024-09-19 11:24:24.693,420.49874568194446,998
2024-09-19 11:24:24.743,420.4999919472727,1000
2024-09-19 11:24:24.765,420.58696692981016,103
2024-09-19 11:24:24.798,420.5085243396597,95
2024-09-19 11:24:24.868,420.51345923509416,14
2024-09-19 11:24:24.876,420.5346035335981,97
2024-09-19 11:24:24.929,420.5186280374284,1003
2024-09-19 11:24:25.065,420.5081232636436,100
2024-09-19 11:24:25.097,420.49870463953744,10
2024-09-19 11:24:25.132,420.4970936851242,12
2024-09-19 11:24:25.229,420.5149582658332,12
2024-09-19 11:24:25.372,420.47599602913306,997
2024-09-19 11:24:25.373,420.5171609969645,1001
2024-09-19 11:24:25.494,420.53647369676855,5
2024-09-19 11:24:25.683,420.5343226581879,104
2024-09-19 11:24:25.813,,1000
2024-09-19 11:24:25.849,420.4840483965143,99
2024-09-19 11:24:25.878,420.539652799924,1004
2024-09-19 11:24:25.884,420.4803932892949,13
2024-09-19 11:24:25.889,420.5212222038796,101
2024-09-19 11:24:25.898,420.5308623832558,97
2024-09-19 11:24:25.923,420.494669585957,12
2024-09-19 11:24:26.182,420.5161614103541,997
2024-09-19 11:24:26.402,,999
2024-09-19 11:24:26.440,,102
2024-09-19 11:24:26.471,420.5110634952338,5
2024-09-19 11:24:26.610,420.494777390613,96
2024-09-19 11:24:26.640,420.5100608339763,997
2024-09-19 11:24:26.764,420.4988977308618,102
2024-09-19 11:24:26.837,420.4951663175483,9
2024-09-19 11:24:27.007,420.58994011421953,104
2024-09-19 11:24:27.012,420.56116115157226,9
2024-09-19 11:24:27.017,420.5754170116815,96
2024-09-19 11:24:27.078,420.571125521617,1005
2024-09-19 11:24:27.096,420.5814990245629,12
2024-09-19 11:24:27.139,420.56121293657327,996
2024-09-19 11:24:27.213,420.57482582414536,1004
2024-09-19 11:24:27.223,420.5773166197295,105
2024-09-19 11:24:27.232,420.5753932372991,12
2024-09-19 11:24:27.234,420.5840039227385,11
2024-09-19 11:24:27.428,420.5835869165715,11
2024-09-19 11:24:27.481,420.5702504413053,105
2024-09-19 11:24:27.492,420.5571131270023,96
2024-09-19 11:24:27.521,420.58897208670015,1003
2024-09-19 11:24:27.558,420.568374263255,8
2024-09-19 11:24:27.590,420.52981393757017,98
2024-09-19 11:24:27.691,420.5517245575009,97
2024-09-19 11:24:27.700,420.5704769171262,10
2024-09-19 11:24:27.713,420.5800296016349,96
2024-09-19 11:24:27.736,420.5785833711888,13
2024-09-19 11:24:27.856,420.5845903665512,1003
2024-09-19 11:24:27.884,420.5779640567116,97
2024-09-19 11:24:27.932,420.5791038395297,996
2024-09-19 11:24:27.945,420.5535497934308,6
2024-09-19 11:24:27.958,420.5227367900324,997
2024-09-19 11:24:27.959,420.5798668518432,6
2024-09-19 11:24:28.082,420.6959413605387,6
2024-09-19 11:24:28.121,420.66392367377495,1000
2024-09-19 11:24:28.134,420.7005719285507,995
2024-09-19 11:24:28.186,420.592094465674,1000
2024-09-19 11:24:28.233,420.6735942546311,1004
2024-09-19 11:24:28.248,420.6613621423552,1002
2024-09-19 11:24:28.298,420.681680992353,96
2024-09-19 11:24:28.307,420.60166399506863,14
2024-09-19 11:24:28.316,420.5804053916178,101
2024-09-19 11:24:28.331,420.6136827578591,999
2024-09-19 11:24:28.331,420.6199100551104,6
2024-09-19 11:24:28.387,420.6880376492481,1004
2024-09-19 11:24:28.559,420.6215254778802,1000
2024-09-19 11:24:28.568,420.6374171960576,10
2024-09-19 11:24:28.604,420.6643699199203,997
2024-09-19 11:24:28.622,420.6060989406108,1000
2024-09-19 11:24:28.649,420.6980524434435,97
2024-09-19 11:24:28.684,420.5780506309863,100
2024-09-19 11:24:28.719,420.612371561778,10
2024-09-19 11:24:28.751,420.6929203863464,1001
2024-09-19 11:24:28.823,420.6933211831033,1000
2024-09-19 11:24:28.851,420.6763430817946,11
2024-09-19 11:24:28.936,42.06348949740692,13
2024-09-19 11:24:28.963,420.6672171497592,101
2024-09-19 11:24:29.093,420.6841777509258,9
2024-09-19 11:24:29.272,420.6974212664843,1005
2024-09-19 11:24:29.614,420.6928391240364,99
2024-09-19 11:24:30.157,420.7017332861298,1002
2024-09-19 11:24:30.205,420.6881693659286,7
2024-09-19 11:24:30.269,420.684869608732,103
2024-09-19 11:24:30.437,420.7160234185786,996
2024-09-19 11:24:30.471,420.7033676779584,5
2024-09-19 11:24:30.538,420.7033350130349,1003
2024-09-19 11:24:30.540,420.7026714147052,5
2024-09-19 11:24:30.558,420.6859685165017,1002
2024-09-19 11:24:30.572,420.70495213336847,1005
2024-09-19 11:24:30.597,420.6887256996296,5
2024-09-19 11:24:30.602,420.7094719884989,7
2024-09-19 11:24:30.610,420.6964841150608,1002
2024-09-19 11:24:30.649,420.6938037196436,8
2024-09-19 11:24:31.029,420.7128124159567,95
2024-09-19 11:24:31.098,420.7157558436046,15
2024-09-19 11:24:31.172,420.7097388206639,1001
2024-09-19 11:24:31.178,420.7088994183776,10
2024-09-19 11:24:31.247,420.6807527609328,11
2024-09-19 11:24:31.279,420.6892726178423,1005
2024-09-19 11:24:31.394,420.7014846834568,1005
2024-09-19 11:24:31.445,420.6995826331964,97
2024-09-19 11:24:31.448,420.7079336484095,103
2024-09-19 11:24:31.460,420.7044131961776,104
2024-09-19 11:24:31.520,420.6834089173072,95
2024-09-19 11:24:31.542,420.7105565206512,1001
2024-09-19 11:24:31.585,420.7028915569025,13
2024-09-19 11:24:31.606,420.69423766664727,1004
2024-09-19 11:24:31.674,420.6726432353895,997
2024-09-19 11:24:31.691,420.70521903572205,998
2024-09-19 11:24:31.712,420.6961619190855,102
2024-09-19 11:24:31.842,420.7132995378896,12
2024-09-19 11:24:31.846,420.6922548843013,7
2024-09-19 11:24:31.961,420.688054722913,1004
2024-09-19 11:24:32.005,420.6577638800857,9
2024-09-19 11:24:32.117,420.6700903257265,101
2024-09-19 11:24:32.275,420.6553556501923,9
2024-09-19 11:24:32.292,420.6849614581699,95
2024-09-19 11:24:32.419,420.6254117163285,11
2024-09-19 11:24:32.635,420.6700892582426,97
2024-09-19 11:24:32.660,420.6531764555047,98
2024-09-19 11:24:32.759,420.6502807473385,101
2024-09-19 11:24:32.972,420.60130259649577,103
2024-09-19 11:24:33.013,420.6218686740956,105
2024-09-19 11:24:33.188,420.6377131240442,96
2024-09-19 11:24:33.258,420.6577630853399,9
2024-09-19 11:24:33.408,420.6226544450283,997
2024-09-19 11:24:33.628,420.65446949415536,14
2024-09-19 11:24:34.080,420.6805321294188,103
2024-09-19 11:24:34.281,420.664853615337,15
2024-09-19 11:24:34.425,420.6358039786669,101
2024-09-19 11:24:34.681,420.6558889582183,104
2024-09-19 11:24:34.797,420.6484610957357,15
2024-09-19 11:24:35.126,420.6341393480727,1001
2024-09-19 11:24:35.200,420.62636659118925,8
2024-09-19 11:24:35.280,420.6200057346492,5
2024-09-19 11:24:35.333,420.6427189625829,95
2024-09-19 11:24:35.372,420.62497007944495,101
2024-09-19 11:24:35.434,420.6463383653191,999
2024-09-19 11:24:35.497,420.6149688166216,98
2024-09-19 11:24:35.514,420.6300840633923,998
2024-09-19 11:24:35.539,420.6394378456724,10
2024-09-19 11:24:35.567,420.6345196372828,997
2024-09-19 11:24:35.610,420.6390326993343,9
2024-09-19 11:24:35.702,420.6451282910144,1003
2024-09-19 11:24:35.778,420.6491647156855,5
2024-09-19 11:24:35.951,420.6007047979344,96
2024-09-19 11:24:36.039,420.619094943406,100
2024-09-19 11:24:36.056,420.6353314835076,995
2024-09-19 11:24:36.063,420.6360804688669,1002
2024-09-19 11:24:36.102,420.6091759045473,96
2024-09-19 11:24:36.108,420.637413798472,999
2024-09-19 11:24:36.119,420.66818981182536,100
2024-09-19 11:24:36.165,420.6533728083416,10
2024-09-19 11:24:36.175,420.6087704541932,95
2024-09-19 11:24:36.266,420.6716329638684,105
2024-09-19 11:24:36.353,420.6365804863362,14
2024-09-19 11:24:36.392,420.62986092964593,10
2024-09-19 11:24:36.451,420.61525537794535,15
2024-09-19 11:24:36.502,420.656250111594,102
2024-09-19 11:24:36.592,420.69352140054,12
2024-09-19 11:24:36.594,420.6715636563704,6
2024-09-19 11:24:36.598,420.6319802225844,12
2024-09-19 11:24:36.657,420.63743294197593,1005
2024-09-19 11:24:36.734,420.63857970853104,5
2024-09-19 11:24:36.781,420.678211260671,9
2024-09-19 11:24:36.847,420.63893906734495,13
2024-09-19 11:24:36.867,420.62463496697296,12
2024-09-19 11:24:36.876,420.61621412399495,103
2024-09-19 11:24:36.986,420.6338464099145,105
2024-09-19 11:24:36.988,420.63159526257,11
2024-09-19 11:24:37.631,,998
2024-09-19 11:24:38.027,420.7026032188583,15
2024-09-19 11:24:38.031,420.67140604263307,999
2024-09-19 11:24:38.052,420.7353048945153,996
2024-09-19 11:24:38.055,420.6690634380837,8
2024-09-19 11:24:38.062,420.72041895850106,105
2024-09-19 11:24:38.166,420.7636764774094,105
2024-09-19 11:24:38.198,420.68498381922734,998
2024-09-19 11:24:38.310,420.7156818956654,997
2024-09-19 11:24:38.329,420.663750258944,99
2024-09-19 11:24:38.386,420.7619657502042,14
2024-09-19 11:24:38.403,420.730469598536,15
2024-09-19 11:24:38.447,420.7790565317895,998
2024-09-19 11:24:38.454,42.075233523169096,105
2024-09-19 11:24:38.461,420.76990497860186,1001
2024-09-19 11:24:38.492,420.668496602965,5
2024-09-19 11:24:38.511,420.70615446467497,6
2024-09-19 11:24:38.523,420.7251036145032,95
2024-09-19 11:24:38.586,420.6536032979039,12
2024-09-19 11:24:38.587,420.66993466464106,95
2024-09-19 11:24:38.624,420.7658913127552,5
2024-09-19 11:24:38.653,420.7545216918594,95
2024-09-19 11:24:38.743,420.7143095283343,995
2024-09-19 11:24:38.750,420.6744942035356,104
2024-09-19 11:24:38.771,420.7628497976604,7
2024-09-19 11:24:38.808,420.7474789650437,996
2024-09-19 11:24:38.825,420.68475964955536,101
2024-09-19 11:24:38.853,420.6843352889345,10
2024-09-19 11:24:38.897,420.65990815283016,6
2024-09-19 11:24:38.943,420.7465443285676,5
2024-09-19 11:24:39.039,420.6917047448258,995
2024-09-19 11:24:39.086,420.7123633346053,10
2024-09-19 11:24:39.100,420.7244542849191,102
2024-09-19 11:24:39.186,420.7040233025753,5
2024-09-19 11:24:39.218,420.6447227365787,997
2024-09-19 11:24:39.236,420.7374927722942,7
2024-09-19 11:24:39.244,420.78115087581233,102
2024-09-19 11:24:39.281,420.6832485686133,100
2024-09-19 11:24:39.449,420.6607378685942,1004
2024-09-19 11:24:39.493,420.6771534102472,995
2024-09-19 11:24:39.516,420.7291085762452,9
2024-09-19 11:24:39.569,420.7553150576816,1002
2024-09-19 11:24:39.602,420.6470401981776,1005
2024-09-19 11:24:39.608,420.67345072039865,1003
2024-09-19 11:24:39.628,420.6592827973993,10
2024-09-19 11:24:39.650,42.06872724334869,5
2024-09-19 11:24:39.728,420.7696214055348,1003
2024-09-19 11:24:39.756,420.6683890927416,7
2024-09-19 11:24:39.784,420.7005239397344,1003
2024-09-19 11:24:39.794,420.6650385357041,14
2024-09-19 11:24:39.797,420.64512115597,5
2024-09-19 11:24:39.891,420.7077514919701,7
2024-09-19 11:24:39.983,420.7785434201082,12
2024-09-19 11:24:40.010,420.655128852388,97
2024-09-19 11:24:40.035,420.6767970891759,7
2024-09-19 11:24:40.084,420.6717617584548,1005
2024-09-19 11:24:40.103,420.6582528093585,996
2024-09-19 11:24:40.104,420.6419033107165,104
2024-09-19 11:24:40.143,420.6560000092502,96
2024-09-19 11:24:40.243,420.6499657474178,104
2024-09-19 11:24:40.248,-420.6186538239247,998
2024-09-19 11:24:40.291,420.65942111127833,100
2024-09-19 11:24:40.331,420.6460790389714,1001
2024-09-19 11:24:40.335,420.6546325504583,102
2024-09-19 11:24:40.347,420.6384951422985,103
2024-09-19 11:24:40.348,420.6625778774709,5
2024-09-19 11:24:40.359,420.65474008640496,1001
2024-09-19 11:24:40.361,420.6527037117218,7
2024-09-19 11:24:40.381,420.6348258935748,9
2024-09-19 11:24:40.419,420.6439185765575,104
2024-09-19 11:24:40.462,420.6394812414877,104
2024-09-19 11:24:40.507,420.6442934597752,103
2024-09-19 11:24:40.579,420.6518295604116,15
2024-09-19 11:24:40.615,420.64346475560393,96
2024-09-19 11:24:40.681,420.659487507569,999
2024-09-19 11:24:40.719,420.6534933635721,101
2024-09-19 11:24:40.741,420.6445801802377,95
2024-09-19 11:24:40.797,420.6218263809026,5
2024-09-19 11:24:40.859,420.6560880906805,5
2024-09-19 11:24:40.862,420.65711025851766,15
2024-09-19 11:24:40.893,420.6602875108253,95
2024-09-19 11:24:40.951,420.6624469762795,997
2024-09-19 11:24:41.016,420.61822441365473,997
2024-09-19 11:24:41.025,420.6638621389297,996
2024-09-19 11:24:41.035,420.6550493330183,12
2024-09-19 11:24:41.038,420.69246945638304,104
2024-09-19 11:24:41.076,420.653586404344,6
2024-09-19 11:24:41.084,42.07154529474676,996
2024-09-19 11:24:41.089,420.6551653262649,100
2024-09-19 11:24:41.091,420.6367395496316,997
2024-09-19 11:24:41.330,420.632601623653,997
2024-09-19 11:24:41.371,420.6987209921031,995
2024-09-19 11:24:41.386,420.6240636394504,998
2024-09-19 11:24:41.439,42.06296247110869,1000
2024-09-19 11:24:41.492,420.7033044204815,96
2024-09-19 11:24:41.495,420.69949926594336,9
2024-09-19 11:24:41.531,420.65422730418993,105
2024-09-19 11:24:41.536,420.7144006149014,103
2024-09-19 11:24:41.544,420.7169646410538,103
2024-09-19 11:24:41.581,420.7043870859519,9
2024-09-19 11:24:41.605,420.6385269842219,1003
2024-09-19 11:24:41.609,420.6572622056243,10
2024-09-19 11:24:41.662,420.64090813439526,1003
2024-09-19 11:24:41.665,420.6713085418553,8
2024-09-19 11:24:41.667,420.6110307153057,1000
2024-09-19 11:24:41.694,420.621756426396,99
2024-09-19 11:24:41.788,420.71035547001793,104
2024-09-19 11:24:41.812,420.68785594028856,995
2024-09-19 11:24:41.863,420.705050488206,96
2024-09-19 11:24:41.864,420.61983586859947,102
2024-09-19 11:24:41.898,420.6414179663758,5
2024-09-19 11:24:41.926,420.66213016187066,101
2024-09-19 11:24:42.050,420.708303081583,1000
2024-09-19 11:24:42.091,420.7417453429498,997
2024-09-19 11:24:42.177,420.7319223585413,1002
2024-09-19 11:24:42.193,420.7186648946641,1005
2024-09-19 11:24:42.206,420.739690479432,1003
2024-09-19 11:24:42.304,420.726436107047,1002
2024-09-19 11:24:42.320,420.7265982356336,1000
2024-09-19 11:24:42.356,420.72059088614816,997
2024-09-19 11:24:42.467,420.7414268885905,13
2024-09-19 11:24:42.517,420.7213831322678,999
2024-09-19 11:24:42.683,420.7163449697825,9
2024-09-19 11:24:42.804,420.7328414509599,1005
2024-09-19 11:24:42.843,420.743933263708,6
2024-09-19 11:24:42.877,420.7141499931824,1003
2024-09-19 11:24:43.011,420.72429172638647,6
2024-09-19 11:24:43.049,420.7207757266696,997
2024-09-19 11:24:43.067,420.7064870472274,8
2024-09-19 11:24:43.176,420.74794905416815,1003
2024-09-19 11:24:43.204,-420.73896169795984,100
2024-09-19 11:24:43.294,420.730443941338,95
2024-09-19 11:24:43.322,420.7472564358341,12
2024-09-19 11:24:43.445,420.7343519148416,8
2024-09-19 11:24:43.524,420.7450973974688,1005
2024-09-19 11:24:43.580,420.7160291511674,97
2024-09-19 11:24:43.586,420.71442885156665,101
2024-09-19 11:24:43.609,420.7251773069136,99
2024-09-19 11:24:43.735,420.6971532326663,6
2024-09-19 11:24:43.815,420.7602645580372,1004
2024-09-19 11:24:43.860,420.7821527372721,99
2024-09-19 11:24:43.862,420.7010552435835,11
2024-09-19 11:24:44.076,420.7973852074951,14
2024-09-19 11:24:44.099,420.809260151424,95
2024-09-19 11:24:44.101,420.8231962216809,1001
2024-09-19 11:24:44.172,420.7935699549168,1003
2024-09-19 11:24:44.248,420.79885155897097,11
2024-09-19 11:24:44.485,420.80459580697527,1004
2024-09-19 11:24:44.518,420.7974909199138,8
2024-09-19 11:24:44.611,420.8344408597739,996
2024-09-19 11:24:44.677,420.8246907747183,11
2024-09-19 11:24:44.689,420.8436954250012,102
2024-09-19 11:24:44.779,420.8261447144844,95
2024-09-19 11:24:44.838,420.8238320170846,999
2024-09-19 11:24:44.889,420.803039575963,8
2024-09-19 11:24:45.089,420.8298881299074,95
2024-09-19 11:24:45.135,420.82287333668165,95
2024-09-19 11:24:45.147,420.8287595137407,6
2024-09-19 11:24:45.182,420.8558464354141,10
2024-09-19 11:24:45.256,420.8576635377256,101
2024-09-19 11:24:45.280,42.084760316838846,15
2024-09-19 11:24:45.331,420.8655526496669,98
2024-09-19 11:24:45.339,420.8387854890434,95
2024-09-19 11:24:45.356,420.8220098024924,103
2024-09-19 11:24:45.367,420.84206830146246,998
2024-09-19 11:24:45.378,420.8266571589027,5
2024-09-19 11:24:45.384,420.8266054393685,1004
2024-09-19 11:24:45.395,420.8217704824955,14
2024-09-19 11:24:45.395,420.8352956765314,11
2024-09-19 11:24:45.455,420.8234206479888,95
2024-09-19 11:24:45.532,420.8426092906245,998
2024-09-19 11:24:45.546,420.8264852150284,999
2024-09-19 11:24:45.558,420.81719754938285,5
2024-09-19 11:24:45.583,420.8206063171169,100
2024-09-19 11:24:45.623,420.8216622157889,1003
2024-09-19 11:24:45.687,420.80340609590553,101
2024-09-19 11:24:45.733,420.8539517750921,12
2024-09-19 11:24:45.762,420.8412550458474,6
2024-09-19 11:24:45.793,420.840292873445,7
2024-09-19 11:24:45.812,420.8468438667924,97
2024-09-19 11:24:45.843,420.83336843385473,1003
2024-09-19 11:24:45.848,420.8295941693022,105
2024-09-19 11:24:45.900,420.8423773173798,102
2024-09-19 11:24:46.054,420.84026946956186,10
2024-09-19 11:24:46.133,420.8592767146369,5
2024-09-19 11:24:46.175,420.814443218632,95
2024-09-19 11:24:46.193,420.8517617300736,98
2024-09-19 11:24:46.415,420.8550809654477,6
2024-09-19 11:24:46.484,420.8440300351559,7
2024-09-19 11:24:46.498,420.8465383494389,103
2024-09-19 11:24:46.506,420.849844290454,105
2024-09-19 11:24:46.510,420.8280410968302,98
2024-09-19 11:24:46.623,420.8676858538293,10
2024-09-19 11:24:46.624,420.8738924398121,1002
2024-09-19 11:24:46.671,420.84465557196927,102
2024-09-19 11:24:46.706,420.8661663947304,99
2024-09-19 11:24:46.717,420.83404002797033,1003
2024-09-19 11:24:46.735,420.86303108698087,995
2024-09-19 11:24:46.915,420.8420346733659,105
2024-09-19 11:24:46.972,420.8412650032696,96
2024-09-19 11:24:47.609,420.8676417976122,996
2024-09-19 11:24:47.910,420.8715673666027,103
2024-09-19 11:24:48.164,420.87046618074686,1005
2024-09-19 11:24:48.271,420.8816299459381,10
2024-09-19 11:24:48.295,420.8908681439916,7
2024-09-19 11:24:48.359,420.89411408739,9
2024-09-19 11:24:48.363,420.87130927686457,13
2024-09-19 11:24:48.366,420.88835061800256,995
2024-09-19 11:24:48.367,420.8737605898017,100
2024-09-19 11:24:48.387,420.8612362006112,102
2024-09-19 11:24:48.434,420.8811757393311,995
2024-09-19 11:24:48.482,420.88151934404544,99
2024-09-19 11:24:48.600,420.9122010577788,999
2024-09-19 11:24:48.625,420.8782248809365,1001
2024-09-19 11:24:48.633,420.9054396871474,13
2024-09-19 11:24:48.720,420.8825983415119,97
2024-09-19 11:24:48.735,420.9004679736502,10
2024-09-19 11:24:48.841,420.87600995703787,1002
2024-09-19 11:24:48.880,420.8761784050745,7
2024-09-19 11:24:48.958,420.9041798777272,103
2024-09-19 11:24:48.988,420.9060285660472,9
2024-09-19 11:24:49.021,420.899429487377,10
2024-09-19 11:24:49.023,420.81535302863546,12
2024-09-19 11:24:49.049,420.9056054436656,1004
2024-09-19 11:24:49.080,420.90406431999,1000
2024-09-19 11:24:49.101,420.9156371004871,101
2024-09-19 11:24:49.201,420.9132702826272,995
2024-09-19 11:24:49.228,420.81932528421953,9
2024-09-19 11:24:49.420,420.8847650530156,10
2024-09-19 11:24:49.507,420.929111143373,1000
2024-09-19 11:24:49.513,420.94766600781406,101
2024-09-19 11:24:49.577,420.8580874445723,11
2024-09-19 11:24:49.599,420.8575640887038,1005
2024-09-19 11:24:49.666,420.9235831077083,102
2024-09-19 11:24:49.752,420.9087856067957,9
2024-09-19 11:24:49.838,420.9144864345066,100
2024-09-19 11:24:49.839,420.8303383948012,997
2024-09-19 11:24:49.862,420.9073354768817,11
2024-09-19 11:24:49.887,420.9282751464438,1002
2024-09-19 11:24:49.890,42.09197458235492,95
2024-09-19 11:24:49.973,420.8818363932541,1005
2024-09-19 11:24:49.993,420.8397647514592,8
2024-09-19 11:24:50.150,420.8443850595402,1005
2024-09-19 11:24:50.165,420.8113125069664,10
2024-09-19 11:24:50.202,420.8349067689021,996
2024-09-19 11:24:50.257,420.8331663861119,1002
2024-09-19 11:24:50.302,420.81493970319633,13
2024-09-19 11:24:50.523,420.8296331204343,98
2024-09-19 11:24:50.555,420.8016818858082,11
2024-09-19 11:24:50.589,420.8369233048938,1000
2024-09-19 11:24:50.626,420.8186763756073,100
2024-09-19 11:24:50.723,420.8122564166338,101
2024-09-19 11:24:50.862,420.7994440938828,1000
2024-09-19 11:24:50.864,420.8042981821184,12
2024-09-19 11:24:51.019,420.7981085582785,996
2024-09-19 11:24:51.042,420.8008249642661,9
2024-09-19 11:24:51.152,420.78105928692617,1004
2024-09-19 11:24:51.614,420.7923803589288,997
2024-09-19 11:24:51.672,420.7968765803715,97
2024-09-19 11:24:52.030,420.7692519447971,100
2024-09-19 11:24:52.036,420.76985514148106,1004
2024-09-19 11:24:52.184,420.7468191550594,104
2024-09-19 11:24:52.209,420.7781758370211,97
2024-09-19 11:24:52.239,420.7768378323472,99
2024-09-19 11:24:52.322,420.7668465721133,12
2024-09-19 11:24:52.504,420.76011097737705,103
2024-09-19 11:24:52.622,420.7674820159072,104
2024-09-19 11:24:52.753,420.7718002809627,98
2024-09-19 11:24:52.825,420.75995185411296,995
2024-09-19 11:24:52.873,420.7660202886607,97
2024-09-19 11:24:52.965,420.7802017974349,13
2024-09-19 11:24:52.975,420.79158339609705,13
2024-09-19 11:24:53.679,420.774311797831,999
2024-09-19 11:24:54.077,420.7944028214268,101
2024-09-19 11:24:54.092,420.7915098539266,8
2024-09-19 11:24:54.117,420.767642410526,13
2024-09-19 11:24:54.249,-420.8076287592178,97
2024-09-19 11:24:54.282,420.79657242959024,5
2024-09-19 11:24:54.316,420.8004230725,995
2024-09-19 11:24:54.329,420.7804282633866,98
2024-09-19 11:24:54.372,420.7512367238136,99
2024-09-19 11:24:54.374,420.80465568160855,102
2024-09-19 11:24:54.445,420.783808799246,14
2024-09-19 11:24:54.469,420.764085340676,1004
2024-09-19 11:24:54.503,420.75798456074654,1003
2024-09-19 11:24:54.513,420.8154499566882,98
2024-09-19 11:24:54.532,420.7732480333755,8
2024-09-19 11:24:54.690,420.77850504958633,5
2024-09-19 11:24:54.721,420.7650421187746,5
2024-09-19 11:24:54.744,420.7910662470708,12
2024-09-19 11:24:54.772,420.8067241089025,997
2024-09-19 11:24:54.870,420.753611533816,13
2024-09-19 11:24:54.896,420.7541982178839,995
2024-09-19 11:24:54.998,420.7874651640991,10
2024-09-19 11:24:55.052,420.7741870483474,995
2024-09-19 11:24:55.188,420.77357027442736,14
2024-09-19 11:24:55.241,420.84313778225663,104
2024-09-19 11:24:55.266,420.8016623165652,99
2024-09-19 11:24:55.329,420.77398561257263,6
2024-09-19 11:24:55.364,420.7740280670207,10
2024-09-19 11:24:55.418,420.75659119926456,14
2024-09-19 11:24:55.446,420.8403001244258,101
2024-09-19 11:24:55.481,420.8252331306071,999
2024-09-19 11:24:55.487,420.8454612040267,1000
2024-09-19 11:24:55.615,420.8376835031463,998
2024-09-19 11:24:55.648,420.8292515236528,12
2024-09-19 11:24:55.792,420.84461493676855,105
2024-09-19 11:24:55.815,420.804818565476,100
2024-09-19 11:24:56.044,420.7970527227645,97
2024-09-19 11:24:56.087,420.779272271482,998
2024-09-19 11:24:56.112,420.8184714840604,12
2024-09-19 11:24:56.118,420.7773629976998,99
2024-09-19 11:24:56.163,420.79852961701033,1003
2024-09-19 11:24:56.170,420.7969337693127,101
2024-09-19 11:24:56.249,420.82731000660846,997
2024-09-19 11:24:56.272,,10
2024-09-19 11:24:56.310,420.7913712904989,998
2024-09-19 11:24:56.335,420.76613258357486,998
2024-09-19 11:24:56.412,420.797523263624,6
2024-09-19 11:24:56.465,420.80320847016543,1003
2024-09-19 11:24:56.484,420.7645433022436,11
2024-09-19 11:24:56.496,420.7830168017736,104
2024-09-19 11:24:56.552,420.7509855462535,10
2024-09-19 11:24:56.576,420.7747832492341,95
2024-09-19 11:24:56.593,420.76948459465535,1000
2024-09-19 11:24:56.686,420.7901151631012,97
2024-09-19 11:24:56.687,420.7677679478067,102
2024-09-19 11:24:56.730,420.8080516861223,95
2024-09-19 11:24:56.883,420.784352295672,7
2024-09-19 11:24:56.907,420.75501216329167,995
2024-09-19 11:24:56.964,420.8013679017259,98
2024-09-19 11:24:57.060,420.7975459589342,995
2024-09-19 11:24:57.063,420.7689387519868,13
2024-09-19 11:24:57.102,420.7560649713553,10
2024-09-19 11:24:57.147,420.7808061860508,102
2024-09-19 11:24:57.162,420.75180988746337,1004
2024-09-19 11:24:57.164,420.76563821413225,102
2024-09-19 11:24:57.380,420.7592471140941,97
2024-09-19 11:24:57.468,420.7918150770946,101
2024-09-19 11:24:57.518,420.7586155350936,998
2024-09-19 11:24:57.564,420.7772420239323,98
2024-09-19 11:24:57.581,420.7535659421268,99
2024-09-19 11:24:57.633,420.7867339845909,995
2024-09-19 11:24:57.724,420.77828606528817,98
2024-09-19 11:24:57.848,420.7933042394223,999
2024-09-19 11:24:57.854,420.75804845154846,8
2024-09-19 11:24:58.036,420.86374790596216,103
2024-09-19 11:24:58.092,420.87681393094255,95
2024-09-19 11:24:58.093,420.8615237627809,99
2024-09-19 11:24:58.144,420.8434196341713,14
2024-09-19 11:24:58.182,420.8480167941212,102
2024-09-19 11:24:58.226,420.8170048646388,14
2024-09-19 11:24:58.306,420.84435483930736,104
2024-09-19 11:24:58.329,420.8577656807291,14
2024-09-19 11:24:58.330,420.8404032388319,995
2024-09-19 11:24:58.339,420.8744522579494,1000
2024-09-19 11:24:58.417,420.8636511043585,999
2024-09-19 11:24:58.498,420.8483733466352,1005
2024-09-19 11:24:58.521,420.8626453430131,997
2024-09-19 11:24:58.560,420.85856555973305,98
2024-09-19 11:24:58.603,420.84936058690727,10
2024-09-19 11:24:58.650,420.8584103836939,997
2024-09-19 11:24:58.720,420.8648556488557,98
2024-09-19 11:24:58.789,420.8403026661496,13
2024-09-19 11:24:58.844,420.8105825211946,9
2024-09-19 11:24:58.915,420.8628771306159,997
2024-09-19 11:24:59.007,420.9532498016894,95
2024-09-19 11:24:59.041,420.9349911877612,9
2024-09-19 11:24:59.053,420.9626949044503,103
2024-09-19 11:24:59.084,420.9548506381848,1004
2024-09-19 11:24:59.171,420.9351043394957,1003
2024-09-19 11:24:59.185,420.9226125431383,10
2024-09-19 11:24:59.260,420.8989118629549,96
2024-09-19 11:24:59.402,420.9475658430744,1000
2024-09-19 11:24:59.448,420.964730052808,998
2024-09-19 11:24:59.488,420.9153602887649,999
2024-09-19 11:24:59.537,420.9440599211156,98
2024-09-19 11:24:59.685,420.9385031799076,97
2024-09-19 11:24:59.768,420.9305185753328,7
2024-09-19 11:24:59.798,420.911027430987,14
2024-09-19 11:24:59.798,420.9097451542521,96
2024-09-19 11:24:59.820,420.89913331430586,13
