Timestamp,Price,Size
2024-09-20 15:32:00.061,428.52149293303626,104
2024-09-20 15:32:00.257,428.5020549580885,100
2024-09-20 15:32:00.337,428.5154474983248,10
2024-09-20 15:32:00.355,428.5328831888276,1002
2024-09-20 15:32:00.370,428.5310482971545,10
2024-09-20 15:32:00.410,428.5424885032097,12
2024-09-20 15:32:00.440,428.5199879657488,1005
2024-09-20 15:32:00.495,428.5061821322148,14
2024-09-20 15:32:00.528,428.51059799146464,7
2024-09-20 15:32:00.619,428.50435674330186,8
2024-09-20 15:32:00.640,428.5088552382837,995
2024-09-20 15:32:00.650,428.51265110884816,6
2024-09-20 15:32:00.712,428.5067572516174,96
2024-09-20 15:32:00.736,428.5190867141815,15
2024-09-20 15:32:00.827,428.4965787818633,104
2024-09-20 15:32:00.876,428.4830667340512,1005
2024-09-20 15:32:00.912,428.5425483211527,6
2024-09-20 15:32:01.080,428.4964713714903,5
2024-09-20 15:32:01.170,428.49482662980313,11
2024-09-20 15:32:01.257,428.4908064879945,996
2024-09-20 15:32:01.374,428.4676402359798,96
2024-09-20 15:32:01.650,428.4811785594612,100
2024-09-20 15:32:01.839,428.490940697951,1002
2024-09-20 15:32:02.035,428.43768810449535,103
2024-09-20 15:32:02.078,428.4280352671565,13
2024-09-20 15:32:02.153,422.76180680496594,1000
2024-09-20 15:32:02.153,428.4513889074196,1000
2024-09-20 15:32:02.163,428.4382957298971,1001
2024-09-20 15:32:02.212,428.43412294536927,11
2024-09-20 15:32:02.362,428.4437454674832,13
2024-09-20 15:32:02.396,428.4209101251226,8
2024-09-20 15:32:02.480,428.4397556000167,96
2024-09-20 15:32:02.569,428.4355374485578,1004
2024-09-20 15:32:02.588,428.4392951467517,996
2024-09-20 15:32:02.593,428.43544317796,105
2024-09-20 15:32:02.690,428.4526793576579,998
2024-09-20 15:32:02.719,428.4231404820149,103
2024-09-20 15:32:02.729,428.43869138958206,103
2024-09-20 15:32:02.746,428.4615861248931,102
2024-09-20 15:32:02.785,428.4514765810241,7
2024-09-20 15:32:02.809,428.4279190095984,6
2024-09-20 15:32:02.880,428.4289758321034,97
2024-09-20 15:32:02.944,428.426419724545,996
2024-09-20 15:32:04.081,428.4645218510927,1001
2024-09-20 15:32:04.096,428.5134970141224,996
2024-09-20 15:32:04.182,428.5367902481033,104
2024-09-20 15:32:04.254,428.4936927325852,99
2024-09-20 15:32:04.300,428.4838962654412,999
2024-09-20 15:32:04.343,428.4867259200272,13
2024-09-20 15:32:04.362,428.5010987594617,998
2024-09-20 15:32:04.365,428.4907655437103,98
2024-09-20 15:32:04.387,428.4850137205544,1002
2024-09-20 15:32:04.459,428.4965148877532,11
2024-09-20 15:32:04.534,428.5219160916623,105
2024-09-20 15:32:04.559,428.56011911190166,1002
2024-09-20 15:32:04.565,428.5691661126376,95
2024-09-20 15:32:04.693,428.5097768905524,1005
2024-09-20 15:32:04.762,428.53713079562567,1005
2024-09-20 15:32:04.808,428.4955148169018,97
2024-09-20 15:32:04.851,428.52093657268495,8
2024-09-20 15:32:04.914,428.5295024454394,100
2024-09-20 15:32:04.933,428.5657703806858,995
2024-09-20 15:32:05.269,428.5970018488066,103
2024-09-20 15:32:05.401,428.5754933718597,995
2024-09-20 15:32:05.407,428.5992062638473,95
2024-09-20 15:32:05.462,428.5527877067734,97
2024-09-20 15:32:05.655,428.5882407902184,995
2024-09-20 15:32:05.771,428.56297934443234,97
2024-09-20 15:32:05.815,428.5849779092932,9
2024-09-20 15:32:05.986,428.6031344600893,1003
2024-09-20 15:32:06.011,428.59518375184666,11
2024-09-20 15:32:06.016,428.5975298758583,102
2024-09-20 15:32:06.066,428.5952652796772,102
2024-09-20 15:32:06.069,428.5704875007679,95
2024-09-20 15:32:06.164,428.6002452062991,11
2024-09-20 15:32:06.176,428.5968654146626,101
2024-09-20 15:32:06.185,428.6152616744012,101
2024-09-20 15:32:06.193,428.6006913518797,8
2024-09-20 15:32:06.224,428.5761602267812,998
2024-09-20 15:32:06.273,428.6051196836094,999
2024-09-20 15:32:06.312,428.5842897813085,14
2024-09-20 15:32:06.349,428.5992458190879,105
2024-09-20 15:32:06.371,42.85917378448085,6
2024-09-20 15:32:06.374,428.6161112949094,1005
2024-09-20 15:32:06.413,428.5919659180646,9
2024-09-20 15:32:06.413,428.5707439529742,998
2024-09-20 15:32:06.529,428.5853578153365,6
2024-09-20 15:32:06.530,428.61461861432247,15
2024-09-20 15:32:06.572,428.5759648824477,14
2024-09-20 15:32:06.581,428.6068771112388,13
2024-09-20 15:32:06.632,428.6112217579422,103
2024-09-20 15:32:06.707,428.5868334800991,98
2024-09-20 15:32:06.728,428.61300819590696,101
2024-09-20 15:32:06.735,428.5843515241987,102
2024-09-20 15:32:06.763,428.57452508993566,1003
2024-09-20 15:32:06.783,428.5947509963202,10
2024-09-20 15:32:06.857,428.5966652881058,9
2024-09-20 15:32:06.877,428.6011841942645,1003
2024-09-20 15:32:06.944,428.5793523297707,95
2024-09-20 15:32:06.952,428.5966576699281,101
2024-09-20 15:32:07.157,428.6062297619339,9
2024-09-20 15:32:07.462,428.613818477746,998
2024-09-20 15:32:07.492,428.6008388728703,999
2024-09-20 15:32:07.524,428.62213519140977,105
2024-09-20 15:32:07.649,428.63692880238926,12
2024-09-20 15:32:07.760,422.7234573651928,10
2024-09-20 15:32:07.898,428.6071566193913,13
2024-09-20 15:32:07.992,428.5989915844769,1000
2024-09-20 15:32:08.011,422.7217934068224,97
2024-09-20 15:32:08.095,428.6845332397792,95
2024-09-20 15:32:08.173,428.6639085593218,8
2024-09-20 15:32:08.280,428.6554930690912,101
2024-09-20 15:32:08.410,428.6855201358296,9
2024-09-20 15:32:08.432,428.6478521821113,996
2024-09-20 15:32:08.497,428.6334435542744,9
2024-09-20 15:32:08.642,428.6569570927102,99
2024-09-20 15:32:08.649,428.6683667234885,10
2024-09-20 15:32:08.768,428.682173190108,999
2024-09-20 15:32:08.773,428.68050192550834,105
2024-09-20 15:32:09.283,428.6613496346176,101
2024-09-20 15:32:09.468,428.66850052740887,99
2024-09-20 15:32:09.518,428.6268767085367,1004
2024-09-20 15:32:09.721,428.6392157968392,1000
2024-09-20 15:32:09.865,428.6436330345719,15
2024-09-20 15:32:10.010,428.5613223048093,1003
2024-09-20 15:32:10.144,428.5713386624947,101
2024-09-20 15:32:10.166,428.56925788643616,15
2024-09-20 15:32:10.193,428.5530264325776,99
2024-09-20 15:32:10.246,428.563075044157,9
2024-09-20 15:32:10.253,428.5600553537725,1001
2024-09-20 15:32:10.315,428.5551546537512,8
2024-09-20 15:32:10.368,428.6109872699406,999
2024-09-20 15:32:10.381,428.5666856490308,999
2024-09-20 15:32:10.438,428.5615257047744,101
2024-09-20 15:32:10.513,428.5467356230104,5
2024-09-20 15:32:10.558,428.5562871893736,96
2024-09-20 15:32:10.568,428.5563449635249,11
2024-09-20 15:32:10.582,428.5633529466373,103
2024-09-20 15:32:10.733,428.5595273443303,9
2024-09-20 15:32:10.744,428.5573270034102,101
2024-09-20 15:32:10.798,428.5448006541079,8
2024-09-20 15:32:10.880,428.5566612846857,102
2024-09-20 15:32:10.934,428.5754533260579,6
2024-09-20 15:32:11.074,428.5755068350527,100
2024-09-20 15:32:11.164,428.5223438556871,999
2024-09-20 15:32:11.178,428.5155929899474,13
2024-09-20 15:32:11.199,428.5688280427366,103
2024-09-20 15:32:11.243,428.52501815429497,9
2024-09-20 15:32:11.290,428.5401674053818,105
2024-09-20 15:32:11.573,428.5799517826133,15
2024-09-20 15:32:11.604,428.5553056603092,95
2024-09-20 15:32:11.699,428.5539226292234,10
2024-09-20 15:32:11.704,428.527846290904,996
2024-09-20 15:32:11.761,-428.5263929183466,102
2024-09-20 15:32:11.769,428.5300236202315,103
2024-09-20 15:32:11.787,428.579709862502,6
2024-09-20 15:32:11.798,428.5139114526564,12
2024-09-20 15:32:11.925,428.5206016290143,999
2024-09-20 15:32:11.955,428.57627088782607,13
2024-09-20 15:32:12.017,428.53990739768506,7
2024-09-20 15:32:12.055,428.60750295595113,100
2024-09-20 15:32:12.055,428.5712580315852,13
2024-09-20 15:32:12.156,428.6008683969642,103
2024-09-20 15:32:12.171,428.6062734232921,103
2024-09-20 15:32:12.259,428.5502123826944,101
2024-09-20 15:32:12.266,-428.5706492901593,1002
2024-09-20 15:32:12.422,428.5647497751573,9
2024-09-20 15:32:12.422,428.581331539206,5
2024-09-20 15:32:12.447,428.5640243678515,14
2024-09-20 15:32:12.450,428.54457377439695,999
2024-09-20 15:32:12.475,428.5506080935847,5
2024-09-20 15:32:12.526,428.5488950037462,105
2024-09-20 15:32:12.540,428.5559348712311,1001
2024-09-20 15:32:12.542,428.563045471033,1000
2024-09-20 15:32:12.562,428.6056295249485,1005
2024-09-20 15:32:12.633,428.5386153245656,99
2024-09-20 15:32:12.691,428.5587800137734,1003
2024-09-20 15:32:12.796,428.5623320113021,995
2024-09-20 15:32:12.814,428.5418161612569,105
2024-09-20 15:32:12.834,428.601341531724,15
2024-09-20 15:32:12.840,428.5657000452154,6
2024-09-20 15:32:12.853,428.5836515548879,995
2024-09-20 15:32:12.891,428.5641038009681,105
2024-09-20 15:32:12.903,428.5709442291836,1000
2024-09-20 15:32:12.912,428.56285141636783,1003
2024-09-20 15:32:12.978,428.5699563752797,6
2024-09-20 15:32:13.074,428.5646574651552,1001
2024-09-20 15:32:13.097,428.5456252409724,99
2024-09-20 15:32:13.231,428.5544478621328,1004
2024-09-20 15:32:13.275,428.5328913671512,96
2024-09-20 15:32:13.372,428.5562309711853,13
2024-09-20 15:32:13.558,428.563616201221,1004
2024-09-20 15:32:13.559,428.58040818433807,8
2024-09-20 15:32:13.561,428.5471997154011,1002
2024-09-20 15:32:13.571,428.5705599251724,997
2024-09-20 15:32:13.621,428.5470651189674,10
2024-09-20 15:32:13.668,428.5690374222556,997
2024-09-20 15:32:13.678,428.55828921422346,1002
2024-09-20 15:32:13.756,-428.5750482029542,1005
2024-09-20 15:32:13.835,428.5585282775285,101
2024-09-20 15:32:13.838,428.5480399335264,101
2024-09-20 15:32:13.848,428.5607599423496,5
2024-09-20 15:32:13.857,428.562218703593,8
2024-09-20 15:32:13.864,428.5513206844031,8
2024-09-20 15:32:13.935,428.5717957352601,7
2024-09-20 15:32:13.984,428.5665664256383,1002
2024-09-20 15:32:14.080,428.545633977967,15
2024-09-20 15:32:14.216,428.46371987873965,8
2024-09-20 15:32:14.310,428.5356934307373,13
2024-09-20 15:32:14.324,428.5375922318274,101
2024-09-20 15:32:14.373,428.5094347520637,10
2024-09-20 15:32:14.441,428.53052236201165,97
2024-09-20 15:32:14.530,42.8487296396288,1004
2024-09-20 15:32:14.532,428.5124188151485,1004
2024-09-20 15:32:14.600,428.48566864024747,1004
2024-09-20 15:32:14.677,428.52102199508295,97
2024-09-20 15:32:14.702,428.5430404611811,101
2024-09-20 15:32:14.789,428.4590023505776,100
2024-09-20 15:32:14.965,428.4721080138121,105
2024-09-20 15:32:14.987,428.5098737845936,10
2024-09-20 15:32:15.066,428.5560869905341,8
2024-09-20 15:32:15.200,428.5272476003293,13
2024-09-20 15:32:15.608,428.5449118207839,98
2024-09-20 15:32:15.683,428.535620235713,12
2024-09-20 15:32:15.968,428.55872490732014,1004
2024-09-20 15:32:15.992,428.5621296045705,15
2024-09-20 15:32:16.028,428.6431883731491,96
2024-09-20 15:32:16.037,428.6399433474416,97
2024-09-20 15:32:16.039,428.6077316220624,1000
2024-09-20 15:32:16.153,428.5820253157912,100
2024-09-20 15:32:16.238,428.6271945252798,1002
2024-09-20 15:32:16.464,428.57594798939385,8
2024-09-20 15:32:16.483,-428.6047735119731,1000
2024-09-20 15:32:16.541,428.6223580898849,999
2024-09-20 15:32:16.552,428.5699990959306,997
2024-09-20 15:32:16.608,428.6215873183719,1000
2024-09-20 15:32:16.660,428.6285861199081,8
2024-09-20 15:32:16.730,428.6329320265663,14
2024-09-20 15:32:16.779,428.63113088624544,1002
2024-09-20 15:32:16.787,428.5718309249538,105
2024-09-20 15:32:16.806,428.58021571122106,13
2024-09-20 15:32:16.851,428.61362373884685,999
2024-09-20 15:32:16.906,428.6286041759058,6
2024-09-20 15:32:16.922,428.63487415233385,102
2024-09-20 15:32:16.947,428.6136410880727,1002
2024-09-20 15:32:17.098,428.6534771674337,995
2024-09-20 15:32:17.125,428.6155441215739,102
2024-09-20 15:32:17.205,428.627062277616,999
2024-09-20 15:32:17.220,428.6478422767375,1002
2024-09-20 15:32:17.344,428.6258658235711,6
2024-09-20 15:32:17.473,428.63407861239705,997
2024-09-20 15:32:17.488,428.63047036714033,100
2024-09-20 15:32:17.818,428.6368495984504,15
2024-09-20 15:32:17.870,428.63627846778695,104
2024-09-20 15:32:17.881,428.6212166555092,1003
2024-09-20 15:32:17.968,428.6347779689219,7
2024-09-20 15:32:18.261,428.6771485176501,101
2024-09-20 15:32:18.503,428.6505947216736,998
2024-09-20 15:32:18.624,428.6510337784574,95
2024-09-20 15:32:18.802,428.6673515391385,999
2024-09-20 15:32:19.051,428.6669220328271,11
2024-09-20 15:32:19.292,428.67034256840833,996
2024-09-20 15:32:19.410,428.667243867545,102
2024-09-20 15:32:19.500,428.6255846426241,98
2024-09-20 15:32:19.542,428.6509885586866,14
2024-09-20 15:32:19.767,422.92673932633016,999
2024-09-20 15:32:19.827,428.6500463277218,96
2024-09-20 15:32:19.902,428.64877884771744,998
2024-09-20 15:32:20.260,428.6321053800975,7
2024-09-20 15:32:20.292,428.6312982437204,7
2024-09-20 15:32:20.696,428.6264774219677,100
2024-09-20 15:32:20.924,428.6551872666124,1002
2024-09-20 15:32:21.100,428.662565791741,8
2024-09-20 15:32:21.159,428.6886155450388,97
2024-09-20 15:32:21.177,428.68691650962967,997
2024-09-20 15:32:21.307,428.71873025470353,104
2024-09-20 15:32:21.329,428.72576128815456,997
2024-09-20 15:32:21.352,428.677899939532,997
2024-09-20 15:32:21.427,428.6806372095062,8
2024-09-20 15:32:21.684,428.64704007435495,14
2024-09-20 15:32:21.731,428.7010993967998,1001
2024-09-20 15:32:21.748,428.646158664307,1001
2024-09-20 15:32:21.918,428.6715763604029,13
2024-09-20 15:32:21.981,428.65410427954765,105
2024-09-20 15:32:21.981,428.67653300129865,101
2024-09-20 15:32:22.068,428.7280526209266,102
2024-09-20 15:32:22.421,428.7302614705128,7
2024-09-20 15:32:22.640,428.7180974176908,1001
2024-09-20 15:32:23.053,428.6875179121837,102
2024-09-20 15:32:23.060,428.728081365721,996
2024-09-20 15:32:23.064,428.7405852203007,104
2024-09-20 15:32:23.069,428.7514518502335,998
2024-09-20 15:32:23.137,428.7382666654626,11
2024-09-20 15:32:23.167,428.70277216554905,1004
2024-09-20 15:32:23.192,428.7285625761205,11
2024-09-20 15:32:23.211,428.7250740929237,999
2024-09-20 15:32:23.215,428.7215962965681,1003
2024-09-20 15:32:23.237,428.7112101027636,999
2024-09-20 15:32:23.246,428.7468064953224,95
2024-09-20 15:32:23.307,428.7210777127691,95
2024-09-20 15:32:23.360,428.73184420691456,10
2024-09-20 15:32:23.389,428.6936099110191,9
2024-09-20 15:32:23.399,428.71095866074216,105
2024-09-20 15:32:23.435,-428.7401775360001,95
2024-09-20 15:32:23.690,428.7130156951048,97
2024-09-20 15:32:23.690,428.7127077787096,96
2024-09-20 15:32:23.786,428.73679412659567,5
2024-09-20 15:32:23.823,428.742454394915,99
2024-09-20 15:32:23.846,428.7460635530931,1004
2024-09-20 15:32:23.934,428.7001090783661,1003
2024-09-20 15:32:23.989,428.7433088828442,1002
2024-09-20 15:32:23.992,428.7489940906959,99
2024-09-20 15:32:24.050,428.70327779008,101
2024-09-20 15:32:24.126,428.6739047431205,14
2024-09-20 15:32:24.134,428.6408914845152,6
2024-09-20 15:32:24.184,428.6716520003087,1005
2024-09-20 15:32:24.281,428.6415173711928,102
2024-09-20 15:32:24.506,428.6615144061455,101
2024-09-20 15:32:24.591,428.6431294609303,1002
2024-09-20 15:32:24.606,428.6779063003357,1002
2024-09-20 15:32:24.656,428.692986169659,103
2024-09-20 15:32:24.725,428.6649556714904,1002
2024-09-20 15:32:24.730,42.86911152350166,998
2024-09-20 15:32:24.804,428.6470193196863,1005
2024-09-20 15:32:24.850,428.64402617241046,100
2024-09-20 15:32:24.955,428.6316168898692,11
2024-09-20 15:32:25.013,428.690940576036,1000
2024-09-20 15:32:25.171,428.7518507737112,13
2024-09-20 15:32:25.172,428.7871437656535,99
2024-09-20 15:32:25.181,428.6443509385371,1000
2024-09-20 15:32:25.185,428.6799432975182,8
2024-09-20 15:32:25.274,428.75807789931343,15
2024-09-20 15:32:25.332,428.7567006520686,100
2024-09-20 15:32:25.365,428.66975999453416,1002
2024-09-20 15:32:25.454,428.74902975197193,998
2024-09-20 15:32:25.550,-428.6818221436923,8
2024-09-20 15:32:25.666,428.7238981809677,11
2024-09-20 15:32:25.695,428.642931367768,1002
2024-09-20 15:32:25.723,428.69164134597935,1002
2024-09-20 15:32:25.763,428.6691462277385,95
2024-09-20 15:32:25.777,428.7420703461795,1001
2024-09-20 15:32:25.818,428.6977577210064,1000
2024-09-20 15:32:25.864,428.6670521542042,101
2024-09-20 15:32:25.929,428.6697070448234,13
2024-09-20 15:32:25.936,-428.6696719476993,99
2024-09-20 15:32:26.012,428.7996559642692,102
2024-09-20 15:32:26.030,428.75765380690143,1005
2024-09-20 15:32:26.071,428.7852834256212,995
2024-09-20 15:32:26.074,428.7567569784793,102
2024-09-20 15:32:26.111,428.76926661035566,1002
2024-09-20 15:32:26.144,428.7054007789027,1002
2024-09-20 15:32:26.202,428.75476993396273,101
2024-09-20 15:32:26.218,428.80305173136463,102
2024-09-20 15:32:26.245,428.7849281317581,100
2024-09-20 15:32:26.352,428.7350306137788,99
2024-09-20 15:32:26.421,428.7899850374835,999
2024-09-20 15:32:26.448,428.7946523364124,1001
2024-09-20 15:32:26.468,428.77004002380806,105
2024-09-20 15:32:26.498,428.75503415412703,999
2024-09-20 15:32:26.543,428.7596748756213,10
2024-09-20 15:32:26.573,428.7535513049356,99
2024-09-20 15:32:26.592,428.7869495056394,999
2024-09-20 15:32:26.608,428.78480645811874,100
2024-09-20 15:32:26.630,428.7507107039476,11
2024-09-20 15:32:26.640,428.7408060772905,96
2024-09-20 15:32:26.653,428.7887211872496,100
2024-09-20 15:32:26.796,428.7815990550641,100
2024-09-20 15:32:26.819,428.7993491894645,5
2024-09-20 15:32:26.853,428.71737425225496,5
2024-09-20 15:32:26.905,428.7362186620008,99
2024-09-20 15:32:26.960,428.75881674257073,9
2024-09-20 15:32:26.970,428.7673592304705,105
2024-09-20 15:32:26.998,428.7892609133743,1001
2024-09-20 15:32:27.001,428.7609168028478,13
2024-09-20 15:32:27.023,428.7689008509735,97
2024-09-20 15:32:27.113,428.813539163402,995
2024-09-20 15:32:27.202,428.81136221798295,100
2024-09-20 15:32:27.209,428.7941155456762,100
2024-09-20 15:32:27.223,428.7809878467804,105
2024-09-20 15:32:27.308,428.7928330205728,1004
2024-09-20 15:32:27.320,428.7595317804602,6
2024-09-20 15:32:27.340,428.8062743890561,1003
2024-09-20 15:32:27.348,428.75870558400686,10
2024-09-20 15:32:27.399,428.71477502856624,9
2024-09-20 15:32:27.431,428.6949652024728,99
2024-09-20 15:32:27.444,428.7937290074466,1005
2024-09-20 15:32:27.491,428.7739063824072,1003
2024-09-20 15:32:27.521,428.7603277990656,1002
2024-09-20 15:32:27.562,428.76473153758747,1003
2024-09-20 15:32:27.633,428.7312815117072,997
2024-09-20 15:32:27.697,428.81241628681965,1005
2024-09-20 15:32:27.844,428.78940074735016,1001
2024-09-20 15:32:27.927,428.7575935316361,101
2024-09-20 15:32:27.964,422.8208322910064,996
2024-09-20 15:32:28.140,428.7685980705071,95
2024-09-20 15:32:28.159,428.7471626976243,999
2024-09-20 15:32:28.196,428.7505712797925,1001
2024-09-20 15:32:28.215,428.7629805891734,13
2024-09-20 15:32:28.369,428.79174143675937,1001
2024-09-20 15:32:28.377,428.7452235133948,104
2024-09-20 15:32:28.623,428.7301851481181,998
2024-09-20 15:32:28.709,428.73943871435375,101
2024-09-20 15:32:28.841,428.7388270577342,1005
2024-09-20 15:32:29.046,428.8390298551125,1002
2024-09-20 15:32:29.066,428.8153319927309,104
2024-09-20 15:32:29.106,428.8181019942453,15
2024-09-20 15:32:29.145,428.7878397563951,13
2024-09-20 15:32:29.172,428.8318977869733,996
2024-09-20 15:32:29.199,428.80138260424144,99
2024-09-20 15:32:29.268,428.8392937243079,998
2024-09-20 15:32:29.360,428.8024497119668,13
2024-09-20 15:32:29.520,428.7698082713847,101
2024-09-20 15:32:29.697,428.7523135820257,7
2024-09-20 15:32:29.703,428.82204777105534,999
2024-09-20 15:32:29.840,428.8075394505278,995
2024-09-20 15:32:29.870,428.8308945466182,98
2024-09-20 15:32:29.917,428.8075510569444,12
2024-09-20 15:32:29.931,428.8377922870972,1005
2024-09-20 15:32:30.267,428.8232704360737,996
2024-09-20 15:32:30.397,428.8184333345206,1002
2024-09-20 15:32:30.728,428.8309773748428,1000
2024-09-20 15:32:31.059,428.8301218917853,995
2024-09-20 15:32:31.063,428.8052591262866,999
2024-09-20 15:32:31.093,428.8285438842373,997
2024-09-20 15:32:31.095,428.8188779597579,998
2024-09-20 15:32:31.100,428.82985154224383,1002
2024-09-20 15:32:31.165,428.842099937235,97
2024-09-20 15:32:31.256,428.8189360368257,98
2024-09-20 15:32:31.311,428.8438195399789,1004
2024-09-20 15:32:31.324,428.8100697338361,104
2024-09-20 15:32:31.337,428.8160440245017,1001
2024-09-20 15:32:31.394,428.8050299488625,8
2024-09-20 15:32:31.401,428.7883951718821,999
2024-09-20 15:32:31.534,428.8583302595043,99
2024-09-20 15:32:31.553,428.7990242028968,1000
2024-09-20 15:32:31.621,428.83320410907896,1005
2024-09-20 15:32:31.653,428.83212464808827,96
2024-09-20 15:32:31.701,428.81345879324647,15
2024-09-20 15:32:31.731,428.8250769268356,12
2024-09-20 15:32:31.746,428.8429095746528,96
2024-09-20 15:32:31.754,428.8211322047133,104
2024-09-20 15:32:31.811,428.8339351548033,11
2024-09-20 15:32:31.842,428.8144912104805,995
2024-09-20 15:32:31.874,428.7929247024206,104
2024-09-20 15:32:31.882,428.8306153790448,15
2024-09-20 15:32:31.938,428.8264942205385,996
2024-09-20 15:32:31.951,428.8272185846522,1001
2024-09-20 15:32:31.975,428.8367779629219,996
2024-09-20 15:32:31.995,428.8022948517674,998
2024-09-20 15:32:33.038,428.8084723575161,14
2024-09-20 15:32:33.079,428.7202513320934,999
2024-09-20 15:32:33.079,428.7760655626056,14
2024-09-20 15:32:33.086,428.7564570754713,8
2024-09-20 15:32:33.126,428.7826811123478,1001
2024-09-20 15:32:33.210,428.7569042889365,10
2024-09-20 15:32:33.239,428.764312254108,99
2024-09-20 15:32:33.347,428.7623598255647,12
2024-09-20 15:32:33.357,428.73830886125774,99
2024-09-20 15:32:33.373,428.8232823162496,101
2024-09-20 15:32:33.403,428.7534061225261,102
2024-09-20 15:32:33.405,428.8132369344778,97
2024-09-20 15:32:33.456,428.77378008763225,11
2024-09-20 15:32:33.456,428.75759610349246,105
2024-09-20 15:32:33.481,428.775641254397,1005
2024-09-20 15:32:33.489,428.8036107504008,103
2024-09-20 15:32:33.505,428.7248103059878,997
2024-09-20 15:32:33.535,428.8088628074706,102
2024-09-20 15:32:33.536,428.82022778327774,100
2024-09-20 15:32:33.550,428.7601477263721,11
2024-09-20 15:32:33.589,428.7348230736652,100
2024-09-20 15:32:33.608,428.7262554191463,10
2024-09-20 15:32:33.635,428.7612043068392,996
2024-09-20 15:32:33.675,428.8127570674059,1002
2024-09-20 15:32:33.681,428.7795165097514,14
2024-09-20 15:32:33.791,428.76039919284864,1001
2024-09-20 15:32:33.796,428.7987192298746,15
2024-09-20 15:32:33.827,428.7913044055121,7
2024-09-20 15:32:33.903,428.7506852443401,9
2024-09-20 15:32:33.943,428.8331204549818,6
2024-09-20 15:32:34.119,428.659103692066,996
2024-09-20 15:32:34.166,-428.71964702384,96
2024-09-20 15:32:34.174,428.6962214712579,105
2024-09-20 15:32:34.189,428.74341596981225,97
2024-09-20 15:32:34.192,428.7696706948881,997
2024-09-20 15:32:34.288,428.7303493511133,101
2024-09-20 15:32:34.290,428.68976702473554,104
2024-09-20 15:32:34.321,428.7186995889318,103
2024-09-20 15:32:34.347,428.6557368932813,105
2024-09-20 15:32:34.358,428.6618277273611,1004
2024-09-20 15:32:34.365,-428.6590794512928,102
2024-09-20 15:32:34.388,428.756261815299,100
2024-09-20 15:32:34.443,428.6631444279696,996
2024-09-20 15:32:34.460,428.6998891784192,14
2024-09-20 15:32:34.466,428.6901761657819,12
2024-09-20 15:32:34.489,428.70289005652063,1003
2024-09-20 15:32:34.525,428.7679894607908,12
2024-09-20 15:32:34.546,428.73366987424816,1002
2024-09-20 15:32:34.562,428.7529724260257,998
2024-09-20 15:32:34.562,428.6969864692854,10
2024-09-20 15:32:34.568,428.723299335708,100
2024-09-20 15:32:34.573,428.6580143685633,1003
2024-09-20 15:32:34.775,428.6519645315439,1001
2024-09-20 15:32:34.828,428.7031862928346,101
2024-09-20 15:32:34.836,42.87063700050693,104
2024-09-20 15:32:34.908,428.68444189161664,97
2024-09-20 15:32:34.915,428.6623633008498,15
2024-09-20 15:32:35.021,428.7275975206874,97
2024-09-20 15:32:35.234,428.72494124666576,7
2024-09-20 15:32:35.426,428.7256469260095,102
2024-09-20 15:32:35.707,428.6966850129341,11
2024-09-20 15:32:35.855,428.7227803601644,14
2024-09-20 15:32:36.007,428.74201869705314,96
2024-09-20 15:32:36.179,428.71274275724505,98
2024-09-20 15:32:36.271,428.727485045484,5
2024-09-20 15:32:36.637,428.7266264839727,1000
2024-09-20 15:32:36.765,428.7532033295476,6
2024-09-20 15:32:36.853,428.73714316745713,1002
2024-09-20 15:32:36.987,428.7444409376569,998
2024-09-20 15:32:37.188,428.7588948206336,5
2024-09-20 15:32:37.482,428.72549891406254,11
2024-09-20 15:32:37.864,428.7206906633424,5
2024-09-20 15:32:38.003,428.64023498062863,9
2024-09-20 15:32:38.036,428.6717216241762,6
2024-09-20 15:32:38.049,428.68058811596825,1005
2024-09-20 15:32:38.223,428.62154360009686,1002
2024-09-20 15:32:38.275,428.69184396890194,13
2024-09-20 15:32:38.355,428.7251175094511,12
2024-09-20 15:32:38.417,428.6245343503743,104
2024-09-20 15:32:38.483,428.58721105467816,7
2024-09-20 15:32:38.567,428.7000567653786,100
2024-09-20 15:32:38.617,428.6143723428173,997
2024-09-20 15:32:38.640,428.6757753520473,100
2024-09-20 15:32:38.656,428.6720760444349,999
2024-09-20 15:32:38.675,428.6816700128779,998
2024-09-20 15:32:38.683,428.7026558490068,12
2024-09-20 15:32:38.709,428.67780717386427,100
2024-09-20 15:32:38.717,428.6930375286721,1002
2024-09-20 15:32:38.809,428.63876574029285,96
2024-09-20 15:32:38.845,428.6119885135717,1005
2024-09-20 15:32:38.882,428.60339090320286,101
2024-09-20 15:32:38.884,428.6041634812236,997
2024-09-20 15:32:38.885,428.6292101612922,100
2024-09-20 15:32:38.918,428.7026404778972,6
2024-09-20 15:32:39.083,428.600593256519,14
2024-09-20 15:32:39.098,428.6163723884464,10
2024-09-20 15:32:39.292,428.64714149172215,11
2024-09-20 15:32:39.423,428.64173405723,1005
2024-09-20 15:32:39.442,428.6456099468168,996
2024-09-20 15:32:39.667,428.648976967502,1005
2024-09-20 15:32:39.691,428.6288838945605,103
2024-09-20 15:32:39.730,428.63063942606857,1005
2024-09-20 15:32:39.743,428.61358497373607,12
2024-09-20 15:32:39.778,428.608139397861,97
2024-09-20 15:32:39.845,428.5986575769962,99
2024-09-20 15:32:39.901,428.6127133685012,12
2024-09-20 15:32:39.907,428.6411152822983,105
2024-09-20 15:32:40.054,428.63058981639495,9
2024-09-20 15:32:40.484,422.7337108830276,1001
2024-09-20 15:32:41.395,428.64859258819024,104
2024-09-20 15:32:41.792,428.6492845689488,1005
2024-09-20 15:32:41.855,428.6466254462219,997
2024-09-20 15:32:41.932,428.6448587951333,1003
2024-09-20 15:32:42.039,428.703547519181,998
2024-09-20 15:32:42.065,428.6931144721275,13
2024-09-20 15:32:42.098,428.6669249941193,97
2024-09-20 15:32:42.112,428.7355433962472,102
2024-09-20 15:32:42.152,428.6745401597549,9
2024-09-20 15:32:42.188,428.6839394165298,1005
2024-09-20 15:32:42.476,428.7228264943987,6
2024-09-20 15:32:42.512,428.6915996003328,8
2024-09-20 15:32:42.584,428.6804948193535,101
2024-09-20 15:32:42.739,428.6623929958065,6
2024-09-20 15:32:42.745,428.7012916725175,101
2024-09-20 15:32:42.812,428.6785507612025,10
2024-09-20 15:32:42.843,428.6892059433406,97
2024-09-20 15:32:42.885,428.7004333652083,5
2024-09-20 15:32:43.085,42.86988986162564,12
2024-09-20 15:32:43.099,428.68672997184393,97
2024-09-20 15:32:43.126,428.6754395075613,95
2024-09-20 15:32:43.168,428.71369347269615,996
2024-09-20 15:32:43.178,428.7399674021953,999
2024-09-20 15:32:43.189,428.6828540823758,105
2024-09-20 15:32:43.201,428.70884075571615,1001
2024-09-20 15:32:43.268,428.6897085328711,13
2024-09-20 15:32:43.277,428.70282273194925,102
2024-09-20 15:32:43.303,428.6862478946229,15
2024-09-20 15:32:43.352,428.71095570481,96
2024-09-20 15:32:43.387,428.7037965013602,105
2024-09-20 15:32:43.543,428.671014283218,101
2024-09-20 15:32:43.563,428.6856411989867,97
2024-09-20 15:32:43.581,428.6720865133702,11
2024-09-20 15:32:43.592,428.69593133281313,1004
2024-09-20 15:32:43.594,-428.7090795823492,95
2024-09-20 15:32:43.597,428.6813583606038,998
2024-09-20 15:32:43.607,428.662981349748,9
2024-09-20 15:32:43.610,428.72320368558894,9
2024-09-20 15:32:43.621,428.6921041781984,96
2024-09-20 15:32:43.746,428.6849636456643,1004
2024-09-20 15:32:43.756,428.7144842958844,999
2024-09-20 15:32:43.766,428.7067974284323,1004
2024-09-20 15:32:43.812,428.70481050621567,12
2024-09-20 15:32:43.830,428.7010734341262,999
2024-09-20 15:32:43.857,428.6932784634125,996
2024-09-20 15:32:43.967,428.6933665403234,999
2024-09-20 15:32:43.999,428.7280233458031,998
2024-09-20 15:32:44.014,428.7544523434034,96
2024-09-20 15:32:44.022,428.7439334270604,997
2024-09-20 15:32:44.035,428.7508737557218,15
2024-09-20 15:32:44.061,428.72585692803614,99
2024-09-20 15:32:44.093,428.7550779802141,103
2024-09-20 15:32:44.101,428.70300339823376,13
2024-09-20 15:32:44.233,428.7267645657921,96
2024-09-20 15:32:44.260,428.7386258353369,995
2024-09-20 15:32:44.264,428.69559143356753,1001
2024-09-20 15:32:44.330,428.6952992456168,98
2024-09-20 15:32:44.359,428.69706889017925,997
2024-09-20 15:32:44.364,428.7143706870289,97
2024-09-20 15:32:44.441,428.7223848470124,99
2024-09-20 15:32:44.460,428.70376638940337,99
2024-09-20 15:32:44.461,428.7684151573241,1002
2024-09-20 15:32:44.497,428.6957576686899,8
2024-09-20 15:32:44.589,428.70949568351983,11
2024-09-20 15:32:44.639,428.7396036272174,1005
2024-09-20 15:32:44.655,428.7231872950306,6
2024-09-20 15:32:44.668,428.7489235099026,15
2024-09-20 15:32:44.695,428.7629594722368,1004
2024-09-20 15:32:44.725,428.71984154622703,7
2024-09-20 15:32:44.727,428.7511337778909,6
2024-09-20 15:32:44.742,428.7268055545031,996
2024-09-20 15:32:44.759,428.75908508984816,7
2024-09-20 15:32:44.796,428.750778849101,8
2024-09-20 15:32:44.799,428.7021564848197,98
2024-09-20 15:32:44.826,428.73054231635854,98
2024-09-20 15:32:44.930,428.76639722468224,1002
2024-09-20 15:32:44.931,428.7542142885141,1002
2024-09-20 15:32:45.046,428.8076637752435,104
2024-09-20 15:32:45.097,428.8111962490352,11
2024-09-20 15:32:45.196,428.78176228166825,1001
2024-09-20 15:32:45.260,428.7906084863019,102
2024-09-20 15:32:45.266,428.7731114330362,12
2024-09-20 15:32:45.333,428.7938142933638,1000
2024-09-20 15:32:45.350,428.820556886483,1002
2024-09-20 15:32:45.438,428.81161252536094,7
2024-09-20 15:32:45.474,428.81513839111216,12
2024-09-20 15:32:45.500,428.78122135372,7
2024-09-20 15:32:45.501,428.793854994925,100
2024-09-20 15:32:45.622,428.8231984235956,998
2024-09-20 15:32:45.632,428.8119417173826,12
2024-09-20 15:32:45.693,428.789147374885,97
2024-09-20 15:32:45.784,428.7823908611484,97
2024-09-20 15:32:45.872,428.79067496897153,1005
2024-09-20 15:32:45.874,428.8235942705383,11
2024-09-20 15:32:45.993,428.7643626271075,14
2024-09-20 15:32:46.082,428.8021233375064,14
2024-09-20 15:32:46.254,428.8016611738973,6
2024-09-20 15:32:46.277,-428.8318129746452,7
2024-09-20 15:32:46.475,428.8265818050611,1005
2024-09-20 15:32:46.507,428.8327251430665,9
2024-09-20 15:32:46.528,428.8605169565392,1004
2024-09-20 15:32:46.572,428.7997988035989,95
2024-09-20 15:32:46.651,428.8067725018686,12
2024-09-20 15:32:46.658,428.8363687561716,10
2024-09-20 15:32:46.709,428.8362631303121,104
2024-09-20 15:32:46.766,428.79590905409134,98
2024-09-20 15:32:46.802,428.81567099351565,12
2024-09-20 15:32:46.820,428.84861804184766,98
2024-09-20 15:32:47.169,428.8534411057975,99
2024-09-20 15:32:47.328,428.8635873024681,7
2024-09-20 15:32:47.439,428.8782187533527,100
2024-09-20 15:32:47.541,428.8789846272596,996
2024-09-20 15:32:47.678,428.8755740148527,101
2024-09-20 15:32:47.898,428.8625518361618,12
2024-09-20 15:32:48.005,428.8636226534143,999
2024-09-20 15:32:48.048,428.8563426711211,1001
2024-09-20 15:32:48.060,428.862102991803,11
2024-09-20 15:32:48.066,428.8684670283053,997
2024-09-20 15:32:48.167,428.8758318492647,101
2024-09-20 15:32:48.190,428.8903277521271,12
2024-09-20 15:32:48.203,428.8618595042653,102
2024-09-20 15:32:48.258,428.8771016690776,998
2024-09-20 15:32:48.269,,1000
2024-09-20 15:32:48.312,428.8368970082646,105
2024-09-20 15:32:48.333,428.84272261848366,103
2024-09-20 15:32:48.355,428.8463643913823,1002
2024-09-20 15:32:48.365,428.8365129913553,11
2024-09-20 15:32:48.390,428.84697672683865,15
2024-09-20 15:32:48.396,428.890309112793,7
2024-09-20 15:32:48.429,428.84317543691736,6
2024-09-20 15:32:48.455,428.8640176847443,99
2024-09-20 15:32:48.473,428.8700650483673,103
2024-09-20 15:32:48.534,428.8798238748564,8
2024-09-20 15:32:48.665,-428.88093989302246,103
2024-09-20 15:32:48.715,428.8453157939884,98
2024-09-20 15:32:48.734,428.871378720844,98
2024-09-20 15:32:48.740,428.8487407108122,1003
2024-09-20 15:32:48.753,428.8420988283369,1000
2024-09-20 15:32:48.793,428.8486835697643,99
2024-09-20 15:32:48.948,428.850175363016,10
2024-09-20 15:32:48.959,428.86729055347104,1005
2024-09-20 15:32:48.977,428.8335385594115,10
2024-09-20 15:32:49.153,428.870088501498,11
2024-09-20 15:32:49.165,428.8841811768522,1004
2024-09-20 15:32:49.211,428.8630875599534,13
2024-09-20 15:32:49.432,428.8770614616061,15
2024-09-20 15:32:49.563,428.8686752060428,97
2024-09-20 15:32:49.568,428.8696699529065,995
2024-09-20 15:32:49.580,428.85981314958747,11
2024-09-20 15:32:49.692,428.88781272499386,15
2024-09-20 15:32:51.035,428.7629518747791,13
2024-09-20 15:32:51.042,428.772464443534,100
2024-09-20 15:32:51.117,428.7754570743496,105
2024-09-20 15:32:51.145,428.8336756850682,103
2024-09-20 15:32:51.153,428.8161554023971,1005
2024-09-20 15:32:51.157,428.80453839879215,99
2024-09-20 15:32:51.162,428.86243023681567,12
2024-09-20 15:32:51.241,428.8137341538373,103
2024-09-20 15:32:51.252,428.7481906920181,96
2024-09-20 15:32:51.261,428.7928742865931,14
2024-09-20 15:32:51.329,42.88087953836697,7
2024-09-20 15:32:51.381,428.7587978223598,98
2024-09-20 15:32:51.410,428.8036939377951,1004
2024-09-20 15:32:51.434,428.8113248424352,101
2024-09-20 15:32:51.447,428.85032389486656,995
2024-09-20 15:32:51.585,428.8198077102588,105
2024-09-20 15:32:51.587,428.8361358357984,14
2024-09-20 15:32:51.589,428.7819750933565,8
2024-09-20 15:32:51.619,428.8653081824421,103
2024-09-20 15:32:51.649,428.801501062102,103
2024-09-20 15:32:51.660,428.7960558163528,997
2024-09-20 15:32:51.671,428.8110372101808,96
2024-09-20 15:32:51.695,428.8128329403178,95
2024-09-20 15:32:51.767,428.80995681191615,1000
2024-09-20 15:32:51.791,428.81226917816576,5
2024-09-20 15:32:51.795,428.86700505811314,102
2024-09-20 15:32:51.806,428.82978734564,103
2024-09-20 15:32:51.836,428.8072394891134,101
2024-09-20 15:32:51.844,428.8047989328492,15
2024-09-20 15:32:51.861,428.8254604187629,8
2024-09-20 15:32:52.031,428.7218637991992,1005
2024-09-20 15:32:52.077,428.74466535160656,13
2024-09-20 15:32:52.098,428.7458088725524,14
2024-09-20 15:32:52.147,428.73066894068256,11
2024-09-20 15:32:52.192,428.7503652752599,10
2024-09-20 15:32:52.252,428.7471267597293,1005
2024-09-20 15:32:52.322,428.7160760078772,996
2024-09-20 15:32:52.343,428.74371282584985,13
2024-09-20 15:32:52.344,428.7382710987326,12
2024-09-20 15:32:52.350,428.70740415053456,96
2024-09-20 15:32:52.357,428.7525810539317,5
2024-09-20 15:32:52.366,428.7191210876685,100
2024-09-20 15:32:52.504,428.7112460450727,97
2024-09-20 15:32:52.566,428.7369247938025,14
2024-09-20 15:32:52.604,428.7387525998029,1001
2024-09-20 15:32:52.750,428.7328139178513,14
2024-09-20 15:32:52.776,428.71417756947096,1004
2024-09-20 15:32:52.794,428.7226783910928,7
2024-09-20 15:32:52.825,428.752540414766,102
2024-09-20 15:32:52.828,428.7091358077819,1003
2024-09-20 15:32:52.904,428.75086343269777,1004
2024-09-20 15:32:52.921,428.7401787203988,97
2024-09-20 15:32:52.926,428.7587131129261,14
2024-09-20 15:32:53.074,428.71160233442265,105
2024-09-20 15:32:53.074,428.6664582238613,12
2024-09-20 15:32:53.241,428.6878858942235,997
2024-09-20 15:32:53.246,428.70769242203824,997
2024-09-20 15:32:53.302,428.7038574947765,14
2024-09-20 15:32:53.302,428.7027487576856,1003
2024-09-20 15:32:53.348,428.6768361562988,9
2024-09-20 15:32:53.359,428.658102558343,95
2024-09-20 15:32:53.435,428.6938873602478,15
2024-09-20 15:32:53.534,428.6720707655164,97
2024-09-20 15:32:53.586,428.6970012761621,5
2024-09-20 15:32:53.593,428.7208604269156,10
2024-09-20 15:32:53.604,428.6624233312148,11
2024-09-20 15:32:53.740,428.6566827699498,12
2024-09-20 15:32:53.841,428.73281226274304,98
2024-09-20 15:32:53.918,428.7200245696484,998
2024-09-20 15:32:53.935,428.67446366607874,1002
2024-09-20 15:32:53.956,428.7321210833372,99
2024-09-20 15:32:53.984,428.6604277737898,999
2024-09-20 15:32:54.009,428.7173000984149,6
2024-09-20 15:32:54.031,428.72976849565015,6
2024-09-20 15:32:54.142,428.71688027046144,14
2024-09-20 15:32:54.187,428.69391544862543,105
2024-09-20 15:32:54.317,428.7299590104017,7
2024-09-20 15:32:54.322,428.7123459006302,104
2024-09-20 15:32:54.340,428.7156683840471,95
2024-09-20 15:32:54.369,-428.7352142292359,100
2024-09-20 15:32:54.379,428.7175645904925,15
2024-09-20 15:32:54.409,428.7010988664738,102
2024-09-20 15:32:54.426,428.7074427736536,1005
2024-09-20 15:32:54.469,428.7034681461574,14
2024-09-20 15:32:54.599,428.69480899180746,103
2024-09-20 15:32:54.618,428.7212337619328,13
2024-09-20 15:32:54.621,428.7118850225342,96
2024-09-20 15:32:54.640,428.73923336163136,999
2024-09-20 15:32:54.642,428.7132460814322,9
2024-09-20 15:32:54.707,428.7140540959237,1002
2024-09-20 15:32:54.708,428.7095117751541,999
2024-09-20 15:32:54.715,428.7061141689207,99
2024-09-20 15:32:54.804,428.69599724183416,105
2024-09-20 15:32:54.837,428.7204537380643,1004
2024-09-20 15:32:54.845,428.7204425668968,1002
2024-09-20 15:32:54.852,428.72396350792656,1002
2024-09-20 15:32:54.881,428.7208695877611,995
2024-09-20 15:32:54.894,428.7135767234218,100
2024-09-20 15:32:54.922,428.69836005899606,95
2024-09-20 15:32:54.989,428.7170529819176,98
2024-09-20 15:32:55.113,428.7726549749747,13
2024-09-20 15:32:55.287,428.7412391419629,102
2024-09-20 15:32:55.475,428.7584230935525,14
2024-09-20 15:32:55.509,428.761356319928,995
2024-09-20 15:32:55.562,428.7505097209715,105
2024-09-20 15:32:55.702,428.7790470678846,15
2024-09-20 15:32:55.730,428.74852854242806,96
2024-09-20 15:32:55.770,428.740442159436,1005
2024-09-20 15:32:55.946,428.7647584130373,7
2024-09-20 15:32:56.099,428.7461304745943,8
2024-09-20 15:32:56.158,428.7804126260858,12
2024-09-20 15:32:56.303,428.7758738974901,13
2024-09-20 15:32:56.363,428.7558180885829,100
2024-09-20 15:32:56.375,428.7331763876592,1005
2024-09-20 15:32:56.429,428.8030400340588,98
2024-09-20 15:32:56.539,428.7587498985952,7
2024-09-20 15:32:56.687,428.781356903874,96
2024-09-20 15:32:56.837,428.75940955283136,1002
2024-09-20 15:32:56.862,428.7668447978035,1003
2024-09-20 15:32:57.039,428.8440060265799,997
2024-09-20 15:32:57.090,428.82045536675537,11
2024-09-20 15:32:57.140,428.810709352034,11
2024-09-20 15:32:57.146,428.8175827194016,95
2024-09-20 15:32:57.208,428.8249900438362,104
2024-09-20 15:32:57.281,428.7959194369761,14
2024-09-20 15:32:57.307,428.8405505318353,1001
2024-09-20 15:32:57.441,428.81009854856,9
2024-09-20 15:32:57.529,428.8229819485093,96
2024-09-20 15:32:57.532,428.8194779468707,100
2024-09-20 15:32:57.559,428.8515250295335,1000
2024-09-20 15:32:57.599,428.8453674935656,95
2024-09-20 15:32:57.646,428.8146560515728,104
2024-09-20 15:32:57.656,428.8037900290822,105
2024-09-20 15:32:57.749,428.8293164248572,995
2024-09-20 15:32:57.775,428.8368565423369,1003
2024-09-20 15:32:57.825,428.81962219572114,9
2024-09-20 15:32:57.953,428.82065374825817,97
2024-09-20 15:32:57.995,428.8260088740661,10
2024-09-20 15:32:58.045,,97
2024-09-20 15:32:58.074,428.85537052603337,14
2024-09-20 15:32:58.595,428.86084398252666,96
2024-09-20 15:32:58.596,428.8551559075259,15
2024-09-20 15:32:58.764,428.87624426272754,11
2024-09-20 15:32:58.776,428.86794173802974,999
2024-09-20 15:32:58.896,428.8446377533309,998
2024-09-20 15:32:58.928,428.8680263000557,1002
