Timestamp,Price,Size
2024-09-18 12:32:00.810,416.5318589121107,1002
2024-09-18 12:32:00.896,416.5576316158396,15
2024-09-18 12:32:00.955,,7
2024-09-18 12:32:01.089,416.5654001273664,11
2024-09-18 12:32:01.404,416.5459261172451,95
2024-09-18 12:32:01.445,416.5435525906309,7
2024-09-18 12:32:01.481,416.5471169047567,1002
2024-09-18 12:32:01.840,416.5541275065597,9
2024-09-18 12:32:01.959,416.5567482825516,1003
2024-09-18 12:32:02.014,416.5748950372167,1001
2024-09-18 12:32:02.076,416.5639292354088,100
2024-09-18 12:32:02.094,416.6012353541429,10
2024-09-18 12:32:02.164,416.5933513348279,1004
2024-09-18 12:32:02.277,416.568420989985,1005
2024-09-18 12:32:02.292,416.56142711047033,995
2024-09-18 12:32:02.405,416.5895623434984,102
2024-09-18 12:32:02.412,416.5965460095936,6
2024-09-18 12:32:02.469,416.5606744438072,1000
2024-09-18 12:32:02.470,416.60950638253945,15
2024-09-18 12:32:02.482,416.5963059154115,1003
2024-09-18 12:32:02.520,416.6120007905429,1005
2024-09-18 12:32:02.601,416.5783480602757,1000
2024-09-18 12:32:02.727,416.5792801206291,11
2024-09-18 12:32:02.880,416.6101015409132,1004
2024-09-18 12:32:03.355,416.6194360082668,1004
2024-09-18 12:32:03.425,416.6022918041888,9
2024-09-18 12:32:03.733,416.6012668233248,102
2024-09-18 12:32:04.105,416.6201056000246,995
2024-09-18 12:32:04.247,416.6221758517717,997
2024-09-18 12:32:04.353,416.60953933993767,102
2024-09-18 12:32:04.723,416.6242168840509,103
2024-09-18 12:32:04.756,416.61611181715006,1000
2024-09-18 12:32:04.909,416.6269648932604,1005
2024-09-18 12:32:05.123,416.5978427058087,1003
2024-09-18 12:32:05.133,416.6089476357846,101
2024-09-18 12:32:05.147,416.6233120178508,97
2024-09-18 12:32:05.155,416.58348747432456,997
2024-09-18 12:32:05.173,416.5781784539079,1002
2024-09-18 12:32:05.213,416.57417330787246,12
2024-09-18 12:32:05.266,416.5762778807951,15
2024-09-18 12:32:05.291,416.5975376491676,100
2024-09-18 12:32:05.307,416.5838153087201,998
2024-09-18 12:32:05.324,416.59348344598993,11
2024-09-18 12:32:05.379,416.5859861376493,103
2024-09-18 12:32:05.522,416.5910747706491,95
2024-09-18 12:32:05.657,416.6023344465169,1001
2024-09-18 12:32:05.674,416.6047292786456,15
2024-09-18 12:32:05.711,416.60021152009193,99
2024-09-18 12:32:05.827,416.5878132843655,6
2024-09-18 12:32:05.833,416.5969337895972,97
2024-09-18 12:32:05.871,416.60125149560025,5
2024-09-18 12:32:05.919,416.57713968147095,999
2024-09-18 12:32:05.998,-416.57988414150486,97
2024-09-18 12:32:06.893,416.5773409027073,1002
2024-09-18 12:32:07.012,416.5338568134923,14
2024-09-18 12:32:07.015,416.5382208587554,1003
2024-09-18 12:32:07.042,416.53890752317255,11
2024-09-18 12:32:07.096,416.5995020236647,13
2024-09-18 12:32:07.123,416.58536160155535,15
2024-09-18 12:32:07.176,416.5872560410162,1000
2024-09-18 12:32:07.191,416.5424636731976,100
2024-09-18 12:32:07.211,416.5708216990152,95
2024-09-18 12:32:07.217,416.56063917582793,97
2024-09-18 12:32:07.237,416.57406133126784,8
2024-09-18 12:32:07.429,416.5269544814318,11
2024-09-18 12:32:07.461,416.5599656464268,103
2024-09-18 12:32:07.582,416.55319479772027,1000
2024-09-18 12:32:07.582,416.5472644894239,1001
2024-09-18 12:32:07.585,416.58741492829967,999
2024-09-18 12:32:07.591,416.5709673451268,14
2024-09-18 12:32:07.666,416.5398561595785,13
2024-09-18 12:32:07.689,416.548210957652,1005
2024-09-18 12:32:07.712,416.5659872483105,99
2024-09-18 12:32:07.804,416.5334431635768,999
2024-09-18 12:32:07.848,416.5374989120974,13
2024-09-18 12:32:07.954,416.5627890596467,5
2024-09-18 12:32:08.030,416.5598114927814,997
2024-09-18 12:32:08.144,416.5680292414132,1003
2024-09-18 12:32:08.337,416.57369894753447,101
2024-09-18 12:32:08.697,416.5691328742669,998
2024-09-18 12:32:08.706,416.5852230826381,7
2024-09-18 12:32:08.723,416.5477857776489,1001
2024-09-18 12:32:08.785,416.5658287731642,999
2024-09-18 12:32:09.072,416.5896928242904,96
2024-09-18 12:32:09.285,416.5720094669808,96
2024-09-18 12:32:09.313,416.6114587689542,10
2024-09-18 12:32:09.555,416.59982654559536,997
2024-09-18 12:32:09.558,416.6102524525072,97
2024-09-18 12:32:09.584,416.6092865811272,1000
2024-09-18 12:32:09.591,,15
2024-09-18 12:32:09.740,416.6023085691736,9
2024-09-18 12:32:09.931,416.5690604771856,96
2024-09-18 12:32:10.124,416.6010661304665,999
2024-09-18 12:32:10.145,416.5763070395994,7
2024-09-18 12:32:10.146,416.5517229177669,1001
2024-09-18 12:32:10.179,416.6076734451023,104
2024-09-18 12:32:10.186,416.5905953226397,995
2024-09-18 12:32:10.191,416.56120560152186,104
2024-09-18 12:32:10.233,416.5842508323802,7
2024-09-18 12:32:10.247,416.6119689666885,104
2024-09-18 12:32:10.291,416.5816438574731,100
2024-09-18 12:32:10.313,416.6299108859739,11
2024-09-18 12:32:10.362,416.5499903853934,1001
2024-09-18 12:32:10.397,416.60403904963016,103
2024-09-18 12:32:10.459,416.6270647621244,14
2024-09-18 12:32:10.488,416.60759970360925,14
2024-09-18 12:32:10.495,416.5689019916251,103
2024-09-18 12:32:10.548,416.5838901397052,1004
2024-09-18 12:32:10.560,416.5758783655791,999
2024-09-18 12:32:10.562,-416.5826658180009,96
2024-09-18 12:32:10.588,416.54989655810766,8
2024-09-18 12:32:10.653,416.57125315596926,6
2024-09-18 12:32:10.667,416.5880513645786,99
2024-09-18 12:32:10.691,416.5960573468896,1005
2024-09-18 12:32:10.701,416.61630589964847,99
2024-09-18 12:32:10.764,416.5681575894412,105
2024-09-18 12:32:10.851,416.5880338343601,97
2024-09-18 12:32:10.989,416.5904655238137,100
2024-09-18 12:32:11.761,416.596527231955,1001
2024-09-18 12:32:12.025,416.5892320009815,1004
2024-09-18 12:32:12.224,416.5868805758578,103
2024-09-18 12:32:12.265,416.5984490255222,1004
2024-09-18 12:32:12.712,416.6009251069144,1002
2024-09-18 12:32:12.917,416.59332244963554,101
2024-09-18 12:32:13.124,416.5565370959356,7
2024-09-18 12:32:13.563,416.5594693940027,95
2024-09-18 12:32:13.670,416.5693497769221,10
2024-09-18 12:32:14.023,416.5329058820604,8
2024-09-18 12:32:14.036,416.4829471442081,96
2024-09-18 12:32:14.092,416.505081170656,102
2024-09-18 12:32:14.097,416.5217366293735,13
2024-09-18 12:32:14.138,,103
2024-09-18 12:32:14.143,416.46266796122273,96
2024-09-18 12:32:14.162,416.5529673191666,96
2024-09-18 12:32:14.229,416.45819862007534,1000
2024-09-18 12:32:14.231,416.4975286348203,100
2024-09-18 12:32:14.259,416.43254416632345,1001
2024-09-18 12:32:14.272,416.5009177447917,98
2024-09-18 12:32:14.354,416.5342631777317,1000
2024-09-18 12:32:14.387,416.5126502482854,13
2024-09-18 12:32:14.481,416.55342956962295,11
2024-09-18 12:32:14.535,416.4948876196032,11
2024-09-18 12:32:14.656,416.4721240988599,998
2024-09-18 12:32:14.758,416.5488656114608,1005
2024-09-18 12:32:14.851,416.54363281066696,999
2024-09-18 12:32:14.937,416.4217050878728,996
2024-09-18 12:32:14.992,416.4680802950309,96
2024-09-18 12:32:16.152,416.4028375186361,12
2024-09-18 12:32:16.284,416.3966057501819,99
2024-09-18 12:32:16.486,416.4056902306055,105
2024-09-18 12:32:16.536,416.414807817403,95
2024-09-18 12:32:16.996,416.4200157267423,101
2024-09-18 12:32:17.116,416.4023627154736,101
2024-09-18 12:32:17.135,416.4006788393498,104
2024-09-18 12:32:17.136,416.3505780260472,1000
2024-09-18 12:32:17.144,416.3984158410857,14
2024-09-18 12:32:17.183,416.4033042100195,996
2024-09-18 12:32:17.249,416.4259757914117,15
2024-09-18 12:32:17.305,416.3373158899655,101
2024-09-18 12:32:17.379,416.3328411285248,5
2024-09-18 12:32:17.453,416.33109471934097,997
2024-09-18 12:32:17.497,416.3409306155568,14
2024-09-18 12:32:17.500,416.3281511274613,997
2024-09-18 12:32:17.581,416.36576077978674,104
2024-09-18 12:32:17.582,416.3921346638271,95
2024-09-18 12:32:17.617,416.3393591478147,6
2024-09-18 12:32:17.622,416.3448015050917,9
2024-09-18 12:32:17.634,416.4062824885948,998
2024-09-18 12:32:17.675,416.3446912587184,998
2024-09-18 12:32:17.697,416.4189925228585,95
2024-09-18 12:32:17.698,416.3937513932173,102
2024-09-18 12:32:17.719,416.34659897936007,8
2024-09-18 12:32:17.756,416.34174407269865,15
2024-09-18 12:32:17.780,416.30822154159085,95
2024-09-18 12:32:17.792,416.3226991594402,1004
2024-09-18 12:32:17.814,416.41778063760574,999
2024-09-18 12:32:17.891,416.3304282331833,100
2024-09-18 12:32:17.987,416.3160591183332,99
2024-09-18 12:32:18.118,416.3447302482117,104
2024-09-18 12:32:18.147,416.3161128465196,100
2024-09-18 12:32:18.298,416.3093455911249,99
2024-09-18 12:32:18.350,416.3279779410934,999
2024-09-18 12:32:18.674,416.3337125096508,97
2024-09-18 12:32:18.781,416.3636634034574,1003
2024-09-18 12:32:18.790,416.2997357143669,97
2024-09-18 12:32:18.852,416.3549011707712,999
2024-09-18 12:32:18.901,416.3558842272532,99
2024-09-18 12:32:18.936,416.3573273280144,1001
2024-09-18 12:32:18.996,416.35659806982414,103
2024-09-18 12:32:19.070,416.2706693522076,998
2024-09-18 12:32:19.082,416.334427836058,12
2024-09-18 12:32:19.098,416.33847436456654,998
2024-09-18 12:32:19.127,416.2815998117096,12
2024-09-18 12:32:19.130,416.3853819402025,996
2024-09-18 12:32:19.153,416.362594173808,105
2024-09-18 12:32:19.171,416.3315252540184,999
2024-09-18 12:32:19.214,416.34269075857446,11
2024-09-18 12:32:19.236,416.3322433891336,105
2024-09-18 12:32:19.276,416.2852705570689,995
2024-09-18 12:32:19.351,416.3528918006351,7
2024-09-18 12:32:19.422,416.3014794536732,995
2024-09-18 12:32:19.430,416.3355401576885,99
2024-09-18 12:32:19.452,416.3233077155128,99
2024-09-18 12:32:19.469,416.3834662860041,97
2024-09-18 12:32:19.557,416.2623335439563,997
2024-09-18 12:32:19.607,416.3753308860421,97
2024-09-18 12:32:19.620,416.3697399715928,1000
2024-09-18 12:32:19.648,416.2715284625651,13
2024-09-18 12:32:19.769,416.3647618863261,12
2024-09-18 12:32:19.794,416.33837768572914,95
2024-09-18 12:32:19.796,416.3680015649635,995
2024-09-18 12:32:19.960,416.333413451553,105
2024-09-18 12:32:19.971,416.3457148423879,12
2024-09-18 12:32:19.989,416.3449440701566,10
2024-09-18 12:32:20.148,416.263242386466,8
2024-09-18 12:32:20.151,416.279724723715,105
2024-09-18 12:32:20.254,416.2498943849095,101
2024-09-18 12:32:20.470,416.25466059660135,9
2024-09-18 12:32:20.493,416.24020364104297,100
2024-09-18 12:32:20.632,416.2866843112196,99
2024-09-18 12:32:20.689,416.25507281330863,96
2024-09-18 12:32:20.705,,14
2024-09-18 12:32:20.727,416.2652757295388,1003
2024-09-18 12:32:20.778,416.2806234453998,6
2024-09-18 12:32:20.855,416.2404698876984,12
2024-09-18 12:32:20.895,416.2653542204518,999
2024-09-18 12:32:20.907,416.26193511288056,99
2024-09-18 12:32:21.034,416.236596864169,98
2024-09-18 12:32:21.106,416.2739822145389,1000
2024-09-18 12:32:21.293,416.2424582520091,12
2024-09-18 12:32:21.294,416.2380116072983,998
2024-09-18 12:32:21.302,416.2585838815372,6
2024-09-18 12:32:21.353,416.2334416704441,1003
2024-09-18 12:32:21.389,416.2380971273137,100
2024-09-18 12:32:21.522,416.2416291305675,96
2024-09-18 12:32:21.574,416.253393176141,96
2024-09-18 12:32:21.708,416.2315478122791,997
2024-09-18 12:32:21.723,416.2309686169434,14
2024-09-18 12:32:21.939,416.2663138190318,10
2024-09-18 12:32:21.968,416.22089096029566,9
2024-09-18 12:32:22.012,416.3535859280749,105
2024-09-18 12:32:22.072,416.3093893770388,14
2024-09-18 12:32:22.080,416.4048841178942,999
2024-09-18 12:32:22.101,416.3330702971679,15
2024-09-18 12:32:22.160,416.3934472425304,103
2024-09-18 12:32:22.174,416.4133671089168,99
2024-09-18 12:32:22.240,416.3626676148874,12
2024-09-18 12:32:22.285,416.29418060423046,15
2024-09-18 12:32:22.293,416.3436949235912,14
2024-09-18 12:32:22.316,416.4043597763574,103
2024-09-18 12:32:22.334,416.39783753696616,95
2024-09-18 12:32:22.404,416.36449700203474,99
2024-09-18 12:32:22.419,416.3325986733045,1005
2024-09-18 12:32:22.440,416.35244100787406,105
2024-09-18 12:32:22.480,416.3885374311888,1000
2024-09-18 12:32:22.604,416.42009569319447,97
2024-09-18 12:32:22.609,41.6350058184262,1002
2024-09-18 12:32:22.677,416.3411547121278,7
2024-09-18 12:32:22.680,416.423047157996,999
2024-09-18 12:32:22.682,416.3277420406645,101
2024-09-18 12:32:22.739,416.3437755003035,103
2024-09-18 12:32:22.740,416.3874369428635,101
2024-09-18 12:32:22.764,416.4105123908342,997
2024-09-18 12:32:23.023,416.4605806626861,103
2024-09-18 12:32:23.093,416.4555332300624,11
2024-09-18 12:32:23.127,416.4468717388684,95
2024-09-18 12:32:23.150,416.48086263254527,1000
2024-09-18 12:32:23.192,416.44889915341264,7
2024-09-18 12:32:23.194,416.43288375194913,9
2024-09-18 12:32:23.200,416.4298297125636,1004
2024-09-18 12:32:23.209,416.4443531588463,997
2024-09-18 12:32:23.243,416.4655882713274,997
2024-09-18 12:32:23.364,416.442001543235,100
2024-09-18 12:32:23.571,416.44251781762034,997
2024-09-18 12:32:23.609,-416.4237561040071,97
2024-09-18 12:32:23.705,416.4546950183536,101
2024-09-18 12:32:23.763,41.64515355781732,101
2024-09-18 12:32:23.878,416.4458673271424,1005
2024-09-18 12:32:23.905,416.4349575702256,100
2024-09-18 12:32:23.933,416.4389326614656,7
2024-09-18 12:32:24.018,416.49028208728765,1004
2024-09-18 12:32:24.264,-416.5022738307186,1001
2024-09-18 12:32:24.271,416.4790979924831,13
2024-09-18 12:32:24.336,416.4588166239268,11
2024-09-18 12:32:24.383,416.5352008971778,996
2024-09-18 12:32:24.398,416.4871709302026,102
2024-09-18 12:32:24.489,416.5310387005167,98
2024-09-18 12:32:24.503,416.511194647297,10
2024-09-18 12:32:24.640,416.47362115634286,997
2024-09-18 12:32:24.684,416.4781241334237,998
2024-09-18 12:32:24.687,416.48808944880574,96
2024-09-18 12:32:24.708,416.49887533185705,10
2024-09-18 12:32:24.746,416.4714490531941,996
2024-09-18 12:32:24.825,416.48748393618615,996
2024-09-18 12:32:24.900,416.51391509225925,97
2024-09-18 12:32:24.949,416.4914343551417,104
2024-09-18 12:32:25.035,,13
2024-09-18 12:32:25.087,416.4863698426765,101
2024-09-18 12:32:25.225,416.4549474381415,5
2024-09-18 12:32:25.346,416.46439168215375,103
2024-09-18 12:32:25.435,416.4778823940546,11
2024-09-18 12:32:25.567,416.4691579870616,13
2024-09-18 12:32:25.868,416.4640453142691,11
2024-09-18 12:32:25.950,416.4518261127556,101
2024-09-18 12:32:26.052,416.437285700408,7
2024-09-18 12:32:26.058,416.4769806253024,103
2024-09-18 12:32:26.138,416.4462389276998,102
2024-09-18 12:32:26.298,416.47446273501896,998
2024-09-18 12:32:26.447,416.4520595964311,98
2024-09-18 12:32:26.450,416.4652860422205,1005
2024-09-18 12:32:26.493,416.4793029332234,97
2024-09-18 12:32:26.601,416.4690627962312,1003
2024-09-18 12:32:26.631,416.4326379150701,996
2024-09-18 12:32:26.707,416.4292985009437,1000
2024-09-18 12:32:26.802,416.4291052135704,996
2024-09-18 12:32:26.905,416.4333342491226,1002
2024-09-18 12:32:26.920,416.4443995891644,14
2024-09-18 12:32:26.941,416.4756443001461,15
2024-09-18 12:32:27.062,416.44413281793567,1001
2024-09-18 12:32:27.120,416.46201697312586,1002
2024-09-18 12:32:27.121,416.4681209029959,10
2024-09-18 12:32:27.175,416.4179287808552,105
2024-09-18 12:32:27.240,416.4113702955088,8
2024-09-18 12:32:27.253,416.4366931306287,6
2024-09-18 12:32:27.331,,5
2024-09-18 12:32:27.392,41.64547451418746,98
2024-09-18 12:32:27.472,416.4077401993105,102
2024-09-18 12:32:27.786,416.45405251663146,96
2024-09-18 12:32:27.844,416.4258664169819,96
2024-09-18 12:32:27.894,416.4185975255039,13
2024-09-18 12:32:27.917,416.4451269482631,11
2024-09-18 12:32:27.936,416.4460000045964,12
2024-09-18 12:32:27.962,416.407673402284,103
2024-09-18 12:32:27.974,416.42549567485423,1002
2024-09-18 12:32:27.983,416.45562578648,1005
2024-09-18 12:32:28.039,416.4409481613117,999
2024-09-18 12:32:28.048,416.4237398924678,104
2024-09-18 12:32:28.052,416.4293184976284,96
2024-09-18 12:32:28.065,416.4113343985707,1002
2024-09-18 12:32:28.074,416.41756328590304,103
2024-09-18 12:32:28.117,416.4315803149893,103
2024-09-18 12:32:28.134,416.450448507797,98
2024-09-18 12:32:28.184,416.4257556378692,99
2024-09-18 12:32:28.305,416.4419353778938,10
2024-09-18 12:32:28.328,416.3919899117299,1002
2024-09-18 12:32:28.339,416.4382611009494,10
2024-09-18 12:32:28.470,416.4177263372737,1004
2024-09-18 12:32:28.475,416.4475470735379,14
2024-09-18 12:32:28.573,416.4344389322701,6
2024-09-18 12:32:28.610,416.4177128291818,997
2024-09-18 12:32:28.683,416.4160380600374,996
2024-09-18 12:32:28.714,416.41480028486063,95
2024-09-18 12:32:28.717,416.40480518176,1005
2024-09-18 12:32:28.729,416.4152642696242,13
2024-09-18 12:32:28.810,416.4073736483438,104
2024-09-18 12:32:28.895,416.4544491361129,6
2024-09-18 12:32:28.900,416.4234572724149,98
2024-09-18 12:32:28.973,416.431579294584,101
2024-09-18 12:32:29.001,416.4275406143148,98
2024-09-18 12:32:29.004,416.4222033661609,1002
2024-09-18 12:32:29.092,416.4226511299968,14
2024-09-18 12:32:29.105,416.4135430374205,9
2024-09-18 12:32:29.144,416.3639574905847,96
2024-09-18 12:32:29.155,416.40895752364247,101
2024-09-18 12:32:29.176,416.3973674812332,8
2024-09-18 12:32:29.179,416.41410399456055,97
2024-09-18 12:32:29.200,416.4365571646832,100
2024-09-18 12:32:29.214,416.4260708756352,7
2024-09-18 12:32:29.214,416.40923537036855,995
2024-09-18 12:32:29.226,416.3696280744701,103
2024-09-18 12:32:29.228,416.3772062088753,102
2024-09-18 12:32:29.266,416.40986744524406,13
2024-09-18 12:32:29.280,416.39667490913206,11
2024-09-18 12:32:29.296,416.4082696787037,102
2024-09-18 12:32:29.301,416.4130275212173,999
2024-09-18 12:32:29.349,416.43108828387386,12
2024-09-18 12:32:29.372,416.4075164286709,103
2024-09-18 12:32:29.426,416.4043334994321,100
2024-09-18 12:32:29.468,416.3920584067323,1004
2024-09-18 12:32:29.501,416.4319003997752,5
2024-09-18 12:32:29.601,416.41227329887295,13
2024-09-18 12:32:29.611,416.3959071896405,95
2024-09-18 12:32:29.677,416.36077981884046,104
2024-09-18 12:32:29.790,416.422839766878,11
2024-09-18 12:32:29.880,416.4208452905659,102
2024-09-18 12:32:29.990,416.3711617831325,1002
2024-09-18 12:32:29.992,416.4121932750211,995
2024-09-18 12:32:29.998,416.4329804091004,97
2024-09-18 12:32:30.045,416.372119858052,98
2024-09-18 12:32:30.089,416.429255449262,13
2024-09-18 12:32:30.145,416.3408473472717,1001
2024-09-18 12:32:30.224,416.4172670614482,5
2024-09-18 12:32:30.230,416.3583197129702,1003
2024-09-18 12:32:30.244,416.3906672621354,100
2024-09-18 12:32:30.248,416.34475171016834,1001
2024-09-18 12:32:30.257,416.3864172739295,8
2024-09-18 12:32:30.279,416.37675481764126,104
2024-09-18 12:32:30.315,416.4447281278549,1000
2024-09-18 12:32:30.332,416.4246248974737,98
2024-09-18 12:32:30.564,416.4069752859914,96
2024-09-18 12:32:30.565,416.40144054412247,105
2024-09-18 12:32:30.634,416.4271990408909,13
2024-09-18 12:32:30.760,416.38043419001673,99
2024-09-18 12:32:30.770,416.4017269677116,11
2024-09-18 12:32:30.945,416.4042360860064,998
2024-09-18 12:32:30.948,416.4283986344373,6
2024-09-18 12:32:30.970,416.3888350902385,1002
2024-09-18 12:32:30.974,416.4308196984487,103
2024-09-18 12:32:31.230,416.3661528600352,12
2024-09-18 12:32:31.233,416.3563030449544,1001
2024-09-18 12:32:31.319,416.3646155698696,7
2024-09-18 12:32:31.373,416.386802710698,5
2024-09-18 12:32:31.409,416.355199558382,998
2024-09-18 12:32:31.518,416.3879322651801,96
2024-09-18 12:32:31.530,416.3772430904955,7
2024-09-18 12:32:31.551,416.38666411420513,998
2024-09-18 12:32:31.562,416.36177458909816,1002
2024-09-18 12:32:31.563,416.3669639400659,1002
2024-09-18 12:32:31.602,416.3544539759134,1003
2024-09-18 12:32:31.661,416.36133988640165,997
2024-09-18 12:32:31.723,416.3512670938919,103
2024-09-18 12:32:31.740,416.340489215808,97
2024-09-18 12:32:31.768,416.3652630508722,97
2024-09-18 12:32:31.786,,1003
2024-09-18 12:32:31.838,416.364562006649,7
2024-09-18 12:32:32.077,416.4023506239296,5
2024-09-18 12:32:32.702,416.393143434553,13
2024-09-18 12:32:32.861,416.4103088778844,12
2024-09-18 12:32:32.950,416.3764828095163,12
2024-09-18 12:32:33.019,416.366193420688,11
2024-09-18 12:32:33.122,416.3645361640153,8
2024-09-18 12:32:33.176,416.39130390458143,99
2024-09-18 12:32:33.210,416.3826296977048,6
2024-09-18 12:32:33.278,416.3869595413814,6
2024-09-18 12:32:33.426,416.3865133435922,101
2024-09-18 12:32:33.603,416.40559231297146,997
2024-09-18 12:32:33.615,416.4032942704911,102
2024-09-18 12:32:33.663,416.3647327041281,96
2024-09-18 12:32:33.705,416.3543822662624,15
2024-09-18 12:32:33.792,416.39543454691056,105
2024-09-18 12:32:33.793,416.3615861919451,998
2024-09-18 12:32:33.962,416.39409619390585,11
2024-09-18 12:32:33.966,416.3912278840964,997
2024-09-18 12:32:33.991,416.3957490218729,95
2024-09-18 12:32:34.028,416.4182233273705,104
2024-09-18 12:32:34.078,416.4518845744189,7
2024-09-18 12:32:34.097,416.41916061150334,103
2024-09-18 12:32:34.293,416.4255040325606,104
2024-09-18 12:32:34.432,416.4109309211786,14
2024-09-18 12:32:34.547,416.4308821708752,97
2024-09-18 12:32:34.718,416.4088605018693,5
2024-09-18 12:32:34.868,416.4371587480714,11
2024-09-18 12:32:35.051,416.4518472272075,100
2024-09-18 12:32:35.086,416.40296549182096,995
2024-09-18 12:32:35.126,416.4912788889777,8
2024-09-18 12:32:35.153,416.4524337919567,14
2024-09-18 12:32:35.227,416.44672263576194,101
2024-09-18 12:32:35.247,416.41981624107103,9
2024-09-18 12:32:35.294,416.4129901655939,9
2024-09-18 12:32:35.296,416.4492282888118,5
2024-09-18 12:32:35.301,416.4117953724141,95
2024-09-18 12:32:35.343,416.45564924857234,6
2024-09-18 12:32:35.406,416.4041282355423,11
2024-09-18 12:32:35.418,416.4269023293022,102
2024-09-18 12:32:35.557,416.42153167063793,6
2024-09-18 12:32:35.568,416.485425169347,104
2024-09-18 12:32:35.614,416.5103979414287,997
2024-09-18 12:32:35.730,416.4870064362913,996
2024-09-18 12:32:35.737,416.3998512878129,9
2024-09-18 12:32:35.838,416.4991395098552,99
2024-09-18 12:32:35.924,416.4866274415781,13
2024-09-18 12:32:35.979,416.4286463399289,1004
2024-09-18 12:32:35.995,416.5042078614068,13
2024-09-18 12:32:36.434,416.4772755525054,996
2024-09-18 12:32:36.994,416.4890572748682,95
2024-09-18 12:32:37.051,416.5039886062977,101
2024-09-18 12:32:37.142,41.649455404808826,11
2024-09-18 12:32:37.239,416.4949624844936,1005
2024-09-18 12:32:37.263,416.5061299366707,97
2024-09-18 12:32:37.463,416.5150475911557,102
2024-09-18 12:32:37.526,416.5048516608229,99
2024-09-18 12:32:37.527,416.4940536248931,9
2024-09-18 12:32:37.531,416.4733371230722,998
2024-09-18 12:32:37.564,416.5079008763025,15
2024-09-18 12:32:37.704,416.47569417394857,995
2024-09-18 12:32:37.784,416.49053493173193,998
2024-09-18 12:32:38.043,416.40305663165833,1004
2024-09-18 12:32:38.099,416.4204753082371,1000
2024-09-18 12:32:38.130,416.3855469374663,105
2024-09-18 12:32:38.162,416.4107833393516,1003
2024-09-18 12:32:38.220,416.3922957757237,10
2024-09-18 12:32:38.231,416.3959749703511,1004
2024-09-18 12:32:38.264,416.4790818532725,1005
2024-09-18 12:32:38.346,416.3833223973995,9
2024-09-18 12:32:38.356,416.3923838274271,14
2024-09-18 12:32:38.414,416.424761670646,105
2024-09-18 12:32:38.482,416.378511197191,98
2024-09-18 12:32:38.565,416.4359966950906,6
2024-09-18 12:32:38.622,416.4633183678741,995
2024-09-18 12:32:38.675,416.442743772198,102
2024-09-18 12:32:38.736,416.4699941987205,100
2024-09-18 12:32:38.773,416.3843271504482,6
2024-09-18 12:32:38.870,416.3798256409958,101
2024-09-18 12:32:38.920,416.4762420719348,9
2024-09-18 12:32:38.935,416.40440852468737,102
2024-09-18 12:32:38.947,416.382092709854,996
2024-09-18 12:32:38.966,416.3969433589064,6
2024-09-18 12:32:38.974,416.3981043517916,12
2024-09-18 12:32:38.991,416.4847641142015,1003
2024-09-18 12:32:39.154,416.45344067356615,995
2024-09-18 12:32:39.194,416.43939459753045,97
2024-09-18 12:32:39.200,41.64321153048552,8
2024-09-18 12:32:39.377,416.4555344676784,995
2024-09-18 12:32:39.386,416.4514873339044,96
2024-09-18 12:32:39.485,416.4668433848336,96
2024-09-18 12:32:39.569,416.4659377462675,8
2024-09-18 12:32:39.617,416.4426135569911,8
2024-09-18 12:32:39.629,-416.4158008365405,11
2024-09-18 12:32:39.802,416.4348331496591,104
2024-09-18 12:32:39.887,416.4473303886298,10
2024-09-18 12:32:39.921,416.4447965702992,95
2024-09-18 12:32:39.951,416.4277351968298,1002
2024-09-18 12:32:41.269,416.38048136503664,104
2024-09-18 12:32:41.421,416.390729594172,1003
2024-09-18 12:32:41.512,416.4227044339171,1001
2024-09-18 12:32:41.545,416.4200254417971,7
2024-09-18 12:32:41.695,416.4194646038915,1003
2024-09-18 12:32:41.724,416.3831152494809,1001
2024-09-18 12:32:41.862,416.38182441761086,99
2024-09-18 12:32:41.888,,8
2024-09-18 12:32:42.059,416.35685712827546,103
2024-09-18 12:32:42.132,416.3386580024948,101
2024-09-18 12:32:42.403,416.3219379368012,1002
2024-09-18 12:32:42.498,416.3594399638562,14
2024-09-18 12:32:42.561,416.3841563186406,95
2024-09-18 12:32:42.847,416.30989706445024,98
2024-09-18 12:32:42.969,416.3256680836656,98
2024-09-18 12:32:42.986,416.3535989544739,996
2024-09-18 12:32:43.023,416.236016032126,101
2024-09-18 12:32:43.051,416.2535237390016,7
2024-09-18 12:32:43.081,416.2624472375098,13
2024-09-18 12:32:43.163,416.3323441884916,105
2024-09-18 12:32:43.192,416.2898512653014,99
2024-09-18 12:32:43.234,416.3017090632434,1000
2024-09-18 12:32:43.319,416.2324826016141,98
2024-09-18 12:32:43.321,416.2674900379732,997
2024-09-18 12:32:43.325,416.317069454382,15
2024-09-18 12:32:43.332,416.28762152122175,14
2024-09-18 12:32:43.411,416.3025987356325,1004
2024-09-18 12:32:43.425,416.3060251897861,8
2024-09-18 12:32:43.463,416.30433638001466,1005
2024-09-18 12:32:43.538,,14
2024-09-18 12:32:43.580,416.3246234322044,1005
2024-09-18 12:32:43.614,416.25272276846255,98
2024-09-18 12:32:43.705,416.23894666049006,995
2024-09-18 12:32:43.942,416.2934435211442,1000
2024-09-18 12:32:43.956,416.3237843620129,8
2024-09-18 12:32:44.063,416.2264398039815,97
2024-09-18 12:32:44.096,416.240682141451,7
2024-09-18 12:32:44.194,,99
2024-09-18 12:32:44.229,416.2260658382119,995
2024-09-18 12:32:44.320,416.23329748566846,96
2024-09-18 12:32:44.406,416.21433653388254,8
2024-09-18 12:32:44.437,416.2194939532505,96
2024-09-18 12:32:44.449,416.21669087518666,995
2024-09-18 12:32:44.516,416.21511190406153,13
2024-09-18 12:32:44.629,416.23149055317447,13
2024-09-18 12:32:44.938,416.2449010289181,1003
2024-09-18 12:32:45.066,416.267781185754,14
2024-09-18 12:32:45.166,416.27321490576713,104
2024-09-18 12:32:45.184,416.22195598396553,997
2024-09-18 12:32:45.229,416.2442247538669,1000
2024-09-18 12:32:45.704,416.2370922771403,5
2024-09-18 12:32:45.740,416.2191464792028,997
2024-09-18 12:32:45.753,416.2587003845876,1001
2024-09-18 12:32:46.112,416.280356065478,103
2024-09-18 12:32:46.122,,996
2024-09-18 12:32:46.193,416.2580283750552,1001
2024-09-18 12:32:46.298,416.289773966943,99
2024-09-18 12:32:46.528,416.3271810962776,99
2024-09-18 12:32:46.642,416.3071502639533,1003
2024-09-18 12:32:46.678,416.28710289098456,12
2024-09-18 12:32:46.701,416.2883493667453,102
2024-09-18 12:32:46.721,416.24740213158526,999
2024-09-18 12:32:46.866,416.3117256833039,998
2024-09-18 12:32:47.014,416.34275484286695,995
2024-09-18 12:32:47.017,416.3324963659002,96
2024-09-18 12:32:47.103,416.3424462812336,100
2024-09-18 12:32:47.111,416.445383868321,999
2024-09-18 12:32:47.113,416.40374681032,996
2024-09-18 12:32:47.125,416.3877414322778,105
2024-09-18 12:32:47.138,416.34883339415,99
2024-09-18 12:32:47.316,416.3301331595934,8
2024-09-18 12:32:47.357,416.4092382990895,1002
2024-09-18 12:32:47.378,416.3515610131631,1001
2024-09-18 12:32:47.454,416.4070139868994,98
2024-09-18 12:32:47.457,416.3391290655191,99
2024-09-18 12:32:47.489,416.3723520212126,96
2024-09-18 12:32:47.508,416.4082752333565,6
2024-09-18 12:32:47.570,416.43939862772936,104
2024-09-18 12:32:47.621,416.3270974007545,104
2024-09-18 12:32:47.666,416.3298673151172,103
2024-09-18 12:32:47.671,416.4108808958991,102
2024-09-18 12:32:47.692,416.4186854030419,6
2024-09-18 12:32:47.696,416.4101928249503,1000
2024-09-18 12:32:47.734,416.36921342436096,10
2024-09-18 12:32:47.750,416.4545455945448,997
2024-09-18 12:32:47.772,416.3698527557711,8
2024-09-18 12:32:47.798,416.4114413741884,1002
2024-09-18 12:32:47.825,416.371460558603,1005
2024-09-18 12:32:47.924,416.42721903436575,995
2024-09-18 12:32:47.944,416.3325260325336,14
2024-09-18 12:32:47.991,416.342984012124,7
2024-09-18 12:32:48.195,416.4509699997981,996
2024-09-18 12:32:48.249,416.4640387837506,14
2024-09-18 12:32:48.295,416.4664058143694,7
2024-09-18 12:32:48.452,416.4708620982466,15
2024-09-18 12:32:48.576,416.4518587635055,98
2024-09-18 12:32:48.649,416.4421684197391,997
2024-09-18 12:32:48.675,416.47052091402855,999
2024-09-18 12:32:48.686,416.4758798068712,8
2024-09-18 12:32:48.702,416.4950674754801,6
2024-09-18 12:32:48.770,416.5021440502168,13
2024-09-18 12:32:48.822,416.4633187396961,997
2024-09-18 12:32:48.921,416.46798350395886,1003
2024-09-18 12:32:48.978,416.4823315349542,1005
2024-09-18 12:32:49.245,416.5200482898168,103
2024-09-18 12:32:49.296,416.4649966223956,102
2024-09-18 12:32:49.320,416.4721047007671,104
2024-09-18 12:32:49.335,416.5206109105382,100
2024-09-18 12:32:49.361,416.4957397568213,6
2024-09-18 12:32:49.393,416.4867083068324,10
2024-09-18 12:32:49.508,416.4486792247438,11
2024-09-18 12:32:49.627,416.4484897292927,100
2024-09-18 12:32:49.663,41.647164138281205,15
2024-09-18 12:32:49.668,416.4561002445391,95
2024-09-18 12:32:49.727,416.4745406579082,96
2024-09-18 12:32:49.935,416.45723801462896,9
2024-09-18 12:32:49.953,416.5030163778032,101
2024-09-18 12:32:49.980,416.4717022586873,96
2024-09-18 12:32:49.986,416.4951178623576,15
2024-09-18 12:32:50.051,416.4538781738717,998
2024-09-18 12:32:50.169,416.48066833908223,10
2024-09-18 12:32:50.358,416.47098917510107,997
2024-09-18 12:32:50.465,416.445143037221,11
2024-09-18 12:32:50.703,416.4704663710153,98
2024-09-18 12:32:50.791,416.4627134359584,6
2024-09-18 12:32:50.844,416.45472228641785,1000
2024-09-18 12:32:50.847,416.4677601387341,104
2024-09-18 12:32:50.899,41.64527920928265,1004
2024-09-18 12:32:50.982,416.44180399708256,1002
2024-09-18 12:32:51.038,416.4400683945109,1000
2024-09-18 12:32:51.090,416.4579887795528,998
2024-09-18 12:32:51.154,,1002
2024-09-18 12:32:51.301,416.4224070542239,102
2024-09-18 12:32:51.375,416.4491977895744,103
2024-09-18 12:32:51.403,416.43935522617534,97
2024-09-18 12:32:51.427,416.46203195858266,96
2024-09-18 12:32:51.461,416.4554489144339,15
2024-09-18 12:32:51.584,416.458974188178,96
2024-09-18 12:32:51.634,416.4686562365311,1003
2024-09-18 12:32:51.702,416.4309536314164,15
2024-09-18 12:32:51.704,416.4415001719512,11
2024-09-18 12:32:51.743,416.4808980740095,1003
2024-09-18 12:32:51.759,416.4772091559305,997
2024-09-18 12:32:51.861,416.48098306114167,99
2024-09-18 12:32:51.888,416.4758125288212,9
2024-09-18 12:32:51.929,416.4562888398432,13
2024-09-18 12:32:51.946,416.4505545062249,998
2024-09-18 12:32:52.036,416.5771973787113,1005
2024-09-18 12:32:52.056,416.52179220399694,102
2024-09-18 12:32:52.086,416.54151220093536,6
2024-09-18 12:32:52.101,416.50828064903806,1001
2024-09-18 12:32:52.110,416.4978023293908,101
2024-09-18 12:32:52.137,416.5633826907688,105
2024-09-18 12:32:52.176,416.5820456120314,1002
2024-09-18 12:32:52.178,416.5653694082552,7
2024-09-18 12:32:52.193,416.54130289135423,98
2024-09-18 12:32:52.254,416.5512892061746,102
2024-09-18 12:32:52.340,416.5425477518332,1001
2024-09-18 12:32:52.360,416.5636972148261,97
2024-09-18 12:32:52.366,416.5460032613792,999
2024-09-18 12:32:52.369,416.4839642300606,999
2024-09-18 12:32:52.386,416.54602783361736,98
2024-09-18 12:32:52.418,416.5775202651376,1002
2024-09-18 12:32:52.467,416.5605496497513,995
2024-09-18 12:32:52.488,416.5252222671676,105
2024-09-18 12:32:52.517,416.5292419543885,5
2024-09-18 12:32:52.539,416.5701230610973,104
2024-09-18 12:32:52.766,416.519848087205,1002
2024-09-18 12:32:52.882,416.5062629529566,15
2024-09-18 12:32:52.885,416.5271296733129,1001
2024-09-18 12:32:52.915,416.5273980628239,998
2024-09-18 12:32:52.916,416.5138223937466,15
2024-09-18 12:32:52.919,416.5202012276409,102
2024-09-18 12:32:52.927,416.56163710515386,101
2024-09-18 12:32:53.109,416.57213029966766,995
2024-09-18 12:32:53.130,416.5920950253277,1002
2024-09-18 12:32:53.155,416.61510813233696,99
2024-09-18 12:32:53.162,416.6295731849836,105
2024-09-18 12:32:53.168,416.6133331459141,1003
2024-09-18 12:32:53.222,416.57409758772434,13
2024-09-18 12:32:53.242,416.5869912839352,995
2024-09-18 12:32:53.313,416.5831003313111,5
2024-09-18 12:32:53.329,416.5799102264236,997
2024-09-18 12:32:53.337,416.5742553282624,13
2024-09-18 12:32:53.402,416.56473502185327,104
2024-09-18 12:32:53.445,416.5780012366959,101
2024-09-18 12:32:53.531,416.5403163987477,10
2024-09-18 12:32:53.557,416.55517940524953,1002
2024-09-18 12:32:53.582,416.5987038710767,995
2024-09-18 12:32:53.734,416.59497738879446,101
2024-09-18 12:32:53.759,416.5382145358019,98
2024-09-18 12:32:53.820,416.5966112055611,996
2024-09-18 12:32:53.829,416.5690237559507,100
2024-09-18 12:32:53.937,416.5811444847837,103
2024-09-18 12:32:53.952,416.5460005618709,999
2024-09-18 12:32:54.135,416.688999568299,9
2024-09-18 12:32:54.192,416.6898498314943,100
2024-09-18 12:32:54.198,416.6767481476934,999
2024-09-18 12:32:54.462,416.6630406081098,995
2024-09-18 12:32:54.477,416.68733429443046,999
2024-09-18 12:32:54.554,416.6823097721266,95
2024-09-18 12:32:54.740,416.6789002754263,1003
2024-09-18 12:32:54.753,416.7178752714675,95
2024-09-18 12:32:54.872,416.6565553056026,103
2024-09-18 12:32:55.015,416.6125329421888,1003
2024-09-18 12:32:55.032,416.6041970542998,100
2024-09-18 12:32:55.102,416.61051605604223,6
2024-09-18 12:32:55.125,416.58429533834106,98
2024-09-18 12:32:55.128,416.59965334179714,1000
2024-09-18 12:32:55.188,416.605295762937,104
2024-09-18 12:32:55.251,416.6035742140583,1003
2024-09-18 12:32:55.285,416.64643341193306,14
2024-09-18 12:32:55.292,416.6042987973744,9
2024-09-18 12:32:55.300,416.5931840844032,98
2024-09-18 12:32:55.307,416.59176146715134,1002
2024-09-18 12:32:55.320,416.5981357798701,7
2024-09-18 12:32:55.467,416.6715640192417,6
2024-09-18 12:32:55.469,416.6080188613382,996
2024-09-18 12:32:55.536,416.6030658450919,996
2024-09-18 12:32:55.549,416.5399591034753,11
2024-09-18 12:32:55.571,416.6737770775467,998
2024-09-18 12:32:55.582,416.6756379280524,103
2024-09-18 12:32:55.625,416.639945359156,15
2024-09-18 12:32:55.634,416.5829783967573,9
2024-09-18 12:32:55.654,416.5237557070997,996
2024-09-18 12:32:55.721,-416.5615399913775,1004
2024-09-18 12:32:55.810,416.6157854842028,6
2024-09-18 12:32:55.859,416.525124546279,1002
2024-09-18 12:32:55.932,416.58314549348063,104
2024-09-18 12:32:56.012,416.5561379710288,8
2024-09-18 12:32:56.112,416.55850373331225,12
2024-09-18 12:32:56.304,416.5464556792432,105
2024-09-18 12:32:56.528,416.5478095063417,998
2024-09-18 12:32:56.601,416.5428024440942,6
2024-09-18 12:32:56.801,,15
2024-09-18 12:32:57.050,416.5511963160183,8
2024-09-18 12:32:57.059,416.5547744929496,1003
2024-09-18 12:32:57.137,416.5340628020149,95
2024-09-18 12:32:57.375,416.5447100920886,102
2024-09-18 12:32:57.570,416.5314976261697,1005
2024-09-18 12:32:57.588,416.55025751827645,998
2024-09-18 12:32:57.629,416.5294464767086,999
2024-09-18 12:32:57.633,416.5415373029653,1002
2024-09-18 12:32:57.755,416.5468601162359,13
2024-09-18 12:32:57.762,416.5249136528379,103
2024-09-18 12:32:58.016,416.4969722369681,996
2024-09-18 12:32:58.106,416.49473185968935,999
2024-09-18 12:32:58.138,416.49723684853575,1003
2024-09-18 12:32:58.163,416.5417683800413,100
2024-09-18 12:32:58.185,416.51844977468886,14
2024-09-18 12:32:58.197,416.49097575924526,96
2024-09-18 12:32:58.257,416.49895130265867,97
2024-09-18 12:32:58.261,416.5542018318504,1005
2024-09-18 12:32:58.372,416.4931226515114,105
2024-09-18 12:32:58.380,416.50366910688274,10
2024-09-18 12:32:58.439,416.535548432837,104
2024-09-18 12:32:58.462,416.51312935946726,999
2024-09-18 12:32:58.513,416.4932270885656,998
2024-09-18 12:32:58.537,416.5341858321842,8
2024-09-18 12:32:58.552,416.4736207154806,95
2024-09-18 12:32:58.617,416.5137041939546,99
2024-09-18 12:32:58.692,416.5222904271126,8
2024-09-18 12:32:58.718,416.5468960037578,998
2024-09-18 12:32:58.744,416.5346557931983,997
2024-09-18 12:32:58.760,416.4931365174659,99
2024-09-18 12:32:58.774,416.55679145675936,995
2024-09-18 12:32:58.929,416.54546718263526,96
2024-09-18 12:32:58.947,416.5261856275485,999
2024-09-18 12:32:58.959,416.5078390386151,97
2024-09-18 12:32:59.076,416.4933037442131,8
2024-09-18 12:32:59.200,416.4922502248468,7
2024-09-18 12:32:59.263,416.50613063032097,999
2024-09-18 12:32:59.389,416.5057822114642,97
2024-09-18 12:32:59.516,416.5111946644066,1004
2024-09-18 12:32:59.577,416.5006370204469,8
2024-09-18 12:32:59.855,416.50506526377904,14
