Timestamp,Price,Size
2024-09-20 12:05:00.136,428.7851097913824,5
2024-09-20 12:05:00.190,428.7677572611386,6
2024-09-20 12:05:00.431,428.7466479657149,98
2024-09-20 12:05:01.048,428.7833726731482,104
2024-09-20 12:05:01.059,428.8247506188024,1004
2024-09-20 12:05:01.097,42.87601662277847,5
2024-09-20 12:05:01.114,428.79188702342185,996
2024-09-20 12:05:01.299,428.835335261136,97
2024-09-20 12:05:01.347,428.7799214296905,995
2024-09-20 12:05:01.357,42.87735835779368,14
2024-09-20 12:05:01.359,428.7822064653965,95
2024-09-20 12:05:01.390,428.7750395481258,1005
2024-09-20 12:05:01.439,428.7718801709533,98
2024-09-20 12:05:01.525,428.8200876912685,103
2024-09-20 12:05:01.537,428.7696106939012,15
2024-09-20 12:05:01.553,428.7828336062761,96
2024-09-20 12:05:01.574,428.8076996833788,7
2024-09-20 12:05:01.581,428.83960252577646,996
2024-09-20 12:05:01.624,428.7734264538332,12
2024-09-20 12:05:01.661,428.7732251592956,7
2024-09-20 12:05:01.674,428.76060379617263,998
2024-09-20 12:05:01.712,428.78137455691456,101
2024-09-20 12:05:01.787,428.7821717561543,9
2024-09-20 12:05:01.837,428.8085272630011,104
2024-09-20 12:05:01.880,428.85524441011546,998
2024-09-20 12:05:01.895,428.8570877913505,11
2024-09-20 12:05:01.961,428.77714269382255,998
2024-09-20 12:05:02.051,428.864011545303,8
2024-09-20 12:05:02.232,428.8435870595988,1003
2024-09-20 12:05:02.342,428.8288796196415,100
2024-09-20 12:05:02.357,428.8270071527467,1003
2024-09-20 12:05:02.572,428.8479050506158,15
2024-09-20 12:05:02.582,428.85567089159593,105
2024-09-20 12:05:02.591,428.84966046335,1005
2024-09-20 12:05:02.598,428.8551622311153,15
2024-09-20 12:05:02.598,428.8545934119944,104
2024-09-20 12:05:02.664,428.84610550178496,12
2024-09-20 12:05:02.882,428.84839625575705,100
2024-09-20 12:05:02.962,428.8451398286899,1001
2024-09-20 12:05:03.045,428.8682781318272,95
2024-09-20 12:05:03.429,428.8481261484145,7
2024-09-20 12:05:03.540,428.8632289386747,999
2024-09-20 12:05:03.547,428.8795812173024,1002
2024-09-20 12:05:03.550,428.8792702793438,995
2024-09-20 12:05:03.557,428.8825771124053,100
2024-09-20 12:05:03.589,428.86498547064537,99
2024-09-20 12:05:03.673,428.8421341787277,10
2024-09-20 12:05:03.790,428.8846233493857,97
2024-09-20 12:05:04.080,428.8251165148808,6
2024-09-20 12:05:04.109,428.8505422760592,8
2024-09-20 12:05:04.190,428.8215317224973,103
2024-09-20 12:05:04.399,428.86936967916046,5
2024-09-20 12:05:04.425,428.83207042421697,97
2024-09-20 12:05:04.439,428.8460635727145,7
2024-09-20 12:05:04.553,428.851689952942,96
2024-09-20 12:05:05.015,428.779768173639,6
2024-09-20 12:05:05.021,428.8056458457047,100
2024-09-20 12:05:05.072,428.7969216734633,9
2024-09-20 12:05:05.240,428.7900157261439,105
2024-09-20 12:05:05.272,428.81281847484047,5
2024-09-20 12:05:05.400,428.81795908960993,97
2024-09-20 12:05:05.632,428.80393357390574,100
2024-09-20 12:05:05.725,428.8137468163221,8
2024-09-20 12:05:05.762,428.8069405191668,99
2024-09-20 12:05:05.764,428.8195562405537,12
2024-09-20 12:05:05.764,428.7881741224512,1004
2024-09-20 12:05:05.778,428.8191301420422,997
2024-09-20 12:05:05.902,428.778569570573,8
2024-09-20 12:05:06.120,428.7861741390556,1002
2024-09-20 12:05:06.204,428.8223560013089,10
2024-09-20 12:05:06.259,428.7794511032705,5
2024-09-20 12:05:06.407,428.7973641677477,99
2024-09-20 12:05:06.480,428.7910150309621,8
2024-09-20 12:05:06.524,428.8119969902641,95
2024-09-20 12:05:06.599,428.80875816011616,997
2024-09-20 12:05:06.605,428.8091140321116,103
2024-09-20 12:05:06.621,428.7892114153525,1002
2024-09-20 12:05:06.629,428.81952046742543,998
2024-09-20 12:05:06.811,428.8164865671264,105
2024-09-20 12:05:06.819,428.8103176256718,7
2024-09-20 12:05:06.823,428.7712747693126,1004
2024-09-20 12:05:06.888,428.83485484569206,15
2024-09-20 12:05:06.921,428.8345973776412,14
2024-09-20 12:05:07.033,428.8872094791714,15
2024-09-20 12:05:07.041,428.86532285093153,997
2024-09-20 12:05:07.105,428.90128840630575,5
2024-09-20 12:05:07.169,428.89390832220585,99
2024-09-20 12:05:07.203,428.86852083406274,95
2024-09-20 12:05:07.218,428.9121541506758,5
2024-09-20 12:05:07.232,428.8808543292597,7
2024-09-20 12:05:07.295,428.8768168813704,12
2024-09-20 12:05:07.315,428.8958888086718,1004
2024-09-20 12:05:07.588,428.8754312862703,999
2024-09-20 12:05:07.609,428.8796428501332,8
2024-09-20 12:05:07.609,428.8671679927674,1001
2024-09-20 12:05:07.624,428.8926625864366,98
2024-09-20 12:05:07.670,428.8958870076512,96
2024-09-20 12:05:07.677,428.88609384571305,104
2024-09-20 12:05:07.691,428.8953506828371,1004
2024-09-20 12:05:07.702,428.89994218663935,11
2024-09-20 12:05:07.733,428.90629507279226,9
2024-09-20 12:05:07.797,428.8959226308865,999
2024-09-20 12:05:07.823,428.8968902095137,1001
2024-09-20 12:05:07.825,428.8868844870898,9
2024-09-20 12:05:07.904,428.9150701911713,102
2024-09-20 12:05:07.923,428.8936679386345,7
2024-09-20 12:05:07.969,428.8737657270088,99
2024-09-20 12:05:08.024,428.9168218391276,98
2024-09-20 12:05:08.046,428.919607479386,101
2024-09-20 12:05:08.120,428.9193160780305,13
2024-09-20 12:05:08.169,428.9792831506078,103
2024-09-20 12:05:08.188,428.9055882038767,997
2024-09-20 12:05:08.199,428.93055004494704,13
2024-09-20 12:05:08.219,-428.91055688362826,105
2024-09-20 12:05:08.245,428.90544239025536,12
2024-09-20 12:05:08.270,428.929967983314,6
2024-09-20 12:05:08.289,428.8997857767364,97
2024-09-20 12:05:08.439,428.91344363616565,998
2024-09-20 12:05:08.492,428.9195367797821,1004
2024-09-20 12:05:08.509,428.9123068813676,5
2024-09-20 12:05:08.562,428.9256861478545,1001
2024-09-20 12:05:08.669,-428.96982684570526,14
2024-09-20 12:05:08.685,428.9470973282532,6
2024-09-20 12:05:08.706,428.9199827876593,996
2024-09-20 12:05:08.765,428.9055383545287,1004
2024-09-20 12:05:08.788,428.90850482335264,13
2024-09-20 12:05:08.789,428.9205720744352,5
2024-09-20 12:05:08.793,42.89334898497597,1001
2024-09-20 12:05:08.829,428.94142344392696,1003
2024-09-20 12:05:08.844,428.9147536380618,1004
2024-09-20 12:05:08.870,428.9006799883435,12
2024-09-20 12:05:08.931,428.9084375895927,1001
2024-09-20 12:05:08.953,428.92681589964405,104
2024-09-20 12:05:08.959,428.9113331265141,99
2024-09-20 12:05:08.988,428.9066771839403,1004
2024-09-20 12:05:08.994,428.92401766101983,98
2024-09-20 12:05:09.023,428.93823129282674,104
2024-09-20 12:05:09.031,428.9240144401514,9
2024-09-20 12:05:09.036,428.9456761530848,1005
2024-09-20 12:05:09.210,428.8986301593005,997
2024-09-20 12:05:09.234,428.9495899639221,9
2024-09-20 12:05:09.348,428.95271509456825,1000
2024-09-20 12:05:09.375,428.9782577348424,101
2024-09-20 12:05:09.458,428.9419163723835,1000
2024-09-20 12:05:09.549,428.92011336229183,1001
2024-09-20 12:05:09.593,428.9469040464188,97
2024-09-20 12:05:09.599,428.8817410619763,999
2024-09-20 12:05:09.656,428.9355771147578,1005
2024-09-20 12:05:09.717,428.9588890292563,103
2024-09-20 12:05:09.737,428.9710083118693,98
2024-09-20 12:05:09.782,428.92099914374353,1003
2024-09-20 12:05:09.791,428.9685661232864,102
2024-09-20 12:05:09.879,428.9430462146304,999
2024-09-20 12:05:10.014,428.8998272514325,15
2024-09-20 12:05:10.056,428.9285334750159,1005
2024-09-20 12:05:10.084,428.902187997215,95
2024-09-20 12:05:10.181,428.9722601151174,1004
2024-09-20 12:05:10.209,428.9069301314237,101
2024-09-20 12:05:10.241,428.9912417160056,1002
2024-09-20 12:05:10.298,428.8865767693561,100
2024-09-20 12:05:10.319,428.97611935741617,100
2024-09-20 12:05:10.365,428.94752081682446,7
2024-09-20 12:05:10.525,428.9031653410976,998
2024-09-20 12:05:10.555,-428.8781008152236,1003
2024-09-20 12:05:10.567,428.9684879201256,6
2024-09-20 12:05:10.581,428.8998786080395,12
2024-09-20 12:05:10.615,429.0124211827224,14
2024-09-20 12:05:10.616,428.9932570865808,13
2024-09-20 12:05:10.617,428.9029216767431,7
2024-09-20 12:05:10.634,428.9044037751713,8
2024-09-20 12:05:10.656,428.8909080005752,1001
2024-09-20 12:05:10.678,428.8894764482681,1000
2024-09-20 12:05:10.728,428.9020959839728,97
2024-09-20 12:05:10.731,428.9075028609524,11
2024-09-20 12:05:10.768,428.9875086654608,12
2024-09-20 12:05:10.770,42.888045392390616,998
2024-09-20 12:05:10.791,428.89332271180353,1000
2024-09-20 12:05:10.833,428.9074820249429,8
2024-09-20 12:05:10.857,428.8892463366845,1003
2024-09-20 12:05:10.860,428.9696460006311,102
2024-09-20 12:05:10.966,428.976095074944,15
2024-09-20 12:05:10.983,428.9696697343912,12
2024-09-20 12:05:11.006,428.9489744698367,95
2024-09-20 12:05:11.051,428.8731250565478,997
2024-09-20 12:05:11.154,428.91364718212736,7
2024-09-20 12:05:11.161,428.8671668287882,1002
2024-09-20 12:05:11.177,428.9004084373229,6
2024-09-20 12:05:11.182,428.8677548613858,96
2024-09-20 12:05:11.211,428.904442714068,5
2024-09-20 12:05:11.246,428.89268897253606,999
2024-09-20 12:05:11.320,428.8950615229978,995
2024-09-20 12:05:11.329,428.90861731921126,8
2024-09-20 12:05:11.341,428.87896704239233,995
2024-09-20 12:05:11.350,428.90823942092175,105
2024-09-20 12:05:11.403,428.9254175276173,15
2024-09-20 12:05:11.425,428.908340882901,1005
2024-09-20 12:05:11.443,428.8786214446688,97
2024-09-20 12:05:11.465,428.8788829764974,1002
2024-09-20 12:05:11.486,428.8643598362954,96
2024-09-20 12:05:11.491,428.86539386533286,11
2024-09-20 12:05:11.517,428.8685485711716,100
2024-09-20 12:05:11.696,428.8865344869162,100
2024-09-20 12:05:11.718,428.8684374661308,6
2024-09-20 12:05:11.724,428.93229937166615,5
2024-09-20 12:05:11.750,428.9063491335989,5
2024-09-20 12:05:11.784,428.9740240496263,104
2024-09-20 12:05:11.973,428.91094235618107,97
2024-09-20 12:05:12.026,428.8714118624511,998
2024-09-20 12:05:12.250,428.87296359659416,9
2024-09-20 12:05:12.256,428.8678030602108,103
2024-09-20 12:05:12.348,428.8516501975423,995
2024-09-20 12:05:12.410,428.8626268680375,12
2024-09-20 12:05:12.766,428.8620477229165,1000
2024-09-20 12:05:13.023,428.8386794243477,99
2024-09-20 12:05:13.064,428.8539820952117,15
2024-09-20 12:05:13.074,428.8780047114894,10
2024-09-20 12:05:13.098,428.8240524968926,15
2024-09-20 12:05:13.191,428.8795196349968,5
2024-09-20 12:05:13.326,428.8438791035058,1003
2024-09-20 12:05:13.452,428.8568272719705,13
2024-09-20 12:05:13.486,428.8806365842714,7
2024-09-20 12:05:13.756,428.8483998694859,998
2024-09-20 12:05:13.968,428.8429662686345,95
2024-09-20 12:05:14.022,428.880462708552,999
2024-09-20 12:05:14.073,42.88678688101058,105
2024-09-20 12:05:14.120,428.867145801018,1001
2024-09-20 12:05:14.145,428.82352735475394,5
2024-09-20 12:05:14.208,428.87636458173256,14
2024-09-20 12:05:14.209,428.8641369790413,13
2024-09-20 12:05:14.260,428.81822928567215,103
2024-09-20 12:05:14.299,428.9087169705928,103
2024-09-20 12:05:14.462,42.88687837684122,1003
2024-09-20 12:05:14.482,428.81975721029846,14
2024-09-20 12:05:14.484,428.8643418693175,1004
2024-09-20 12:05:14.531,428.88345009257074,98
2024-09-20 12:05:14.608,428.843187660241,99
2024-09-20 12:05:14.620,428.8624399768879,1001
2024-09-20 12:05:14.632,428.87978975976944,100
2024-09-20 12:05:14.650,428.8586628515805,99
2024-09-20 12:05:14.734,428.8729680717285,1001
2024-09-20 12:05:14.805,428.8740261787116,12
2024-09-20 12:05:14.807,428.8586047578492,5
2024-09-20 12:05:14.837,428.8601776042231,102
2024-09-20 12:05:14.862,428.87287044190685,1003
2024-09-20 12:05:14.863,428.8875881759561,1005
2024-09-20 12:05:14.885,428.8137323049493,6
2024-09-20 12:05:14.899,428.8284218736642,996
2024-09-20 12:05:14.908,428.8986209166574,13
2024-09-20 12:05:14.926,428.82764872652,1005
2024-09-20 12:05:14.971,428.8669666266524,97
2024-09-20 12:05:14.975,428.8377281597429,97
2024-09-20 12:05:14.979,428.85185878577806,1001
2024-09-20 12:05:14.991,428.8586939956047,95
2024-09-20 12:05:15.100,428.85419008014753,15
2024-09-20 12:05:15.104,428.9007764830217,997
2024-09-20 12:05:15.107,428.86871840157306,995
2024-09-20 12:05:15.340,428.8656675215802,14
2024-09-20 12:05:15.476,428.84574374688987,1003
2024-09-20 12:05:15.496,428.8666784264922,105
2024-09-20 12:05:15.497,428.8501258205538,1004
2024-09-20 12:05:15.704,428.8631913614305,14
2024-09-20 12:05:15.724,428.8619392120659,1000
2024-09-20 12:05:15.733,428.8473079473128,995
2024-09-20 12:05:15.808,428.873328303995,102
2024-09-20 12:05:15.848,428.8835738989053,9
2024-09-20 12:05:16.032,428.85466904322544,13
2024-09-20 12:05:16.044,428.8189203163325,996
2024-09-20 12:05:16.076,428.8243158069581,103
2024-09-20 12:05:16.303,428.8718240481365,98
2024-09-20 12:05:16.330,428.8409165383139,95
2024-09-20 12:05:16.367,428.8751921631054,1003
2024-09-20 12:05:16.392,428.88453001622406,104
2024-09-20 12:05:16.448,428.8914235631453,7
2024-09-20 12:05:16.533,428.8370297846247,10
2024-09-20 12:05:16.555,428.8452327237472,998
2024-09-20 12:05:16.697,428.8763219204563,103
2024-09-20 12:05:16.901,428.8165913976249,11
2024-09-20 12:05:16.962,428.823858205537,105
2024-09-20 12:05:17.101,428.75889328280704,996
2024-09-20 12:05:17.134,428.81045576117566,998
2024-09-20 12:05:17.202,428.8135451847994,105
2024-09-20 12:05:17.414,428.7752095526392,95
2024-09-20 12:05:17.461,428.76809744577344,6
2024-09-20 12:05:17.515,428.78219280277307,9
2024-09-20 12:05:17.535,428.77118098180046,9
2024-09-20 12:05:17.691,428.7533598409322,8
2024-09-20 12:05:17.729,428.8106787480119,103
2024-09-20 12:05:17.754,428.77598668622113,14
2024-09-20 12:05:17.819,428.8160254356387,14
2024-09-20 12:05:17.956,428.8220510176926,8
2024-09-20 12:05:17.979,428.7516296753529,104
2024-09-20 12:05:17.991,428.7698482323244,103
2024-09-20 12:05:18.058,,102
2024-09-20 12:05:18.113,428.8602158606832,8
2024-09-20 12:05:18.219,428.85136396927146,1000
2024-09-20 12:05:18.234,428.847952514592,997
2024-09-20 12:05:18.248,428.8543215474817,998
2024-09-20 12:05:18.297,428.849529633917,995
2024-09-20 12:05:18.316,428.84218957900737,997
2024-09-20 12:05:18.391,428.8585929269371,95
2024-09-20 12:05:18.452,428.841856729276,6
2024-09-20 12:05:18.477,428.8523823040424,9
2024-09-20 12:05:18.559,428.8505716466534,999
2024-09-20 12:05:18.590,428.8294400126348,1000
2024-09-20 12:05:18.710,428.85580128231175,6
2024-09-20 12:05:18.738,428.8479392004077,101
2024-09-20 12:05:18.748,428.8282187803748,12
2024-09-20 12:05:18.828,428.85735088052286,98
2024-09-20 12:05:18.911,428.8545772112332,99
2024-09-20 12:05:19.379,428.8133605846169,1004
2024-09-20 12:05:20.085,428.7726024327487,1002
2024-09-20 12:05:20.096,428.80219195387417,105
2024-09-20 12:05:20.177,,1005
2024-09-20 12:05:20.196,428.7975869727554,12
2024-09-20 12:05:20.293,428.769454427026,997
2024-09-20 12:05:20.475,428.79282933959337,98
2024-09-20 12:05:20.527,428.77529926600505,100
2024-09-20 12:05:20.593,428.7993052109049,1004
2024-09-20 12:05:20.738,428.7705642520368,101
2024-09-20 12:05:20.757,428.7956196460973,100
2024-09-20 12:05:20.764,428.8067128455646,1004
2024-09-20 12:05:20.888,428.7881145091677,1003
2024-09-20 12:05:20.989,428.7913844358836,97
2024-09-20 12:05:21.196,428.7857745137466,102
2024-09-20 12:05:21.216,428.7864687926439,100
2024-09-20 12:05:21.225,428.7820066371056,105
2024-09-20 12:05:21.254,428.8165232264743,98
2024-09-20 12:05:21.267,428.8339445864893,12
2024-09-20 12:05:21.296,428.791238168901,8
2024-09-20 12:05:21.299,428.8303948040813,997
2024-09-20 12:05:21.313,428.7946813271138,1004
2024-09-20 12:05:21.567,428.7677550368529,101
2024-09-20 12:05:21.705,428.7968030236952,7
2024-09-20 12:05:21.712,428.8031969808263,5
2024-09-20 12:05:21.751,428.8084864279941,997
2024-09-20 12:05:21.775,428.80562048339664,12
2024-09-20 12:05:21.787,428.8375167939044,98
2024-09-20 12:05:21.799,-428.79332311644487,1000
2024-09-20 12:05:21.829,428.77449507815714,1005
2024-09-20 12:05:21.865,428.8277454966846,11
2024-09-20 12:05:21.901,428.81033842890986,999
2024-09-20 12:05:21.975,428.8176844279355,12
2024-09-20 12:05:22.036,428.7742893110895,998
2024-09-20 12:05:22.053,428.7744968306261,1000
2024-09-20 12:05:22.114,428.7303603981864,999
2024-09-20 12:05:22.226,428.794518088021,14
2024-09-20 12:05:22.228,428.73917729380105,8
2024-09-20 12:05:22.272,428.7422163758645,14
2024-09-20 12:05:22.277,428.7723503382885,997
2024-09-20 12:05:22.316,428.8029852306949,1002
2024-09-20 12:05:22.336,428.8038550656189,98
2024-09-20 12:05:22.408,428.7564741418876,8
2024-09-20 12:05:22.446,428.78313833885744,12
2024-09-20 12:05:22.456,428.7816600321142,99
2024-09-20 12:05:22.548,428.7558940862809,10
2024-09-20 12:05:22.555,428.7552022613512,103
2024-09-20 12:05:22.578,428.79434231404224,999
2024-09-20 12:05:22.588,428.7141099216138,14
2024-09-20 12:05:22.701,428.7805689488522,12
2024-09-20 12:05:22.787,428.78707712561766,15
2024-09-20 12:05:22.799,428.77208664075096,9
2024-09-20 12:05:22.837,,997
2024-09-20 12:05:22.854,428.781565644636,1000
2024-09-20 12:05:22.864,428.7336134880536,1004
2024-09-20 12:05:22.901,428.7968292316175,999
2024-09-20 12:05:22.920,428.7509568843277,104
2024-09-20 12:05:22.970,428.7550831921823,103
2024-09-20 12:05:23.070,428.8075336532891,100
2024-09-20 12:05:23.117,428.81635119821374,15
2024-09-20 12:05:23.276,428.8179974959498,6
2024-09-20 12:05:23.287,428.809291887437,8
2024-09-20 12:05:23.638,428.8086896243003,95
2024-09-20 12:05:23.932,428.8213727946283,99
2024-09-20 12:05:24.063,428.7887541218356,14
2024-09-20 12:05:24.084,428.7452617969496,96
2024-09-20 12:05:24.091,428.8519888759922,996
2024-09-20 12:05:24.096,428.8381074550031,996
2024-09-20 12:05:24.120,428.8621453339609,6
2024-09-20 12:05:24.124,428.7572776188628,102
2024-09-20 12:05:24.256,428.78304672235714,14
2024-09-20 12:05:24.272,428.84609416592593,103
2024-09-20 12:05:24.290,428.816268525783,9
2024-09-20 12:05:24.306,428.7658184025949,105
2024-09-20 12:05:24.453,428.8141868524295,1002
2024-09-20 12:05:24.456,428.8101057420464,13
2024-09-20 12:05:24.510,428.78584758193927,104
2024-09-20 12:05:24.679,428.8285986057069,997
2024-09-20 12:05:24.696,428.8481471621439,103
2024-09-20 12:05:24.719,428.8397121481506,14
2024-09-20 12:05:24.856,428.81553587688086,98
2024-09-20 12:05:24.881,428.8134409484598,7
2024-09-20 12:05:24.967,428.8430762744883,1001
2024-09-20 12:05:25.928,428.8437678788858,12
2024-09-20 12:05:26.099,428.8075322343637,105
2024-09-20 12:05:26.163,428.7586763660933,99
2024-09-20 12:05:26.165,428.7674213141419,1005
2024-09-20 12:05:26.178,428.7407377136949,99
2024-09-20 12:05:26.206,428.8679083508664,7
2024-09-20 12:05:26.215,428.7496361004088,13
2024-09-20 12:05:26.215,428.7639188256554,998
2024-09-20 12:05:26.231,428.8628825218398,12
2024-09-20 12:05:26.270,428.7465419230289,104
2024-09-20 12:05:26.421,428.7522046104549,15
2024-09-20 12:05:26.444,428.7727391032982,13
2024-09-20 12:05:26.450,428.85838907675935,13
2024-09-20 12:05:26.457,428.76275834923786,1003
2024-09-20 12:05:26.517,428.8470180669216,1003
2024-09-20 12:05:26.534,-428.8192091812334,102
2024-09-20 12:05:26.631,428.8356282126832,96
2024-09-20 12:05:26.682,428.8432477335215,8
2024-09-20 12:05:26.687,428.7997919177964,99
2024-09-20 12:05:26.691,428.8341056523659,14
2024-09-20 12:05:26.712,428.8541075104042,9
2024-09-20 12:05:26.712,428.81511696869217,97
2024-09-20 12:05:26.729,428.7585899846621,99
2024-09-20 12:05:26.745,428.73093540646136,8
2024-09-20 12:05:26.821,428.8635693255415,12
2024-09-20 12:05:26.832,428.7564450009668,998
2024-09-20 12:05:26.925,428.876974127505,1001
2024-09-20 12:05:26.987,428.7595657847236,6
2024-09-20 12:05:27.388,428.7403272587798,999
2024-09-20 12:05:28.256,428.7164966544422,7
2024-09-20 12:05:28.336,428.7024415476624,1000
2024-09-20 12:05:28.403,428.7176184107366,1004
2024-09-20 12:05:28.961,428.7076415591584,98
2024-09-20 12:05:29.143,428.6986848280788,12
2024-09-20 12:05:29.916,428.6908191162297,98
2024-09-20 12:05:30.497,428.6984110956199,12
2024-09-20 12:05:30.808,428.7020867536813,100
2024-09-20 12:05:31.022,428.61769392191496,103
2024-09-20 12:05:31.037,428.6216549585983,96
2024-09-20 12:05:31.038,428.6023786424176,995
2024-09-20 12:05:31.043,428.63381943225545,7
2024-09-20 12:05:31.052,428.5828392908781,103
2024-09-20 12:05:31.076,428.6090454345181,996
2024-09-20 12:05:31.101,428.6589602826661,1004
2024-09-20 12:05:31.148,428.63899237556166,998
2024-09-20 12:05:31.188,428.6398781307921,998
2024-09-20 12:05:31.197,428.6517334648214,95
2024-09-20 12:05:31.234,428.7092806236473,99
2024-09-20 12:05:31.292,428.5741087821268,5
2024-09-20 12:05:31.335,428.675698900462,1003
2024-09-20 12:05:31.341,428.6899199613193,1000
2024-09-20 12:05:31.394,428.5551472993784,9
2024-09-20 12:05:31.432,428.5870227946048,15
2024-09-20 12:05:31.473,428.6095788515764,7
2024-09-20 12:05:31.478,428.6642016895273,1004
2024-09-20 12:05:31.513,428.5649009856784,100
2024-09-20 12:05:31.522,428.6062789974217,5
2024-09-20 12:05:31.621,428.5987445556617,9
2024-09-20 12:05:31.689,428.63962125373,1003
2024-09-20 12:05:31.745,428.6504382844886,1003
2024-09-20 12:05:31.810,428.5625587888615,105
2024-09-20 12:05:31.840,428.5685937486175,15
2024-09-20 12:05:31.865,428.6027950744377,11
2024-09-20 12:05:31.872,428.6431358492579,99
2024-09-20 12:05:31.879,428.59529000830696,1001
2024-09-20 12:05:31.882,428.6413563067635,100
2024-09-20 12:05:31.977,428.6399315540149,98
2024-09-20 12:05:33.059,428.6153167811401,12
2024-09-20 12:05:33.096,428.6462662753538,998
2024-09-20 12:05:33.205,428.6024666500628,1004
2024-09-20 12:05:33.207,428.6054777821712,101
2024-09-20 12:05:33.229,428.662295876715,15
2024-09-20 12:05:33.239,428.6464341756314,998
2024-09-20 12:05:33.516,428.6170742179317,15
2024-09-20 12:05:33.686,428.5982639753824,1000
2024-09-20 12:05:33.705,428.60462982396814,1002
2024-09-20 12:05:33.727,428.63402785227305,13
2024-09-20 12:05:33.792,428.6354585671322,10
2024-09-20 12:05:33.798,428.60126846909225,10
2024-09-20 12:05:33.811,428.6171214725063,11
2024-09-20 12:05:33.818,428.6239275845909,999
2024-09-20 12:05:33.888,428.6290239072476,999
2024-09-20 12:05:33.920,428.6175045009017,15
2024-09-20 12:05:33.958,428.5995620115893,9
2024-09-20 12:05:33.959,428.6290261314282,998
2024-09-20 12:05:34.018,428.5704763721368,9
2024-09-20 12:05:34.137,428.5993026214872,1001
2024-09-20 12:05:34.245,42.8558178912187,99
2024-09-20 12:05:34.343,428.5830093406729,1002
2024-09-20 12:05:34.351,428.6051202780369,999
2024-09-20 12:05:34.355,428.5880909657278,10
2024-09-20 12:05:34.489,,1005
2024-09-20 12:05:34.500,428.6201827627459,101
2024-09-20 12:05:34.515,428.59021645025945,100
2024-09-20 12:05:34.594,428.58926463005326,999
2024-09-20 12:05:34.605,428.6089039778982,1003
2024-09-20 12:05:34.613,428.5485196305498,12
2024-09-20 12:05:34.622,428.61383525989686,96
2024-09-20 12:05:34.673,428.6083871480584,105
2024-09-20 12:05:34.696,428.60383241513625,10
2024-09-20 12:05:34.700,428.5985644761921,96
2024-09-20 12:05:34.743,428.5739374838466,5
2024-09-20 12:05:34.744,428.5835644603965,995
2024-09-20 12:05:34.747,428.6049903252997,1005
2024-09-20 12:05:34.801,428.6044823579989,10
2024-09-20 12:05:34.816,428.5663873181641,96
2024-09-20 12:05:34.816,428.5700710949365,1001
2024-09-20 12:05:34.842,428.5565309612187,13
2024-09-20 12:05:34.855,428.6177984759919,1000
2024-09-20 12:05:34.907,428.5908910679404,995
2024-09-20 12:05:34.921,428.56836335674967,6
2024-09-20 12:05:34.943,428.607215207725,98
2024-09-20 12:05:34.961,428.5943214715203,9
2024-09-20 12:05:34.990,428.5795845984663,1001
2024-09-20 12:05:34.999,428.5979436584111,1000
2024-09-20 12:05:35.010,428.5682914799938,1005
2024-09-20 12:05:35.039,428.5858309055226,8
2024-09-20 12:05:35.039,428.5969335695669,998
2024-09-20 12:05:35.098,428.56069452090594,103
2024-09-20 12:05:35.159,428.5711737275293,1005
2024-09-20 12:05:35.191,428.56194979529295,8
2024-09-20 12:05:35.304,,12
2024-09-20 12:05:35.404,428.5572159896917,999
2024-09-20 12:05:35.406,428.5628424406317,101
2024-09-20 12:05:35.490,428.5639293825664,11
2024-09-20 12:05:35.525,428.55406649034455,100
2024-09-20 12:05:35.554,428.5558939553039,12
2024-09-20 12:05:35.655,,95
2024-09-20 12:05:35.754,428.5733305083432,10
2024-09-20 12:05:35.793,428.5816476783236,8
2024-09-20 12:05:35.831,428.5990413009879,104
2024-09-20 12:05:35.869,428.5391091761114,999
2024-09-20 12:05:35.893,428.6021884410396,104
2024-09-20 12:05:35.967,428.5621014173177,97
2024-09-20 12:05:36.014,428.6002071361978,5
2024-09-20 12:05:36.064,428.57483779784906,10
2024-09-20 12:05:36.076,428.5912022749978,7
2024-09-20 12:05:36.273,428.5860388840334,97
2024-09-20 12:05:36.374,428.58650946109583,100
2024-09-20 12:05:36.402,428.58081892048665,1000
2024-09-20 12:05:36.438,428.5509505096784,8
2024-09-20 12:05:36.753,428.5646256475577,101
2024-09-20 12:05:36.767,428.5768946520222,98
2024-09-20 12:05:36.851,428.570760862888,1001
2024-09-20 12:05:36.942,428.5856446783815,101
2024-09-20 12:05:37.073,428.5912737953573,105
2024-09-20 12:05:37.091,428.5442963608841,15
2024-09-20 12:05:37.135,428.5969157923293,8
2024-09-20 12:05:37.190,428.59964909555737,102
2024-09-20 12:05:37.217,428.58728597893486,12
2024-09-20 12:05:37.238,428.5367019994016,102
2024-09-20 12:05:37.254,428.52761280355935,7
2024-09-20 12:05:37.376,428.56402186314864,95
2024-09-20 12:05:37.385,428.5678226679565,1001
2024-09-20 12:05:37.416,428.60125486834295,1002
2024-09-20 12:05:37.453,428.5209049267093,7
2024-09-20 12:05:37.522,428.5598158920064,12
2024-09-20 12:05:37.527,428.56381566882334,13
2024-09-20 12:05:37.690,428.5590386142459,5
2024-09-20 12:05:37.718,428.5537968505306,15
2024-09-20 12:05:37.742,428.5283329091108,104
2024-09-20 12:05:37.789,428.61071647426127,9
2024-09-20 12:05:37.802,428.5836410600979,100
2024-09-20 12:05:37.828,428.5933662907409,1004
2024-09-20 12:05:37.845,428.58409910640165,103
2024-09-20 12:05:38.008,428.5977187439416,98
2024-09-20 12:05:38.020,428.6495003177716,5
2024-09-20 12:05:38.027,428.6698719793832,7
2024-09-20 12:05:38.030,428.6691865023582,1004
2024-09-20 12:05:38.051,428.6808286520425,99
2024-09-20 12:05:38.113,428.6203615064746,999
2024-09-20 12:05:38.137,428.6412336815185,103
2024-09-20 12:05:38.164,428.6456260779239,1001
2024-09-20 12:05:38.168,428.6149624732048,1002
2024-09-20 12:05:38.270,428.6736736283679,1002
2024-09-20 12:05:38.280,428.65078204400777,1003
2024-09-20 12:05:38.334,428.56419726235896,10
2024-09-20 12:05:38.351,428.5832442633317,97
2024-09-20 12:05:38.362,428.67482108494767,102
2024-09-20 12:05:38.380,428.64903485035967,1003
2024-09-20 12:05:38.420,428.6795732945362,96
2024-09-20 12:05:38.421,428.6664182728904,996
2024-09-20 12:05:38.476,428.55492111288765,104
2024-09-20 12:05:38.583,428.5569566292669,14
2024-09-20 12:05:38.613,428.6506564190688,8
2024-09-20 12:05:38.693,428.6320679907128,1002
2024-09-20 12:05:38.701,428.6523431502839,997
2024-09-20 12:05:38.719,-428.674211723958,97
2024-09-20 12:05:38.723,428.67818063570286,1002
2024-09-20 12:05:38.987,428.6625227162026,7
2024-09-20 12:05:38.995,428.6387784336345,105
2024-09-20 12:05:39.122,428.6539898557765,6
2024-09-20 12:05:39.262,428.6649651469784,1001
2024-09-20 12:05:39.405,428.6668607425037,1002
2024-09-20 12:05:39.545,428.6498557238684,7
2024-09-20 12:05:39.950,428.6435613186526,101
2024-09-20 12:05:40.022,428.74704473887255,1004
2024-09-20 12:05:40.092,428.6750174466111,1002
2024-09-20 12:05:40.097,428.7095573565968,6
2024-09-20 12:05:40.098,428.76478531567057,10
2024-09-20 12:05:40.101,428.7144945568448,12
2024-09-20 12:05:40.213,428.7691989890791,98
2024-09-20 12:05:40.348,428.7145117662554,1000
2024-09-20 12:05:40.369,428.7415572428198,997
2024-09-20 12:05:40.392,428.70931997934713,103
2024-09-20 12:05:40.418,428.7512773342508,5
2024-09-20 12:05:40.510,428.70063653979577,996
2024-09-20 12:05:40.522,428.7055800135985,1004
2024-09-20 12:05:40.523,428.6928217081357,996
2024-09-20 12:05:40.535,428.75100891895033,97
2024-09-20 12:05:40.539,428.74632883177634,999
2024-09-20 12:05:40.544,428.7195714490396,995
2024-09-20 12:05:40.555,428.7591539952203,1002
2024-09-20 12:05:40.557,428.7695061142796,1000
2024-09-20 12:05:40.558,428.7638936316292,10
2024-09-20 12:05:40.559,428.7543740662429,1001
2024-09-20 12:05:40.626,428.6890446762335,6
2024-09-20 12:05:40.658,428.7426569106636,13
2024-09-20 12:05:40.697,428.7865825828835,11
2024-09-20 12:05:40.749,428.6613381327152,999
2024-09-20 12:05:40.908,428.68029567845537,99
2024-09-20 12:05:40.917,428.73770246611,13
2024-09-20 12:05:40.929,428.6873826866944,103
2024-09-20 12:05:41.000,428.7742857326231,97
2024-09-20 12:05:41.072,428.8053093907671,1002
2024-09-20 12:05:41.081,428.8283925269616,9
2024-09-20 12:05:41.085,428.7629744869418,95
2024-09-20 12:05:41.218,428.8065175862701,8
2024-09-20 12:05:41.324,428.77256180532544,97
2024-09-20 12:05:41.332,428.8294140569226,995
2024-09-20 12:05:41.348,428.76812026817095,13
2024-09-20 12:05:41.372,428.813961916314,8
2024-09-20 12:05:41.416,428.7556969662405,95
2024-09-20 12:05:41.432,428.7935027407253,14
2024-09-20 12:05:41.446,428.8159673384889,1004
2024-09-20 12:05:41.456,428.8188528230981,1002
2024-09-20 12:05:41.532,428.7752353774789,10
2024-09-20 12:05:41.600,428.8363026486097,1000
2024-09-20 12:05:41.604,428.7581837860772,14
2024-09-20 12:05:41.611,428.83742016824107,102
2024-09-20 12:05:41.826,428.80275369582944,96
2024-09-20 12:05:41.901,428.77463833398366,6
2024-09-20 12:05:41.954,428.7634711731205,13
2024-09-20 12:05:42.040,428.8058325452191,1003
2024-09-20 12:05:42.108,,5
2024-09-20 12:05:42.150,428.8164766345151,1004
2024-09-20 12:05:42.235,428.8494129281444,103
2024-09-20 12:05:42.251,428.8250745504984,15
2024-09-20 12:05:42.307,428.8351798314833,1002
2024-09-20 12:05:42.354,428.8514681864191,996
2024-09-20 12:05:42.360,428.86261805136536,995
2024-09-20 12:05:42.364,428.83480594976777,12
2024-09-20 12:05:42.478,428.82386707928606,1001
2024-09-20 12:05:42.505,428.8548065908397,9
2024-09-20 12:05:42.525,428.8304478469837,996
2024-09-20 12:05:42.541,428.8383682860388,97
2024-09-20 12:05:42.612,428.8326189525279,999
2024-09-20 12:05:42.676,428.8374505330464,999
2024-09-20 12:05:42.684,428.8185350026786,95
2024-09-20 12:05:42.761,428.8224721838646,100
2024-09-20 12:05:42.784,428.8730419336294,10
2024-09-20 12:05:42.844,428.8247147410816,99
2024-09-20 12:05:43.102,428.85104405274046,96
2024-09-20 12:05:43.181,428.88097134662354,995
2024-09-20 12:05:43.244,428.8653316366358,100
2024-09-20 12:05:43.416,428.8502429669542,10
2024-09-20 12:05:43.650,428.86487553317903,8
2024-09-20 12:05:44.001,428.8548335606542,95
2024-09-20 12:05:44.078,428.84803492019046,12
2024-09-20 12:05:44.079,428.8414677357042,99
2024-09-20 12:05:44.119,428.8724816731308,12
2024-09-20 12:05:44.218,428.8421587103392,101
2024-09-20 12:05:44.243,428.86064109759246,999
2024-09-20 12:05:44.415,428.8426029714828,11
2024-09-20 12:05:44.478,428.86268423005777,6
2024-09-20 12:05:44.694,428.8445051121561,102
2024-09-20 12:05:44.777,428.84307364427247,12
2024-09-20 12:05:44.824,428.861594348824,10
2024-09-20 12:05:44.862,428.8764235606231,1001
2024-09-20 12:05:45.054,428.7655863225132,12
2024-09-20 12:05:45.056,428.8600054852161,995
2024-09-20 12:05:45.096,428.8063558326676,101
2024-09-20 12:05:45.129,428.8028917395912,997
2024-09-20 12:05:45.165,428.8530797374812,99
2024-09-20 12:05:45.180,428.8181848591804,15
2024-09-20 12:05:45.220,428.8016729663951,97
2024-09-20 12:05:45.227,428.82324607342144,105
2024-09-20 12:05:45.253,428.80139481907855,95
2024-09-20 12:05:45.255,428.8417280091255,10
2024-09-20 12:05:45.280,428.7675132077397,998
2024-09-20 12:05:45.285,428.821756212756,103
2024-09-20 12:05:45.401,428.78273830239687,1005
2024-09-20 12:05:45.416,428.880840099364,1005
2024-09-20 12:05:45.439,428.83645176257846,104
2024-09-20 12:05:45.454,428.85140061082,8
2024-09-20 12:05:45.485,428.7935574519886,998
2024-09-20 12:05:45.512,428.8530834958129,15
2024-09-20 12:05:45.549,428.8020905917409,999
2024-09-20 12:05:45.566,428.7991336952495,1003
2024-09-20 12:05:45.690,428.8550454668984,1000
2024-09-20 12:05:45.780,428.8423953945653,1004
2024-09-20 12:05:45.780,428.8626728147513,6
2024-09-20 12:05:45.798,428.7823071661316,8
2024-09-20 12:05:45.837,428.83901602454006,97
2024-09-20 12:05:45.848,428.8146654149286,6
2024-09-20 12:05:45.974,428.7762846595116,105
2024-09-20 12:05:46.070,428.8786981076655,105
2024-09-20 12:05:46.123,428.83559859230553,997
2024-09-20 12:05:46.187,428.818146673492,14
2024-09-20 12:05:46.197,428.85077116885935,10
2024-09-20 12:05:46.214,428.8516416336227,101
2024-09-20 12:05:46.262,428.8558216685894,1001
2024-09-20 12:05:46.363,428.88401319882985,1004
2024-09-20 12:05:46.451,428.8784806265868,104
2024-09-20 12:05:46.502,428.8464888377494,104
2024-09-20 12:05:46.526,428.8983536921234,1005
2024-09-20 12:05:46.528,428.8943563913998,7
2024-09-20 12:05:46.607,428.86893529152206,1005
2024-09-20 12:05:46.641,428.8566709100036,96
2024-09-20 12:05:46.662,428.89394797622697,102
2024-09-20 12:05:46.718,428.86586507272034,6
2024-09-20 12:05:46.777,428.82003090735947,999
2024-09-20 12:05:46.779,428.8146042534283,13
2024-09-20 12:05:46.845,428.868407902716,996
2024-09-20 12:05:46.922,428.8472182713779,97
2024-09-20 12:05:46.971,428.8873603021638,103
2024-09-20 12:05:47.018,428.7713866138695,1002
2024-09-20 12:05:47.068,-428.7670432436866,95
2024-09-20 12:05:47.130,428.7926883992788,101
2024-09-20 12:05:47.432,428.782707333896,100
2024-09-20 12:05:47.530,428.76568291247054,8
2024-09-20 12:05:47.597,428.7300561766624,1005
2024-09-20 12:05:47.677,428.750159759505,14
2024-09-20 12:05:47.828,428.8034933661166,7
2024-09-20 12:05:47.890,428.7397160621176,103
2024-09-20 12:05:49.007,428.81381241391904,13
2024-09-20 12:05:49.088,428.8076917301156,95
2024-09-20 12:05:49.154,428.78332495998967,1002
2024-09-20 12:05:49.187,428.7722639235283,15
2024-09-20 12:05:49.406,428.75866209228633,101
2024-09-20 12:05:49.467,428.7605628097633,9
2024-09-20 12:05:49.484,428.7537891144198,9
2024-09-20 12:05:49.538,428.7514482586361,7
2024-09-20 12:05:49.568,428.7357668230634,997
2024-09-20 12:05:49.583,428.7455788110281,1001
2024-09-20 12:05:49.659,428.7499202211494,997
2024-09-20 12:05:49.686,428.7517431763613,95
2024-09-20 12:05:49.736,428.7395482115822,1005
2024-09-20 12:05:49.771,428.7644243308637,1001
2024-09-20 12:05:50.127,428.821213559803,1002
2024-09-20 12:05:50.199,428.8434034457411,997
2024-09-20 12:05:50.217,428.79606454792525,102
2024-09-20 12:05:50.363,428.8213201324437,103
2024-09-20 12:05:50.545,428.8131602773267,14
2024-09-20 12:05:50.552,428.8042640624403,1003
2024-09-20 12:05:50.559,428.806170238942,102
2024-09-20 12:05:50.569,428.8426595099857,103
2024-09-20 12:05:50.585,428.82111419733695,997
2024-09-20 12:05:50.598,428.8475298383904,12
2024-09-20 12:05:50.625,428.82275573714975,1003
2024-09-20 12:05:50.904,428.83017038714667,105
2024-09-20 12:05:50.915,428.8295054324099,102
2024-09-20 12:05:51.097,428.8404193117944,997
2024-09-20 12:05:51.132,428.8914392569255,13
2024-09-20 12:05:51.141,428.8094975929594,105
2024-09-20 12:05:51.155,428.8110561837096,99
2024-09-20 12:05:51.169,428.8498733890668,8
2024-09-20 12:05:51.213,428.83377356634975,102
2024-09-20 12:05:51.259,428.91120794590086,97
2024-09-20 12:05:51.268,428.8989282754123,6
2024-09-20 12:05:51.278,428.82397534518526,9
2024-09-20 12:05:51.280,428.8846947861281,1001
2024-09-20 12:05:51.281,428.8309150879584,102
2024-09-20 12:05:51.328,428.9216500010032,1000
2024-09-20 12:05:51.342,428.8121198896736,9
2024-09-20 12:05:51.387,428.9073956036289,997
2024-09-20 12:05:51.436,428.82834519171126,996
2024-09-20 12:05:51.516,428.8459915317477,100
2024-09-20 12:05:51.520,428.8576545442215,6
2024-09-20 12:05:51.536,428.8542594356298,1004
2024-09-20 12:05:51.604,428.8552868521958,999
2024-09-20 12:05:51.613,428.8818577255226,12
2024-09-20 12:05:51.692,428.8996002191523,96
2024-09-20 12:05:51.869,428.89261200813087,104
2024-09-20 12:05:51.887,428.9038429003127,12
2024-09-20 12:05:51.913,428.8889002803344,998
2024-09-20 12:05:51.937,428.91615097470986,1000
2024-09-20 12:05:51.962,428.8097259774098,12
2024-09-20 12:05:51.976,428.8618821525024,995
2024-09-20 12:05:52.080,428.9278629999487,103
2024-09-20 12:05:52.293,428.9249670272099,998
2024-09-20 12:05:52.363,428.9071865469363,95
2024-09-20 12:05:52.372,428.897726795552,1001
2024-09-20 12:05:52.374,428.8959514205935,95
2024-09-20 12:05:52.378,428.8852991875187,6
2024-09-20 12:05:52.429,428.9137090078097,95
2024-09-20 12:05:52.477,428.9168328553978,100
2024-09-20 12:05:52.497,428.8851575652422,10
2024-09-20 12:05:52.517,428.88663215453926,998
2024-09-20 12:05:52.518,428.9402928895104,11
2024-09-20 12:05:52.591,,999
2024-09-20 12:05:52.655,428.92203905736864,995
2024-09-20 12:05:52.693,428.9241043681068,1001
2024-09-20 12:05:52.812,428.9243716183545,995
2024-09-20 12:05:52.888,428.8830514810513,9
2024-09-20 12:05:52.926,428.9194050991821,1002
2024-09-20 12:05:53.016,429.00433185842365,9
2024-09-20 12:05:53.167,-429.0711964769292,102
2024-09-20 12:05:53.238,429.04671987366976,102
2024-09-20 12:05:53.299,428.9923718046288,98
2024-09-20 12:05:53.430,428.9980953996264,996
2024-09-20 12:05:53.441,429.0202191638797,13
2024-09-20 12:05:53.534,429.01749840429767,95
2024-09-20 12:05:53.774,42.90334746525289,97
2024-09-20 12:05:53.824,429.0625570002736,100
2024-09-20 12:05:53.882,429.0160804966516,95
2024-09-20 12:05:53.997,428.9610431747761,999
2024-09-20 12:05:54.004,-429.0330407211105,8
2024-09-20 12:05:54.007,429.0295579175509,996
2024-09-20 12:05:54.041,429.034383509254,99
2024-09-20 12:05:54.060,429.0277353543115,13
2024-09-20 12:05:54.063,429.0760627840106,999
2024-09-20 12:05:54.063,429.0422101058997,1001
2024-09-20 12:05:54.200,429.05418991749593,1004
2024-09-20 12:05:54.202,429.0634607387146,5
2024-09-20 12:05:54.222,429.0934682203307,11
2024-09-20 12:05:54.266,429.03895665509066,9
2024-09-20 12:05:54.281,429.0476907832527,100
2024-09-20 12:05:54.296,429.0823858490219,1001
2024-09-20 12:05:54.426,429.0703771467035,997
2024-09-20 12:05:54.554,429.0383590663443,14
2024-09-20 12:05:54.575,429.0222188417362,99
2024-09-20 12:05:54.577,429.0327381661056,13
2024-09-20 12:05:54.629,429.0452340347508,97
2024-09-20 12:05:54.638,429.0910804758047,104
2024-09-20 12:05:54.755,429.0435223193994,101
2024-09-20 12:05:54.786,429.0676733386616,8
2024-09-20 12:05:54.786,429.0496945333418,103
2024-09-20 12:05:54.804,429.01728887635466,1004
2024-09-20 12:05:54.820,429.0915161012411,6
2024-09-20 12:05:54.828,429.0217439256823,7
2024-09-20 12:05:55.140,429.06666932285,1003
2024-09-20 12:05:55.223,429.0874429908235,1005
2024-09-20 12:05:55.301,429.0763910225165,14
2024-09-20 12:05:55.436,429.0692282800949,1001
2024-09-20 12:05:55.494,429.0579102850938,100
2024-09-20 12:05:55.538,429.0666911279668,10
2024-09-20 12:05:55.598,429.0676429772108,15
2024-09-20 12:05:55.700,429.0671814510714,1005
2024-09-20 12:05:55.782,429.08163243971126,7
2024-09-20 12:05:56.054,429.07846132115407,997
2024-09-20 12:05:56.061,429.07612237564905,14
2024-09-20 12:05:56.091,429.1149077203818,7
2024-09-20 12:05:56.125,429.057866114033,12
2024-09-20 12:05:56.156,429.0556615368781,1002
2024-09-20 12:05:56.254,429.0896805857479,995
2024-09-20 12:05:56.288,429.0997254733298,1000
2024-09-20 12:05:56.422,429.11719184384447,1000
2024-09-20 12:05:56.486,429.06613531360495,12
2024-09-20 12:05:56.576,429.0822548262361,1000
2024-09-20 12:05:56.578,429.11640577657175,103
2024-09-20 12:05:56.700,429.1008515533944,103
2024-09-20 12:05:56.752,429.0704269750734,6
2024-09-20 12:05:56.912,429.108669445719,1004
2024-09-20 12:05:56.968,429.0767960499414,11
2024-09-20 12:05:56.969,429.0943675494103,105
2024-09-20 12:05:56.976,429.1006640004089,7
2024-09-20 12:05:56.993,429.1162532933227,996
2024-09-20 12:05:57.013,429.1704800298872,10
2024-09-20 12:05:57.036,429.1167853872592,11
2024-09-20 12:05:57.067,429.1562173719575,6
2024-09-20 12:05:57.092,429.175629853634,104
2024-09-20 12:05:57.094,429.1500243548761,6
2024-09-20 12:05:57.095,429.0999337832396,102
2024-09-20 12:05:57.107,429.1648851128989,9
2024-09-20 12:05:57.112,429.1846678999871,6
2024-09-20 12:05:57.288,429.1209393237885,9
2024-09-20 12:05:57.291,429.14502584613655,96
2024-09-20 12:05:57.526,429.0855184334412,995
2024-09-20 12:05:57.554,429.13639808715953,95
2024-09-20 12:05:57.649,429.0943009251454,999
2024-09-20 12:05:57.660,429.1396901282017,1005
2024-09-20 12:05:57.680,429.1367526046964,13
2024-09-20 12:05:57.738,429.17367694002775,103
2024-09-20 12:05:57.747,429.117293004273,102
2024-09-20 12:05:57.859,429.1125304911473,996
2024-09-20 12:05:57.919,429.1256876187503,6
2024-09-20 12:05:57.944,429.157786727656,100
2024-09-20 12:05:57.949,429.1015890426091,102
2024-09-20 12:05:58.067,429.1395456406432,12
2024-09-20 12:05:58.098,429.14735071634846,998
2024-09-20 12:05:58.367,429.1230114856103,1004
2024-09-20 12:05:58.903,429.1357229525336,999
2024-09-20 12:05:59.152,-429.1596113546484,100
