Timestamp,Price,Size
2024-09-20 09:58:00.008,423.6877585522206,998
2024-09-20 09:58:00.076,423.6865726803027,6
2024-09-20 09:58:00.095,423.7078583539208,5
2024-09-20 09:58:00.238,423.70063057980985,1000
2024-09-20 09:58:00.277,42.370189308109865,1001
2024-09-20 09:58:00.292,423.7181123196191,7
2024-09-20 09:58:00.295,423.7018437692337,1004
2024-09-20 09:58:00.405,423.7014019173231,11
2024-09-20 09:58:00.529,423.6887972768844,1003
2024-09-20 09:58:00.641,423.6991620933803,11
2024-09-20 09:58:00.744,423.7008034777268,101
2024-09-20 09:58:00.898,423.6898894965477,103
2024-09-20 09:58:00.918,423.680545263486,98
2024-09-20 09:58:00.954,423.7045470770035,997
2024-09-20 09:58:00.976,423.7136721483661,104
2024-09-20 09:58:00.988,423.69229147366633,996
2024-09-20 09:58:01.006,423.6411033529017,1003
2024-09-20 09:58:01.147,423.5905684453717,101
2024-09-20 09:58:01.202,423.6536868761847,95
2024-09-20 09:58:01.205,423.5851803405589,998
2024-09-20 09:58:01.288,423.5792735285351,97
2024-09-20 09:58:01.370,423.64240935225024,998
2024-09-20 09:58:01.379,-423.6351247863085,6
2024-09-20 09:58:01.381,423.6108040759517,1002
2024-09-20 09:58:01.522,423.6315357814882,1002
2024-09-20 09:58:01.532,423.6018299400716,96
2024-09-20 09:58:01.595,423.5792506770566,997
2024-09-20 09:58:01.644,423.5721720557593,15
2024-09-20 09:58:01.721,423.5568557572108,1000
2024-09-20 09:58:01.725,423.5809513226997,12
2024-09-20 09:58:01.796,42.36107276526005,1003
2024-09-20 09:58:01.845,423.6412021825676,998
2024-09-20 09:58:01.846,423.589927823076,996
2024-09-20 09:58:01.859,423.5759430739684,1003
2024-09-20 09:58:01.864,423.6441301604466,1004
2024-09-20 09:58:01.998,423.6225063716788,104
2024-09-20 09:58:02.072,423.63995641050457,1001
2024-09-20 09:58:02.086,423.63830225698354,100
2024-09-20 09:58:02.098,423.6352417546596,103
2024-09-20 09:58:02.116,423.6332238986484,104
2024-09-20 09:58:02.162,423.61434552421616,104
2024-09-20 09:58:02.172,,997
2024-09-20 09:58:02.173,423.6367019439144,103
2024-09-20 09:58:02.173,423.6532813979893,998
2024-09-20 09:58:02.325,423.5976372091764,96
2024-09-20 09:58:02.335,423.6117062104383,12
2024-09-20 09:58:02.377,423.6310616183885,1003
2024-09-20 09:58:02.399,423.59231364076186,998
2024-09-20 09:58:02.401,423.62908206434975,98
2024-09-20 09:58:02.460,423.6180560282676,96
2024-09-20 09:58:02.463,423.6242154938832,97
2024-09-20 09:58:02.554,423.63168258989566,100
2024-09-20 09:58:02.562,423.6415010221278,6
2024-09-20 09:58:02.591,423.6107343380326,5
2024-09-20 09:58:02.640,423.6367231339935,102
2024-09-20 09:58:02.647,,1001
2024-09-20 09:58:02.660,423.6314592605254,105
2024-09-20 09:58:02.676,423.6379578341307,1000
2024-09-20 09:58:02.692,423.61076281186143,999
2024-09-20 09:58:02.696,423.5822618423061,995
2024-09-20 09:58:02.799,423.61424867712833,10
2024-09-20 09:58:02.932,423.6146236774243,102
2024-09-20 09:58:02.966,423.62738831458233,12
2024-09-20 09:58:03.001,423.67509030061655,103
2024-09-20 09:58:03.049,423.6591573821276,1004
2024-09-20 09:58:03.051,423.6871668651869,97
2024-09-20 09:58:03.106,,95
2024-09-20 09:58:03.349,423.62927008981706,1000
2024-09-20 09:58:03.373,423.6248359384388,14
2024-09-20 09:58:03.435,423.63501567917433,103
2024-09-20 09:58:03.463,423.6651739901738,1003
2024-09-20 09:58:03.498,423.6745798185772,98
2024-09-20 09:58:03.527,423.6711912217473,12
2024-09-20 09:58:03.537,423.6691578210368,999
2024-09-20 09:58:03.555,423.6457329298469,1000
2024-09-20 09:58:03.567,423.6236264516736,101
2024-09-20 09:58:03.665,-423.6307745772233,105
2024-09-20 09:58:03.773,,101
2024-09-20 09:58:03.774,423.6680725827564,15
2024-09-20 09:58:03.800,423.6650447717641,1003
2024-09-20 09:58:03.809,423.64031115573584,1000
2024-09-20 09:58:03.820,423.6435889983134,6
2024-09-20 09:58:03.837,423.6648218297993,14
2024-09-20 09:58:03.883,423.645204556575,95
2024-09-20 09:58:03.891,423.6824190594424,8
2024-09-20 09:58:03.905,423.6590645111101,1000
2024-09-20 09:58:03.919,423.63910203304056,10
2024-09-20 09:58:03.935,423.6255160511677,6
2024-09-20 09:58:03.938,423.64389102433887,998
2024-09-20 09:58:03.946,423.6187476891392,998
2024-09-20 09:58:03.961,423.65067162833503,1005
2024-09-20 09:58:03.997,423.6318258015437,1000
2024-09-20 09:58:04.228,423.6682306798501,95
2024-09-20 09:58:04.612,423.6798134739885,102
2024-09-20 09:58:04.639,423.68548400998105,99
2024-09-20 09:58:05.046,423.6335752081041,997
2024-09-20 09:58:05.093,423.61597307842266,1005
2024-09-20 09:58:05.188,423.6686858826652,97
2024-09-20 09:58:05.206,423.6699167223236,1003
2024-09-20 09:58:05.222,423.6034110888481,15
2024-09-20 09:58:05.240,423.60098147046745,11
2024-09-20 09:58:05.246,423.6526736417148,96
2024-09-20 09:58:05.330,423.6321753127192,1002
2024-09-20 09:58:05.438,423.5961814207453,101
2024-09-20 09:58:05.445,423.6078525695905,998
2024-09-20 09:58:05.469,423.62108384192607,97
2024-09-20 09:58:05.498,423.6096132859738,14
2024-09-20 09:58:05.500,423.6210466433876,11
2024-09-20 09:58:05.536,423.6552280389218,100
2024-09-20 09:58:05.542,423.60915509080047,104
2024-09-20 09:58:05.799,423.5853413324487,100
2024-09-20 09:58:05.812,423.6652669957113,13
2024-09-20 09:58:05.841,423.6256457828061,102
2024-09-20 09:58:06.120,423.5802784613405,7
2024-09-20 09:58:06.287,423.5851853341304,102
2024-09-20 09:58:06.289,423.5894261871624,11
2024-09-20 09:58:06.418,423.5741811525813,998
2024-09-20 09:58:06.470,423.5821433811643,12
2024-09-20 09:58:06.617,423.5859487127794,14
2024-09-20 09:58:06.700,423.5776841050507,1005
2024-09-20 09:58:06.715,423.5678599519979,1003
2024-09-20 09:58:06.718,423.5687364345112,11
2024-09-20 09:58:06.839,423.5444562410745,995
2024-09-20 09:58:06.930,423.5790189055933,14
2024-09-20 09:58:07.016,423.6836393809698,14
2024-09-20 09:58:07.061,423.5976475613681,99
2024-09-20 09:58:07.094,423.71442052559655,6
2024-09-20 09:58:07.209,423.70663561904473,15
2024-09-20 09:58:07.216,423.6915840086815,95
2024-09-20 09:58:07.232,423.70858803800144,1000
2024-09-20 09:58:07.271,423.66601543210754,996
2024-09-20 09:58:07.281,423.6901488979221,102
2024-09-20 09:58:07.293,423.6721312724712,11
2024-09-20 09:58:07.382,423.6807304985523,1002
2024-09-20 09:58:07.404,423.6815280661617,103
2024-09-20 09:58:07.414,423.6662125998391,104
2024-09-20 09:58:07.490,423.7151355773526,102
2024-09-20 09:58:07.616,423.66154241135285,995
2024-09-20 09:58:07.755,423.6553350492461,1001
2024-09-20 09:58:07.840,423.6108385402763,104
2024-09-20 09:58:07.891,423.62918081103305,997
2024-09-20 09:58:07.908,423.59385476069656,97
2024-09-20 09:58:07.922,423.6441312336641,11
2024-09-20 09:58:08.069,423.7105981455521,98
2024-09-20 09:58:08.211,423.6949626793863,95
2024-09-20 09:58:08.254,423.7202614805268,101
2024-09-20 09:58:08.268,423.7075296296256,96
2024-09-20 09:58:08.375,423.6835694281745,999
2024-09-20 09:58:08.474,423.7208660971124,95
2024-09-20 09:58:08.654,423.68679432087566,10
2024-09-20 09:58:08.687,423.67400285394194,99
2024-09-20 09:58:08.690,423.6823982228617,104
2024-09-20 09:58:08.740,423.7172210067501,999
2024-09-20 09:58:08.744,423.6969280953098,14
2024-09-20 09:58:08.881,423.7224993794137,1005
2024-09-20 09:58:09.049,423.71175232432734,11
2024-09-20 09:58:09.878,423.702399779725,104
2024-09-20 09:58:09.934,423.7072888099773,8
2024-09-20 09:58:10.028,423.7487130980754,95
2024-09-20 09:58:10.028,423.77934095416464,98
2024-09-20 09:58:10.191,423.7729731662176,104
2024-09-20 09:58:10.251,423.7681476628353,102
2024-09-20 09:58:10.414,423.7164935722459,1004
2024-09-20 09:58:10.561,423.7737577915244,7
2024-09-20 09:58:10.608,423.7537267172249,1000
2024-09-20 09:58:10.671,423.7525090900236,14
2024-09-20 09:58:10.803,423.7634032470584,102
2024-09-20 09:58:10.921,423.703169229728,98
2024-09-20 09:58:10.950,423.7799471769455,5
2024-09-20 09:58:10.976,423.78424054647866,10
2024-09-20 09:58:10.993,423.7804481635711,101
2024-09-20 09:58:11.111,423.7518507057943,11
2024-09-20 09:58:11.252,423.7440607373951,998
2024-09-20 09:58:11.281,423.7445778466361,11
2024-09-20 09:58:11.296,423.7788847569452,1001
2024-09-20 09:58:11.304,423.7388864858892,15
2024-09-20 09:58:11.310,423.75534406457706,99
2024-09-20 09:58:11.321,423.7380775974137,103
2024-09-20 09:58:11.373,423.7235442348669,97
2024-09-20 09:58:11.408,423.74578295504335,997
2024-09-20 09:58:11.415,423.7390263891417,1000
2024-09-20 09:58:11.422,423.7609079670851,7
2024-09-20 09:58:11.433,423.76402878035935,12
2024-09-20 09:58:11.450,423.75302131845785,105
2024-09-20 09:58:11.493,423.73729397495663,103
2024-09-20 09:58:11.596,423.7538999784397,104
2024-09-20 09:58:11.809,423.7706637829148,5
2024-09-20 09:58:11.882,423.7244132604468,1002
2024-09-20 09:58:11.893,423.6922332988308,102
2024-09-20 09:58:11.941,423.7147838885836,10
2024-09-20 09:58:11.957,423.7649647602778,7
2024-09-20 09:58:12.005,423.6966699430442,13
2024-09-20 09:58:12.005,423.6577582372673,995
2024-09-20 09:58:12.023,423.6863703985628,105
2024-09-20 09:58:12.143,423.6591026128094,997
2024-09-20 09:58:12.211,423.6887322641384,9
2024-09-20 09:58:12.342,423.6794946893032,997
2024-09-20 09:58:12.351,423.6818505901222,102
2024-09-20 09:58:12.442,423.69000602530616,1001
2024-09-20 09:58:12.535,423.6511902608524,1002
2024-09-20 09:58:12.578,423.6602668198285,1001
2024-09-20 09:58:12.593,423.6805075837103,98
2024-09-20 09:58:12.596,423.6927998483152,101
2024-09-20 09:58:12.714,423.6664181619837,14
2024-09-20 09:58:12.746,423.6784981771742,105
2024-09-20 09:58:12.749,423.662267277276,1000
2024-09-20 09:58:12.977,423.66471745158896,998
2024-09-20 09:58:12.999,423.6702708094417,997
2024-09-20 09:58:13.406,423.6466866161987,1001
2024-09-20 09:58:13.438,423.6562803584058,1004
2024-09-20 09:58:13.527,,104
2024-09-20 09:58:13.679,423.65136735639135,998
2024-09-20 09:58:13.804,423.6819086616283,13
2024-09-20 09:58:15.137,423.63376832723947,104
2024-09-20 09:58:15.160,423.6549944697687,13
2024-09-20 09:58:15.243,423.63853714037685,7
2024-09-20 09:58:15.332,423.6293283699777,100
2024-09-20 09:58:15.525,423.6272196269388,105
2024-09-20 09:58:15.822,423.6281384155864,9
2024-09-20 09:58:15.828,423.6331818506917,1005
2024-09-20 09:58:15.925,423.65494635592944,9
2024-09-20 09:58:15.985,423.62488848435055,99
2024-09-20 09:58:16.001,423.6264638068965,15
2024-09-20 09:58:16.011,423.6952101791768,998
2024-09-20 09:58:16.050,423.6427208298083,96
2024-09-20 09:58:16.081,423.6159175199601,95
2024-09-20 09:58:16.251,423.6832232636877,101
2024-09-20 09:58:16.276,423.6759851220064,1001
2024-09-20 09:58:16.435,423.6869055875778,998
2024-09-20 09:58:16.492,423.6473031292351,6
2024-09-20 09:58:16.533,423.6555421644778,15
2024-09-20 09:58:16.564,423.649859613409,5
2024-09-20 09:58:16.649,423.6655784007305,100
2024-09-20 09:58:16.675,423.6719909471915,996
2024-09-20 09:58:16.791,423.6146740661817,100
2024-09-20 09:58:16.866,423.6469617099975,13
2024-09-20 09:58:16.935,-423.6204581443746,8
2024-09-20 09:58:16.941,423.6383620346812,104
2024-09-20 09:58:16.963,423.6524160241648,1003
2024-09-20 09:58:17.013,423.68557608956,1004
2024-09-20 09:58:17.031,423.69540462240815,8
2024-09-20 09:58:17.041,423.6954040501922,12
2024-09-20 09:58:17.144,423.70478366061786,1004
2024-09-20 09:58:17.200,423.690053665958,102
2024-09-20 09:58:17.244,423.7081522241593,1003
2024-09-20 09:58:17.323,423.7100830216161,8
2024-09-20 09:58:17.323,423.7266336017194,5
2024-09-20 09:58:17.358,423.6768485647409,1004
2024-09-20 09:58:17.370,423.7055136046168,98
2024-09-20 09:58:17.617,423.716303455906,1004
2024-09-20 09:58:17.624,423.7289176749326,7
2024-09-20 09:58:17.631,423.7069181533069,14
2024-09-20 09:58:17.838,423.70442670103097,101
2024-09-20 09:58:17.900,423.7028570010812,9
2024-09-20 09:58:17.901,423.7210381199762,995
2024-09-20 09:58:17.905,423.6941184991613,98
2024-09-20 09:58:17.918,423.6786042374541,104
2024-09-20 09:58:18.166,423.66487158492953,999
2024-09-20 09:58:19.043,423.6189770815608,5
2024-09-20 09:58:19.181,423.63062742170496,15
2024-09-20 09:58:19.212,423.6251918810229,12
2024-09-20 09:58:19.217,423.6697111372316,9
2024-09-20 09:58:19.274,423.6434539517402,12
2024-09-20 09:58:19.415,423.6368291604631,12
2024-09-20 09:58:19.417,423.65672824176846,11
2024-09-20 09:58:19.454,423.6394849355864,11
2024-09-20 09:58:19.665,423.62726912043416,97
2024-09-20 09:58:19.752,423.63397087665504,103
2024-09-20 09:58:19.836,423.62487944824034,102
2024-09-20 09:58:19.915,423.66465737093824,6
2024-09-20 09:58:19.943,423.65219613400114,96
2024-09-20 09:58:19.966,423.6508848990623,102
2024-09-20 09:58:20.540,423.5955613990659,11
2024-09-20 09:58:21.348,423.6489997408424,100
2024-09-20 09:58:21.423,423.6047145605729,9
2024-09-20 09:58:21.476,423.6409759486502,95
2024-09-20 09:58:21.634,423.6148233924115,103
2024-09-20 09:58:21.930,-423.6356644585959,9
2024-09-20 09:58:21.932,423.6537466092001,103
2024-09-20 09:58:21.946,423.6415745346109,5
2024-09-20 09:58:22.059,423.6136361909204,999
2024-09-20 09:58:22.076,423.5255654259698,997
2024-09-20 09:58:22.152,423.5895523611157,998
2024-09-20 09:58:22.206,423.5372462790796,9
2024-09-20 09:58:22.284,423.56176851900506,14
2024-09-20 09:58:22.291,423.4801817580852,999
2024-09-20 09:58:22.334,423.571013867595,996
2024-09-20 09:58:22.351,423.6193540162528,99
2024-09-20 09:58:22.403,423.5288592947,15
2024-09-20 09:58:22.558,423.5852624233179,95
2024-09-20 09:58:22.592,423.6094403593053,1004
2024-09-20 09:58:22.597,423.5559298352287,6
2024-09-20 09:58:22.654,423.5030210551193,96
2024-09-20 09:58:22.687,423.5701917027303,996
2024-09-20 09:58:22.725,423.4755347655123,103
2024-09-20 09:58:22.889,423.5345058967883,995
2024-09-20 09:58:22.939,423.5892615016207,10
2024-09-20 09:58:22.986,423.536572237385,13
2024-09-20 09:58:23.009,423.4682207718005,104
2024-09-20 09:58:23.139,423.4806308911437,1002
2024-09-20 09:58:23.224,423.48587960936095,997
2024-09-20 09:58:23.457,423.4794769839051,995
2024-09-20 09:58:23.676,423.4765129061336,100
2024-09-20 09:58:23.676,423.4521183689207,98
2024-09-20 09:58:23.695,423.4929698299372,8
2024-09-20 09:58:23.791,423.4664906437032,97
2024-09-20 09:58:23.864,423.49084124528,7
2024-09-20 09:58:23.976,423.4951660410038,12
2024-09-20 09:58:24.013,423.4903534054512,104
2024-09-20 09:58:24.080,423.46067463042857,5
2024-09-20 09:58:24.358,423.462761548807,11
2024-09-20 09:58:24.418,423.4700001311463,103
2024-09-20 09:58:24.425,42.34493500666568,12
2024-09-20 09:58:24.475,423.461632803012,7
2024-09-20 09:58:24.612,423.4657571431537,5
2024-09-20 09:58:24.697,423.4387450684705,100
2024-09-20 09:58:24.770,423.4522469907114,100
2024-09-20 09:58:24.789,423.45107493229375,10
2024-09-20 09:58:24.895,423.4599041977777,999
2024-09-20 09:58:24.940,423.4530296972332,997
2024-09-20 09:58:24.959,423.4461050909407,996
2024-09-20 09:58:25.004,423.4755008325647,11
2024-09-20 09:58:25.005,423.4647066509785,13
2024-09-20 09:58:25.060,423.4979577195836,999
2024-09-20 09:58:25.088,423.45593452880655,13
2024-09-20 09:58:25.112,423.4718209127134,1004
2024-09-20 09:58:25.219,423.5076514475715,998
2024-09-20 09:58:25.329,423.4812558336153,104
2024-09-20 09:58:25.382,423.4799371256327,100
2024-09-20 09:58:25.596,423.4363361958916,13
2024-09-20 09:58:25.606,423.4932860031963,105
2024-09-20 09:58:25.757,423.439794355784,11
2024-09-20 09:58:25.775,423.4685206651505,97
2024-09-20 09:58:25.910,423.48090566741627,97
2024-09-20 09:58:25.932,423.4958447036976,101
2024-09-20 09:58:25.979,423.4993589153463,7
2024-09-20 09:58:26.083,423.4405145700109,98
2024-09-20 09:58:26.314,423.5007404258313,97
2024-09-20 09:58:26.349,423.44334039046,104
2024-09-20 09:58:26.456,423.48852574374496,999
2024-09-20 09:58:26.532,423.4891321754401,1001
2024-09-20 09:58:26.660,,102
2024-09-20 09:58:26.766,423.489961424929,98
2024-09-20 09:58:26.847,423.4868785693244,100
2024-09-20 09:58:26.952,423.4411958010141,14
2024-09-20 09:58:27.062,-423.4685521663496,13
2024-09-20 09:58:27.066,423.4314910916515,14
2024-09-20 09:58:27.100,423.4237703247465,1003
2024-09-20 09:58:27.188,423.480057886497,102
2024-09-20 09:58:27.247,423.4408626703336,104
2024-09-20 09:58:27.252,423.482783292481,11
2024-09-20 09:58:27.283,423.4384992443184,6
2024-09-20 09:58:27.470,423.4194168056735,7
2024-09-20 09:58:27.573,423.4764267944592,999
2024-09-20 09:58:27.582,423.46026863906496,1002
2024-09-20 09:58:27.585,423.4375011654775,9
2024-09-20 09:58:27.742,423.4276555943872,1004
2024-09-20 09:58:27.797,423.485970749578,13
2024-09-20 09:58:27.886,423.4262563022468,104
2024-09-20 09:58:27.968,423.4311064997957,1002
2024-09-20 09:58:27.995,423.454852959384,998
2024-09-20 09:58:28.005,423.46160362101256,98
2024-09-20 09:58:28.089,423.5152131771127,100
2024-09-20 09:58:28.218,423.4809861954435,1003
2024-09-20 09:58:28.381,42.34790228809976,95
2024-09-20 09:58:28.437,-423.483126391566,11
2024-09-20 09:58:28.514,423.4829895399004,15
2024-09-20 09:58:28.577,423.47780248035497,15
2024-09-20 09:58:28.687,423.4805933259706,13
2024-09-20 09:58:28.692,423.5028184540116,105
2024-09-20 09:58:28.745,423.4824787793736,95
2024-09-20 09:58:28.751,423.4977399596429,997
2024-09-20 09:58:28.878,423.46847599348814,999
2024-09-20 09:58:28.929,423.495006305524,995
2024-09-20 09:58:28.987,423.4660001950268,11
2024-09-20 09:58:29.004,423.4899710850133,999
2024-09-20 09:58:29.033,423.4989689494207,996
2024-09-20 09:58:29.120,423.4922242355544,105
2024-09-20 09:58:29.194,423.4995251803091,996
2024-09-20 09:58:29.226,423.5028684761713,103
2024-09-20 09:58:29.300,423.4909805295757,101
2024-09-20 09:58:29.310,423.48728870689104,10
2024-09-20 09:58:29.350,423.4936853107709,1005
2024-09-20 09:58:29.352,423.4780462423777,15
2024-09-20 09:58:29.369,423.48134781730187,97
2024-09-20 09:58:29.379,423.48014527729936,14
2024-09-20 09:58:29.396,423.5020866898132,9
2024-09-20 09:58:29.433,423.4911963227611,1003
2024-09-20 09:58:29.491,423.50916460307815,13
2024-09-20 09:58:29.538,423.5039656663097,104
2024-09-20 09:58:29.572,423.5037365298912,97
2024-09-20 09:58:29.594,423.49618299707015,15
2024-09-20 09:58:29.612,423.4642497646155,8
2024-09-20 09:58:29.641,423.4963288904388,1001
2024-09-20 09:58:29.658,423.4981327651501,8
2024-09-20 09:58:29.674,423.53540960576737,5
2024-09-20 09:58:29.792,423.493935250808,1002
2024-09-20 09:58:29.825,423.5001721355893,14
2024-09-20 09:58:29.871,423.5228392026696,1005
2024-09-20 09:58:29.875,423.4673107333502,1001
2024-09-20 09:58:29.884,423.4827739173323,10
2024-09-20 09:58:29.902,423.5223216003446,104
2024-09-20 09:58:29.909,423.5008059885576,5
2024-09-20 09:58:29.922,423.5044263175194,13
2024-09-20 09:58:30.046,423.5750068514363,101
2024-09-20 09:58:30.427,423.4881659889451,15
2024-09-20 09:58:30.487,423.5760566765757,103
2024-09-20 09:58:30.614,423.5315938686166,98
2024-09-20 09:58:30.775,423.5281840090407,8
2024-09-20 09:58:30.777,423.57578665501467,95
2024-09-20 09:58:30.785,423.51379032770575,995
2024-09-20 09:58:30.801,423.5159343963512,1004
2024-09-20 09:58:30.938,423.5254655737221,95
2024-09-20 09:58:30.939,423.5395857385399,1002
2024-09-20 09:58:31.364,423.5925661027866,104
2024-09-20 09:58:31.445,423.6300265327399,15
2024-09-20 09:58:31.634,423.5665857978669,1000
2024-09-20 09:58:31.649,423.6067967445426,11
2024-09-20 09:58:31.779,423.58379286846855,103
2024-09-20 09:58:31.840,423.5957473913302,103
2024-09-20 09:58:31.971,423.584167356383,6
2024-09-20 09:58:32.011,423.6403967850862,995
2024-09-20 09:58:32.283,423.6676019614199,999
2024-09-20 09:58:32.400,423.6597157615101,102
2024-09-20 09:58:32.432,423.6548003224405,1001
2024-09-20 09:58:32.545,423.65448000136826,98
2024-09-20 09:58:32.893,423.6614272409111,999
2024-09-20 09:58:33.028,423.6118920085588,998
2024-09-20 09:58:33.155,423.6125599188649,7
2024-09-20 09:58:33.172,423.6329308684248,97
2024-09-20 09:58:33.505,423.617798390521,13
2024-09-20 09:58:33.734,423.6597643526204,10
2024-09-20 09:58:33.890,423.6512337488387,10
2024-09-20 09:58:34.032,423.54771096549393,96
2024-09-20 09:58:34.033,423.6259820233316,6
2024-09-20 09:58:34.065,423.6116909230688,105
2024-09-20 09:58:34.074,423.6168404598832,10
2024-09-20 09:58:34.081,423.60393488731614,5
2024-09-20 09:58:34.134,423.6179304254409,1004
2024-09-20 09:58:34.331,423.6258284640885,9
2024-09-20 09:58:34.414,423.6176879736257,1000
2024-09-20 09:58:34.469,423.61286732450776,996
2024-09-20 09:58:34.542,423.5627823506917,13
2024-09-20 09:58:34.571,423.6180850305527,11
2024-09-20 09:58:34.601,423.6024641088204,14
2024-09-20 09:58:34.627,423.5971738476416,14
2024-09-20 09:58:34.797,423.57431327887696,6
2024-09-20 09:58:34.806,423.6204551711928,1001
2024-09-20 09:58:34.859,423.61654979134255,15
2024-09-20 09:58:34.876,423.6117732387851,101
2024-09-20 09:58:34.978,423.609830621772,99
2024-09-20 09:58:34.983,423.5968518028788,8
2024-09-20 09:58:35.049,423.6000962637727,8
2024-09-20 09:58:35.186,423.5793967396717,1005
2024-09-20 09:58:35.315,423.5610976409308,997
2024-09-20 09:58:35.342,423.5604841689464,1001
2024-09-20 09:58:35.427,423.56106149394384,14
2024-09-20 09:58:35.445,423.5976665652942,15
2024-09-20 09:58:35.473,423.5973901490606,6
2024-09-20 09:58:35.637,423.555662378595,8
2024-09-20 09:58:35.691,423.5880700502661,105
2024-09-20 09:58:35.862,423.6034646526889,1002
2024-09-20 09:58:35.985,423.5840404465168,98
2024-09-20 09:58:36.063,423.5801091635765,997
2024-09-20 09:58:36.076,423.5627115598293,998
2024-09-20 09:58:36.195,423.5762548621112,995
2024-09-20 09:58:36.233,423.5651220679618,995
2024-09-20 09:58:36.239,423.57901877753903,98
2024-09-20 09:58:36.278,-423.5899461643093,105
2024-09-20 09:58:36.281,,999
2024-09-20 09:58:36.286,423.5331158157477,999
2024-09-20 09:58:36.412,423.5687897156489,15
2024-09-20 09:58:36.453,423.571399988501,103
2024-09-20 09:58:36.662,423.5635500045047,97
2024-09-20 09:58:36.674,423.5827283251108,995
2024-09-20 09:58:36.717,423.5398346550936,7
2024-09-20 09:58:36.747,423.5576650793965,6
2024-09-20 09:58:36.825,423.56252807520383,103
2024-09-20 09:58:36.852,423.6051193691997,7
2024-09-20 09:58:36.866,423.61891162075386,95
2024-09-20 09:58:36.874,423.57034812792097,103
2024-09-20 09:58:36.912,423.5833028314003,12
2024-09-20 09:58:36.932,423.5998518995301,999
2024-09-20 09:58:37.038,423.600948721809,998
2024-09-20 09:58:37.073,423.60179256948,95
2024-09-20 09:58:37.147,423.59305024675655,1005
2024-09-20 09:58:37.154,423.5817129648326,5
2024-09-20 09:58:37.180,423.5924307719351,98
2024-09-20 09:58:37.191,423.62443710646033,997
2024-09-20 09:58:37.217,423.59565715114087,9
2024-09-20 09:58:37.352,423.6162390611769,998
2024-09-20 09:58:37.470,423.5932240537086,998
2024-09-20 09:58:37.498,423.57456403045353,103
2024-09-20 09:58:37.511,423.57106036528415,995
2024-09-20 09:58:37.549,423.5660159600274,15
2024-09-20 09:58:37.557,423.6033257282487,14
2024-09-20 09:58:37.589,423.5840764941056,995
2024-09-20 09:58:37.594,423.6118445979271,998
2024-09-20 09:58:37.624,-423.57084396978667,1004
2024-09-20 09:58:37.655,423.6152113931509,1004
2024-09-20 09:58:37.678,,8
2024-09-20 09:58:37.687,423.5920688675022,1001
2024-09-20 09:58:37.695,423.5869151277078,103
2024-09-20 09:58:37.706,423.6128952153253,1005
2024-09-20 09:58:37.792,423.57800741908994,101
2024-09-20 09:58:37.821,423.5926788640359,104
2024-09-20 09:58:37.892,423.58495458223575,102
2024-09-20 09:58:37.895,423.5879207773955,5
2024-09-20 09:58:37.920,,11
2024-09-20 09:58:37.979,423.5640556194374,6
2024-09-20 09:58:38.016,423.5956320465762,1002
2024-09-20 09:58:38.049,423.6348830346144,96
2024-09-20 09:58:38.070,423.5981110921536,1001
2024-09-20 09:58:38.127,423.6216087985421,1002
2024-09-20 09:58:38.181,423.6220769037704,102
2024-09-20 09:58:38.197,423.6242672026193,96
2024-09-20 09:58:38.236,423.6349514726068,1000
2024-09-20 09:58:38.269,423.6090203791088,997
2024-09-20 09:58:38.293,423.6219381770933,7
2024-09-20 09:58:38.302,423.6409039429837,1004
2024-09-20 09:58:38.394,423.62042725592704,98
2024-09-20 09:58:38.403,423.6149809471583,99
2024-09-20 09:58:38.407,423.6099217985024,97
2024-09-20 09:58:38.416,423.5888957731735,98
2024-09-20 09:58:38.447,423.55763689501583,96
2024-09-20 09:58:38.455,423.6225185060485,5
2024-09-20 09:58:38.477,423.60138420591534,13
2024-09-20 09:58:38.518,423.6351318132299,10
2024-09-20 09:58:38.744,423.6284339345893,998
2024-09-20 09:58:38.745,423.5918211891003,8
2024-09-20 09:58:38.762,423.5867951891121,104
2024-09-20 09:58:38.804,423.6439392085323,101
2024-09-20 09:58:38.812,423.6167927213484,96
2024-09-20 09:58:38.835,423.61490854075583,10
2024-09-20 09:58:38.851,423.5704934424135,10
2024-09-20 09:58:38.936,423.57457253179257,104
2024-09-20 09:58:38.990,423.6035239916523,14
2024-09-20 09:58:39.011,423.5564832566637,104
2024-09-20 09:58:39.020,423.6028635900036,11
2024-09-20 09:58:39.028,423.61612269028825,103
2024-09-20 09:58:39.031,423.5511753038775,995
2024-09-20 09:58:39.059,423.62387684317946,7
2024-09-20 09:58:39.080,423.5742870985649,999
2024-09-20 09:58:39.157,423.57501586057776,102
2024-09-20 09:58:39.160,423.5194042778904,101
2024-09-20 09:58:39.221,423.5309229176437,14
2024-09-20 09:58:39.247,423.61383974367016,9
2024-09-20 09:58:39.280,423.5681040327568,95
2024-09-20 09:58:39.391,423.57264358891865,997
2024-09-20 09:58:39.399,423.5745526335981,13
2024-09-20 09:58:39.418,423.5736032719408,13
2024-09-20 09:58:39.423,423.57445883576327,11
2024-09-20 09:58:39.434,423.5808998205724,10
2024-09-20 09:58:39.512,423.5746845519119,5
2024-09-20 09:58:39.545,423.5666428940857,103
2024-09-20 09:58:39.682,423.578875572001,96
2024-09-20 09:58:39.691,423.5759549014431,100
2024-09-20 09:58:39.700,423.5833588747624,10
2024-09-20 09:58:39.723,423.60155420642207,9
2024-09-20 09:58:39.740,423.5891817695477,7
2024-09-20 09:58:39.815,423.5638792668095,12
2024-09-20 09:58:39.875,423.5897476545306,1003
2024-09-20 09:58:39.945,423.573707342581,99
2024-09-20 09:58:40.021,423.4874611262811,996
2024-09-20 09:58:40.029,423.547086310229,7
2024-09-20 09:58:40.031,423.5336284167143,13
2024-09-20 09:58:40.149,423.5430879832268,12
2024-09-20 09:58:40.155,423.5055081553083,14
2024-09-20 09:58:40.266,423.5170460213547,8
2024-09-20 09:58:40.325,423.4908913608685,103
2024-09-20 09:58:40.330,423.53599778060254,101
2024-09-20 09:58:40.339,423.5542793167357,9
2024-09-20 09:58:40.341,423.5403603857295,13
2024-09-20 09:58:40.345,423.52014991923306,999
2024-09-20 09:58:40.349,423.5269704741389,997
2024-09-20 09:58:40.470,423.4871003478645,995
2024-09-20 09:58:40.503,423.52649704955417,100
2024-09-20 09:58:40.512,423.56083048118177,105
2024-09-20 09:58:40.575,423.5231350021409,1000
2024-09-20 09:58:40.635,423.4894312449457,99
2024-09-20 09:58:40.654,423.5063633746728,99
2024-09-20 09:58:40.661,423.523301712012,8
2024-09-20 09:58:40.668,423.5260122950183,999
2024-09-20 09:58:40.751,423.567037577901,997
2024-09-20 09:58:40.798,423.52409398538975,1005
2024-09-20 09:58:40.822,423.5542077406697,7
2024-09-20 09:58:40.859,423.5536518108144,10
2024-09-20 09:58:40.942,423.5460957750999,1000
2024-09-20 09:58:40.944,423.51572588710286,99
2024-09-20 09:58:40.961,423.5332680517096,96
2024-09-20 09:58:40.991,423.53505670802616,96
2024-09-20 09:58:41.023,423.5443396700122,13
2024-09-20 09:58:41.383,423.5456402900296,1003
2024-09-20 09:58:41.391,423.5105945177958,98
2024-09-20 09:58:41.461,423.4853278387832,1002
2024-09-20 09:58:41.473,423.4800446315724,995
2024-09-20 09:58:41.475,423.4718219966196,15
2024-09-20 09:58:41.511,423.4856304813109,13
2024-09-20 09:58:41.663,423.53670274836486,999
2024-09-20 09:58:41.670,423.4872725410319,1001
2024-09-20 09:58:41.731,423.5504740078303,99
2024-09-20 09:58:41.746,423.4755680283674,1003
2024-09-20 09:58:41.842,423.50993579254657,1000
2024-09-20 09:58:41.848,423.49538561811664,99
2024-09-20 09:58:41.850,423.48303248421297,97
2024-09-20 09:58:41.855,423.5252265157868,1005
2024-09-20 09:58:42.154,423.5062711281077,9
2024-09-20 09:58:42.185,423.5091905479256,99
2024-09-20 09:58:42.229,423.49312820228425,11
2024-09-20 09:58:42.296,423.52355213731886,97
2024-09-20 09:58:42.355,423.5036884212387,102
2024-09-20 09:58:42.377,423.521404521009,102
2024-09-20 09:58:42.386,423.5035630968092,13
2024-09-20 09:58:42.423,423.5010617538602,995
2024-09-20 09:58:42.440,423.5052675947601,104
2024-09-20 09:58:42.592,423.5086048704534,98
2024-09-20 09:58:42.701,423.51332253363466,6
2024-09-20 09:58:42.712,423.5121782670867,96
2024-09-20 09:58:42.726,423.52114275490135,103
2024-09-20 09:58:42.959,423.5083344834672,97
2024-09-20 09:58:42.995,423.5115631915668,98
2024-09-20 09:58:43.021,,100
2024-09-20 09:58:43.120,423.5010812808398,105
2024-09-20 09:58:43.255,423.48922505530857,995
2024-09-20 09:58:43.322,423.50734719118833,998
2024-09-20 09:58:43.506,423.535769324332,999
2024-09-20 09:58:43.752,423.4943239584504,8
2024-09-20 09:58:43.821,423.5349958409176,14
2024-09-20 09:58:43.895,423.52199038937056,6
2024-09-20 09:58:44.032,423.5861166822337,10
2024-09-20 09:58:44.084,423.6284197951424,13
2024-09-20 09:58:44.221,423.5077723364069,104
2024-09-20 09:58:44.249,423.58757700189307,11
2024-09-20 09:58:44.269,423.5942779531492,97
2024-09-20 09:58:44.283,423.5975239543245,997
2024-09-20 09:58:44.299,423.579182489481,8
2024-09-20 09:58:44.320,423.51512539470406,97
2024-09-20 09:58:44.323,423.60095281887527,15
2024-09-20 09:58:44.327,423.5583939306982,5
2024-09-20 09:58:44.336,423.5856294313433,999
2024-09-20 09:58:44.392,423.54333542071095,8
2024-09-20 09:58:44.532,423.5902729265071,14
2024-09-20 09:58:44.549,423.62029417559006,13
2024-09-20 09:58:44.558,423.6118437698786,99
2024-09-20 09:58:44.573,423.5910403723344,104
2024-09-20 09:58:44.632,423.5832722535914,96
2024-09-20 09:58:44.646,423.6166079406718,102
2024-09-20 09:58:44.774,423.5281573659847,5
2024-09-20 09:58:44.881,423.5919469404769,102
2024-09-20 09:58:44.887,423.6011888039717,96
2024-09-20 09:58:45.031,423.6161957126769,13
2024-09-20 09:58:45.055,423.6081965827609,103
2024-09-20 09:58:45.071,423.5513905078917,8
2024-09-20 09:58:45.119,423.5907557095315,997
2024-09-20 09:58:45.125,423.5992172609496,6
2024-09-20 09:58:45.211,423.607225238675,995
2024-09-20 09:58:45.310,423.5944795364832,996
2024-09-20 09:58:45.425,423.60425598693087,1003
2024-09-20 09:58:45.553,423.5820541166794,14
2024-09-20 09:58:45.624,423.6220884978271,103
2024-09-20 09:58:45.652,423.59452923506086,103
2024-09-20 09:58:45.665,423.5900040618004,1002
2024-09-20 09:58:45.671,423.5976851932007,96
2024-09-20 09:58:45.752,423.57103022394347,996
2024-09-20 09:58:45.759,423.5682720969538,13
2024-09-20 09:58:45.802,423.5616207468596,11
2024-09-20 09:58:45.850,423.5784753155089,14
2024-09-20 09:58:45.883,423.5985687710618,13
2024-09-20 09:58:45.923,423.5811092832331,999
2024-09-20 09:58:45.985,423.6153995980271,999
2024-09-20 09:58:45.999,423.5889458194582,1000
2024-09-20 09:58:46.004,423.5439520203256,8
2024-09-20 09:58:46.088,423.55754646094783,5
2024-09-20 09:58:46.196,423.5422307847846,15
2024-09-20 09:58:46.238,423.55207807681273,98
2024-09-20 09:58:46.448,423.55916414575375,997
2024-09-20 09:58:46.977,42.35659429744268,11
2024-09-20 09:58:47.333,423.5241274829224,97
2024-09-20 09:58:47.541,423.521344433335,14
2024-09-20 09:58:47.582,423.5250939629719,103
2024-09-20 09:58:48.082,423.4394907601963,13
2024-09-20 09:58:48.082,423.46190030247504,6
2024-09-20 09:58:48.123,423.4412666374543,101
2024-09-20 09:58:48.190,423.44562200325225,95
2024-09-20 09:58:48.254,423.48398387020495,8
2024-09-20 09:58:48.309,423.4634997564287,1005
2024-09-20 09:58:48.379,423.476391537169,6
2024-09-20 09:58:48.464,423.4472852268361,104
2024-09-20 09:58:48.477,423.4738605317588,96
2024-09-20 09:58:48.523,423.4428560588359,10
2024-09-20 09:58:48.573,423.4572873444272,1000
2024-09-20 09:58:48.574,423.4727672134948,103
2024-09-20 09:58:48.735,423.4901503388473,6
2024-09-20 09:58:48.743,423.45051792810864,7
2024-09-20 09:58:48.819,423.43465563631526,101
2024-09-20 09:58:48.823,423.4745500091947,14
2024-09-20 09:58:48.826,423.439395363179,1001
2024-09-20 09:58:48.850,423.5327911352338,12
2024-09-20 09:58:48.866,423.4417118661588,996
2024-09-20 09:58:48.897,423.5140574469558,5
2024-09-20 09:58:48.933,423.51621893633694,105
2024-09-20 09:58:48.963,423.5368185346073,996
2024-09-20 09:58:48.984,423.48101409854974,999
2024-09-20 09:58:49.724,423.4546563196872,7
2024-09-20 09:58:50.059,423.4667733435896,14
2024-09-20 09:58:50.077,423.46554571186834,96
2024-09-20 09:58:50.077,423.47380809516255,995
2024-09-20 09:58:50.312,423.44916676676814,1005
2024-09-20 09:58:50.424,423.467906642492,14
2024-09-20 09:58:50.634,423.477325925136,1003
2024-09-20 09:58:50.789,423.4794753847431,104
2024-09-20 09:58:50.948,423.45581735863215,1002
2024-09-20 09:58:51.036,423.4966459520637,105
2024-09-20 09:58:51.066,423.5180612568676,101
2024-09-20 09:58:51.141,423.4730772383481,103
2024-09-20 09:58:51.300,423.4963291273125,9
2024-09-20 09:58:51.399,423.4994482780362,1000
2024-09-20 09:58:51.401,423.4968575719898,95
2024-09-20 09:58:51.485,42.350140815973134,9
2024-09-20 09:58:51.525,423.4780039501191,1003
2024-09-20 09:58:51.771,423.5112408216255,8
2024-09-20 09:58:51.795,423.50673452069583,100
2024-09-20 09:58:51.802,423.5065115110784,6
2024-09-20 09:58:51.826,423.4977585714302,97
2024-09-20 09:58:51.903,423.4966134251159,10
2024-09-20 09:58:51.971,423.5063941639902,95
2024-09-20 09:58:52.059,423.48005893628766,9
2024-09-20 09:58:52.117,423.4814813264784,1005
2024-09-20 09:58:52.293,423.4813036104653,11
2024-09-20 09:58:52.316,-423.468622718636,1004
2024-09-20 09:58:52.337,423.4467840782868,13
2024-09-20 09:58:52.499,423.4539740464384,98
2024-09-20 09:58:52.504,423.4532664057029,100
2024-09-20 09:58:52.531,423.4689221562247,102
2024-09-20 09:58:52.591,423.4863875570896,10
2024-09-20 09:58:52.644,423.4822656211011,999
2024-09-20 09:58:52.661,423.504496441073,8
2024-09-20 09:58:52.671,423.4871171456609,14
2024-09-20 09:58:52.711,423.49764718022914,12
2024-09-20 09:58:52.732,423.4737658264016,1002
2024-09-20 09:58:52.857,423.458205669128,1001
2024-09-20 09:58:52.859,423.4604081492058,1003
2024-09-20 09:58:52.882,423.460477389279,12
2024-09-20 09:58:52.908,423.4986709462649,1001
2024-09-20 09:58:52.950,423.482441918353,14
2024-09-20 09:58:52.985,423.48590431178377,102
2024-09-20 09:58:53.117,423.4596196969333,1004
2024-09-20 09:58:53.198,423.4844553041716,101
2024-09-20 09:58:53.311,423.46113882310857,95
2024-09-20 09:58:53.349,423.4680858341839,1000
2024-09-20 09:58:53.369,423.47951781712817,8
2024-09-20 09:58:53.540,423.4877006234756,9
2024-09-20 09:58:53.551,423.4924252309549,8
2024-09-20 09:58:53.578,423.4730723244109,5
2024-09-20 09:58:53.586,423.4657788145628,1002
2024-09-20 09:58:53.634,423.4635016678294,100
2024-09-20 09:58:53.712,423.4786620211608,97
2024-09-20 09:58:53.758,423.4736910844253,998
2024-09-20 09:58:53.765,423.4774051324207,100
2024-09-20 09:58:54.023,423.45539491985664,100
2024-09-20 09:58:54.027,423.4605390820352,1004
2024-09-20 09:58:54.095,423.48993082540807,10
2024-09-20 09:58:54.230,423.49472136082426,995
2024-09-20 09:58:54.306,423.4530554502886,10
2024-09-20 09:58:54.313,423.4589055692659,10
2024-09-20 09:58:54.430,423.4541955493421,97
2024-09-20 09:58:54.527,423.4702876195645,104
2024-09-20 09:58:54.619,423.4766689869419,98
2024-09-20 09:58:54.795,423.4611110137232,10
2024-09-20 09:58:54.844,423.4557885920887,10
2024-09-20 09:58:55.027,423.4417738110321,1001
2024-09-20 09:58:55.052,423.445390851056,104
2024-09-20 09:58:55.081,423.46524037218,102
2024-09-20 09:58:55.180,423.4449979283354,998
2024-09-20 09:58:55.255,423.4284113709284,1001
2024-09-20 09:58:55.292,423.4441735346211,99
2024-09-20 09:58:55.477,423.4639460399514,1002
2024-09-20 09:58:55.562,423.4490737167013,105
2024-09-20 09:58:55.570,423.4457852493561,995
2024-09-20 09:58:55.628,423.4439076877138,1003
2024-09-20 09:58:55.642,423.4483287902355,9
2024-09-20 09:58:55.683,423.46006124432455,102
2024-09-20 09:58:55.735,423.4774690838154,5
2024-09-20 09:58:55.881,423.4389806391381,995
2024-09-20 09:58:55.903,423.4664296052852,1004
2024-09-20 09:58:55.970,-423.4555784626529,1000
2024-09-20 09:58:56.021,423.51363839261074,1003
2024-09-20 09:58:56.087,423.51564300300095,995
2024-09-20 09:58:56.100,423.5265372763244,100
2024-09-20 09:58:56.156,423.4921114513478,104
2024-09-20 09:58:56.157,423.502874022263,12
2024-09-20 09:58:56.288,423.5164813497564,103
2024-09-20 09:58:56.312,423.4836207808085,10
2024-09-20 09:58:56.318,423.5050235020969,15
2024-09-20 09:58:56.323,423.4791767711279,102
2024-09-20 09:58:56.427,423.5123190554976,99
2024-09-20 09:58:56.441,423.4632801390002,104
2024-09-20 09:58:56.443,423.50780120377664,105
2024-09-20 09:58:56.500,423.46527441863645,98
2024-09-20 09:58:56.506,423.4666917516989,996
2024-09-20 09:58:56.515,423.52049869158486,1000
2024-09-20 09:58:56.518,423.5194784494561,1003
2024-09-20 09:58:56.541,423.48080923777707,99
2024-09-20 09:58:56.550,423.4951256278169,1000
2024-09-20 09:58:56.613,423.5392876527381,102
2024-09-20 09:58:56.615,423.5240656221674,999
2024-09-20 09:58:56.664,423.4662025407544,13
2024-09-20 09:58:56.664,423.5544635028551,998
2024-09-20 09:58:56.664,423.4590084350565,1000
2024-09-20 09:58:56.693,423.4673252851927,998
2024-09-20 09:58:56.706,423.5079319995679,12
2024-09-20 09:58:56.713,423.4738418560719,999
2024-09-20 09:58:56.727,423.52967645589047,1002
2024-09-20 09:58:56.748,423.4728718864012,100
2024-09-20 09:58:56.838,423.4788645816192,95
2024-09-20 09:58:56.908,423.46490133917,1002
2024-09-20 09:58:57.013,423.46750561982,6
2024-09-20 09:58:57.096,423.4471868043208,103
2024-09-20 09:58:57.213,423.42989566097896,999
2024-09-20 09:58:57.219,423.44253504802657,10
2024-09-20 09:58:57.342,423.47326760525226,103
2024-09-20 09:58:57.351,423.4278128474255,104
2024-09-20 09:58:57.395,423.46312214772087,15
2024-09-20 09:58:57.397,423.4327610832463,7
2024-09-20 09:58:57.407,423.5009826066376,14
2024-09-20 09:58:57.516,423.4507874965568,5
2024-09-20 09:58:57.623,423.4301865405715,6
2024-09-20 09:58:57.625,423.42540881838016,95
2024-09-20 09:58:57.641,423.45442545849295,5
2024-09-20 09:58:57.812,423.42217440652337,97
2024-09-20 09:58:57.852,423.4690646093615,999
2024-09-20 09:58:57.869,423.4318367917304,98
2024-09-20 09:58:58.084,423.4662141469814,99
2024-09-20 09:58:58.284,423.442778579439,1005
2024-09-20 09:58:58.326,423.4450149958269,5
2024-09-20 09:58:58.330,423.46779521742775,1004
2024-09-20 09:58:58.448,,998
2024-09-20 09:58:58.450,423.47115918305207,15
2024-09-20 09:58:58.522,423.4590825609967,998
2024-09-20 09:58:58.612,423.4456101544065,1004
2024-09-20 09:58:58.615,423.4432545515101,7
2024-09-20 09:58:58.697,423.4518130485923,10
2024-09-20 09:58:58.905,-423.4559125559685,15
2024-09-20 09:58:58.918,423.4439491357144,1001
2024-09-20 09:58:59.264,423.4306386975773,104
2024-09-20 09:58:59.387,423.4336958453197,8
2024-09-20 09:58:59.540,423.4178321394507,1004
2024-09-20 09:58:59.602,423.4285470884444,7
2024-09-20 09:58:59.717,423.4042509770591,12
2024-09-20 09:58:59.825,423.4473616394079,100
2024-09-20 09:58:59.832,423.4371158809848,103
