Timestamp,Price,Size
2024-09-17 13:56:00.109,400.812186546182,97
2024-09-17 13:56:00.184,400.8018589583976,997
2024-09-17 13:56:00.233,400.8093990985689,10
2024-09-17 13:56:00.257,400.8147972886148,12
2024-09-17 13:56:00.452,-400.7882677812073,7
2024-09-17 13:56:00.483,400.81223363204685,104
2024-09-17 13:56:00.527,400.7988598475436,95
2024-09-17 13:56:00.600,400.8314629190322,995
2024-09-17 13:56:00.621,400.7999453147494,105
2024-09-17 13:56:00.735,400.8112136595093,105
2024-09-17 13:56:00.791,400.7926789898052,102
2024-09-17 13:56:00.799,400.83758547130407,100
2024-09-17 13:56:00.864,400.8129786583012,104
2024-09-17 13:56:00.987,400.7926122971737,10
2024-09-17 13:56:01.096,400.86118322210007,5
2024-09-17 13:56:01.232,400.8517570050283,13
2024-09-17 13:56:01.386,400.85930998347806,97
2024-09-17 13:56:01.597,400.8702230452002,1001
2024-09-17 13:56:01.606,400.85158208532414,97
2024-09-17 13:56:01.611,400.8597255224159,1002
2024-09-17 13:56:01.736,400.8584953178379,997
2024-09-17 13:56:01.818,400.8773324260084,97
2024-09-17 13:56:01.854,400.862987349432,10
2024-09-17 13:56:01.918,400.8425551064651,1004
2024-09-17 13:56:01.963,400.8597000513038,1005
2024-09-17 13:56:02.003,400.8436446193717,13
2024-09-17 13:56:02.161,400.8413885885894,100
2024-09-17 13:56:02.218,400.8391059985662,997
2024-09-17 13:56:02.227,400.8157818589364,1005
2024-09-17 13:56:02.246,400.8302539498935,96
2024-09-17 13:56:02.305,400.8289320476733,1005
2024-09-17 13:56:02.491,400.8285753756991,11
2024-09-17 13:56:02.491,400.8447197684638,97
2024-09-17 13:56:02.626,400.8392343456605,1002
2024-09-17 13:56:02.709,400.8609010354412,1005
2024-09-17 13:56:02.778,400.85174689247367,7
2024-09-17 13:56:02.784,,6
2024-09-17 13:56:02.837,400.844616492093,10
2024-09-17 13:56:03.000,400.7902158135743,95
2024-09-17 13:56:03.038,400.7773653072915,100
2024-09-17 13:56:03.043,400.815131746416,6
2024-09-17 13:56:03.130,400.8094807841794,102
2024-09-17 13:56:03.174,400.8105636843962,15
2024-09-17 13:56:03.185,40.08249244473163,102
2024-09-17 13:56:03.242,400.8137785912781,15
2024-09-17 13:56:03.254,400.81293722369344,1000
2024-09-17 13:56:03.263,400.77812358357306,104
2024-09-17 13:56:03.294,400.8367105286238,13
2024-09-17 13:56:03.300,400.7947445334887,98
2024-09-17 13:56:03.335,400.8071968343607,98
2024-09-17 13:56:03.336,400.812179800044,12
2024-09-17 13:56:03.344,400.8159390339027,1005
2024-09-17 13:56:03.437,400.84390020885087,998
2024-09-17 13:56:03.485,400.8166506743241,998
2024-09-17 13:56:03.517,400.8172054083311,99
2024-09-17 13:56:03.528,400.7622634385783,95
2024-09-17 13:56:03.529,400.79599592046327,12
2024-09-17 13:56:03.554,400.8111245764316,1005
2024-09-17 13:56:03.602,400.81419239548825,1001
2024-09-17 13:56:03.707,400.80586940002655,996
2024-09-17 13:56:03.725,400.81247969189735,995
2024-09-17 13:56:03.748,400.8085712409508,13
2024-09-17 13:56:03.754,400.7890090709717,105
2024-09-17 13:56:03.802,400.84052272353273,995
2024-09-17 13:56:03.856,400.8410629459314,1001
2024-09-17 13:56:03.876,400.8068809572727,13
2024-09-17 13:56:03.909,400.7941017872758,995
2024-09-17 13:56:03.970,400.820745203148,999
2024-09-17 13:56:04.137,400.8383514846283,105
2024-09-17 13:56:04.157,400.8259109035061,9
2024-09-17 13:56:04.225,400.86034581789175,101
2024-09-17 13:56:04.243,400.8352928243708,15
2024-09-17 13:56:04.569,400.84510121772047,995
2024-09-17 13:56:04.649,400.8507630974826,97
2024-09-17 13:56:04.785,400.8513036620103,995
2024-09-17 13:56:04.788,400.83894463091127,1005
2024-09-17 13:56:04.850,400.850541581392,1002
2024-09-17 13:56:04.943,400.850346979872,1002
2024-09-17 13:56:05.063,400.900841437361,995
2024-09-17 13:56:05.074,400.9198439663226,95
2024-09-17 13:56:05.083,400.9221820271832,12
2024-09-17 13:56:05.096,400.8534950690309,10
2024-09-17 13:56:05.117,400.8994877817849,11
2024-09-17 13:56:05.134,400.894218709627,99
2024-09-17 13:56:05.134,400.8956893358749,97
2024-09-17 13:56:05.149,400.9109613261947,996
2024-09-17 13:56:05.211,400.8823085758708,12
2024-09-17 13:56:05.319,400.86225231209113,998
2024-09-17 13:56:05.319,400.8851135818848,103
2024-09-17 13:56:05.347,400.9112660121153,98
2024-09-17 13:56:05.352,40.08467414023811,15
2024-09-17 13:56:05.376,400.90353674234086,1003
2024-09-17 13:56:05.455,400.902568260369,999
2024-09-17 13:56:05.509,400.9381430076667,102
2024-09-17 13:56:05.514,,1005
2024-09-17 13:56:05.610,400.91811781666667,101
2024-09-17 13:56:05.634,400.85268334088784,1005
2024-09-17 13:56:05.667,400.9555850825858,6
2024-09-17 13:56:05.683,400.8991030882646,1000
2024-09-17 13:56:05.686,400.9090014221901,11
2024-09-17 13:56:05.721,400.8304211224269,99
2024-09-17 13:56:05.815,400.9104052321763,7
2024-09-17 13:56:05.825,400.9127286433845,11
2024-09-17 13:56:05.851,400.925248852901,95
2024-09-17 13:56:05.872,400.90753581462025,5
2024-09-17 13:56:05.872,400.8879863131929,1003
2024-09-17 13:56:05.934,400.92688280495446,1003
2024-09-17 13:56:05.985,400.8970733448173,15
2024-09-17 13:56:06.079,400.8582383978581,10
2024-09-17 13:56:06.082,400.9083198235522,6
2024-09-17 13:56:06.140,400.8679084873304,6
2024-09-17 13:56:06.149,400.85639125492304,11
2024-09-17 13:56:06.162,400.8905627408778,10
2024-09-17 13:56:06.164,400.914632935056,14
2024-09-17 13:56:06.170,400.8938097805476,100
2024-09-17 13:56:06.323,400.91751019316047,10
2024-09-17 13:56:06.345,400.91013851764006,1003
2024-09-17 13:56:06.386,400.9114389034991,97
2024-09-17 13:56:06.471,400.911382471834,1004
2024-09-17 13:56:06.483,400.85020555041007,102
2024-09-17 13:56:06.568,400.9109529092348,101
2024-09-17 13:56:06.592,400.9015554973975,6
2024-09-17 13:56:06.660,400.9048970540953,1001
2024-09-17 13:56:06.705,400.85395959786456,12
2024-09-17 13:56:06.756,400.91537395194905,11
2024-09-17 13:56:06.783,400.8603357482547,95
2024-09-17 13:56:06.825,400.88798441023977,5
2024-09-17 13:56:06.984,400.9057376544514,1004
2024-09-17 13:56:07.023,400.8359486700598,12
2024-09-17 13:56:07.029,400.8756919872077,6
2024-09-17 13:56:07.029,400.8998513130397,95
2024-09-17 13:56:07.160,400.8718635522629,11
2024-09-17 13:56:07.283,400.8712439219633,995
2024-09-17 13:56:07.379,400.8367526920081,96
2024-09-17 13:56:07.406,400.8621796911053,102
2024-09-17 13:56:07.451,400.8679882570004,14
2024-09-17 13:56:07.468,400.8400015143005,1000
2024-09-17 13:56:07.482,400.8448992823602,100
2024-09-17 13:56:07.493,400.8471023617436,102
2024-09-17 13:56:07.500,400.8862830849235,1003
2024-09-17 13:56:07.507,400.8771594181374,95
2024-09-17 13:56:07.512,400.8889387852039,103
2024-09-17 13:56:07.578,400.9113603927788,95
2024-09-17 13:56:07.585,400.9049036705874,102
2024-09-17 13:56:07.603,400.8730629850695,1005
2024-09-17 13:56:07.645,400.8528614597551,97
2024-09-17 13:56:07.653,400.8430121221662,1001
2024-09-17 13:56:07.662,400.87969373354827,995
2024-09-17 13:56:07.668,400.8813086634757,10
2024-09-17 13:56:07.712,400.8519661704142,15
2024-09-17 13:56:07.763,400.8906443412364,1003
2024-09-17 13:56:07.777,400.86708721046506,99
2024-09-17 13:56:07.812,400.8829384560367,13
2024-09-17 13:56:07.911,400.8560084792956,97
2024-09-17 13:56:07.923,400.8413980951185,11
2024-09-17 13:56:07.947,400.89591640884,15
2024-09-17 13:56:07.972,400.8772291038602,7
2024-09-17 13:56:08.001,400.9444721170781,998
2024-09-17 13:56:08.035,400.944197216356,995
2024-09-17 13:56:08.044,400.9753541080556,999
2024-09-17 13:56:08.306,400.9084113504584,999
2024-09-17 13:56:08.362,400.94743500128845,999
2024-09-17 13:56:08.405,400.93024824291706,101
2024-09-17 13:56:08.590,400.9744460019208,105
2024-09-17 13:56:08.902,400.9336955171714,5
2024-09-17 13:56:09.002,400.9490058085056,9
2024-09-17 13:56:09.013,401.0091817136068,11
2024-09-17 13:56:09.017,400.9630226171174,97
2024-09-17 13:56:09.061,400.95105303124296,104
2024-09-17 13:56:09.193,401.01062453105567,998
2024-09-17 13:56:09.216,400.95013809715965,997
2024-09-17 13:56:09.220,400.9654120735435,15
2024-09-17 13:56:09.323,400.9716613210269,997
2024-09-17 13:56:09.374,400.9694192549754,12
2024-09-17 13:56:09.394,400.95896765337136,96
2024-09-17 13:56:09.437,400.9807362483946,13
2024-09-17 13:56:09.490,400.9914509792442,1003
2024-09-17 13:56:09.511,400.95710754573867,998
2024-09-17 13:56:09.512,400.9584786085445,1003
2024-09-17 13:56:09.624,400.9824162161932,1001
2024-09-17 13:56:09.649,400.950973071201,103
2024-09-17 13:56:09.805,400.9494040390125,15
2024-09-17 13:56:09.957,400.956771260034,5
2024-09-17 13:56:09.998,400.9823056115191,96
2024-09-17 13:56:10.036,400.9945327182719,997
2024-09-17 13:56:10.279,400.9800875565009,1003
2024-09-17 13:56:10.516,400.9906708173559,9
2024-09-17 13:56:10.582,400.9826513440032,1002
2024-09-17 13:56:10.779,400.9771821690024,99
2024-09-17 13:56:10.890,400.9772407245871,13
2024-09-17 13:56:10.941,401.0160097140591,995
2024-09-17 13:56:11.043,400.9527904273419,96
2024-09-17 13:56:11.101,400.96540641393,995
2024-09-17 13:56:11.160,400.93742168784365,101
2024-09-17 13:56:11.339,400.9660065542547,100
2024-09-17 13:56:11.440,400.98547074443553,99
2024-09-17 13:56:11.498,400.9821267646966,11
2024-09-17 13:56:11.659,400.9883212070443,9
2024-09-17 13:56:11.780,400.9935029929581,1000
2024-09-17 13:56:11.822,400.9566634501205,9
2024-09-17 13:56:11.878,400.9504326264196,99
2024-09-17 13:56:11.914,400.9489638365142,103
2024-09-17 13:56:12.018,400.999128301428,1002
2024-09-17 13:56:12.165,401.00658066649214,1003
2024-09-17 13:56:12.205,401.0263987615261,14
2024-09-17 13:56:12.278,400.9687695826344,15
2024-09-17 13:56:12.300,401.0024286052597,13
2024-09-17 13:56:12.344,401.0210014726717,101
2024-09-17 13:56:12.376,400.9881852927583,15
2024-09-17 13:56:12.381,400.9432673724539,996
2024-09-17 13:56:12.407,400.9943902003491,1003
2024-09-17 13:56:12.410,400.9880841646992,1003
2024-09-17 13:56:12.417,401.0052923060249,995
2024-09-17 13:56:12.428,401.0002208118193,104
2024-09-17 13:56:12.460,401.0219177026542,100
2024-09-17 13:56:12.467,400.9605511962817,11
2024-09-17 13:56:12.497,400.9554006975776,6
2024-09-17 13:56:12.524,,6
2024-09-17 13:56:12.604,400.9932700879229,102
2024-09-17 13:56:12.644,400.9972600158229,9
2024-09-17 13:56:12.654,401.0164934725554,11
2024-09-17 13:56:12.683,401.01776257669576,8
2024-09-17 13:56:12.750,400.9627173712283,102
2024-09-17 13:56:12.859,400.9393317587477,97
2024-09-17 13:56:12.875,400.9812462878435,8
2024-09-17 13:56:12.897,400.98392368110063,5
2024-09-17 13:56:12.897,400.9438158438418,14
2024-09-17 13:56:12.908,401.0247060200942,1003
2024-09-17 13:56:12.962,400.9860823654907,995
2024-09-17 13:56:12.965,400.9494625756764,97
2024-09-17 13:56:12.980,400.9579439174792,999
2024-09-17 13:56:13.262,401.0088223969663,1005
2024-09-17 13:56:13.920,400.9975726576294,998
2024-09-17 13:56:14.058,401.0150431402101,10
2024-09-17 13:56:14.286,401.0128639563835,11
2024-09-17 13:56:14.297,401.0080381003405,12
2024-09-17 13:56:14.310,401.0024136525403,998
2024-09-17 13:56:14.336,400.99899357116783,13
2024-09-17 13:56:14.355,401.01753024510987,1003
2024-09-17 13:56:14.375,401.0115323813408,999
2024-09-17 13:56:14.418,401.0166477121113,1004
2024-09-17 13:56:14.418,401.0169986148271,998
2024-09-17 13:56:14.446,401.0122011908274,15
2024-09-17 13:56:14.606,401.02125839425287,6
2024-09-17 13:56:14.637,400.9950248736361,13
2024-09-17 13:56:14.648,401.0251199794717,9
2024-09-17 13:56:14.703,401.0002051756409,97
2024-09-17 13:56:14.722,401.035833496061,997
2024-09-17 13:56:14.736,401.0082958465179,102
2024-09-17 13:56:14.834,401.0077808933184,1005
2024-09-17 13:56:14.954,401.0218315386866,9
2024-09-17 13:56:14.961,401.0168272608512,97
2024-09-17 13:56:14.976,401.0219978474998,97
2024-09-17 13:56:15.058,401.0041206960922,98
2024-09-17 13:56:15.251,400.9739639021501,7
2024-09-17 13:56:15.299,401.0238960074325,14
2024-09-17 13:56:15.417,401.0042809005395,14
2024-09-17 13:56:15.425,400.9789874195965,1000
2024-09-17 13:56:15.477,400.9939500439492,997
2024-09-17 13:56:15.527,401.0334574743653,1001
2024-09-17 13:56:15.578,401.037818711154,14
2024-09-17 13:56:15.645,-401.03682072212666,96
2024-09-17 13:56:15.715,400.96883576810495,97
2024-09-17 13:56:15.738,401.04226261448,5
2024-09-17 13:56:15.802,401.0395493356767,12
2024-09-17 13:56:15.829,401.010518775138,104
2024-09-17 13:56:15.851,401.0390968839011,101
2024-09-17 13:56:16.036,401.0257623065751,999
2024-09-17 13:56:16.314,401.018416234836,997
2024-09-17 13:56:16.488,401.0055464000324,10
2024-09-17 13:56:16.796,,7
2024-09-17 13:56:16.797,401.0115806105736,7
2024-09-17 13:56:16.849,401.0215942776372,1005
2024-09-17 13:56:16.850,401.0038145787184,999
2024-09-17 13:56:17.071,401.0658823180594,96
2024-09-17 13:56:17.106,401.0165074354017,98
2024-09-17 13:56:17.109,401.000150861312,103
2024-09-17 13:56:17.182,401.0541727280939,96
2024-09-17 13:56:17.194,401.0639007261669,13
2024-09-17 13:56:17.220,401.02755261715953,99
2024-09-17 13:56:17.230,401.0357380530864,102
2024-09-17 13:56:17.231,401.0283261867962,1005
2024-09-17 13:56:17.240,401.0481887355942,9
2024-09-17 13:56:17.255,401.04058862243375,12
2024-09-17 13:56:17.268,400.99639929390185,6
2024-09-17 13:56:17.282,401.02644327403806,95
2024-09-17 13:56:17.291,-401.0471827866032,95
2024-09-17 13:56:17.445,400.9888269901898,12
2024-09-17 13:56:17.484,401.04665329854015,1001
2024-09-17 13:56:17.527,400.9866712705896,98
2024-09-17 13:56:17.579,401.0220303362972,1005
2024-09-17 13:56:17.590,400.9920151076526,1004
2024-09-17 13:56:17.625,401.01146745136685,999
2024-09-17 13:56:17.681,401.0240726220344,1001
2024-09-17 13:56:17.725,401.0295689134349,1001
2024-09-17 13:56:17.735,400.9768675972371,15
2024-09-17 13:56:17.753,400.97509748712,12
2024-09-17 13:56:17.821,401.0622497215909,1001
2024-09-17 13:56:17.836,401.0023107341185,99
2024-09-17 13:56:17.854,400.989417655518,5
2024-09-17 13:56:17.894,400.9915539055437,14
2024-09-17 13:56:17.911,401.06906528338334,13
2024-09-17 13:56:17.972,400.9658797056737,12
2024-09-17 13:56:17.995,400.9910368754962,1004
2024-09-17 13:56:18.031,401.0447147081586,14
2024-09-17 13:56:18.108,401.1056901589527,5
2024-09-17 13:56:18.119,401.0548504841398,1004
2024-09-17 13:56:18.134,401.0964602601976,995
2024-09-17 13:56:18.147,401.0906508313739,101
2024-09-17 13:56:18.158,401.08995014249945,8
2024-09-17 13:56:18.207,401.040900557197,6
2024-09-17 13:56:18.249,401.0851857664221,11
2024-09-17 13:56:18.287,401.02782372389487,13
2024-09-17 13:56:18.516,401.0884548184514,13
2024-09-17 13:56:18.520,401.0824345007688,11
2024-09-17 13:56:18.566,401.0601215857777,15
2024-09-17 13:56:18.578,401.0807563688539,1002
2024-09-17 13:56:18.628,401.1025843918165,1004
2024-09-17 13:56:18.647,401.0734643297971,7
2024-09-17 13:56:18.800,401.0844412063247,14
2024-09-17 13:56:18.800,401.1059463596902,1002
2024-09-17 13:56:18.809,401.08251988699527,13
2024-09-17 13:56:18.827,401.0679821906461,5
2024-09-17 13:56:18.854,401.04435111629647,1002
2024-09-17 13:56:18.866,401.03103306029743,104
2024-09-17 13:56:18.886,401.08557906336574,998
2024-09-17 13:56:18.913,401.0668137147727,15
2024-09-17 13:56:18.923,401.1038938849367,95
2024-09-17 13:56:18.954,401.0958212585074,10
2024-09-17 13:56:19.011,401.0109894767146,99
2024-09-17 13:56:19.064,401.061122036599,99
2024-09-17 13:56:19.091,401.0343432978047,999
2024-09-17 13:56:19.151,401.0031650279123,97
2024-09-17 13:56:19.165,401.04153429551616,5
2024-09-17 13:56:19.279,401.031038462496,105
2024-09-17 13:56:19.294,401.04831618594505,12
2024-09-17 13:56:19.414,401.0404365011984,5
2024-09-17 13:56:19.453,401.0432877447039,1000
2024-09-17 13:56:19.469,401.0278753616441,1004
2024-09-17 13:56:19.474,401.0220407899189,103
2024-09-17 13:56:19.638,401.0822308239559,98
2024-09-17 13:56:19.693,401.06710717932384,15
2024-09-17 13:56:19.730,401.08404665999416,96
2024-09-17 13:56:19.732,401.0517104007755,14
2024-09-17 13:56:19.740,401.029379960847,998
2024-09-17 13:56:19.745,401.0763836025467,12
2024-09-17 13:56:19.766,401.0295800560043,1000
2024-09-17 13:56:19.774,401.1090238953505,1001
2024-09-17 13:56:19.777,401.0320095381147,8
2024-09-17 13:56:19.784,401.062362731411,1002
2024-09-17 13:56:19.804,401.0356749102092,998
2024-09-17 13:56:19.853,401.01515144807473,95
2024-09-17 13:56:19.860,401.1072364538694,95
2024-09-17 13:56:19.963,401.0338701281762,12
2024-09-17 13:56:19.965,401.0567722455458,100
2024-09-17 13:56:19.968,401.0640233745202,95
2024-09-17 13:56:20.124,401.0400856348193,997
2024-09-17 13:56:20.296,401.0608743522808,96
2024-09-17 13:56:20.573,401.02358461691966,101
2024-09-17 13:56:20.594,401.06982379752986,102
2024-09-17 13:56:20.723,401.0461286870048,7
2024-09-17 13:56:20.798,401.0463294335395,1000
2024-09-17 13:56:21.071,401.0445094655159,8
2024-09-17 13:56:21.092,401.0400850424849,10
2024-09-17 13:56:21.169,401.03093028529406,12
2024-09-17 13:56:21.213,401.0431560059307,995
2024-09-17 13:56:21.249,401.05351249913326,11
2024-09-17 13:56:21.305,401.05368546770126,102
2024-09-17 13:56:21.449,401.04455856695904,97
2024-09-17 13:56:21.564,401.0526383891569,1005
2024-09-17 13:56:21.565,401.0329189019065,14
2024-09-17 13:56:21.623,401.04827878636,1001
2024-09-17 13:56:21.653,401.0356596845697,1001
2024-09-17 13:56:21.677,401.0461151744816,5
2024-09-17 13:56:21.720,401.0389834719186,103
2024-09-17 13:56:21.805,40.103220396291306,13
2024-09-17 13:56:21.879,401.0342381949625,100
2024-09-17 13:56:22.172,401.00580496391126,102
2024-09-17 13:56:22.180,401.003253522045,101
2024-09-17 13:56:22.191,401.0195946748847,1004
2024-09-17 13:56:22.325,401.02080131803984,96
2024-09-17 13:56:22.358,401.018447074994,1005
2024-09-17 13:56:22.375,401.0239265094888,104
2024-09-17 13:56:22.463,401.0176444606874,10
2024-09-17 13:56:22.743,401.0012104142118,99
2024-09-17 13:56:22.844,401.0081584303284,95
2024-09-17 13:56:22.860,401.0166644982639,96
2024-09-17 13:56:22.925,400.99960950612194,98
2024-09-17 13:56:23.111,401.0621344751039,1000
2024-09-17 13:56:23.119,401.0639868675584,12
2024-09-17 13:56:23.130,401.0241890277943,999
2024-09-17 13:56:23.131,401.0531430140084,96
2024-09-17 13:56:23.134,401.0288235564303,97
2024-09-17 13:56:23.146,401.02087174518624,104
2024-09-17 13:56:23.157,401.01428720063,1000
2024-09-17 13:56:23.352,401.0395551078536,14
2024-09-17 13:56:23.401,401.06211192412025,1005
2024-09-17 13:56:23.421,401.0126095703333,103
2024-09-17 13:56:23.436,401.04954127642526,10
2024-09-17 13:56:23.446,401.0277251818194,10
2024-09-17 13:56:23.457,400.9997475257623,103
2024-09-17 13:56:23.592,401.05196892142857,15
2024-09-17 13:56:23.635,401.0410163483178,5
2024-09-17 13:56:23.728,401.00845677001126,105
2024-09-17 13:56:23.851,401.0284705384053,11
2024-09-17 13:56:23.877,401.0070158613571,999
2024-09-17 13:56:23.880,401.04175985450826,11
2024-09-17 13:56:24.001,401.0273629940071,100
2024-09-17 13:56:24.029,401.03383661303457,5
2024-09-17 13:56:24.133,401.0359922055547,103
2024-09-17 13:56:24.146,401.0590310907654,11
2024-09-17 13:56:24.213,401.045528484348,999
2024-09-17 13:56:24.223,401.06372421384447,100
2024-09-17 13:56:24.269,401.05649282180985,1000
2024-09-17 13:56:24.367,401.0438231007395,1002
2024-09-17 13:56:24.507,401.03664920094593,999
2024-09-17 13:56:24.637,401.055419409445,97
2024-09-17 13:56:24.713,401.0510471692843,15
2024-09-17 13:56:24.725,401.0542899161339,14
2024-09-17 13:56:24.750,401.0533015628737,997
2024-09-17 13:56:24.890,401.04426710077246,95
2024-09-17 13:56:24.914,401.05558093312834,11
2024-09-17 13:56:24.942,401.0336048258372,102
2024-09-17 13:56:25.051,401.076832578698,104
2024-09-17 13:56:25.087,401.09991007736943,995
2024-09-17 13:56:25.135,401.1228156507848,999
2024-09-17 13:56:25.153,401.13035668156505,6
2024-09-17 13:56:25.219,401.10474873052505,12
2024-09-17 13:56:25.311,401.138635551487,999
2024-09-17 13:56:25.459,401.0893158657581,99
2024-09-17 13:56:25.462,401.1277742349776,101
2024-09-17 13:56:25.544,401.13382654893655,8
2024-09-17 13:56:25.567,401.0598958138421,95
2024-09-17 13:56:25.585,401.1452923599934,13
2024-09-17 13:56:25.641,401.14907913665394,996
2024-09-17 13:56:25.725,401.1034954588769,12
2024-09-17 13:56:25.730,401.0664081780707,100
2024-09-17 13:56:25.732,401.1023715428266,1002
2024-09-17 13:56:25.964,401.1007275441154,6
2024-09-17 13:56:26.005,401.1018911818702,1003
2024-09-17 13:56:26.007,401.154365632759,104
2024-09-17 13:56:26.038,401.1042454603361,1004
2024-09-17 13:56:26.043,401.13664572410073,1000
2024-09-17 13:56:26.067,401.1317595542144,96
2024-09-17 13:56:26.074,401.133709061441,13
2024-09-17 13:56:26.157,401.1460135262554,995
2024-09-17 13:56:26.177,401.136944805048,105
2024-09-17 13:56:26.293,401.0895189421773,99
2024-09-17 13:56:26.317,401.08082456452695,12
2024-09-17 13:56:26.343,401.1330050542157,996
2024-09-17 13:56:26.360,401.1482026641325,996
2024-09-17 13:56:26.368,401.0990910994673,1001
2024-09-17 13:56:26.420,401.12166392759167,10
2024-09-17 13:56:26.527,401.1317457301692,1002
2024-09-17 13:56:26.541,401.0940988798469,95
2024-09-17 13:56:26.552,401.11429056689167,996
2024-09-17 13:56:26.617,401.11480524862014,97
2024-09-17 13:56:26.665,401.1327207340992,103
2024-09-17 13:56:26.686,401.1246868916105,100
2024-09-17 13:56:26.697,401.11275930778953,14
2024-09-17 13:56:26.802,401.1250977944785,99
2024-09-17 13:56:26.817,401.1397959970061,1005
2024-09-17 13:56:26.897,401.149018113724,1002
2024-09-17 13:56:26.898,401.143478597378,996
2024-09-17 13:56:26.935,401.11105254845126,995
2024-09-17 13:56:26.954,401.1330030492236,8
2024-09-17 13:56:26.962,401.13226028118135,12
2024-09-17 13:56:27.206,401.1351166562832,96
2024-09-17 13:56:27.327,401.1219320527018,14
2024-09-17 13:56:27.408,401.12956276882034,5
2024-09-17 13:56:27.489,401.1463651278301,10
2024-09-17 13:56:27.493,401.1395606873058,1002
2024-09-17 13:56:27.552,401.1458526821565,97
2024-09-17 13:56:27.653,401.1506081668969,13
2024-09-17 13:56:27.754,401.1148027978518,9
2024-09-17 13:56:27.803,401.1573353017999,98
2024-09-17 13:56:27.928,401.13498959614094,1002
2024-09-17 13:56:27.949,401.1385498926053,103
2024-09-17 13:56:27.965,-401.1119238309596,95
2024-09-17 13:56:27.972,401.1353017125308,102
2024-09-17 13:56:28.017,401.0925674281561,11
2024-09-17 13:56:28.027,401.09911435450886,99
2024-09-17 13:56:28.067,401.0946648325105,10
2024-09-17 13:56:28.075,401.0887222453522,8
2024-09-17 13:56:28.089,401.099362881763,14
2024-09-17 13:56:28.095,401.1033620170553,100
2024-09-17 13:56:28.134,401.13806007186486,999
2024-09-17 13:56:28.146,401.1009526923394,100
2024-09-17 13:56:28.271,401.0938888773246,105
2024-09-17 13:56:28.285,401.11614460038766,9
2024-09-17 13:56:28.394,401.1017470311908,101
2024-09-17 13:56:28.403,401.12796063024393,997
2024-09-17 13:56:28.474,401.1099705507012,15
2024-09-17 13:56:28.494,401.0761981321612,96
2024-09-17 13:56:28.634,401.0925362919453,105
2024-09-17 13:56:28.653,401.1113181826463,7
2024-09-17 13:56:28.654,40.11187087617349,1005
2024-09-17 13:56:28.747,401.11486637585983,995
2024-09-17 13:56:28.766,401.1220740378864,998
2024-09-17 13:56:28.833,401.08281766136633,100
2024-09-17 13:56:28.858,401.07845915063984,7
2024-09-17 13:56:28.909,401.12808099701977,10
2024-09-17 13:56:29.012,401.1257178893568,1003
2024-09-17 13:56:29.025,401.1220895169105,12
2024-09-17 13:56:29.061,401.13327500929694,999
2024-09-17 13:56:29.083,401.1415374126367,97
2024-09-17 13:56:29.169,401.1339735480085,996
2024-09-17 13:56:29.196,401.1268761922936,95
2024-09-17 13:56:29.236,401.1342317223923,99
2024-09-17 13:56:29.271,401.1540882591162,15
2024-09-17 13:56:29.286,401.1256412864258,98
2024-09-17 13:56:29.331,401.1296996824068,7
2024-09-17 13:56:29.389,401.149432651354,10
2024-09-17 13:56:29.408,401.11509541028926,997
2024-09-17 13:56:29.409,401.1262909825001,1002
2024-09-17 13:56:29.439,401.1308199575032,1003
2024-09-17 13:56:29.450,401.121681701535,14
2024-09-17 13:56:29.456,401.1232850526129,96
2024-09-17 13:56:29.470,401.11635886502927,995
2024-09-17 13:56:29.477,401.13423066913055,1001
2024-09-17 13:56:29.508,401.14231651588415,97
2024-09-17 13:56:29.547,401.11392515001177,1002
2024-09-17 13:56:29.568,401.1611126812802,12
2024-09-17 13:56:29.589,401.1245678768202,1002
2024-09-17 13:56:29.592,401.140040176846,1001
2024-09-17 13:56:29.673,401.14753025069376,996
2024-09-17 13:56:29.779,,95
2024-09-17 13:56:29.852,401.1047569985219,6
2024-09-17 13:56:29.994,401.1408435510888,11
2024-09-17 13:56:30.020,401.1674064715619,998
2024-09-17 13:56:30.032,401.1816440993725,102
2024-09-17 13:56:30.054,401.1475548429088,1001
2024-09-17 13:56:30.120,401.1265499405242,15
2024-09-17 13:56:30.156,401.1898207294984,1004
2024-09-17 13:56:30.198,401.1318768011831,995
2024-09-17 13:56:30.203,401.1520923749277,1005
2024-09-17 13:56:30.279,401.1805667129181,5
2024-09-17 13:56:30.285,401.1757159027917,14
2024-09-17 13:56:30.308,401.1538835145971,102
2024-09-17 13:56:30.328,401.1815777581094,104
2024-09-17 13:56:30.357,401.146193790293,6
2024-09-17 13:56:30.358,401.1679865084686,997
2024-09-17 13:56:30.388,401.1752699019608,12
2024-09-17 13:56:30.417,401.1477480338692,996
2024-09-17 13:56:30.436,401.17326724913215,100
2024-09-17 13:56:30.441,401.13828007789294,1005
2024-09-17 13:56:30.452,401.1864326994411,15
2024-09-17 13:56:30.569,401.1210372001164,6
2024-09-17 13:56:30.575,401.131434053364,100
2024-09-17 13:56:30.604,401.1507307546137,8
2024-09-17 13:56:30.630,401.1914085508407,1005
2024-09-17 13:56:30.653,401.2047743540887,12
2024-09-17 13:56:30.732,401.2182660829356,7
2024-09-17 13:56:30.759,,98
2024-09-17 13:56:30.773,401.1325780456306,9
2024-09-17 13:56:31.666,401.16217711570647,96
2024-09-17 13:56:31.776,401.1775065450272,7
2024-09-17 13:56:32.063,401.1136238638734,1002
2024-09-17 13:56:32.063,401.13060842442513,1001
2024-09-17 13:56:32.099,401.1826317386348,1000
2024-09-17 13:56:32.142,401.1471044212655,98
2024-09-17 13:56:32.361,401.1182236266309,1001
2024-09-17 13:56:32.409,401.1066797819799,1004
2024-09-17 13:56:32.493,401.17616998929947,1000
2024-09-17 13:56:32.496,401.14273750928544,1005
2024-09-17 13:56:32.515,401.1491645062428,1000
2024-09-17 13:56:32.540,401.1086050660682,98
2024-09-17 13:56:32.566,401.1935593970309,8
2024-09-17 13:56:32.582,401.142634030153,13
2024-09-17 13:56:32.611,401.08863994797446,996
2024-09-17 13:56:32.680,401.0993477260016,98
2024-09-17 13:56:32.853,401.109879778009,103
2024-09-17 13:56:32.918,401.1209939911592,1005
2024-09-17 13:56:32.919,401.1217636129325,6
2024-09-17 13:56:33.058,401.1497567899499,6
2024-09-17 13:56:33.121,401.1021111868074,1002
2024-09-17 13:56:33.189,401.109306673029,995
2024-09-17 13:56:33.255,40.11082059936334,1005
2024-09-17 13:56:33.367,401.08421800033614,103
2024-09-17 13:56:33.420,401.1387514953708,1005
2024-09-17 13:56:33.438,401.08891117068566,1005
2024-09-17 13:56:33.441,401.11994690929214,13
2024-09-17 13:56:33.549,401.1470622702136,13
2024-09-17 13:56:33.672,401.0803630356896,10
2024-09-17 13:56:33.696,401.1050029045187,14
2024-09-17 13:56:33.703,401.1515693843859,100
2024-09-17 13:56:33.791,401.1122040121677,1005
2024-09-17 13:56:33.966,401.1072979588809,1002
2024-09-17 13:56:34.070,401.1504275668504,14
2024-09-17 13:56:34.194,401.17056445344497,15
2024-09-17 13:56:34.199,401.1434577535602,99
2024-09-17 13:56:34.208,401.1553147888212,15
2024-09-17 13:56:34.251,401.1749814922404,996
2024-09-17 13:56:34.265,401.183493135413,995
2024-09-17 13:56:34.398,401.1457999992416,1002
2024-09-17 13:56:34.399,401.1615085750432,13
2024-09-17 13:56:34.433,401.1839360829106,1002
2024-09-17 13:56:34.477,401.1430085436019,95
2024-09-17 13:56:34.553,401.140962533012,999
2024-09-17 13:56:34.681,401.1686189261816,104
2024-09-17 13:56:34.765,401.1679738263288,1002
2024-09-17 13:56:34.912,401.1509193186645,7
2024-09-17 13:56:34.970,401.1528684692963,995
2024-09-17 13:56:35.012,401.13499051225085,103
2024-09-17 13:56:35.035,401.14146503787526,12
2024-09-17 13:56:35.066,401.178511079742,100
2024-09-17 13:56:35.097,401.1627437353902,6
2024-09-17 13:56:35.109,401.1632293155685,100
2024-09-17 13:56:35.160,401.1353948513406,13
2024-09-17 13:56:35.175,401.149941116022,1004
2024-09-17 13:56:35.219,401.1362653391887,95
2024-09-17 13:56:35.275,401.1673781329436,999
2024-09-17 13:56:35.456,401.1419498084516,1000
2024-09-17 13:56:35.492,401.1707062591086,1001
2024-09-17 13:56:35.500,401.1688165461316,11
2024-09-17 13:56:35.549,401.1422426954588,105
2024-09-17 13:56:35.587,401.1588541745238,104
2024-09-17 13:56:35.602,401.1394619662537,99
2024-09-17 13:56:35.677,401.1463537504054,996
2024-09-17 13:56:35.730,401.1715020369194,11
2024-09-17 13:56:35.761,401.176478624946,105
2024-09-17 13:56:35.762,401.1362959296959,997
2024-09-17 13:56:35.983,401.14572021964767,1000
2024-09-17 13:56:36.010,401.0942932242506,100
2024-09-17 13:56:36.039,401.08410674694073,1001
2024-09-17 13:56:36.161,401.0638778917423,10
2024-09-17 13:56:36.290,401.12430412169806,13
2024-09-17 13:56:36.326,401.07153066680826,96
2024-09-17 13:56:36.445,401.0770773006596,1003
2024-09-17 13:56:36.465,401.0809692254956,11
2024-09-17 13:56:36.500,401.0586702568015,6
2024-09-17 13:56:36.539,401.0783346026376,98
2024-09-17 13:56:36.555,401.090655960395,98
2024-09-17 13:56:36.689,401.0747303901711,97
2024-09-17 13:56:36.694,401.0820156062264,12
2024-09-17 13:56:36.700,401.0719311950671,6
2024-09-17 13:56:36.722,401.13342878691503,100
2024-09-17 13:56:36.736,401.0884542057029,1004
2024-09-17 13:56:36.793,401.09227641427,104
2024-09-17 13:56:36.884,401.0618038704709,13
2024-09-17 13:56:36.915,401.088468392604,103
2024-09-17 13:56:36.920,401.0782518104168,104
2024-09-17 13:56:36.978,401.1035726116366,9
2024-09-17 13:56:36.997,401.0815002504463,8
2024-09-17 13:56:37.116,401.1043809126159,101
2024-09-17 13:56:37.253,401.0904786693604,13
2024-09-17 13:56:37.257,401.1125836745744,1001
2024-09-17 13:56:37.428,401.1415717221169,998
2024-09-17 13:56:37.473,401.15397352625865,96
2024-09-17 13:56:37.488,401.1215022276427,996
2024-09-17 13:56:37.527,401.1016495040812,15
2024-09-17 13:56:37.580,-401.1748163956206,1003
2024-09-17 13:56:37.660,401.0992855158711,1001
2024-09-17 13:56:37.705,401.11700411210137,1005
2024-09-17 13:56:37.828,401.15436314477535,100
2024-09-17 13:56:37.846,401.1719187952235,104
2024-09-17 13:56:37.871,401.1123650913724,13
2024-09-17 13:56:37.878,401.1571647081914,1000
2024-09-17 13:56:37.921,401.16127090343286,101
2024-09-17 13:56:38.011,401.15505952359376,1001
2024-09-17 13:56:38.020,401.1335164884852,6
2024-09-17 13:56:38.032,401.1542065935309,11
2024-09-17 13:56:38.057,401.13283131305593,10
2024-09-17 13:56:38.112,401.1315134996865,101
2024-09-17 13:56:38.144,401.1440740408088,13
2024-09-17 13:56:38.167,401.1865985942756,1001
2024-09-17 13:56:38.195,401.1715900951408,12
2024-09-17 13:56:38.259,401.12635745636,996
2024-09-17 13:56:38.288,401.1541499352048,97
2024-09-17 13:56:38.359,401.1723111606504,11
2024-09-17 13:56:38.394,401.1778410944944,95
2024-09-17 13:56:38.443,401.15117096095554,103
2024-09-17 13:56:38.469,-401.1416080949933,102
2024-09-17 13:56:38.469,401.1736140491834,98
2024-09-17 13:56:38.485,401.1396812438856,1001
2024-09-17 13:56:38.529,401.1695407938602,14
2024-09-17 13:56:38.550,401.1558855222669,7
2024-09-17 13:56:38.572,401.1211897182149,105
2024-09-17 13:56:38.574,40.11351383206237,95
2024-09-17 13:56:38.649,401.1335426764459,6
2024-09-17 13:56:38.686,401.17502847228815,6
2024-09-17 13:56:38.839,401.1502492074936,5
2024-09-17 13:56:38.886,-401.1286521465604,99
2024-09-17 13:56:38.890,401.1476991967442,104
2024-09-17 13:56:38.895,401.1570292559777,96
2024-09-17 13:56:38.909,401.1742635257736,10
2024-09-17 13:56:38.957,401.1111412826129,103
2024-09-17 13:56:38.965,401.1151372564293,998
2024-09-17 13:56:38.987,401.1663100375062,97
2024-09-17 13:56:39.006,401.12626754849566,995
2024-09-17 13:56:39.015,401.1532136990185,1002
2024-09-17 13:56:39.042,401.1399016553059,101
2024-09-17 13:56:39.082,401.1160741101872,9
2024-09-17 13:56:39.158,401.1788190367291,1001
2024-09-17 13:56:39.267,401.1651109824743,1004
2024-09-17 13:56:39.279,401.1249564172142,1003
2024-09-17 13:56:39.305,401.16267796881857,9
2024-09-17 13:56:39.315,401.12777262443007,1003
2024-09-17 13:56:39.315,401.15891653755136,997
2024-09-17 13:56:39.323,401.138829161382,1000
2024-09-17 13:56:39.418,401.14344665347824,1003
2024-09-17 13:56:39.460,401.123326903146,104
2024-09-17 13:56:39.461,401.1562336446703,96
2024-09-17 13:56:39.474,401.1863117259737,98
2024-09-17 13:56:39.493,40.1143347206876,95
2024-09-17 13:56:39.531,401.1092455143078,5
2024-09-17 13:56:39.557,401.112620823972,996
2024-09-17 13:56:39.603,401.1778829319783,95
2024-09-17 13:56:39.665,401.1133025064386,995
2024-09-17 13:56:39.676,401.10094927154864,95
2024-09-17 13:56:39.680,401.1243609733755,95
2024-09-17 13:56:39.698,401.11033808811374,6
2024-09-17 13:56:39.781,401.1683046540048,100
2024-09-17 13:56:39.840,401.1149057907281,10
2024-09-17 13:56:39.901,401.10064397791285,6
2024-09-17 13:56:39.924,401.16254741999535,100
2024-09-17 13:56:39.937,401.1640116897535,1000
2024-09-17 13:56:39.939,401.1268270575083,1001
2024-09-17 13:56:39.957,401.17589632941457,998
2024-09-17 13:56:40.008,401.1473148991319,1003
2024-09-17 13:56:40.086,401.1996397780477,8
2024-09-17 13:56:40.124,401.19404714142007,995
2024-09-17 13:56:40.152,401.210562831502,101
2024-09-17 13:56:40.203,401.159260342694,997
2024-09-17 13:56:40.205,401.1515675796723,1004
2024-09-17 13:56:40.262,401.1842692660595,96
2024-09-17 13:56:40.270,401.16291808764953,8
2024-09-17 13:56:40.290,401.21117324883926,999
2024-09-17 13:56:40.295,401.1330512735529,1005
2024-09-17 13:56:40.339,401.1776409612562,6
2024-09-17 13:56:40.375,401.20464761090193,1004
2024-09-17 13:56:40.383,401.1762061748197,96
2024-09-17 13:56:40.444,401.2210296563885,99
2024-09-17 13:56:40.444,40.114299221286416,9
2024-09-17 13:56:40.517,401.19949765313777,1003
2024-09-17 13:56:40.528,,100
2024-09-17 13:56:40.559,401.1690177073278,997
2024-09-17 13:56:40.589,401.2050062550659,995
2024-09-17 13:56:40.599,401.1281668915781,105
2024-09-17 13:56:40.637,401.209506537836,1002
2024-09-17 13:56:40.654,401.15356509276256,5
2024-09-17 13:56:40.662,401.1699332945301,15
2024-09-17 13:56:40.733,401.1720547073802,102
2024-09-17 13:56:40.777,401.2165087146882,1004
2024-09-17 13:56:40.795,401.202271264029,1001
2024-09-17 13:56:40.856,401.2035826532326,12
2024-09-17 13:56:40.881,401.2015725623999,8
2024-09-17 13:56:40.970,401.1943509228968,1005
2024-09-17 13:56:40.990,401.1513622901779,6
2024-09-17 13:56:42.118,401.1532668752936,1004
2024-09-17 13:56:42.248,401.1562027170477,101
2024-09-17 13:56:42.299,401.1609730726285,1001
2024-09-17 13:56:42.357,401.1574887288737,999
2024-09-17 13:56:42.503,401.1543384874861,11
2024-09-17 13:56:42.556,401.1402428949912,1000
2024-09-17 13:56:42.604,401.1469268484179,15
2024-09-17 13:56:42.787,401.154728713079,13
2024-09-17 13:56:42.811,401.1526665479497,995
2024-09-17 13:56:42.952,401.1706044716996,1000
2024-09-17 13:56:43.258,401.14320806813606,1002
2024-09-17 13:56:43.272,401.1456188759229,97
2024-09-17 13:56:43.418,401.1569580079079,96
2024-09-17 13:56:43.593,401.1511111254088,5
2024-09-17 13:56:43.604,401.1429898778518,996
2024-09-17 13:56:44.053,401.1844404114746,9
2024-09-17 13:56:44.058,401.1832543842498,12
2024-09-17 13:56:44.065,401.1464480033957,6
2024-09-17 13:56:44.356,401.18047909619713,102
2024-09-17 13:56:44.359,401.16111155426,97
2024-09-17 13:56:44.383,401.1647110196898,95
2024-09-17 13:56:44.432,401.1696284725531,15
2024-09-17 13:56:44.519,401.1641407369256,9
2024-09-17 13:56:44.622,401.1588238589497,98
2024-09-17 13:56:44.635,401.1701344077252,6
2024-09-17 13:56:44.645,401.17135526037646,1003
2024-09-17 13:56:44.645,401.1573702805426,8
2024-09-17 13:56:44.673,401.1748733468703,5
2024-09-17 13:56:44.697,401.1772660772694,998
2024-09-17 13:56:44.716,401.1797776557749,999
2024-09-17 13:56:44.766,401.1791678552741,999
2024-09-17 13:56:44.824,401.1727789276555,7
2024-09-17 13:56:44.876,401.1750347534861,97
2024-09-17 13:56:44.889,401.1846765703368,1002
2024-09-17 13:56:44.960,401.1671770873084,1000
2024-09-17 13:56:44.980,401.1478845384149,103
2024-09-17 13:56:45.185,-401.159720433045,7
2024-09-17 13:56:45.242,401.1562968946348,997
2024-09-17 13:56:45.283,401.18138002271024,102
2024-09-17 13:56:45.386,401.1675444427591,6
2024-09-17 13:56:45.450,401.1569900513096,95
2024-09-17 13:56:45.564,401.15479141518017,996
2024-09-17 13:56:45.584,401.1645310968501,15
2024-09-17 13:56:45.608,401.1577564936134,97
2024-09-17 13:56:46.032,,104
2024-09-17 13:56:46.085,401.1634604929745,99
2024-09-17 13:56:46.185,401.1844294880936,13
2024-09-17 13:56:46.222,401.1695189406699,998
2024-09-17 13:56:46.248,401.1783267438188,8
2024-09-17 13:56:46.248,401.1747613355514,12
2024-09-17 13:56:46.249,401.1641049502698,101
2024-09-17 13:56:46.290,401.1664446574071,10
2024-09-17 13:56:46.356,401.1436756395364,10
2024-09-17 13:56:46.384,-401.1652053184986,15
2024-09-17 13:56:46.403,401.16511733071945,104
2024-09-17 13:56:46.678,401.1555461512042,6
2024-09-17 13:56:46.708,401.1393621350545,1001
2024-09-17 13:56:46.757,401.14096013045486,98
2024-09-17 13:56:46.766,401.1525352086038,102
2024-09-17 13:56:46.826,401.1700787169808,95
2024-09-17 13:56:46.827,401.1789690167178,99
2024-09-17 13:56:46.840,401.15974292689833,9
2024-09-17 13:56:46.904,401.1810325219521,10
2024-09-17 13:56:47.063,401.1395777969717,104
2024-09-17 13:56:47.109,401.15288150601714,1003
2024-09-17 13:56:47.226,401.14425124770605,5
2024-09-17 13:56:47.247,401.1569133696556,96
2024-09-17 13:56:47.320,401.181929293846,104
2024-09-17 13:56:47.403,401.1571935616868,1003
2024-09-17 13:56:47.522,401.1912467764884,10
2024-09-17 13:56:47.523,401.186932466307,11
2024-09-17 13:56:47.561,401.1378445428077,98
2024-09-17 13:56:47.617,401.1386640790668,7
2024-09-17 13:56:47.637,401.1464432998495,1001
2024-09-17 13:56:47.645,401.1411410787488,997
2024-09-17 13:56:47.876,401.1552229953069,100
2024-09-17 13:56:47.898,401.1543805847826,1004
2024-09-17 13:56:47.935,401.1512196510994,105
2024-09-17 13:56:48.008,401.17826399819,9
2024-09-17 13:56:48.047,401.1617608535187,100
2024-09-17 13:56:48.104,401.20570304684486,102
2024-09-17 13:56:48.156,401.1971260467404,102
2024-09-17 13:56:48.158,401.2143446527135,101
2024-09-17 13:56:48.290,401.205055166708,98
2024-09-17 13:56:48.295,401.1901167324546,11
2024-09-17 13:56:48.303,401.21174631348015,11
2024-09-17 13:56:48.325,401.2138855069101,105
2024-09-17 13:56:48.341,401.1807240295367,7
2024-09-17 13:56:48.363,401.169858731946,8
2024-09-17 13:56:48.392,401.21301958286233,7
2024-09-17 13:56:48.430,401.20555176226753,103
2024-09-17 13:56:48.480,401.1988280438971,12
2024-09-17 13:56:48.503,401.1810822755786,1004
2024-09-17 13:56:48.532,401.2084530079118,12
2024-09-17 13:56:48.600,401.2071263743116,5
2024-09-17 13:56:48.621,401.1932701204858,995
2024-09-17 13:56:48.658,401.1859880989616,105
2024-09-17 13:56:48.777,401.1837543447702,15
2024-09-17 13:56:48.784,401.2012519330741,998
2024-09-17 13:56:48.793,401.1992497248546,95
2024-09-17 13:56:48.802,401.1920067857568,11
2024-09-17 13:56:48.807,401.2080320877951,97
2024-09-17 13:56:48.813,401.18931187997066,96
2024-09-17 13:56:48.910,401.2092788509116,100
2024-09-17 13:56:48.968,401.1678683640167,1005
2024-09-17 13:56:48.971,401.2033461047532,11
2024-09-17 13:56:48.982,401.20549588003934,1003
2024-09-17 13:56:49.015,401.1815891787063,5
2024-09-17 13:56:49.016,401.2007400653688,5
2024-09-17 13:56:49.035,401.18799366007806,101
2024-09-17 13:56:49.087,401.1994363343641,7
2024-09-17 13:56:49.106,401.1788387303424,10
2024-09-17 13:56:49.125,401.2111721950964,9
2024-09-17 13:56:49.206,401.19950780810746,12
2024-09-17 13:56:49.226,401.1775691706434,998
2024-09-17 13:56:49.289,401.18956384250384,10
2024-09-17 13:56:49.308,401.18911634975353,1004
2024-09-17 13:56:49.349,401.16239659628974,998
2024-09-17 13:56:49.370,,997
2024-09-17 13:56:49.393,401.19570081406414,11
2024-09-17 13:56:49.404,401.2007021936501,95
2024-09-17 13:56:49.422,401.1897625340802,104
2024-09-17 13:56:49.465,401.16637036465073,102
2024-09-17 13:56:49.472,401.20227501341657,7
2024-09-17 13:56:49.481,401.1962428006053,97
2024-09-17 13:56:49.558,401.2035942471349,7
2024-09-17 13:56:49.574,401.1861597246264,10
2024-09-17 13:56:49.579,401.1851217222343,15
2024-09-17 13:56:49.635,401.193534205257,104
2024-09-17 13:56:49.691,401.1940524816464,97
2024-09-17 13:56:49.800,401.18016310729865,98
2024-09-17 13:56:49.938,401.20047328644233,995
2024-09-17 13:56:50.209,401.1648918112446,97
2024-09-17 13:56:50.315,401.1651102379713,997
2024-09-17 13:56:50.721,401.1768018103945,102
2024-09-17 13:56:50.787,401.1634682901748,999
2024-09-17 13:56:50.885,,14
2024-09-17 13:56:51.091,401.1842281891404,13
2024-09-17 13:56:51.251,40.11733282356858,997
2024-09-17 13:56:51.305,401.1890746055711,103
2024-09-17 13:56:51.320,401.2403849949982,99
2024-09-17 13:56:51.350,401.2357531025035,15
2024-09-17 13:56:51.396,401.2495394678708,105
2024-09-17 13:56:51.445,401.1912228549656,1001
2024-09-17 13:56:51.557,401.199895956208,997
2024-09-17 13:56:51.678,-401.18179648557856,998
2024-09-17 13:56:51.755,401.2258100923544,1004
2024-09-17 13:56:51.820,401.1910360361612,103
2024-09-17 13:56:52.015,401.28241497589903,10
2024-09-17 13:56:52.146,401.26837147108137,10
2024-09-17 13:56:52.168,401.2621311826037,1002
2024-09-17 13:56:52.261,401.26004235327184,9
2024-09-17 13:56:52.270,401.247218348765,103
2024-09-17 13:56:52.388,401.3061769178175,995
2024-09-17 13:56:52.627,401.26375276900734,95
2024-09-17 13:56:52.674,401.2619522569006,14
2024-09-17 13:56:52.739,401.2516929903462,1005
2024-09-17 13:56:52.777,401.2623452769941,6
2024-09-17 13:56:52.816,401.2615610563737,97
2024-09-17 13:56:52.859,401.2625990241268,1003
2024-09-17 13:56:52.859,401.2695720932046,99
2024-09-17 13:56:52.882,401.2609369693205,104
2024-09-17 13:56:52.899,401.2715094385222,100
2024-09-17 13:56:52.939,401.2468024577232,99
2024-09-17 13:56:52.951,401.25849608643415,8
2024-09-17 13:56:52.986,401.22753033808897,15
2024-09-17 13:56:53.045,401.3140680841512,101
2024-09-17 13:56:53.067,401.3159838267852,101
2024-09-17 13:56:53.153,401.3216445903058,10
2024-09-17 13:56:53.162,401.3406694756602,5
2024-09-17 13:56:53.168,401.3307692860882,99
2024-09-17 13:56:53.263,401.3340952680897,97
2024-09-17 13:56:53.514,401.3295936847549,9
2024-09-17 13:56:53.742,401.34009927232967,96
2024-09-17 13:56:53.885,401.3084545222004,13
2024-09-17 13:56:53.937,401.3391199643783,99
2024-09-17 13:56:53.941,401.331476874956,95
2024-09-17 13:56:53.958,401.32674388925886,8
2024-09-17 13:56:54.065,401.25986573561744,1002
2024-09-17 13:56:54.069,401.28632178031006,102
2024-09-17 13:56:54.161,401.2977395822947,103
2024-09-17 13:56:54.172,401.3087568101653,99
2024-09-17 13:56:54.264,401.3078925522638,1004
2024-09-17 13:56:54.302,401.2668842138197,10
2024-09-17 13:56:54.647,401.25774654972446,11
2024-09-17 13:56:54.745,401.28856266074456,105
2024-09-17 13:56:54.749,401.2920427549734,9
2024-09-17 13:56:54.805,401.3023377400539,12
2024-09-17 13:56:54.868,401.2988412493322,1002
2024-09-17 13:56:54.878,401.30196373128393,15
2024-09-17 13:56:55.005,401.2382049823948,11
2024-09-17 13:56:55.087,401.2177165081867,5
2024-09-17 13:56:55.087,401.2293124011706,105
2024-09-17 13:56:55.164,401.2381687297854,999
2024-09-17 13:56:55.172,401.2938202112953,1005
2024-09-17 13:56:55.182,401.2559206740135,1004
2024-09-17 13:56:55.185,401.2608051637273,104
2024-09-17 13:56:55.219,401.2828892507536,1001
2024-09-17 13:56:55.235,401.23058901682737,13
2024-09-17 13:56:55.363,401.2361373480923,97
2024-09-17 13:56:55.389,401.2643254273482,97
2024-09-17 13:56:55.466,401.23565847433406,12
2024-09-17 13:56:55.526,401.2542757522559,14
2024-09-17 13:56:55.593,401.2688365343496,9
2024-09-17 13:56:55.603,401.2976867890615,14
2024-09-17 13:56:55.614,-401.2535936679657,1002
2024-09-17 13:56:55.631,401.2448197327383,98
2024-09-17 13:56:55.649,40.12466579197195,95
2024-09-17 13:56:55.702,401.2783279158738,5
2024-09-17 13:56:55.713,401.27697402711794,10
2024-09-17 13:56:55.716,401.2310793053784,997
2024-09-17 13:56:55.742,401.27116324589423,95
2024-09-17 13:56:55.878,401.2800906357125,1000
2024-09-17 13:56:55.883,401.2401209444665,5
2024-09-17 13:56:55.898,401.2191921541644,99
2024-09-17 13:56:55.929,401.2618773829493,6
2024-09-17 13:56:56.197,401.2168068617444,998
2024-09-17 13:56:56.830,401.2279453940462,97
2024-09-17 13:56:56.925,401.2517446917929,1000
2024-09-17 13:56:57.051,401.2146545028232,5
2024-09-17 13:56:57.110,401.18963861560366,15
2024-09-17 13:56:57.238,401.1871051874088,6
2024-09-17 13:56:57.290,401.2190952995586,103
2024-09-17 13:56:57.293,401.1988630215124,995
2024-09-17 13:56:57.382,401.2182446812204,10
2024-09-17 13:56:57.873,401.2076450975106,1002
2024-09-17 13:56:57.882,401.1993986493045,95
2024-09-17 13:56:58.007,401.20157070451535,1004
2024-09-17 13:56:58.029,401.2124107710353,10
2024-09-17 13:56:58.150,401.2108728610082,105
2024-09-17 13:56:58.161,401.21907683150846,98
2024-09-17 13:56:58.315,401.2301052567402,98
2024-09-17 13:56:58.379,401.21219664944914,104
2024-09-17 13:56:58.390,401.2186761436958,96
2024-09-17 13:56:58.455,401.223781329098,97
2024-09-17 13:56:58.518,401.2089741677916,102
2024-09-17 13:56:58.781,401.20063182333024,99
2024-09-17 13:56:58.807,401.21191717800207,1005
2024-09-17 13:56:58.901,401.2203796579937,96
2024-09-17 13:56:58.983,401.2052049917581,105
2024-09-17 13:56:59.064,401.2490951406076,96
2024-09-17 13:56:59.257,401.254997241728,1004
2024-09-17 13:56:59.384,401.2381794408284,1004
2024-09-17 13:56:59.456,401.2266536817573,999
2024-09-17 13:56:59.462,401.2440649784727,99
2024-09-17 13:56:59.595,401.202282119758,104
2024-09-17 13:56:59.653,401.2507414495795,995
2024-09-17 13:56:59.763,401.2507050705676,996
2024-09-17 13:56:59.919,401.2138458080845,1003
2024-09-17 13:56:59.933,401.2246390055362,999
2024-09-17 13:56:59.958,401.2322001558652,1002
2024-09-17 13:56:59.967,401.1982099922153,997
2024-09-17 13:56:59.997,401.2422020097159,95
