Timestamp,Price,Size
2024-09-19 14:51:00.064,420.1199692565521,998
2024-09-19 14:51:00.110,420.1103960755362,1001
2024-09-19 14:51:00.216,420.1465445266226,15
2024-09-19 14:51:00.297,420.16624436846166,98
2024-09-19 14:51:00.307,420.15516638015714,100
2024-09-19 14:51:00.318,420.13520322856976,7
2024-09-19 14:51:00.348,420.1310383596814,97
2024-09-19 14:51:00.366,420.12206572966863,9
2024-09-19 14:51:00.408,420.1308886014283,1004
2024-09-19 14:51:00.410,420.1374969951042,15
2024-09-19 14:51:00.524,420.1325423219128,995
2024-09-19 14:51:00.567,420.1364069611254,997
2024-09-19 14:51:00.572,420.138767656018,1000
2024-09-19 14:51:00.621,420.13304326089735,95
2024-09-19 14:51:00.630,420.1406936391719,96
2024-09-19 14:51:00.830,420.1437523796414,7
2024-09-19 14:51:00.834,420.1171659506048,13
2024-09-19 14:51:00.852,420.1226846550588,7
2024-09-19 14:51:00.896,420.1444484815487,7
2024-09-19 14:51:00.913,420.1128029434077,102
2024-09-19 14:51:00.918,420.14850652965487,6
2024-09-19 14:51:00.933,420.1022995098936,999
2024-09-19 14:51:00.954,420.1174109200617,96
2024-09-19 14:51:00.955,420.1474803327664,15
2024-09-19 14:51:00.960,420.15224914179583,1004
2024-09-19 14:51:01.120,420.12750082718185,996
2024-09-19 14:51:01.351,420.17612425869095,99
2024-09-19 14:51:01.450,420.1361003298304,98
2024-09-19 14:51:01.674,420.15810269546097,100
2024-09-19 14:51:02.552,-420.1739885912119,96
2024-09-19 14:51:03.021,420.1684456075116,1001
2024-09-19 14:51:03.133,420.1742587246421,14
2024-09-19 14:51:03.242,414.0472090535368,14
2024-09-19 14:51:03.353,420.1691075950018,105
2024-09-19 14:51:03.411,420.1520555760654,101
2024-09-19 14:51:03.434,420.1679242795392,11
2024-09-19 14:51:03.595,420.1708608821353,97
2024-09-19 14:51:03.662,420.1624326007056,11
2024-09-19 14:51:03.720,420.1718775164969,7
2024-09-19 14:51:03.807,420.1588179887,14
2024-09-19 14:51:03.840,420.16590521480657,998
2024-09-19 14:51:03.887,420.1702826544969,1002
2024-09-19 14:51:03.911,420.18075096570016,6
2024-09-19 14:51:03.944,420.166140749759,11
2024-09-19 14:51:03.958,420.1628448588627,1000
2024-09-19 14:51:03.975,420.1807463912312,12
2024-09-19 14:51:04.037,420.17520515224345,8
2024-09-19 14:51:04.097,420.1817202623425,5
2024-09-19 14:51:04.151,420.16217406042006,95
2024-09-19 14:51:04.192,420.2145976335468,1001
2024-09-19 14:51:04.228,420.1762064981632,998
2024-09-19 14:51:04.329,420.1578070311719,7
2024-09-19 14:51:04.330,420.1514701198325,102
2024-09-19 14:51:04.348,420.17591087028194,101
2024-09-19 14:51:04.402,420.1875008898535,1004
2024-09-19 14:51:04.424,420.16799582959015,1002
2024-09-19 14:51:04.433,420.1524922669476,8
2024-09-19 14:51:04.462,420.1579576417895,9
2024-09-19 14:51:04.467,420.1882635674367,10
2024-09-19 14:51:04.474,420.1892874188015,6
2024-09-19 14:51:04.507,420.1985249566293,13
2024-09-19 14:51:04.662,420.1594808976539,7
2024-09-19 14:51:04.695,-420.1776606657994,96
2024-09-19 14:51:04.745,420.18260825435465,6
2024-09-19 14:51:04.851,420.1546150182179,98
2024-09-19 14:51:04.893,420.1795210675608,995
2024-09-19 14:51:04.903,420.1526217865768,11
2024-09-19 14:51:04.943,420.173327318795,1002
2024-09-19 14:51:05.005,,8
2024-09-19 14:51:05.031,420.14664349079743,1003
2024-09-19 14:51:05.034,420.1499122929206,8
2024-09-19 14:51:05.124,420.1209755964078,998
2024-09-19 14:51:05.170,420.1133911272127,1001
2024-09-19 14:51:05.272,420.1576063157853,12
2024-09-19 14:51:05.362,420.1825687350078,6
2024-09-19 14:51:05.395,420.1298096489379,95
2024-09-19 14:51:05.413,420.1226646379511,95
2024-09-19 14:51:05.418,420.1746508552346,13
2024-09-19 14:51:05.430,420.1440156904426,6
2024-09-19 14:51:05.434,420.1648856819046,998
2024-09-19 14:51:05.490,420.1094164532202,6
2024-09-19 14:51:05.494,420.14531692480745,10
2024-09-19 14:51:05.514,420.19275096915766,996
2024-09-19 14:51:05.518,420.1279066795689,1001
2024-09-19 14:51:05.659,420.1216081291656,1002
2024-09-19 14:51:05.725,420.1198972674906,101
2024-09-19 14:51:05.755,420.1155928820789,8
2024-09-19 14:51:05.781,420.10817515598353,104
2024-09-19 14:51:05.791,420.1805817156175,999
2024-09-19 14:51:05.799,420.1367168843064,1005
2024-09-19 14:51:05.855,420.1184786524447,96
2024-09-19 14:51:05.873,420.1137213155049,96
2024-09-19 14:51:05.981,420.1391695694818,101
2024-09-19 14:51:06.038,420.123021450995,1004
2024-09-19 14:51:06.043,419.9826013401948,8
2024-09-19 14:51:06.087,420.0490103363776,14
2024-09-19 14:51:06.118,420.0361539165855,12
2024-09-19 14:51:06.152,420.0437013962039,100
2024-09-19 14:51:06.237,,1005
2024-09-19 14:51:06.240,420.1071142289152,1004
2024-09-19 14:51:06.273,420.0099925986465,10
2024-09-19 14:51:06.275,420.10286455628096,998
2024-09-19 14:51:06.284,419.9995538115096,1001
2024-09-19 14:51:06.305,420.082550410172,996
2024-09-19 14:51:06.349,420.0873994352381,996
2024-09-19 14:51:06.370,420.0639772251381,999
2024-09-19 14:51:06.397,420.0966758054181,997
2024-09-19 14:51:06.552,420.0619831241574,101
2024-09-19 14:51:06.648,420.1123045772312,6
2024-09-19 14:51:06.651,420.1214269303765,1001
2024-09-19 14:51:06.688,420.0449671347478,995
2024-09-19 14:51:06.769,419.99450403459593,15
2024-09-19 14:51:06.841,420.0964936531256,13
2024-09-19 14:51:06.844,420.0782984952482,8
2024-09-19 14:51:06.978,420.0414419354783,102
2024-09-19 14:51:07.067,419.9744157128271,1002
2024-09-19 14:51:07.095,420.0046923765962,995
2024-09-19 14:51:07.228,419.9998978250834,103
2024-09-19 14:51:07.374,420.0003266272632,1005
2024-09-19 14:51:07.423,,1005
2024-09-19 14:51:07.563,420.0003579316655,995
2024-09-19 14:51:07.597,-420.02052717916536,100
2024-09-19 14:51:07.656,419.9766485696309,15
2024-09-19 14:51:07.662,420.00022999385226,97
2024-09-19 14:51:07.699,420.0039847790695,998
2024-09-19 14:51:07.828,420.01733424903466,100
2024-09-19 14:51:07.847,420.00345855092905,8
2024-09-19 14:51:07.919,420.0219068222269,10
2024-09-19 14:51:07.931,419.9731054254798,103
2024-09-19 14:51:08.003,420.0268379208754,995
2024-09-19 14:51:08.030,420.01878737402,15
2024-09-19 14:51:08.084,420.0132800734199,7
2024-09-19 14:51:08.168,419.9977538698608,1005
2024-09-19 14:51:08.173,420.0252540035328,1000
2024-09-19 14:51:08.352,420.0134064593883,105
2024-09-19 14:51:08.557,419.9994374740296,104
2024-09-19 14:51:08.634,419.9869890989272,1003
2024-09-19 14:51:08.694,419.9957530917466,104
2024-09-19 14:51:08.716,420.0027298483136,101
2024-09-19 14:51:08.725,419.99792772073766,96
2024-09-19 14:51:08.736,420.0220006184524,1002
2024-09-19 14:51:08.760,-420.0184041554364,997
2024-09-19 14:51:08.763,-420.00356809323273,999
2024-09-19 14:51:08.770,420.0306872528986,1000
2024-09-19 14:51:08.834,420.0139627006218,100
2024-09-19 14:51:08.859,420.0069283987733,1000
2024-09-19 14:51:08.862,420.02044658725015,1005
2024-09-19 14:51:08.886,419.99657813695006,998
2024-09-19 14:51:08.923,420.0023069019936,998
2024-09-19 14:51:08.965,420.01961975426985,1000
2024-09-19 14:51:08.969,420.0110788157508,997
2024-09-19 14:51:09.122,420.02083683824674,5
2024-09-19 14:51:09.149,42.00615616035167,9
2024-09-19 14:51:09.162,42.00028058974675,5
2024-09-19 14:51:09.223,420.0462841829054,98
2024-09-19 14:51:09.251,420.0148380165893,14
2024-09-19 14:51:09.259,420.033389316132,1000
2024-09-19 14:51:09.288,420.01416278869146,1001
2024-09-19 14:51:09.289,420.04265506497376,997
2024-09-19 14:51:09.304,420.02468226337504,8
2024-09-19 14:51:09.360,420.0307902650989,10
2024-09-19 14:51:09.368,420.03727721861526,99
2024-09-19 14:51:09.369,420.0332693732305,1000
2024-09-19 14:51:09.394,420.01050181294937,102
2024-09-19 14:51:09.472,420.04041622623015,7
2024-09-19 14:51:09.474,420.0252505496529,9
2024-09-19 14:51:09.484,420.01607108770577,96
2024-09-19 14:51:09.488,420.0074164012081,99
2024-09-19 14:51:09.526,420.0171330529218,13
2024-09-19 14:51:09.548,420.02003444440464,9
2024-09-19 14:51:09.607,420.0226367895974,9
2024-09-19 14:51:09.706,420.0492533495976,1004
2024-09-19 14:51:09.723,420.040767153639,13
2024-09-19 14:51:09.750,420.0138697641543,999
2024-09-19 14:51:09.877,420.0163174417783,1001
2024-09-19 14:51:09.894,420.0497563010342,11
2024-09-19 14:51:09.905,420.000573655462,10
2024-09-19 14:51:09.947,420.01954656146114,103
2024-09-19 14:51:09.950,420.0450951040448,105
2024-09-19 14:51:10.111,420.0002694818575,14
2024-09-19 14:51:10.762,,101
2024-09-19 14:51:10.900,420.0074126843963,14
2024-09-19 14:51:11.088,420.0257707979235,999
2024-09-19 14:51:11.089,420.0286673703625,12
2024-09-19 14:51:11.191,419.983690489986,13
2024-09-19 14:51:11.194,420.02880386071166,5
2024-09-19 14:51:11.208,419.9996240290787,1000
2024-09-19 14:51:11.251,419.9650051655496,97
2024-09-19 14:51:11.273,419.9655983907183,1001
2024-09-19 14:51:11.323,419.986480914163,100
2024-09-19 14:51:11.359,420.0208250641908,14
2024-09-19 14:51:11.397,419.97839095098686,1002
2024-09-19 14:51:11.417,420.0164109388091,99
2024-09-19 14:51:11.427,420.0206219505744,97
2024-09-19 14:51:11.437,420.00171772174633,1000
2024-09-19 14:51:11.450,419.9869349733913,103
2024-09-19 14:51:11.519,420.0050834422158,996
2024-09-19 14:51:11.546,420.0242564630045,1005
2024-09-19 14:51:11.552,419.98043495010825,999
2024-09-19 14:51:11.642,419.9814612519716,14
2024-09-19 14:51:11.663,419.9962150796278,99
2024-09-19 14:51:11.711,419.9857244118591,12
2024-09-19 14:51:11.729,420.00221420827137,1000
2024-09-19 14:51:11.755,420.0011416243395,100
2024-09-19 14:51:11.815,420.00377001788473,1004
2024-09-19 14:51:11.868,419.9851072614944,11
2024-09-19 14:51:11.920,419.9776644886396,100
2024-09-19 14:51:11.921,419.9938252362143,95
2024-09-19 14:51:11.927,420.0004775229176,8
2024-09-19 14:51:11.972,419.9810837890184,98
2024-09-19 14:51:11.986,419.9811270858537,97
2024-09-19 14:51:11.988,420.0087369088354,97
2024-09-19 14:51:12.089,420.01202652236407,9
2024-09-19 14:51:12.161,419.9816494615728,8
2024-09-19 14:51:12.224,419.9732964396872,997
2024-09-19 14:51:12.299,420.0280318099178,8
2024-09-19 14:51:12.303,420.0348687068435,10
2024-09-19 14:51:12.304,419.9999813141425,1005
2024-09-19 14:51:12.308,420.0013453884776,105
2024-09-19 14:51:12.428,420.03758718366873,101
2024-09-19 14:51:12.445,419.9937139801233,95
2024-09-19 14:51:12.464,419.9741623335571,101
2024-09-19 14:51:12.512,420.0408278864894,6
2024-09-19 14:51:12.816,419.9694125298053,14
2024-09-19 14:51:12.884,419.9977948233874,98
2024-09-19 14:51:12.990,419.9913337764999,11
2024-09-19 14:51:13.261,419.9616415418741,7
2024-09-19 14:51:13.346,419.9528360283847,1000
2024-09-19 14:51:13.760,419.98131015297537,97
2024-09-19 14:51:13.786,419.9338994886879,99
2024-09-19 14:51:14.089,419.899335351151,99
2024-09-19 14:51:14.180,419.9135425783576,1002
2024-09-19 14:51:15.025,419.9166145821871,6
2024-09-19 14:51:15.131,419.8792474541596,11
2024-09-19 14:51:15.140,419.9132940982738,997
2024-09-19 14:51:15.253,419.8944093284409,96
2024-09-19 14:51:15.276,419.8745715841536,97
2024-09-19 14:51:15.364,,15
2024-09-19 14:51:15.571,419.8975278548624,1004
2024-09-19 14:51:15.608,419.8654392094479,995
2024-09-19 14:51:15.646,419.9043188185621,97
2024-09-19 14:51:15.821,419.89110531966656,1000
2024-09-19 14:51:15.873,419.9319384840971,7
2024-09-19 14:51:15.878,419.88015607162185,103
2024-09-19 14:51:15.979,419.87254235553326,7
2024-09-19 14:51:16.046,419.88221173335273,1001
2024-09-19 14:51:16.308,419.8542671814421,102
2024-09-19 14:51:16.446,419.8446701281832,102
2024-09-19 14:51:16.566,419.875139610066,999
2024-09-19 14:51:16.572,419.8912051729208,105
2024-09-19 14:51:16.610,419.9182074656964,98
2024-09-19 14:51:17.006,419.8412348764901,1002
2024-09-19 14:51:17.205,419.8577272963902,99
2024-09-19 14:51:17.293,419.8384604540928,10
2024-09-19 14:51:17.297,,998
2024-09-19 14:51:17.318,419.8528764260192,12
2024-09-19 14:51:17.342,419.8427891573954,996
2024-09-19 14:51:17.344,419.8554077064848,98
2024-09-19 14:51:17.367,419.8450718032617,10
2024-09-19 14:51:17.380,419.8608354524473,7
2024-09-19 14:51:17.475,419.8618994207962,1003
2024-09-19 14:51:17.633,419.84832322365946,996
2024-09-19 14:51:17.741,419.842815090596,998
2024-09-19 14:51:17.911,419.8484090731748,15
2024-09-19 14:51:17.936,419.8285377123639,100
2024-09-19 14:51:18.202,419.8337071434839,98
2024-09-19 14:51:18.538,419.8104125433951,1004
2024-09-19 14:51:18.620,419.8148297073292,6
2024-09-19 14:51:18.988,419.8163630271421,998
2024-09-19 14:51:19.264,419.8299152768067,103
2024-09-19 14:51:19.282,419.82809448929976,998
2024-09-19 14:51:19.475,419.826516591552,1004
2024-09-19 14:51:19.611,419.8282090914184,1002
2024-09-19 14:51:19.751,419.82104497886473,997
2024-09-19 14:51:19.769,419.8224148373308,96
2024-09-19 14:51:19.846,419.82577913504736,1002
2024-09-19 14:51:19.863,419.80956801929193,96
2024-09-19 14:51:20.019,419.807957616449,999
2024-09-19 14:51:20.030,419.7697457122976,104
2024-09-19 14:51:20.035,419.7992437941296,96
2024-09-19 14:51:20.084,419.806376208525,6
2024-09-19 14:51:20.111,419.801262042886,999
2024-09-19 14:51:20.182,419.785107302435,1001
2024-09-19 14:51:20.267,419.80114894784055,7
2024-09-19 14:51:20.313,419.7800833521823,102
2024-09-19 14:51:20.314,419.78280697203786,99
2024-09-19 14:51:20.369,419.812779903897,7
2024-09-19 14:51:20.376,419.7897668969025,1001
2024-09-19 14:51:20.461,419.7992586386151,10
2024-09-19 14:51:20.524,419.7894623076804,7
2024-09-19 14:51:20.549,419.7724164733524,96
2024-09-19 14:51:20.560,419.78574173534906,8
2024-09-19 14:51:20.598,419.79159499581306,104
2024-09-19 14:51:20.599,419.793019720425,10
2024-09-19 14:51:20.604,419.8051664515198,995
2024-09-19 14:51:20.608,419.77190434141806,14
2024-09-19 14:51:20.674,419.7832055245452,98
2024-09-19 14:51:20.758,419.7982559458477,15
2024-09-19 14:51:20.802,419.79702389684775,103
2024-09-19 14:51:20.813,419.7779161472711,102
2024-09-19 14:51:20.835,419.77380269518494,9
2024-09-19 14:51:20.855,419.812221512668,95
2024-09-19 14:51:20.902,419.8254760035617,105
2024-09-19 14:51:20.915,419.7742361009352,15
2024-09-19 14:51:21.193,419.78154828779753,101
2024-09-19 14:51:21.205,419.7828147647039,5
2024-09-19 14:51:21.216,419.8296866866278,1001
2024-09-19 14:51:21.251,419.7865607469716,96
2024-09-19 14:51:21.523,419.8513560398723,1002
2024-09-19 14:51:21.547,419.7676877002248,11
2024-09-19 14:51:21.608,419.828317732527,1000
2024-09-19 14:51:21.633,419.8295586406911,98
2024-09-19 14:51:21.646,419.79277574014935,997
2024-09-19 14:51:21.659,419.7785377562156,999
2024-09-19 14:51:21.716,419.7757040247762,104
2024-09-19 14:51:21.794,419.8047007650058,105
2024-09-19 14:51:22.006,419.89482778322144,5
2024-09-19 14:51:22.043,419.8676906789749,100
2024-09-19 14:51:22.068,419.87316247408063,96
2024-09-19 14:51:22.122,419.8774127932981,97
2024-09-19 14:51:22.164,419.9019319404723,99
2024-09-19 14:51:22.175,419.89356249659767,98
2024-09-19 14:51:22.184,419.8430791124423,996
2024-09-19 14:51:22.269,419.9339642641203,1005
2024-09-19 14:51:22.330,419.8643864059089,11
2024-09-19 14:51:22.337,419.8752971839164,999
2024-09-19 14:51:22.363,419.9308474310694,9
2024-09-19 14:51:22.365,419.9071768472753,7
2024-09-19 14:51:22.408,419.85378026222736,12
2024-09-19 14:51:22.452,419.91443663997154,8
2024-09-19 14:51:22.490,419.8543136047901,102
2024-09-19 14:51:22.491,419.86664549937,100
2024-09-19 14:51:22.552,419.920323102973,10
2024-09-19 14:51:22.575,,8
2024-09-19 14:51:22.584,419.87751233771536,103
2024-09-19 14:51:22.637,419.8759973755762,998
2024-09-19 14:51:22.706,419.8836038104264,1005
2024-09-19 14:51:22.708,419.9169074893986,104
2024-09-19 14:51:22.777,419.9101511289521,96
2024-09-19 14:51:22.783,419.85837302394873,11
2024-09-19 14:51:22.802,419.8503743749642,97
2024-09-19 14:51:22.822,419.9246423653343,998
2024-09-19 14:51:22.867,419.9438394578669,996
2024-09-19 14:51:22.876,419.8951983622839,1002
2024-09-19 14:51:22.964,419.8976487403986,1004
2024-09-19 14:51:23.366,419.9169916661448,998
2024-09-19 14:51:23.462,419.9048928326105,97
2024-09-19 14:51:23.485,419.9299693488141,10
2024-09-19 14:51:23.861,419.95485704381474,5
2024-09-19 14:51:23.907,419.9254741381177,105
2024-09-19 14:51:24.493,419.9117242715034,95
2024-09-19 14:51:24.578,419.904003722476,9
2024-09-19 14:51:24.912,419.92124132256464,12
2024-09-19 14:51:25.001,419.908559177404,103
2024-09-19 14:51:25.076,419.90592111809775,15
2024-09-19 14:51:25.166,419.9111662909037,9
2024-09-19 14:51:25.257,419.9176015968788,996
2024-09-19 14:51:25.364,419.9098899466417,1001
2024-09-19 14:51:25.750,419.9237276963524,102
2024-09-19 14:51:27.066,419.9513791153232,1005
2024-09-19 14:51:27.067,419.9486472606485,9
2024-09-19 14:51:27.167,419.98281837367296,98
2024-09-19 14:51:27.168,419.9459282270497,11
2024-09-19 14:51:27.203,419.9385460111701,1005
2024-09-19 14:51:27.267,419.92106586311934,99
2024-09-19 14:51:27.293,419.9166144959452,105
2024-09-19 14:51:27.530,419.9502723437837,13
2024-09-19 14:51:27.637,419.9647090227654,10
2024-09-19 14:51:27.646,419.947804232074,7
2024-09-19 14:51:27.690,419.9517732066472,998
2024-09-19 14:51:27.714,419.94027717636425,1002
2024-09-19 14:51:27.904,,104
2024-09-19 14:51:27.945,419.9405852978387,102
2024-09-19 14:51:28.012,,1002
2024-09-19 14:51:28.098,420.0503404515294,12
2024-09-19 14:51:28.112,420.0404028980618,1004
2024-09-19 14:51:28.160,420.0140207022577,9
2024-09-19 14:51:28.246,420.04508157934487,11
2024-09-19 14:51:28.375,419.991399571411,998
2024-09-19 14:51:28.462,420.0388082202722,998
2024-09-19 14:51:28.466,420.0608364525295,5
2024-09-19 14:51:28.493,420.0542345704045,1005
2024-09-19 14:51:28.508,420.0226557364193,1003
2024-09-19 14:51:28.560,420.05045392994833,14
2024-09-19 14:51:28.593,419.97343359783423,104
2024-09-19 14:51:28.637,414.7139883560952,97
2024-09-19 14:51:28.966,419.9959900470869,1000
2024-09-19 14:51:29.009,419.9612954071212,1004
2024-09-19 14:51:29.051,420.0511879473698,9
2024-09-19 14:51:29.058,419.9731671327962,6
2024-09-19 14:51:29.158,419.96346986470087,999
2024-09-19 14:51:29.193,419.9696540655315,102
2024-09-19 14:51:29.278,419.972524809945,1000
2024-09-19 14:51:29.324,420.00346340466496,1004
2024-09-19 14:51:29.368,419.9695256437116,101
2024-09-19 14:51:29.389,419.9883299057253,13
2024-09-19 14:51:29.543,419.95634384380185,5
2024-09-19 14:51:29.626,420.01981150534,100
2024-09-19 14:51:29.739,420.0447612224611,97
2024-09-19 14:51:29.776,420.0541966354705,6
2024-09-19 14:51:29.797,419.9744059843264,104
2024-09-19 14:51:29.943,419.9593072008947,96
2024-09-19 14:51:29.961,420.01953423775456,105
2024-09-19 14:51:29.986,419.9809711073258,7
2024-09-19 14:51:30.076,419.9754376879733,1002
2024-09-19 14:51:30.105,419.92972756298303,1003
2024-09-19 14:51:30.111,419.93167908125537,7
2024-09-19 14:51:30.171,419.9268868075597,8
2024-09-19 14:51:30.233,419.9846113040144,97
2024-09-19 14:51:30.327,419.9854057594131,101
2024-09-19 14:51:30.341,419.9194875407203,103
2024-09-19 14:51:30.381,419.9396131644484,6
2024-09-19 14:51:30.559,-419.9998863397517,104
2024-09-19 14:51:30.694,419.97649247054,9
2024-09-19 14:51:30.917,419.96222719566384,1000
2024-09-19 14:51:30.922,419.93960034286727,15
2024-09-19 14:51:30.939,419.9856280554837,1005
2024-09-19 14:51:30.990,419.9578164551068,997
2024-09-19 14:51:31.014,419.96859279607474,97
2024-09-19 14:51:31.070,419.94731993181887,6
2024-09-19 14:51:31.097,419.9333039674624,10
2024-09-19 14:51:31.122,419.9633632829344,102
2024-09-19 14:51:31.151,419.954168894939,99
2024-09-19 14:51:31.164,419.9739186546777,1004
2024-09-19 14:51:31.173,419.9786864389344,11
2024-09-19 14:51:31.180,419.9725105238365,102
2024-09-19 14:51:31.233,419.9264292369672,101
2024-09-19 14:51:31.272,419.9245422355135,11
2024-09-19 14:51:31.302,419.93287325581485,95
2024-09-19 14:51:31.320,419.9579886501815,997
2024-09-19 14:51:31.348,419.9351081001148,103
2024-09-19 14:51:31.462,419.9659586005829,97
2024-09-19 14:51:31.487,419.9554714904331,1002
2024-09-19 14:51:31.518,419.9387415551951,11
2024-09-19 14:51:31.522,419.93088352293313,15
2024-09-19 14:51:31.700,419.9490782440335,1000
2024-09-19 14:51:31.723,419.9647633325528,1005
2024-09-19 14:51:31.727,419.9398830130432,98
2024-09-19 14:51:31.745,419.9687410860339,98
2024-09-19 14:51:31.803,419.9661620155621,13
2024-09-19 14:51:31.833,419.9507708132122,15
2024-09-19 14:51:31.836,419.96739105860246,1004
2024-09-19 14:51:31.886,419.9721823493137,1001
2024-09-19 14:51:31.892,419.9418647163079,97
2024-09-19 14:51:31.944,419.9445953880236,15
2024-09-19 14:51:31.944,419.9578466267175,5
2024-09-19 14:51:31.992,419.9404948607708,998
2024-09-19 14:51:32.052,419.9518075252287,997
2024-09-19 14:51:32.725,419.9495190485465,10
2024-09-19 14:51:33.353,419.97081987283167,996
2024-09-19 14:51:33.527,419.9533583187795,98
2024-09-19 14:51:33.786,419.9719691485863,99
2024-09-19 14:51:33.914,419.97151959609874,99
2024-09-19 14:51:34.010,419.9680555465421,5
2024-09-19 14:51:34.068,419.9942712984854,104
2024-09-19 14:51:34.085,419.9526367624081,100
2024-09-19 14:51:34.097,419.9372068385985,1004
2024-09-19 14:51:34.174,419.94880432396775,11
2024-09-19 14:51:34.217,419.9785279992675,101
2024-09-19 14:51:34.217,419.9310564468521,1005
2024-09-19 14:51:34.309,419.960616570821,1001
2024-09-19 14:51:34.362,419.9339846014095,14
2024-09-19 14:51:34.368,419.964096712965,1002
2024-09-19 14:51:34.398,419.9599352183624,1002
2024-09-19 14:51:34.411,419.9372379056078,1004
2024-09-19 14:51:34.422,419.94654124081217,104
2024-09-19 14:51:34.441,419.9882829235166,8
2024-09-19 14:51:34.461,419.9490331875496,13
2024-09-19 14:51:34.466,419.9521123857194,99
2024-09-19 14:51:34.477,419.9760991346162,96
2024-09-19 14:51:34.531,419.9817387409124,10
2024-09-19 14:51:34.535,419.9342957902051,101
2024-09-19 14:51:34.574,419.9776514013503,11
2024-09-19 14:51:34.603,419.9773125477843,997
2024-09-19 14:51:34.604,419.9344297502856,999
2024-09-19 14:51:34.618,419.9645658052413,105
2024-09-19 14:51:34.629,419.93101483918696,997
2024-09-19 14:51:34.636,419.92121219755904,97
2024-09-19 14:51:34.708,419.9482971771105,1003
2024-09-19 14:51:34.715,419.9471574632779,1002
2024-09-19 14:51:35.011,420.0098406633572,101
2024-09-19 14:51:35.544,420.0180150001827,9
2024-09-19 14:51:35.568,420.0396324518009,998
2024-09-19 14:51:35.745,420.0026364057,999
2024-09-19 14:51:36.059,420.0437656819771,5
2024-09-19 14:51:36.069,419.9961796466327,1000
2024-09-19 14:51:36.134,420.040756583479,10
2024-09-19 14:51:36.204,420.0180832272328,1002
2024-09-19 14:51:36.274,420.0314010790202,998
2024-09-19 14:51:36.307,420.0360875289125,103
2024-09-19 14:51:36.422,420.03800987124976,5
2024-09-19 14:51:36.542,420.04062198084,102
2024-09-19 14:51:36.560,420.0417532013514,996
2024-09-19 14:51:36.640,420.0377001731267,1000
2024-09-19 14:51:36.658,420.0515426803888,12
2024-09-19 14:51:36.767,420.0484866503077,101
2024-09-19 14:51:36.828,420.0328095210003,1003
2024-09-19 14:51:36.896,420.0291667961197,1005
2024-09-19 14:51:37.004,419.96677093813565,105
2024-09-19 14:51:37.051,419.9633069624719,12
2024-09-19 14:51:37.210,419.9423058758303,11
2024-09-19 14:51:37.295,419.9457989705189,100
2024-09-19 14:51:37.296,419.9614205287519,97
2024-09-19 14:51:37.356,419.9576931069945,12
2024-09-19 14:51:37.360,419.9451850817047,995
2024-09-19 14:51:37.443,419.9677988394157,15
2024-09-19 14:51:37.464,419.9891108020525,999
2024-09-19 14:51:37.483,419.9314093055755,104
2024-09-19 14:51:37.548,419.9403281564911,14
2024-09-19 14:51:37.567,419.9458400449209,1005
2024-09-19 14:51:37.588,419.94332214194793,1000
2024-09-19 14:51:37.631,419.920007902715,8
2024-09-19 14:51:37.713,419.90595359120033,102
2024-09-19 14:51:37.723,419.9694455403298,12
2024-09-19 14:51:37.746,419.9449932801248,100
2024-09-19 14:51:37.856,419.9608046499733,1004
2024-09-19 14:51:37.900,419.9326511784745,14
2024-09-19 14:51:37.900,419.95577787141247,1005
2024-09-19 14:51:37.901,419.9757117156666,101
2024-09-19 14:51:38.029,420.0174849499769,1000
2024-09-19 14:51:38.134,420.0174106681406,1000
2024-09-19 14:51:38.188,41.4898780353491,6
2024-09-19 14:51:38.301,420.0002211325435,15
2024-09-19 14:51:38.309,419.9773562530517,5
2024-09-19 14:51:38.324,419.9577898154824,1001
2024-09-19 14:51:38.437,419.9891506188642,1003
2024-09-19 14:51:38.459,419.9769473214031,13
2024-09-19 14:51:38.471,419.9934557536197,5
2024-09-19 14:51:38.524,419.9979827913613,5
2024-09-19 14:51:38.529,420.0108863236627,102
2024-09-19 14:51:38.546,420.01869756000673,99
2024-09-19 14:51:38.546,419.98894926587815,100
2024-09-19 14:51:38.619,419.98454929724784,999
2024-09-19 14:51:38.621,419.9715589681541,1003
2024-09-19 14:51:38.639,419.9819289449561,7
2024-09-19 14:51:38.646,420.01754811270894,1004
2024-09-19 14:51:38.688,419.9735976949114,96
2024-09-19 14:51:38.797,420.016276142798,12
2024-09-19 14:51:38.816,419.9955391916053,9
2024-09-19 14:51:38.849,419.9445897120975,1003
2024-09-19 14:51:38.864,419.9904596925537,95
2024-09-19 14:51:38.885,420.0180397381986,1002
2024-09-19 14:51:38.940,419.9481178486393,96
2024-09-19 14:51:38.945,419.9461651075481,12
2024-09-19 14:51:39.013,420.02459733569685,7
2024-09-19 14:51:39.069,420.035381079865,95
2024-09-19 14:51:39.155,420.0465966130415,97
2024-09-19 14:51:39.184,420.0331293117951,7
2024-09-19 14:51:39.239,420.02924791417087,1005
2024-09-19 14:51:39.537,420.0482446731367,1003
2024-09-19 14:51:39.704,420.0323643379061,13
2024-09-19 14:51:39.725,420.0420891353442,101
2024-09-19 14:51:39.789,420.02610276231314,105
2024-09-19 14:51:40.072,420.02476104386886,996
2024-09-19 14:51:40.077,420.0097833612223,105
2024-09-19 14:51:40.111,419.9909049144164,96
2024-09-19 14:51:40.123,420.0136372933236,1002
2024-09-19 14:51:40.208,420.04242791695566,10
2024-09-19 14:51:40.277,420.01943811285565,100
2024-09-19 14:51:40.346,420.0146672344083,8
2024-09-19 14:51:40.390,420.0578686589884,8
2024-09-19 14:51:40.458,420.0378467653689,8
2024-09-19 14:51:40.512,420.04375138385336,11
2024-09-19 14:51:40.569,420.058227963964,1001
2024-09-19 14:51:40.608,420.0382147132503,995
2024-09-19 14:51:40.622,419.9921388723672,104
2024-09-19 14:51:40.625,420.02530516381546,104
2024-09-19 14:51:40.692,420.0125986112266,1003
2024-09-19 14:51:40.694,420.00774121803306,6
2024-09-19 14:51:40.713,420.0103852192624,1000
2024-09-19 14:51:40.744,420.0496534454616,1002
2024-09-19 14:51:40.809,420.0204953857474,14
2024-09-19 14:51:40.835,419.9955267813587,997
2024-09-19 14:51:40.951,420.016986599856,1004
2024-09-19 14:51:40.960,420.0144202061893,97
2024-09-19 14:51:40.973,420.018250914693,1000
2024-09-19 14:51:41.203,419.9884470331513,101
2024-09-19 14:51:41.209,420.0001337588772,102
2024-09-19 14:51:41.218,419.9985450191023,996
2024-09-19 14:51:41.221,419.9830199963276,997
2024-09-19 14:51:41.301,420.0060722127097,1001
2024-09-19 14:51:41.304,420.0497648378774,102
2024-09-19 14:51:41.317,420.0038521410885,95
2024-09-19 14:51:41.347,420.0155610430493,1004
2024-09-19 14:51:41.347,420.0247045603898,7
2024-09-19 14:51:41.480,419.9784562986509,101
2024-09-19 14:51:41.533,420.0064382949946,1003
2024-09-19 14:51:41.541,420.0099916512837,5
2024-09-19 14:51:41.589,419.9946223280756,105
2024-09-19 14:51:41.607,419.9998803481912,95
2024-09-19 14:51:41.615,420.063547364614,996
2024-09-19 14:51:41.702,419.9984653952725,101
2024-09-19 14:51:41.767,42.00041110681514,12
2024-09-19 14:51:41.783,420.0439469346575,10
2024-09-19 14:51:41.869,420.0073354488459,14
2024-09-19 14:51:41.893,420.0396835237176,99
2024-09-19 14:51:41.901,420.04031884472505,999
2024-09-19 14:51:42.008,419.9950809967561,1005
2024-09-19 14:51:42.017,420.0076037198899,1003
2024-09-19 14:51:42.045,420.0087716662069,12
2024-09-19 14:51:42.058,419.9953840726247,12
2024-09-19 14:51:42.094,420.01673067529833,96
2024-09-19 14:51:42.133,419.9964699031877,95
2024-09-19 14:51:42.160,420.01288173027496,100
2024-09-19 14:51:42.219,419.912871277921,98
2024-09-19 14:51:42.257,420.00572371133234,104
2024-09-19 14:51:42.302,419.9880431315984,14
2024-09-19 14:51:42.380,420.0079007316277,100
2024-09-19 14:51:42.448,420.015519082004,103
2024-09-19 14:51:42.451,419.9087528624359,105
2024-09-19 14:51:42.476,420.0027988601037,998
2024-09-19 14:51:42.484,419.978639450316,995
2024-09-19 14:51:42.493,419.9645648570662,997
2024-09-19 14:51:42.505,419.8935302827266,996
2024-09-19 14:51:42.660,419.99894211894,98
2024-09-19 14:51:42.689,419.9949052406921,99
2024-09-19 14:51:42.702,420.00371360266143,1000
2024-09-19 14:51:42.721,420.0288420334378,100
2024-09-19 14:51:42.733,420.0140531106589,103
2024-09-19 14:51:42.849,419.9386214283492,104
2024-09-19 14:51:42.853,419.9486343499255,6
2024-09-19 14:51:42.929,420.0037441558758,10
2024-09-19 14:51:42.933,420.0236716851927,95
2024-09-19 14:51:42.954,419.99780669234895,1004
2024-09-19 14:51:42.954,420.02156648797006,98
2024-09-19 14:51:42.970,420.0091584926699,102
2024-09-19 14:51:43.045,419.90441564479806,10
2024-09-19 14:51:43.112,419.9529420003324,103
2024-09-19 14:51:43.127,419.93484001006,1003
2024-09-19 14:51:43.146,419.9223852799863,9
2024-09-19 14:51:43.159,419.9614870083074,1003
2024-09-19 14:51:43.253,419.9624518075603,999
2024-09-19 14:51:43.279,419.8805874122679,995
2024-09-19 14:51:43.322,419.9418401202462,13
2024-09-19 14:51:43.347,419.9637143350004,1005
2024-09-19 14:51:43.356,419.906730721785,1003
2024-09-19 14:51:43.359,419.9229258697764,998
2024-09-19 14:51:43.374,419.8815661131893,15
2024-09-19 14:51:43.376,419.9581073798615,98
2024-09-19 14:51:43.392,419.9533089347647,1004
2024-09-19 14:51:43.424,419.8989846084412,100
2024-09-19 14:51:43.479,419.95969447602863,9
2024-09-19 14:51:43.534,419.9377574895083,1004
2024-09-19 14:51:43.591,419.9678506587398,95
2024-09-19 14:51:43.732,419.94178739142393,996
2024-09-19 14:51:43.813,419.9394919603258,95
2024-09-19 14:51:43.972,419.8727013841731,997
2024-09-19 14:51:44.030,419.90756078669824,1004
2024-09-19 14:51:44.037,419.8824380819272,104
2024-09-19 14:51:44.092,419.92639422578526,101
2024-09-19 14:51:44.143,419.8634353782281,8
2024-09-19 14:51:44.182,419.88345281432913,101
2024-09-19 14:51:44.211,419.9330941012014,1004
2024-09-19 14:51:44.216,419.8912180701043,1004
2024-09-19 14:51:44.235,419.9088226764767,12
2024-09-19 14:51:44.297,419.8869046700674,95
2024-09-19 14:51:44.402,419.8844335186732,8
2024-09-19 14:51:44.453,419.879936925829,101
2024-09-19 14:51:44.474,419.8953993260466,997
2024-09-19 14:51:44.516,419.8653248021361,1000
2024-09-19 14:51:44.517,419.9099560997563,11
2024-09-19 14:51:44.592,419.8833145548953,5
2024-09-19 14:51:44.662,419.9107618833214,11
2024-09-19 14:51:44.706,419.8665705583954,998
2024-09-19 14:51:44.711,419.88013057548,996
2024-09-19 14:51:44.833,419.930576885828,14
2024-09-19 14:51:44.859,419.84093898310505,1004
2024-09-19 14:51:44.863,419.879917954077,8
2024-09-19 14:51:44.879,419.8712676511553,104
2024-09-19 14:51:44.910,419.886533916066,1001
2024-09-19 14:51:44.937,419.9068875735618,1000
2024-09-19 14:51:44.958,419.88209864259846,95
2024-09-19 14:51:44.973,419.8806501961614,100
2024-09-19 14:51:44.974,419.9006796873303,99
2024-09-19 14:51:45.103,419.9088608907105,7
2024-09-19 14:51:45.216,419.916384410118,96
2024-09-19 14:51:45.237,419.93704027557726,98
2024-09-19 14:51:45.250,419.9250088093672,999
2024-09-19 14:51:45.466,419.8913019046664,1004
2024-09-19 14:51:45.479,419.9238823076951,1004
2024-09-19 14:51:45.731,419.9224225122816,5
2024-09-19 14:51:45.759,419.9025457713607,102
2024-09-19 14:51:45.818,41.99055630387843,1001
2024-09-19 14:51:45.921,419.9270576965065,104
2024-09-19 14:51:45.941,419.9002243629747,7
2024-09-19 14:51:45.976,419.9211068632449,103
2024-09-19 14:51:46.050,419.8999076646566,996
2024-09-19 14:51:46.065,419.8819731761054,104
2024-09-19 14:51:46.264,419.8743762906424,1001
2024-09-19 14:51:46.290,419.9017480735487,99
2024-09-19 14:51:46.379,419.89303825580953,996
2024-09-19 14:51:46.396,419.8823144977975,998
2024-09-19 14:51:46.529,419.8535341190389,9
2024-09-19 14:51:46.608,419.8971424524663,12
2024-09-19 14:51:46.622,419.9002197909911,998
2024-09-19 14:51:46.716,419.9133876431352,97
2024-09-19 14:51:46.812,419.87624415331305,1002
2024-09-19 14:51:46.826,419.8417573941493,98
2024-09-19 14:51:46.880,419.89217150970654,997
2024-09-19 14:51:46.961,419.8981280817032,1005
2024-09-19 14:51:47.463,419.8705277659114,1003
2024-09-19 14:51:47.464,419.8431081472813,1004
2024-09-19 14:51:47.520,419.838402947048,997
2024-09-19 14:51:47.569,419.8352286024409,10
2024-09-19 14:51:47.576,419.8793379474638,12
2024-09-19 14:51:47.685,419.8758611726847,998
2024-09-19 14:51:47.879,419.8418909974813,996
2024-09-19 14:51:48.009,419.82563548369416,12
2024-09-19 14:51:48.062,419.7846299943054,100
2024-09-19 14:51:48.096,419.8457663077463,14
2024-09-19 14:51:48.153,419.7941173676134,6
2024-09-19 14:51:48.184,419.7690869919807,98
2024-09-19 14:51:48.224,419.8031225143458,1004
2024-09-19 14:51:48.246,419.831994022384,995
2024-09-19 14:51:48.296,419.8414422958583,995
2024-09-19 14:51:48.368,419.79157319505583,995
2024-09-19 14:51:48.518,419.8426693051332,15
2024-09-19 14:51:48.537,419.8626898566176,98
2024-09-19 14:51:48.578,419.8363555254476,7
2024-09-19 14:51:48.598,419.8644660703172,6
2024-09-19 14:51:48.608,419.8520625603684,13
2024-09-19 14:51:48.626,419.7887696850889,99
2024-09-19 14:51:48.697,419.7870451941548,6
2024-09-19 14:51:48.814,419.7953076160669,101
2024-09-19 14:51:48.882,419.7810220015506,7
2024-09-19 14:51:48.954,419.7845083663953,9
2024-09-19 14:51:49.263,419.79240199890216,105
2024-09-19 14:51:49.724,419.78270777727016,7
2024-09-19 14:51:49.800,419.7889587332595,9
2024-09-19 14:51:49.812,419.7839779879819,11
2024-09-19 14:51:49.839,419.7796584035322,998
2024-09-19 14:51:49.842,419.7828728997082,101
2024-09-19 14:51:50.090,419.8441092002666,1001
2024-09-19 14:51:50.151,419.8632902011301,9
2024-09-19 14:51:50.187,419.7992911945968,5
2024-09-19 14:51:50.304,419.8056803288192,15
2024-09-19 14:51:50.306,419.7875656551723,8
2024-09-19 14:51:50.348,419.8074414395701,102
2024-09-19 14:51:50.404,,98
2024-09-19 14:51:50.492,419.8164962459948,1000
2024-09-19 14:51:50.528,419.8131205755821,9
2024-09-19 14:51:50.538,419.7842515145657,103
2024-09-19 14:51:50.598,419.8053284232928,9
2024-09-19 14:51:50.743,419.8057178608847,1005
2024-09-19 14:51:50.752,419.7885181872412,7
2024-09-19 14:51:51.056,414.9518780165023,104
2024-09-19 14:51:51.382,419.8529577824386,998
2024-09-19 14:51:51.707,414.95598092252834,102
2024-09-19 14:51:51.760,419.87098760001305,9
2024-09-19 14:51:51.806,419.84317976309217,102
2024-09-19 14:51:51.840,419.8536310897477,102
2024-09-19 14:51:51.961,419.8714287567138,1002
2024-09-19 14:51:52.253,419.8602313118044,1004
2024-09-19 14:51:52.263,419.84855595093086,101
2024-09-19 14:51:52.501,419.8457976129244,999
2024-09-19 14:51:52.548,419.8297713680093,997
2024-09-19 14:51:52.646,419.8633248729832,1005
2024-09-19 14:51:52.831,419.8389112612732,8
2024-09-19 14:51:52.934,419.8272713014858,997
2024-09-19 14:51:53.042,419.7896652171021,105
2024-09-19 14:51:53.068,419.76206809075575,15
2024-09-19 14:51:53.240,419.7656773738478,10
2024-09-19 14:51:53.308,419.8297077621774,6
2024-09-19 14:51:53.366,419.803686063984,99
2024-09-19 14:51:53.386,419.7783554712652,100
2024-09-19 14:51:53.668,419.8200328119033,1002
2024-09-19 14:51:53.670,419.8360411857907,1003
2024-09-19 14:51:53.736,419.7607351520053,105
2024-09-19 14:51:53.811,419.7689480617996,12
2024-09-19 14:51:53.829,419.8175692451421,104
2024-09-19 14:51:53.869,419.76468572809983,10
2024-09-19 14:51:53.959,419.7624884762829,1004
2024-09-19 14:51:53.966,419.8302281155711,998
2024-09-19 14:51:54.009,419.7586134532031,9
2024-09-19 14:51:54.211,419.76136081521776,6
2024-09-19 14:51:54.257,419.7659525834279,1001
2024-09-19 14:51:54.271,419.7572782510644,1002
2024-09-19 14:51:54.548,419.7612384017236,12
2024-09-19 14:51:54.553,419.7412683891061,8
2024-09-19 14:51:54.608,419.7557147172224,8
2024-09-19 14:51:54.613,419.773576433138,101
2024-09-19 14:51:54.626,419.7385768175204,997
2024-09-19 14:51:54.627,419.7584881784427,998
2024-09-19 14:51:54.643,419.75553345713,999
2024-09-19 14:51:54.659,419.7533340420526,6
2024-09-19 14:51:54.687,419.7452835501208,10
2024-09-19 14:51:54.748,419.7597645799036,102
2024-09-19 14:51:54.902,419.75354643864017,995
2024-09-19 14:51:54.982,419.7639379301962,104
2024-09-19 14:51:55.115,414.8527526316094,997
2024-09-19 14:51:55.399,419.7451555301796,1001
2024-09-19 14:51:55.428,419.7306776727872,997
2024-09-19 14:51:55.801,419.7242894457998,95
2024-09-19 14:51:55.985,419.747747903135,99
2024-09-19 14:51:56.056,419.7390620994619,1005
2024-09-19 14:51:56.384,419.72592086795527,5
2024-09-19 14:51:56.531,419.7418584034619,104
2024-09-19 14:51:56.600,,1003
2024-09-19 14:51:56.623,419.7298135623909,11
2024-09-19 14:51:56.730,419.7300784464117,10
2024-09-19 14:51:56.828,419.7249979557265,102
2024-09-19 14:51:56.833,419.7316427021134,9
2024-09-19 14:51:56.836,419.70813273478745,101
2024-09-19 14:51:56.907,419.7533467772647,104
2024-09-19 14:51:56.956,419.7363580113858,95
2024-09-19 14:51:57.072,419.751031829276,1000
2024-09-19 14:51:57.181,419.76534366101794,1002
2024-09-19 14:51:57.430,419.768967321636,1001
2024-09-19 14:51:57.476,419.7307506090306,103
2024-09-19 14:51:57.495,419.7510112397157,997
2024-09-19 14:51:57.517,419.75100016689504,105
2024-09-19 14:51:57.538,419.7500105897947,96
2024-09-19 14:51:57.686,419.7480600733036,105
2024-09-19 14:51:57.715,419.7557545090223,104
2024-09-19 14:51:57.776,419.7557421521957,1000
2024-09-19 14:51:57.788,419.76423784191786,97
2024-09-19 14:51:57.938,419.76133498614826,1000
2024-09-19 14:51:58.010,419.7456523370441,100
2024-09-19 14:51:58.865,419.7311740758566,1000
2024-09-19 14:51:59.037,419.7381008946758,6
2024-09-19 14:51:59.042,419.77988577967017,104
2024-09-19 14:51:59.125,419.76113798440105,999
2024-09-19 14:51:59.195,419.7740750531921,11
2024-09-19 14:51:59.212,419.77211080508187,998
2024-09-19 14:51:59.233,419.7978705153399,101
2024-09-19 14:51:59.242,419.7659481012757,96
2024-09-19 14:51:59.260,419.75275918693296,5
2024-09-19 14:51:59.301,419.7638193836458,96
2024-09-19 14:51:59.342,419.75128528907146,1000
2024-09-19 14:51:59.416,419.756087614729,11
2024-09-19 14:51:59.418,419.7569270077613,9
2024-09-19 14:51:59.419,419.7818825788116,995
2024-09-19 14:51:59.443,419.7690664594517,995
2024-09-19 14:51:59.512,419.7323224533097,996
2024-09-19 14:51:59.521,419.7605264648307,1004
2024-09-19 14:51:59.526,419.7633689053738,7
2024-09-19 14:51:59.537,419.7720550974568,8
2024-09-19 14:51:59.569,419.7779843809601,105
2024-09-19 14:51:59.628,419.7454885488106,6
2024-09-19 14:51:59.735,419.7888286010801,5
2024-09-19 14:51:59.861,419.7805308173103,13
2024-09-19 14:51:59.932,419.7844613083131,998
2024-09-19 14:51:59.970,-419.754940361829,9
