Timestamp,Price,Size
2024-09-17 12:10:00.043,409.99968656405406,15
2024-09-17 12:10:00.067,410.0038171132455,996
2024-09-17 12:10:00.068,410.0207856359692,100
2024-09-17 12:10:00.075,-410.0008477119353,102
2024-09-17 12:10:00.140,410.0198377600508,102
2024-09-17 12:10:00.149,410.01019914456407,12
2024-09-17 12:10:00.180,410.0090581420336,1002
2024-09-17 12:10:00.214,409.9842322619997,99
2024-09-17 12:10:00.217,410.01917354036254,103
2024-09-17 12:10:00.246,410.022381593301,9
2024-09-17 12:10:00.309,410.01496347919584,8
2024-09-17 12:10:00.329,410.0168297992714,1003
2024-09-17 12:10:00.379,410.0059950912899,9
2024-09-17 12:10:00.387,409.9997893833391,7
2024-09-17 12:10:00.394,409.99702658134765,14
2024-09-17 12:10:00.406,410.00925079922,997
2024-09-17 12:10:00.439,410.0238879389578,9
2024-09-17 12:10:00.466,410.0230104641517,14
2024-09-17 12:10:00.541,409.9846646210229,99
2024-09-17 12:10:00.605,409.9949327038576,13
2024-09-17 12:10:00.686,410.0230281555114,1004
2024-09-17 12:10:00.778,409.9937381382425,105
2024-09-17 12:10:00.807,410.0119162958988,15
2024-09-17 12:10:00.814,410.01632918514514,104
2024-09-17 12:10:00.836,410.0227181146633,101
2024-09-17 12:10:00.991,410.0117439200724,1005
2024-09-17 12:10:01.159,410.0574212525353,96
2024-09-17 12:10:01.202,410.0680585989277,998
2024-09-17 12:10:01.304,410.0587300050513,104
2024-09-17 12:10:01.438,410.0170569329888,996
2024-09-17 12:10:01.465,410.00862772255687,10
2024-09-17 12:10:01.485,410.0090026717588,100
2024-09-17 12:10:01.488,410.0849174935105,9
2024-09-17 12:10:01.546,410.026715575758,995
2024-09-17 12:10:01.570,410.0262787936087,6
2024-09-17 12:10:01.577,410.0207505563907,12
2024-09-17 12:10:01.599,410.0055627980951,99
2024-09-17 12:10:01.614,410.1070968214372,104
2024-09-17 12:10:01.625,410.0547133818213,97
2024-09-17 12:10:01.637,410.0814805886413,996
2024-09-17 12:10:01.744,410.08044258047744,1003
2024-09-17 12:10:01.812,410.07855653526775,999
2024-09-17 12:10:01.894,410.0416149784802,13
2024-09-17 12:10:01.974,410.0408558294095,14
2024-09-17 12:10:01.985,410.00216042022896,7
2024-09-17 12:10:01.989,410.0232928958918,96
2024-09-17 12:10:02.238,410.10248791139935,5
2024-09-17 12:10:02.390,410.11695343776734,998
2024-09-17 12:10:02.398,410.1052880385685,6
2024-09-17 12:10:02.413,410.0898923266062,7
2024-09-17 12:10:02.478,410.1297086884134,15
2024-09-17 12:10:02.552,410.0888782133673,1003
2024-09-17 12:10:02.588,410.12079685954393,12
2024-09-17 12:10:02.614,410.1268410698714,10
2024-09-17 12:10:02.675,410.1193175131788,1003
2024-09-17 12:10:02.731,410.1233684498308,102
2024-09-17 12:10:02.760,410.0844257040266,999
2024-09-17 12:10:02.789,410.0945957093446,1001
2024-09-17 12:10:02.809,410.1207901864318,6
2024-09-17 12:10:02.879,410.105802968028,96
2024-09-17 12:10:02.888,410.1082126157808,102
2024-09-17 12:10:02.901,410.1341047714995,1004
2024-09-17 12:10:02.903,410.09480418079977,105
2024-09-17 12:10:02.907,410.1198214099093,996
2024-09-17 12:10:02.940,410.0823494071295,8
2024-09-17 12:10:02.968,410.1066826870993,95
2024-09-17 12:10:02.993,410.1220757462827,995
2024-09-17 12:10:03.015,410.0925175287293,105
2024-09-17 12:10:03.125,41.00981959857782,8
2024-09-17 12:10:03.177,410.0747798316133,996
2024-09-17 12:10:03.272,410.0955918128956,14
2024-09-17 12:10:03.319,410.0947184484556,1001
2024-09-17 12:10:03.450,410.0843370223256,14
2024-09-17 12:10:03.461,410.06971297815846,100
2024-09-17 12:10:03.524,410.0862009455411,15
2024-09-17 12:10:03.525,410.10764593109775,995
2024-09-17 12:10:03.527,410.0936876864756,102
2024-09-17 12:10:03.606,410.08497491162416,104
2024-09-17 12:10:03.780,410.0837582607997,14
2024-09-17 12:10:03.876,410.0589750506589,105
2024-09-17 12:10:03.943,410.090110806088,13
2024-09-17 12:10:03.946,410.0834447021209,14
2024-09-17 12:10:03.952,410.081464793965,997
2024-09-17 12:10:04.020,410.1021912771985,1001
2024-09-17 12:10:04.152,410.096325342348,6
2024-09-17 12:10:04.410,410.0902308805582,9
2024-09-17 12:10:04.427,410.0957294613747,103
2024-09-17 12:10:04.479,410.1049152903158,1000
2024-09-17 12:10:04.524,410.1137727670968,1004
2024-09-17 12:10:04.594,410.1089094942198,95
2024-09-17 12:10:04.637,410.1177026131601,1001
2024-09-17 12:10:04.674,410.10079322355904,6
2024-09-17 12:10:04.801,410.1138663897692,13
2024-09-17 12:10:04.901,410.1230991443804,96
2024-09-17 12:10:04.908,410.089410498542,99
2024-09-17 12:10:05.322,410.09116970185744,101
2024-09-17 12:10:06.003,410.1017953904185,1002
2024-09-17 12:10:06.030,410.117071694735,999
2024-09-17 12:10:06.046,410.0531895000073,998
2024-09-17 12:10:06.046,410.1432680646357,15
2024-09-17 12:10:06.117,410.1020893507452,103
2024-09-17 12:10:06.453,410.1428683969444,95
2024-09-17 12:10:06.520,410.129767841256,101
2024-09-17 12:10:06.549,410.1212025644521,7
2024-09-17 12:10:06.579,410.14687840513966,8
2024-09-17 12:10:06.588,410.15591360996,7
2024-09-17 12:10:06.590,410.1345971988587,1002
2024-09-17 12:10:06.618,410.14638355610055,11
2024-09-17 12:10:06.708,410.1249729734409,98
2024-09-17 12:10:06.736,410.14555705173655,99
2024-09-17 12:10:06.780,410.1416471264591,1002
2024-09-17 12:10:06.852,410.0932716315064,999
2024-09-17 12:10:06.925,410.0799402609758,998
2024-09-17 12:10:06.927,410.15807507525057,13
2024-09-17 12:10:06.966,410.0964343089792,6
2024-09-17 12:10:07.128,410.1409828000613,104
2024-09-17 12:10:07.302,410.1229163538586,96
2024-09-17 12:10:07.742,410.1221743424732,1001
2024-09-17 12:10:07.767,410.13113407868434,95
2024-09-17 12:10:07.777,410.1088602151831,998
2024-09-17 12:10:08.084,410.09147450539393,14
2024-09-17 12:10:08.138,410.0619309132624,1002
2024-09-17 12:10:08.161,410.09012931185856,100
2024-09-17 12:10:08.223,410.1134307066623,1005
2024-09-17 12:10:08.258,410.0697952304993,15
2024-09-17 12:10:08.293,410.093669726306,12
2024-09-17 12:10:08.454,410.0907944037467,1003
2024-09-17 12:10:08.484,410.1146506927846,8
2024-09-17 12:10:08.495,410.0738560109498,7
2024-09-17 12:10:08.516,410.065604287677,998
2024-09-17 12:10:08.533,410.13099047342746,103
2024-09-17 12:10:08.560,410.06698673696,999
2024-09-17 12:10:08.578,410.07265393253925,1005
2024-09-17 12:10:08.594,410.08467685102136,6
2024-09-17 12:10:08.771,410.0883377693368,97
2024-09-17 12:10:08.774,410.1257794627387,14
2024-09-17 12:10:08.897,410.1092276579751,9
2024-09-17 12:10:08.943,410.0630378133483,10
2024-09-17 12:10:08.967,410.07955344768703,1003
2024-09-17 12:10:08.978,410.0548882441877,103
2024-09-17 12:10:08.998,410.0993478970824,104
2024-09-17 12:10:10.028,410.1009151040373,1001
2024-09-17 12:10:10.162,410.1061394050983,95
2024-09-17 12:10:10.186,410.1025022606471,105
2024-09-17 12:10:10.723,410.10797409661154,13
2024-09-17 12:10:10.926,410.1095535895464,1000
2024-09-17 12:10:10.950,410.1140799331369,13
2024-09-17 12:10:10.986,410.1094648929333,15
2024-09-17 12:10:11.000,410.06601888130297,1000
2024-09-17 12:10:11.149,410.0729189805736,13
2024-09-17 12:10:11.164,410.07621377953393,96
2024-09-17 12:10:11.167,410.0528976612008,10
2024-09-17 12:10:11.273,410.119651530664,997
2024-09-17 12:10:11.322,410.0940615680776,99
2024-09-17 12:10:11.325,410.1182661177641,103
2024-09-17 12:10:11.366,410.070078829049,1003
2024-09-17 12:10:11.366,410.0967946217284,95
2024-09-17 12:10:11.370,410.05975673141774,8
2024-09-17 12:10:11.441,410.0719298064548,15
2024-09-17 12:10:11.538,410.0552671940301,100
2024-09-17 12:10:11.595,410.1274196746476,1002
2024-09-17 12:10:11.667,410.0893746257131,102
2024-09-17 12:10:11.769,410.05071565314535,5
2024-09-17 12:10:11.837,410.04420083715166,97
2024-09-17 12:10:11.958,410.0600305821456,995
2024-09-17 12:10:12.002,410.09247033928807,15
2024-09-17 12:10:12.013,410.0253933254514,1003
2024-09-17 12:10:12.014,410.0447574434193,998
2024-09-17 12:10:12.055,410.0588606870844,102
2024-09-17 12:10:12.074,410.0200301486417,1001
2024-09-17 12:10:12.129,410.0384211181382,999
2024-09-17 12:10:12.155,410.0202106912786,996
2024-09-17 12:10:12.193,410.1405369614272,104
2024-09-17 12:10:12.311,410.0334359469591,9
2024-09-17 12:10:12.400,410.0576660389823,9
2024-09-17 12:10:12.421,410.05815374340864,15
2024-09-17 12:10:12.443,410.0902026980936,13
2024-09-17 12:10:12.466,410.0528788357153,999
2024-09-17 12:10:12.511,410.0625635076727,8
2024-09-17 12:10:12.531,410.074623697612,11
2024-09-17 12:10:12.537,410.03174034048016,997
2024-09-17 12:10:12.550,410.01562793696326,6
2024-09-17 12:10:12.561,410.0463084213814,1005
2024-09-17 12:10:12.577,410.0975542339653,1000
2024-09-17 12:10:12.581,410.09557769553743,9
2024-09-17 12:10:12.648,410.0793267054183,995
2024-09-17 12:10:12.661,410.0607702036629,11
2024-09-17 12:10:12.773,410.05230093795313,15
2024-09-17 12:10:12.933,410.06869293220353,997
2024-09-17 12:10:12.934,410.0214104207021,13
2024-09-17 12:10:12.934,410.0488698676447,13
2024-09-17 12:10:12.970,410.0211386912717,101
2024-09-17 12:10:12.985,410.0959667668346,995
2024-09-17 12:10:13.059,410.0769742404748,15
2024-09-17 12:10:13.088,410.09761510913626,1003
2024-09-17 12:10:13.138,410.10956025977976,1001
2024-09-17 12:10:13.285,410.1461322256163,1005
2024-09-17 12:10:13.332,410.10955931040337,995
2024-09-17 12:10:13.366,410.1461892199718,104
2024-09-17 12:10:13.374,410.0780693953548,996
2024-09-17 12:10:13.390,410.0884970282417,6
2024-09-17 12:10:13.394,410.0873093076215,1004
2024-09-17 12:10:13.415,410.09213118367904,9
2024-09-17 12:10:13.457,410.1088020693427,1000
2024-09-17 12:10:13.482,410.1046491897753,13
2024-09-17 12:10:13.514,410.0762667134972,102
2024-09-17 12:10:13.532,410.07340988135854,995
2024-09-17 12:10:13.586,410.1178663855245,100
2024-09-17 12:10:13.724,410.08037511871447,1005
2024-09-17 12:10:13.904,410.1147372255626,997
2024-09-17 12:10:13.920,410.09637770518816,105
2024-09-17 12:10:13.952,410.0740742725649,5
2024-09-17 12:10:13.963,410.0849768410052,103
2024-09-17 12:10:14.102,410.1043241555623,99
2024-09-17 12:10:14.460,410.1059797356259,105
2024-09-17 12:10:14.577,410.1185642158718,6
2024-09-17 12:10:15.515,410.1049658633337,6
2024-09-17 12:10:15.594,410.08638076952457,99
2024-09-17 12:10:15.632,410.0869889146007,102
2024-09-17 12:10:15.770,410.0774325880764,995
2024-09-17 12:10:16.166,410.0781248234613,102
2024-09-17 12:10:16.195,410.0791810121029,998
2024-09-17 12:10:16.514,410.0703299307295,105
2024-09-17 12:10:16.948,410.077415720925,104
2024-09-17 12:10:17.038,410.087643067628,96
2024-09-17 12:10:17.077,410.1143355922661,1000
2024-09-17 12:10:17.082,410.1154115483215,996
2024-09-17 12:10:17.221,410.0753599071941,6
2024-09-17 12:10:17.315,410.1244515389623,1003
2024-09-17 12:10:17.395,410.14605617331387,6
2024-09-17 12:10:17.505,410.1404751187925,15
2024-09-17 12:10:17.667,410.1301318755888,1005
2024-09-17 12:10:17.712,410.1167023861967,96
2024-09-17 12:10:17.763,410.1223393944351,97
2024-09-17 12:10:17.832,410.1420088428098,8
2024-09-17 12:10:17.871,410.1204086768941,100
2024-09-17 12:10:17.894,410.1438549029831,1002
2024-09-17 12:10:17.895,410.1388831675772,5
2024-09-17 12:10:18.065,410.1285295690841,7
2024-09-17 12:10:18.204,410.1118504068685,998
2024-09-17 12:10:18.291,410.1065487829681,14
2024-09-17 12:10:18.358,410.1030143985683,104
2024-09-17 12:10:18.454,410.10085913322496,13
2024-09-17 12:10:18.456,410.1110930495242,101
2024-09-17 12:10:18.474,410.10886789121327,95
2024-09-17 12:10:18.543,410.0958970318699,999
2024-09-17 12:10:18.810,410.1166978349269,995
2024-09-17 12:10:19.410,410.14086935461165,996
2024-09-17 12:10:19.458,410.1231384379215,11
2024-09-17 12:10:19.499,410.120630629138,14
2024-09-17 12:10:19.682,410.1205533035211,5
2024-09-17 12:10:19.691,410.1134895482909,104
2024-09-17 12:10:19.701,410.1056496736748,103
2024-09-17 12:10:19.786,410.1350908812224,10
2024-09-17 12:10:20.002,410.0820165645591,9
2024-09-17 12:10:20.072,410.0571985638716,5
2024-09-17 12:10:20.118,410.0516899078431,1003
2024-09-17 12:10:20.127,410.1284452936322,105
2024-09-17 12:10:20.144,410.1269984533575,13
2024-09-17 12:10:20.154,410.07332687966135,95
2024-09-17 12:10:20.204,410.06155687437456,1000
2024-09-17 12:10:20.224,410.04584073929504,102
2024-09-17 12:10:20.229,410.0721972416223,12
2024-09-17 12:10:20.272,410.0676511328937,7
2024-09-17 12:10:20.348,410.0832964105689,8
2024-09-17 12:10:20.402,410.0905090693244,103
2024-09-17 12:10:20.489,-410.0540123928311,99
2024-09-17 12:10:20.493,410.1085610619168,99
2024-09-17 12:10:20.517,410.0655183265373,998
2024-09-17 12:10:20.565,410.0532975685442,997
2024-09-17 12:10:20.618,410.0781036831896,14
2024-09-17 12:10:20.702,410.0946851252324,10
2024-09-17 12:10:20.703,410.0859875139488,97
2024-09-17 12:10:20.717,410.0855472165469,10
2024-09-17 12:10:20.745,410.1096802711697,105
2024-09-17 12:10:20.760,410.05654816513135,1003
2024-09-17 12:10:20.876,410.078952328914,5
2024-09-17 12:10:20.962,410.12203861242375,105
2024-09-17 12:10:20.970,410.0689163538089,998
2024-09-17 12:10:21.149,410.12891274857145,1000
2024-09-17 12:10:21.217,410.117014881823,6
2024-09-17 12:10:21.358,410.10112086124775,999
2024-09-17 12:10:21.465,410.0971698434457,14
2024-09-17 12:10:21.804,410.1155714835017,95
2024-09-17 12:10:21.842,410.0992920990874,13
2024-09-17 12:10:22.140,410.1175000903444,8
2024-09-17 12:10:22.177,410.12632030588594,97
2024-09-17 12:10:22.384,410.1340038963443,5
2024-09-17 12:10:22.393,410.0987622019996,7
2024-09-17 12:10:22.424,410.0883810175236,996
2024-09-17 12:10:22.515,410.0750948234981,98
2024-09-17 12:10:22.557,410.1271628456527,104
2024-09-17 12:10:22.735,410.08444925306094,102
2024-09-17 12:10:22.738,410.1037967966378,5
2024-09-17 12:10:22.790,410.09088214046994,996
2024-09-17 12:10:22.847,410.0987152549355,96
2024-09-17 12:10:23.006,410.1433287605316,1002
2024-09-17 12:10:23.038,410.1319150506254,96
2024-09-17 12:10:23.062,410.12909381702696,100
2024-09-17 12:10:23.069,410.0917333266344,12
2024-09-17 12:10:23.117,410.1219340356944,9
2024-09-17 12:10:23.174,410.1614773541515,996
2024-09-17 12:10:23.276,410.13321039407913,6
2024-09-17 12:10:23.298,410.098613017494,1001
2024-09-17 12:10:23.356,410.1485483873031,1002
2024-09-17 12:10:23.426,410.12119384632825,999
2024-09-17 12:10:23.475,410.0843696327199,95
2024-09-17 12:10:23.487,410.13145843362815,1002
2024-09-17 12:10:23.505,410.0799475946282,1004
2024-09-17 12:10:23.551,410.0923035584606,96
2024-09-17 12:10:23.590,410.1154416806889,100
2024-09-17 12:10:23.596,410.12456665032056,15
2024-09-17 12:10:23.624,410.1215117713693,10
2024-09-17 12:10:23.639,410.1339618629957,997
2024-09-17 12:10:23.672,410.0949681797958,1003
2024-09-17 12:10:23.678,410.15878995585314,7
2024-09-17 12:10:23.749,410.12388972581016,1000
2024-09-17 12:10:23.767,410.1363489276405,100
2024-09-17 12:10:23.808,410.10071754331295,13
2024-09-17 12:10:23.914,410.0963255755604,99
2024-09-17 12:10:23.919,410.1132019105946,103
2024-09-17 12:10:23.920,410.0647206611186,1004
2024-09-17 12:10:23.949,410.1475828027403,995
2024-09-17 12:10:23.950,410.14114678099554,998
2024-09-17 12:10:23.957,410.1301103200274,995
2024-09-17 12:10:24.015,410.0944817554571,1002
2024-09-17 12:10:24.087,410.121257514081,996
2024-09-17 12:10:24.101,410.1403010075722,95
2024-09-17 12:10:24.115,410.08378082497234,1002
2024-09-17 12:10:24.116,410.0954833291983,1005
2024-09-17 12:10:24.185,410.0959870718496,15
2024-09-17 12:10:24.191,410.12962107348005,96
2024-09-17 12:10:24.223,410.1471201370981,10
2024-09-17 12:10:24.254,410.14780910675375,997
2024-09-17 12:10:24.294,410.0942351536952,1001
2024-09-17 12:10:24.298,410.1137676512166,15
2024-09-17 12:10:24.322,410.1517579470437,996
2024-09-17 12:10:24.324,410.1172634025825,103
2024-09-17 12:10:24.373,410.1380761761896,1005
2024-09-17 12:10:24.388,410.0926604877118,95
2024-09-17 12:10:24.435,410.1617008465008,1002
2024-09-17 12:10:24.454,410.1388358755872,97
2024-09-17 12:10:24.468,410.10854535505314,6
2024-09-17 12:10:24.486,410.090940763829,10
2024-09-17 12:10:24.567,410.1156779806376,97
2024-09-17 12:10:24.569,410.10199023892943,1001
2024-09-17 12:10:24.570,410.1357823157444,996
2024-09-17 12:10:24.798,410.1228704713321,12
2024-09-17 12:10:24.857,410.1072282392936,104
2024-09-17 12:10:25.009,410.1680688036534,995
2024-09-17 12:10:25.039,410.1597132398028,98
2024-09-17 12:10:25.059,410.1516860478436,15
2024-09-17 12:10:25.160,410.1354012341431,996
2024-09-17 12:10:25.303,410.12861023426456,1004
2024-09-17 12:10:25.318,410.13618301431234,995
2024-09-17 12:10:25.334,410.1620546429472,999
2024-09-17 12:10:25.434,410.15412976021537,104
2024-09-17 12:10:25.438,410.1716005149879,1004
2024-09-17 12:10:25.507,410.1407373666128,97
2024-09-17 12:10:25.509,410.1399816107193,100
2024-09-17 12:10:25.530,410.1353573655243,6
2024-09-17 12:10:25.538,410.1562294668683,96
2024-09-17 12:10:25.568,410.1170442983256,104
2024-09-17 12:10:25.578,410.1417695198483,997
2024-09-17 12:10:25.636,410.1579662253934,1004
2024-09-17 12:10:25.654,410.1279118900312,5
2024-09-17 12:10:25.720,410.14369301906726,97
2024-09-17 12:10:25.759,410.15002379652697,999
2024-09-17 12:10:25.873,410.1623486198703,999
2024-09-17 12:10:25.876,410.1514165410454,998
2024-09-17 12:10:25.915,410.1343847893402,1000
2024-09-17 12:10:25.916,410.13280930354,105
2024-09-17 12:10:25.917,410.1476976986473,997
2024-09-17 12:10:25.956,410.1638648020817,7
2024-09-17 12:10:25.981,410.1341067902159,9
2024-09-17 12:10:25.995,410.1542753287957,1003
2024-09-17 12:10:26.013,410.1525025197966,1005
2024-09-17 12:10:26.275,410.1556933804367,6
2024-09-17 12:10:26.349,410.1612467413148,105
2024-09-17 12:10:26.549,410.1540234662671,11
2024-09-17 12:10:26.563,410.1478654658297,105
2024-09-17 12:10:26.566,410.14939966805207,101
2024-09-17 12:10:26.576,410.161168661418,10
2024-09-17 12:10:26.726,410.1467357117061,95
2024-09-17 12:10:26.763,410.1436999940052,7
2024-09-17 12:10:26.840,410.1497035787807,102
2024-09-17 12:10:27.115,410.1282037923905,999
2024-09-17 12:10:27.219,410.0915109023271,13
2024-09-17 12:10:27.284,410.1183112579027,95
2024-09-17 12:10:27.359,410.0996071756352,15
2024-09-17 12:10:27.536,410.0956641269241,1000
2024-09-17 12:10:27.579,410.0509858412605,97
2024-09-17 12:10:27.664,410.0605171130344,9
2024-09-17 12:10:27.720,410.1076447501255,98
2024-09-17 12:10:27.723,410.05254751076967,996
2024-09-17 12:10:27.788,410.1355495349787,11
2024-09-17 12:10:27.851,410.1136312491013,995
2024-09-17 12:10:27.937,410.07593116982815,15
2024-09-17 12:10:28.023,410.0324776977874,9
2024-09-17 12:10:28.024,410.0800734017649,998
2024-09-17 12:10:28.028,410.0788551379446,103
2024-09-17 12:10:28.225,410.0749375939829,14
2024-09-17 12:10:28.226,410.0782485931378,105
2024-09-17 12:10:28.290,410.0700814763174,997
2024-09-17 12:10:28.344,410.074848822322,6
2024-09-17 12:10:28.347,410.0578426954488,1005
2024-09-17 12:10:28.394,410.0751577366645,98
2024-09-17 12:10:28.458,410.0503683519786,9
2024-09-17 12:10:28.538,410.0946596118457,6
2024-09-17 12:10:28.607,410.09081563300185,998
2024-09-17 12:10:28.733,410.0723020489936,1001
2024-09-17 12:10:28.923,410.0496812689454,1003
2024-09-17 12:10:29.033,410.0276431554963,11
2024-09-17 12:10:29.110,410.0326780568571,999
2024-09-17 12:10:29.128,409.9997369342405,12
2024-09-17 12:10:29.140,410.01656931978783,100
2024-09-17 12:10:29.152,409.97787781859614,9
2024-09-17 12:10:29.298,410.0158111003566,15
2024-09-17 12:10:29.303,410.0154275398057,1000
2024-09-17 12:10:29.340,409.9874530200001,97
2024-09-17 12:10:29.421,410.0305024532785,96
2024-09-17 12:10:29.492,409.9839121993186,1005
2024-09-17 12:10:29.536,410.0424805414069,15
2024-09-17 12:10:29.561,410.0385008199839,5
2024-09-17 12:10:29.664,409.9750858333954,101
2024-09-17 12:10:29.929,409.9992527414585,8
2024-09-17 12:10:29.964,410.0109926462651,1003
2024-09-17 12:10:30.004,410.0208357446158,95
2024-09-17 12:10:30.077,410.01520757753065,95
2024-09-17 12:10:30.106,410.0247194210625,997
2024-09-17 12:10:30.154,410.0286900232659,9
2024-09-17 12:10:30.166,410.04358265509904,996
2024-09-17 12:10:30.249,409.98707455251184,998
2024-09-17 12:10:30.264,410.01447704255617,12
2024-09-17 12:10:30.266,410.00079254911583,102
2024-09-17 12:10:30.497,409.98157944305234,97
2024-09-17 12:10:30.548,410.0242174448451,9
2024-09-17 12:10:30.560,410.031217014138,6
2024-09-17 12:10:30.599,410.05486460086365,6
2024-09-17 12:10:30.690,410.018696903106,100
2024-09-17 12:10:30.707,409.9962130442327,996
2024-09-17 12:10:30.725,410.05314573146217,15
2024-09-17 12:10:30.778,410.04122203283936,15
2024-09-17 12:10:30.845,410.0292675932388,995
2024-09-17 12:10:30.859,410.04257339413385,95
2024-09-17 12:10:30.868,410.0249739649937,101
2024-09-17 12:10:30.896,410.0052422700243,1000
2024-09-17 12:10:30.909,410.0293981176228,6
2024-09-17 12:10:31.046,410.02011867735433,998
2024-09-17 12:10:31.113,410.021960179504,101
2024-09-17 12:10:31.115,410.0341624423384,1002
2024-09-17 12:10:31.158,410.0211163213251,97
2024-09-17 12:10:31.207,410.0214951075043,7
2024-09-17 12:10:31.220,,5
2024-09-17 12:10:31.240,410.0105674953512,1004
2024-09-17 12:10:31.298,410.0154438805569,14
2024-09-17 12:10:31.419,410.0496959897648,98
2024-09-17 12:10:31.420,410.004901652384,1001
2024-09-17 12:10:31.459,410.045767184572,9
2024-09-17 12:10:31.510,410.0174986291142,1003
2024-09-17 12:10:31.540,410.0501434936869,1004
2024-09-17 12:10:31.558,410.0223232633716,1004
2024-09-17 12:10:31.584,410.0213679783786,12
2024-09-17 12:10:31.700,410.0109480447939,10
2024-09-17 12:10:31.724,410.0055291300524,10
2024-09-17 12:10:31.804,410.0280182615448,7
2024-09-17 12:10:31.816,410.0377654354056,999
2024-09-17 12:10:31.900,410.0677502135904,103
2024-09-17 12:10:31.991,410.0537934769153,997
2024-09-17 12:10:32.202,409.9730977271361,11
2024-09-17 12:10:32.210,409.97228091141176,999
2024-09-17 12:10:32.211,409.9906904976011,12
2024-09-17 12:10:32.297,410.0104864269575,14
2024-09-17 12:10:32.370,409.9629730446397,1005
2024-09-17 12:10:32.500,409.9646060292961,7
2024-09-17 12:10:32.552,409.9858625159941,1000
2024-09-17 12:10:32.578,410.0192252353169,105
2024-09-17 12:10:32.588,409.9975829879348,1001
2024-09-17 12:10:32.639,409.9613735577147,6
2024-09-17 12:10:32.685,409.9517142645418,14
2024-09-17 12:10:32.740,409.9809361794098,7
2024-09-17 12:10:32.761,409.9887966514785,999
2024-09-17 12:10:32.833,409.9664965289039,15
2024-09-17 12:10:32.851,409.9754246632097,97
2024-09-17 12:10:32.886,409.9946395539248,10
2024-09-17 12:10:32.983,409.98189855797153,100
2024-09-17 12:10:33.079,410.0037352095582,10
2024-09-17 12:10:33.131,410.0487638370275,997
2024-09-17 12:10:33.157,41.00475403360246,11
2024-09-17 12:10:33.164,410.0160072869753,6
2024-09-17 12:10:33.231,410.0399117863375,15
2024-09-17 12:10:33.327,409.9945229933234,1003
2024-09-17 12:10:33.378,410.055283169944,1005
2024-09-17 12:10:33.402,410.0198643290036,10
2024-09-17 12:10:33.410,410.0260709211639,10
2024-09-17 12:10:33.413,410.057582676703,11
2024-09-17 12:10:33.465,410.0464115312709,1003
2024-09-17 12:10:33.486,410.0762385210336,998
2024-09-17 12:10:33.518,410.0147110737221,1003
2024-09-17 12:10:33.530,410.0400118165223,996
2024-09-17 12:10:33.535,410.00570654704666,102
2024-09-17 12:10:33.541,410.003295949265,9
2024-09-17 12:10:33.648,410.0020975615416,9
2024-09-17 12:10:33.762,410.0874299888792,98
2024-09-17 12:10:33.766,410.000049923576,101
2024-09-17 12:10:33.794,410.05637246574383,1003
2024-09-17 12:10:33.865,410.0273477550229,1002
2024-09-17 12:10:33.873,410.08821950824057,10
2024-09-17 12:10:33.903,409.9872535101026,1001
2024-09-17 12:10:33.925,410.0528615214969,15
2024-09-17 12:10:33.962,410.05072449964416,1003
2024-09-17 12:10:33.963,410.04286920043904,1002
2024-09-17 12:10:34.242,410.0950827576464,13
2024-09-17 12:10:34.314,410.0982498966383,7
2024-09-17 12:10:34.586,410.0942405454592,14
2024-09-17 12:10:34.602,410.0998730915254,97
2024-09-17 12:10:34.621,410.09855693409474,100
2024-09-17 12:10:34.743,410.0895161851751,1001
2024-09-17 12:10:34.865,410.10737707503887,99
2024-09-17 12:10:35.011,410.1214557512927,12
2024-09-17 12:10:35.387,410.0985594885655,13
2024-09-17 12:10:35.808,410.1130346587685,96
2024-09-17 12:10:35.828,410.1275469481766,999
2024-09-17 12:10:35.966,410.123641338076,14
2024-09-17 12:10:36.061,410.1359665148026,13
2024-09-17 12:10:36.143,410.1430536851858,104
2024-09-17 12:10:36.305,410.1193099866549,12
2024-09-17 12:10:36.391,410.1407643460875,997
2024-09-17 12:10:36.410,410.1478582721275,15
2024-09-17 12:10:36.454,410.1373025014781,11
2024-09-17 12:10:36.651,410.13753340524624,103
2024-09-17 12:10:36.732,410.12709141933294,9
2024-09-17 12:10:36.767,41.01303800084954,1004
2024-09-17 12:10:36.775,410.1328520358777,1003
2024-09-17 12:10:37.040,410.183901615601,1000
2024-09-17 12:10:37.056,410.1952789701891,8
2024-09-17 12:10:37.056,410.1900125659533,5
2024-09-17 12:10:37.059,410.1825161301039,1005
2024-09-17 12:10:37.083,410.2121572710816,996
2024-09-17 12:10:37.150,410.17744907932894,96
2024-09-17 12:10:37.193,41.02016560200124,13
2024-09-17 12:10:37.265,410.1947373989032,11
2024-09-17 12:10:37.288,410.2053264470603,9
2024-09-17 12:10:37.321,410.1808064850256,104
2024-09-17 12:10:37.335,410.2051058099736,98
2024-09-17 12:10:37.492,410.1731185949844,12
2024-09-17 12:10:37.505,410.1747988629906,6
2024-09-17 12:10:37.615,410.2092224962104,5
2024-09-17 12:10:37.625,410.1691385120067,996
2024-09-17 12:10:37.656,410.2058136453135,95
2024-09-17 12:10:37.679,410.1624435119242,13
2024-09-17 12:10:37.708,410.1822489001533,5
2024-09-17 12:10:37.810,410.1785195643713,95
2024-09-17 12:10:37.817,410.20091806181176,995
2024-09-17 12:10:37.827,410.2126335771269,10
2024-09-17 12:10:37.841,410.1969217676099,1001
2024-09-17 12:10:37.845,410.1318882019261,15
2024-09-17 12:10:37.878,410.1801804586036,1002
2024-09-17 12:10:37.910,410.1804130614141,99
2024-09-17 12:10:37.933,410.1833802140163,1001
2024-09-17 12:10:37.967,410.2144642735513,102
2024-09-17 12:10:37.984,410.1957088451339,999
2024-09-17 12:10:38.008,410.1281408953973,1005
2024-09-17 12:10:38.056,410.12388970461257,6
2024-09-17 12:10:38.125,41.01190943088372,995
2024-09-17 12:10:38.144,410.13785174902415,97
2024-09-17 12:10:38.169,410.1254611726734,997
2024-09-17 12:10:38.182,410.1111504794419,102
2024-09-17 12:10:38.463,410.1066961895775,13
2024-09-17 12:10:38.485,410.122349368141,9
2024-09-17 12:10:38.605,410.1228408738595,104
2024-09-17 12:10:38.626,410.1213357776297,9
2024-09-17 12:10:38.656,410.09987457200873,15
2024-09-17 12:10:38.695,410.1597831394208,96
2024-09-17 12:10:38.696,410.111183392482,6
2024-09-17 12:10:38.704,410.1286343316912,12
2024-09-17 12:10:38.780,410.194995286514,1004
2024-09-17 12:10:38.803,410.1060072450149,96
2024-09-17 12:10:38.813,410.17275824040576,995
2024-09-17 12:10:38.844,410.0926157184026,103
2024-09-17 12:10:38.888,410.1152577505311,12
2024-09-17 12:10:38.902,410.1212475450163,6
2024-09-17 12:10:38.909,410.1406330076453,5
2024-09-17 12:10:38.931,410.1207023120998,995
2024-09-17 12:10:38.935,410.1175134801961,1002
2024-09-17 12:10:38.945,410.12970950005246,95
2024-09-17 12:10:38.975,410.1188606409735,998
2024-09-17 12:10:39.103,-410.1229275389913,100
2024-09-17 12:10:39.184,410.117040874926,103
2024-09-17 12:10:39.369,410.12510798497175,6
2024-09-17 12:10:39.415,410.1236236149876,96
2024-09-17 12:10:39.457,410.1098066534119,5
2024-09-17 12:10:39.515,410.1117266861198,6
2024-09-17 12:10:39.556,410.1191723178445,7
2024-09-17 12:10:39.617,-410.1253233970388,995
2024-09-17 12:10:40.086,410.0953828487832,1001
2024-09-17 12:10:40.131,410.0114978031592,997
2024-09-17 12:10:40.274,409.99814738804537,105
2024-09-17 12:10:40.353,410.0167480691815,995
2024-09-17 12:10:40.417,410.00919937691646,96
2024-09-17 12:10:40.451,410.0791433393079,997
2024-09-17 12:10:40.542,410.00676221967024,5
2024-09-17 12:10:40.551,410.0437857720355,100
2024-09-17 12:10:40.555,410.0945209805639,97
2024-09-17 12:10:40.567,410.0156150401705,102
2024-09-17 12:10:40.626,410.009144705038,7
2024-09-17 12:10:40.663,410.0562323620636,999
2024-09-17 12:10:40.681,410.0404295591803,998
2024-09-17 12:10:40.793,410.03317061911423,995
2024-09-17 12:10:40.805,410.00313818747577,105
2024-09-17 12:10:40.813,409.98179104695583,1005
2024-09-17 12:10:40.832,409.99323324150487,1005
2024-09-17 12:10:40.839,409.9942570531648,99
2024-09-17 12:10:40.883,410.0592116596007,1001
2024-09-17 12:10:40.912,410.0927400296078,103
2024-09-17 12:10:40.924,409.9865178273217,6
2024-09-17 12:10:40.961,409.9907355850125,103
2024-09-17 12:10:40.970,410.0060050960857,101
2024-09-17 12:10:40.981,410.0383085330868,13
2024-09-17 12:10:40.989,410.0868795317616,995
2024-09-17 12:10:41.261,409.990873900438,12
2024-09-17 12:10:41.356,410.0061677549119,99
2024-09-17 12:10:41.629,409.99337886695184,7
2024-09-17 12:10:41.711,410.0137887675818,100
2024-09-17 12:10:42.361,409.9686986533672,1004
2024-09-17 12:10:42.379,409.963113953128,996
2024-09-17 12:10:42.432,409.97025653786017,998
2024-09-17 12:10:42.616,409.9651053962214,99
2024-09-17 12:10:42.785,409.9963061651744,15
2024-09-17 12:10:42.954,409.9807714134752,1004
2024-09-17 12:10:43.007,409.9551689473454,12
2024-09-17 12:10:43.063,409.9380491401645,9
2024-09-17 12:10:43.186,409.8957913834034,103
2024-09-17 12:10:43.200,409.9845168346643,97
2024-09-17 12:10:43.213,409.9243398386609,12
2024-09-17 12:10:43.241,409.8751389004653,1000
2024-09-17 12:10:43.245,409.9567068107608,102
2024-09-17 12:10:43.282,409.93733762903554,15
2024-09-17 12:10:43.317,409.8810237378783,99
2024-09-17 12:10:43.331,409.9155469683652,9
2024-09-17 12:10:43.367,409.8860261321016,101
2024-09-17 12:10:43.385,409.94180125891467,1004
2024-09-17 12:10:43.477,409.98045128205575,1001
2024-09-17 12:10:43.508,409.9675296281714,105
2024-09-17 12:10:43.509,409.8991704754824,996
2024-09-17 12:10:43.526,409.91296814119806,7
2024-09-17 12:10:43.688,409.964782762451,105
2024-09-17 12:10:43.753,409.8749921009701,8
2024-09-17 12:10:43.818,409.9581528425627,13
2024-09-17 12:10:43.847,409.9414690810475,12
2024-09-17 12:10:43.920,409.9443658628542,14
2024-09-17 12:10:44.033,409.8656444698034,12
2024-09-17 12:10:44.086,409.901048907473,997
2024-09-17 12:10:44.117,409.8671717867093,104
2024-09-17 12:10:44.158,409.86909146364405,8
2024-09-17 12:10:44.175,409.9164378085791,98
2024-09-17 12:10:44.229,409.8811561058112,1005
2024-09-17 12:10:44.274,409.911685338416,1001
2024-09-17 12:10:44.282,409.8612136679952,8
2024-09-17 12:10:44.483,409.9043784768781,999
2024-09-17 12:10:44.496,409.8589513367437,1004
2024-09-17 12:10:44.497,409.8706114742909,99
2024-09-17 12:10:44.498,409.87235220207776,95
2024-09-17 12:10:44.522,409.88063772232056,13
2024-09-17 12:10:44.544,409.8628914313301,12
2024-09-17 12:10:44.640,409.85966928010527,9
2024-09-17 12:10:44.654,409.87664946023983,96
2024-09-17 12:10:44.665,409.92961436368864,1001
2024-09-17 12:10:44.686,40.99330108071205,98
2024-09-17 12:10:44.743,409.86640476702206,98
2024-09-17 12:10:44.767,409.8946909926788,10
2024-09-17 12:10:44.786,409.9249176730757,15
2024-09-17 12:10:44.825,409.90236594174513,995
2024-09-17 12:10:44.851,409.8918589694929,95
2024-09-17 12:10:44.852,409.867446180568,100
2024-09-17 12:10:44.893,409.85184084455454,1001
2024-09-17 12:10:44.898,409.8427480028526,997
2024-09-17 12:10:45.068,409.89844782527314,14
2024-09-17 12:10:45.073,409.8286890191699,998
2024-09-17 12:10:45.075,409.8303312002095,5
2024-09-17 12:10:45.177,409.8595422036701,1001
2024-09-17 12:10:45.361,409.8470602304855,15
2024-09-17 12:10:45.391,409.8808874883648,103
2024-09-17 12:10:45.411,409.83768662887405,12
2024-09-17 12:10:45.519,409.8943836107112,7
2024-09-17 12:10:45.521,409.867659953262,104
2024-09-17 12:10:45.622,409.8426528136608,1001
2024-09-17 12:10:45.720,409.8402370950026,15
2024-09-17 12:10:45.893,409.84068920758097,995
2024-09-17 12:10:45.927,409.8652903501388,105
2024-09-17 12:10:45.935,409.902910613996,6
2024-09-17 12:10:46.102,409.9407085134124,7
2024-09-17 12:10:46.125,409.9513109992457,998
2024-09-17 12:10:46.189,409.9606864295538,13
2024-09-17 12:10:46.198,409.9607593925647,15
2024-09-17 12:10:46.230,409.9621605519993,95
2024-09-17 12:10:46.319,409.92715827762703,15
2024-09-17 12:10:46.359,409.9362576106825,13
2024-09-17 12:10:46.374,409.96855539354885,105
2024-09-17 12:10:46.431,409.9492449004409,98
2024-09-17 12:10:46.433,409.9790856832087,104
2024-09-17 12:10:46.470,409.9386767753595,98
2024-09-17 12:10:46.513,409.9594494331835,1002
2024-09-17 12:10:46.598,409.94146524980187,9
2024-09-17 12:10:46.604,409.9357599105281,14
2024-09-17 12:10:46.605,409.9521973744616,98
2024-09-17 12:10:46.656,409.9464009564164,105
2024-09-17 12:10:46.664,409.9767185320262,13
2024-09-17 12:10:46.695,409.96216981458673,12
2024-09-17 12:10:46.745,409.9070160758912,13
2024-09-17 12:10:46.863,409.92855165403085,103
2024-09-17 12:10:47.008,409.8985735245086,99
2024-09-17 12:10:47.041,409.7789537808612,15
2024-09-17 12:10:47.065,409.7660924608336,1004
2024-09-17 12:10:47.202,409.7718535487047,6
2024-09-17 12:10:47.218,409.8053190163122,12
2024-09-17 12:10:47.253,409.79422769799737,98
2024-09-17 12:10:47.333,409.7920411933705,1001
2024-09-17 12:10:47.368,409.785127396443,998
2024-09-17 12:10:47.375,-409.8588229677556,13
2024-09-17 12:10:47.394,409.7612848745913,995
2024-09-17 12:10:47.460,409.90655614768383,997
2024-09-17 12:10:47.530,409.9143654037507,103
2024-09-17 12:10:47.707,409.7814167019582,11
2024-09-17 12:10:47.710,409.7858084387577,13
2024-09-17 12:10:47.723,409.794273976903,15
2024-09-17 12:10:47.734,40.98216755120503,11
2024-09-17 12:10:47.796,409.9092079677278,96
2024-09-17 12:10:47.798,409.7643436562664,103
2024-09-17 12:10:47.818,409.8308828262125,10
2024-09-17 12:10:47.839,409.776407850467,1005
2024-09-17 12:10:47.942,409.88234453054895,13
2024-09-17 12:10:48.125,409.77646960435385,105
2024-09-17 12:10:48.420,409.7629602029345,104
2024-09-17 12:10:48.962,409.7741878671036,96
2024-09-17 12:10:49.034,409.7267510806964,5
2024-09-17 12:10:49.081,409.6922998600581,998
2024-09-17 12:10:49.113,409.7019173633349,98
2024-09-17 12:10:49.265,409.68535881229263,998
2024-09-17 12:10:49.352,409.70499938755,9
2024-09-17 12:10:49.360,409.74073837442586,15
2024-09-17 12:10:49.393,409.68451669692905,15
2024-09-17 12:10:49.413,409.7039098562532,15
2024-09-17 12:10:49.455,409.6860603997153,1003
2024-09-17 12:10:49.514,409.7292398653355,96
2024-09-17 12:10:49.519,409.697497774798,998
2024-09-17 12:10:49.552,409.6810148671204,9
2024-09-17 12:10:49.557,409.697653188757,6
2024-09-17 12:10:49.688,409.7060621176677,12
2024-09-17 12:10:49.732,409.73041868362793,1005
2024-09-17 12:10:49.786,409.71754480246346,997
2024-09-17 12:10:49.902,409.7349198854791,999
2024-09-17 12:10:49.984,409.69464648549865,101
2024-09-17 12:10:50.073,409.7554730519957,996
2024-09-17 12:10:50.146,409.7597708608137,1001
2024-09-17 12:10:50.271,409.755414250694,95
2024-09-17 12:10:50.331,409.7471485080813,11
2024-09-17 12:10:50.353,409.7596851420295,10
2024-09-17 12:10:50.443,,98
2024-09-17 12:10:50.446,409.754469089322,12
2024-09-17 12:10:50.544,409.77906477798496,14
2024-09-17 12:10:50.595,409.7711805691315,105
2024-09-17 12:10:50.781,409.77481625194577,6
2024-09-17 12:10:50.884,409.75523848488376,104
2024-09-17 12:10:50.933,409.750470606062,102
2024-09-17 12:10:53.007,409.70302158210353,1000
2024-09-17 12:10:53.014,409.7230969959813,996
2024-09-17 12:10:53.015,409.7189514641194,11
2024-09-17 12:10:53.023,409.7032501600232,103
2024-09-17 12:10:53.059,409.74562543572944,12
2024-09-17 12:10:53.078,409.76119166447336,1000
2024-09-17 12:10:53.220,409.7719735242432,998
2024-09-17 12:10:53.319,-409.7237150629645,102
2024-09-17 12:10:53.328,409.7307792223037,99
2024-09-17 12:10:53.332,409.7110700686492,998
2024-09-17 12:10:53.372,409.7076514564498,104
2024-09-17 12:10:53.431,409.7404703149137,105
2024-09-17 12:10:53.527,409.7255145426118,97
2024-09-17 12:10:53.562,409.712864408802,97
2024-09-17 12:10:53.692,409.7437828791279,998
2024-09-17 12:10:53.762,409.7254199021563,7
2024-09-17 12:10:53.787,409.7726291823077,1005
2024-09-17 12:10:53.839,409.711084077042,5
2024-09-17 12:10:53.855,409.75899606969006,9
2024-09-17 12:10:54.001,409.69166401199374,1001
2024-09-17 12:10:54.022,409.6806328419737,102
2024-09-17 12:10:54.119,409.6985572138387,998
2024-09-17 12:10:54.139,409.6739517566279,12
2024-09-17 12:10:54.154,409.7080935498739,14
2024-09-17 12:10:54.254,409.6937089288432,104
2024-09-17 12:10:54.413,409.7108401873743,102
2024-09-17 12:10:54.559,409.6911541238593,1001
2024-09-17 12:10:54.629,409.6850768745002,10
2024-09-17 12:10:54.641,409.6974058184924,15
2024-09-17 12:10:54.798,409.6984548857211,5
2024-09-17 12:10:54.974,409.6934571515636,99
2024-09-17 12:10:54.981,409.7072548028908,1003
2024-09-17 12:10:55.066,409.69753027880495,98
2024-09-17 12:10:55.318,409.70558407592335,7
2024-09-17 12:10:55.321,409.7516965112207,98
2024-09-17 12:10:55.447,409.697560761698,101
2024-09-17 12:10:55.567,409.6976701149089,995
2024-09-17 12:10:55.750,409.6980460374359,1004
2024-09-17 12:10:55.852,409.70885269227216,102
2024-09-17 12:10:55.981,409.7264582258616,97
2024-09-17 12:10:56.012,409.8157102278609,12
2024-09-17 12:10:56.040,409.80605683546673,103
2024-09-17 12:10:56.080,409.7352031909225,998
2024-09-17 12:10:56.122,409.7647511192556,98
2024-09-17 12:10:56.128,409.78674781081776,102
2024-09-17 12:10:56.206,409.76052015063743,99
2024-09-17 12:10:56.341,409.81127660549015,12
2024-09-17 12:10:56.383,409.7399935370436,11
2024-09-17 12:10:56.387,409.723247315014,7
2024-09-17 12:10:56.434,409.7851701667489,13
2024-09-17 12:10:56.548,409.7538131699698,105
2024-09-17 12:10:56.562,409.7773005270489,11
2024-09-17 12:10:56.637,409.7499962788676,11
2024-09-17 12:10:56.657,409.7839698380115,15
2024-09-17 12:10:56.674,409.8162605020089,9
2024-09-17 12:10:56.715,409.7813398699715,1002
2024-09-17 12:10:56.788,409.7576892862422,100
2024-09-17 12:10:56.865,409.727396211506,8
2024-09-17 12:10:56.896,409.8001423857204,7
2024-09-17 12:10:56.909,409.78558954560265,99
2024-09-17 12:10:56.911,409.7698267072024,98
2024-09-17 12:10:56.922,409.7581106850501,9
2024-09-17 12:10:56.987,409.7708920488772,995
2024-09-17 12:10:57.004,409.8497411337264,96
2024-09-17 12:10:57.052,409.87928897817807,15
2024-09-17 12:10:57.061,409.8514488612825,1002
2024-09-17 12:10:57.154,409.8315517812303,9
2024-09-17 12:10:57.209,409.88869424405885,999
2024-09-17 12:10:57.310,409.8588929630404,14
2024-09-17 12:10:57.396,409.86772949782136,14
2024-09-17 12:10:57.666,409.8908274672657,1000
2024-09-17 12:10:57.716,409.8389442157608,1004
2024-09-17 12:10:57.733,409.8383653206443,103
2024-09-17 12:10:57.780,409.8831202698936,10
2024-09-17 12:10:58.098,409.8845603217799,105
2024-09-17 12:10:58.156,409.8931341794537,997
2024-09-17 12:10:58.160,409.9838791167712,14
2024-09-17 12:10:58.196,409.8756287343152,15
2024-09-17 12:10:58.250,409.8896277116222,104
2024-09-17 12:10:58.399,409.9574972028865,98
2024-09-17 12:10:58.477,409.94658901538793,996
2024-09-17 12:10:58.503,409.9137718582855,12
2024-09-17 12:10:58.619,409.8799882547468,995
2024-09-17 12:10:58.671,-409.9008746600139,12
2024-09-17 12:10:58.769,409.9365040984902,104
2024-09-17 12:10:58.826,409.9286407440549,103
2024-09-17 12:10:58.829,409.9810508578175,1002
2024-09-17 12:10:58.859,409.8777790163762,12
2024-09-17 12:10:58.875,410.0054449439004,104
2024-09-17 12:10:58.987,409.9598153594532,8
2024-09-17 12:10:59.034,409.9952601039626,6
2024-09-17 12:10:59.112,409.96734182684105,12
2024-09-17 12:10:59.439,410.00189162317656,995
2024-09-17 12:10:59.670,410.00073605320927,8
2024-09-17 12:10:59.700,409.92758006678815,1002
2024-09-17 12:10:59.795,409.971423447494,95
2024-09-17 12:10:59.955,409.9674628241124,100
2024-09-17 12:10:59.959,409.9524572680696,102
