Timestamp,Price,Size
2024-09-18 12:55:00.016,417.0127732413093,9
2024-09-18 12:55:00.146,417.004302948944,6
2024-09-18 12:55:00.557,417.0035672595959,1004
2024-09-18 12:55:00.700,416.9941447557957,6
2024-09-18 12:55:00.719,417.01907870669487,105
2024-09-18 12:55:00.741,417.0329578566822,1000
2024-09-18 12:55:00.798,417.0097747032094,995
2024-09-18 12:55:00.881,417.0146722464747,99
2024-09-18 12:55:01.374,417.0026247819536,12
2024-09-18 12:55:01.797,417.00012086851,7
2024-09-18 12:55:01.962,417.0155588068104,5
2024-09-18 12:55:02.068,416.9826151837231,1005
2024-09-18 12:55:02.090,417.0113326806588,103
2024-09-18 12:55:02.105,416.9921457755093,1001
2024-09-18 12:55:02.164,416.9888382776663,998
2024-09-18 12:55:02.169,417.01092846994015,12
2024-09-18 12:55:02.244,417.0252718578181,9
2024-09-18 12:55:02.252,416.993680045424,5
2024-09-18 12:55:02.305,-416.973861805897,1000
2024-09-18 12:55:02.342,417.0120824266023,103
2024-09-18 12:55:02.347,416.9785074480354,15
2024-09-18 12:55:02.389,417.0313138571008,11
2024-09-18 12:55:02.402,417.01462593267024,95
2024-09-18 12:55:02.416,416.9929548292744,9
2024-09-18 12:55:02.437,416.9816334664361,999
2024-09-18 12:55:02.552,417.012259611235,11
2024-09-18 12:55:02.557,416.9673680924086,1002
2024-09-18 12:55:02.609,416.97667847208726,997
2024-09-18 12:55:02.620,417.0174092113484,7
2024-09-18 12:55:02.635,416.9737291480707,999
2024-09-18 12:55:02.649,417.01019581357457,9
2024-09-18 12:55:02.736,417.02107114901656,96
2024-09-18 12:55:02.760,417.02265885997633,15
2024-09-18 12:55:02.811,417.0146843986462,10
2024-09-18 12:55:02.818,416.9954713679429,104
2024-09-18 12:55:02.863,417.0220718293848,14
2024-09-18 12:55:02.897,416.9716714324267,996
2024-09-18 12:55:02.918,416.9881810963579,8
2024-09-18 12:55:02.936,417.0076546612464,1000
2024-09-18 12:55:02.956,,5
2024-09-18 12:55:03.171,417.0074604149857,14
2024-09-18 12:55:03.541,416.987685829325,99
2024-09-18 12:55:03.555,416.9907922818448,98
2024-09-18 12:55:03.565,416.9619517225628,1000
2024-09-18 12:55:03.583,416.9497378075168,1005
2024-09-18 12:55:03.583,417.009088102672,1002
2024-09-18 12:55:03.607,416.9918934397583,98
2024-09-18 12:55:04.041,416.97665338863385,98
2024-09-18 12:55:04.093,416.9605019934604,95
2024-09-18 12:55:04.163,416.97500327362434,997
2024-09-18 12:55:04.226,416.98998339390016,998
2024-09-18 12:55:04.232,416.9536098935668,10
2024-09-18 12:55:04.285,416.982390012612,15
2024-09-18 12:55:04.302,416.9732755569791,99
2024-09-18 12:55:04.329,416.9751323638065,102
2024-09-18 12:55:04.366,416.9959566579212,1002
2024-09-18 12:55:04.492,416.97383264253614,99
2024-09-18 12:55:04.504,416.9445051369908,7
2024-09-18 12:55:04.539,416.9799893574166,15
2024-09-18 12:55:04.543,416.97865792436414,996
2024-09-18 12:55:04.577,416.9776504104146,6
2024-09-18 12:55:04.578,416.9302723542542,997
2024-09-18 12:55:04.622,416.9512596753465,104
2024-09-18 12:55:04.632,416.93245485425217,103
2024-09-18 12:55:04.677,416.9921331525493,1002
2024-09-18 12:55:04.787,416.9570442795266,13
2024-09-18 12:55:04.871,41.69941389022879,102
2024-09-18 12:55:04.896,416.9369096173909,99
2024-09-18 12:55:04.919,416.9325295102168,8
2024-09-18 12:55:04.944,416.9730505963335,6
2024-09-18 12:55:05.166,416.9900024927123,15
2024-09-18 12:55:05.179,416.9747078285472,12
2024-09-18 12:55:05.378,416.9872993405367,101
2024-09-18 12:55:05.450,416.98415764678265,14
2024-09-18 12:55:05.453,417.0037766569632,104
2024-09-18 12:55:05.726,416.9871252597063,98
2024-09-18 12:55:05.801,416.9850857065993,995
2024-09-18 12:55:06.092,416.9738778681137,996
2024-09-18 12:55:06.100,417.0110991171439,102
2024-09-18 12:55:06.116,416.9629328823802,14
2024-09-18 12:55:06.162,416.955706083281,11
2024-09-18 12:55:06.233,416.9776256563115,1003
2024-09-18 12:55:06.259,417.0175512245503,104
2024-09-18 12:55:06.278,417.0011654551468,15
2024-09-18 12:55:06.315,416.98398061469686,13
2024-09-18 12:55:06.361,417.0455594641497,11
2024-09-18 12:55:06.385,416.97309087422576,99
2024-09-18 12:55:06.442,417.0022200599286,102
2024-09-18 12:55:06.499,416.9827872737152,1004
2024-09-18 12:55:06.503,41.69856975005383,96
2024-09-18 12:55:06.636,416.9780790042997,998
2024-09-18 12:55:06.648,417.0445381893209,103
2024-09-18 12:55:06.662,417.001126356607,8
2024-09-18 12:55:06.674,416.9957369978311,1004
2024-09-18 12:55:06.757,416.9939240404216,5
2024-09-18 12:55:06.814,416.97194782670175,105
2024-09-18 12:55:06.821,417.01867866699513,95
2024-09-18 12:55:06.822,417.0023027905892,995
2024-09-18 12:55:06.866,416.9819508727013,1000
2024-09-18 12:55:06.881,416.951629010295,996
2024-09-18 12:55:06.918,417.0019035576283,996
2024-09-18 12:55:06.922,417.0264236238797,1001
2024-09-18 12:55:06.928,417.009750884988,997
2024-09-18 12:55:06.973,416.98506230307714,6
2024-09-18 12:55:06.975,416.99032657956576,102
2024-09-18 12:55:06.984,416.9894695801552,997
2024-09-18 12:55:07.038,416.9638714163698,996
2024-09-18 12:55:07.073,416.99635299601687,6
2024-09-18 12:55:07.074,416.96912495950346,95
2024-09-18 12:55:07.128,416.98080392352,96
2024-09-18 12:55:07.144,,15
2024-09-18 12:55:07.202,416.9725981296185,105
2024-09-18 12:55:07.309,416.98186524277247,995
2024-09-18 12:55:07.333,416.9563988610258,10
2024-09-18 12:55:07.351,416.9849515003378,1004
2024-09-18 12:55:07.376,416.94174904066193,1000
2024-09-18 12:55:07.398,416.9517534027841,8
2024-09-18 12:55:07.607,416.96844807836806,104
2024-09-18 12:55:07.628,417.0382176856383,101
2024-09-18 12:55:07.644,417.016923683073,104
2024-09-18 12:55:07.664,416.9768656137685,95
2024-09-18 12:55:07.746,416.9535629558317,998
2024-09-18 12:55:07.842,416.9593210655309,1004
2024-09-18 12:55:07.844,416.9629142299972,15
2024-09-18 12:55:07.851,416.9735812486085,12
2024-09-18 12:55:07.900,417.0533558104029,99
2024-09-18 12:55:07.914,417.0381067075583,1000
2024-09-18 12:55:07.945,416.9422753799423,11
2024-09-18 12:55:07.995,417.00109727406766,7
2024-09-18 12:55:08.056,416.96022838977456,999
2024-09-18 12:55:08.323,416.9442226363283,101
2024-09-18 12:55:08.512,416.928770907238,1003
2024-09-18 12:55:08.789,416.9320837338645,6
2024-09-18 12:55:08.928,416.9280864660927,15
2024-09-18 12:55:09.103,416.9381398737086,1001
2024-09-18 12:55:09.624,416.9409598481828,1005
2024-09-18 12:55:09.673,416.9589030853082,1003
2024-09-18 12:55:09.680,416.9349114259415,995
2024-09-18 12:55:09.817,416.9400476647399,996
2024-09-18 12:55:09.942,416.96017854986457,1003
2024-09-18 12:55:09.963,416.9448004296812,98
2024-09-18 12:55:10.278,416.94095514574536,1001
2024-09-18 12:55:10.332,416.9134329546365,99
2024-09-18 12:55:10.540,416.9357391850696,15
2024-09-18 12:55:10.610,416.9288652677397,1004
2024-09-18 12:55:10.714,416.9235722228063,9
2024-09-18 12:55:11.054,416.9290153120037,15
2024-09-18 12:55:11.061,416.9323162914749,6
2024-09-18 12:55:11.085,416.9426431224404,1005
2024-09-18 12:55:11.087,416.9367672051905,100
2024-09-18 12:55:11.213,416.93834542988606,998
2024-09-18 12:55:11.260,416.9305800539416,101
2024-09-18 12:55:11.280,,99
2024-09-18 12:55:11.470,416.94009769929687,101
2024-09-18 12:55:11.488,416.92816349653134,7
2024-09-18 12:55:11.566,416.9287058910501,6
2024-09-18 12:55:11.573,416.9172206384001,7
2024-09-18 12:55:11.605,416.943874583966,1000
2024-09-18 12:55:11.710,416.9291415777283,10
2024-09-18 12:55:11.712,416.9371322602944,96
2024-09-18 12:55:11.721,416.9382930837068,96
2024-09-18 12:55:11.723,416.9392458275087,9
2024-09-18 12:55:11.730,416.9326374087517,1002
2024-09-18 12:55:11.789,416.953301766632,1001
2024-09-18 12:55:11.798,416.9149486688892,7
2024-09-18 12:55:11.806,416.90960015853136,102
2024-09-18 12:55:11.818,41.6949690285053,95
2024-09-18 12:55:11.820,416.9132143390559,99
2024-09-18 12:55:11.868,416.938958779522,1001
2024-09-18 12:55:11.884,416.9174430604654,101
2024-09-18 12:55:11.934,416.9327494019213,7
2024-09-18 12:55:12.150,416.9497397883171,1004
2024-09-18 12:55:12.249,416.9607295370142,1005
2024-09-18 12:55:12.261,416.9427481394269,996
2024-09-18 12:55:12.264,416.9693202240697,9
2024-09-18 12:55:12.294,416.9691013682026,9
2024-09-18 12:55:12.334,416.9598329250691,95
2024-09-18 12:55:12.429,416.95167729151177,11
2024-09-18 12:55:12.458,416.92329566110544,1003
2024-09-18 12:55:12.486,416.96481372234416,999
2024-09-18 12:55:12.514,416.9260406429379,6
2024-09-18 12:55:12.625,416.9230578010962,5
2024-09-18 12:55:12.756,416.9453952236458,997
2024-09-18 12:55:13.118,416.99793560369073,102
2024-09-18 12:55:13.129,417.006042787354,995
2024-09-18 12:55:13.251,416.995789935079,10
2024-09-18 12:55:13.279,416.9654760869009,10
2024-09-18 12:55:13.371,416.98655379712727,104
2024-09-18 12:55:13.382,417.0059755275885,1001
2024-09-18 12:55:13.400,417.00853266352567,1001
2024-09-18 12:55:13.639,416.9659401751062,1002
2024-09-18 12:55:13.686,416.9878918965556,996
2024-09-18 12:55:13.739,417.0071542784745,997
2024-09-18 12:55:13.802,416.996690514671,8
2024-09-18 12:55:13.875,417.01270174227886,9
2024-09-18 12:55:13.924,417.0045764587924,101
2024-09-18 12:55:14.042,416.95089869564106,1005
2024-09-18 12:55:14.188,416.9459949739525,96
2024-09-18 12:55:14.259,416.9323048555042,1002
2024-09-18 12:55:14.291,416.93622742969336,105
2024-09-18 12:55:14.298,416.9471414862728,8
2024-09-18 12:55:14.398,416.9883851602239,98
2024-09-18 12:55:14.503,416.9709859419891,996
2024-09-18 12:55:14.513,416.951981489972,7
2024-09-18 12:55:14.594,416.97133419752174,15
2024-09-18 12:55:14.670,416.9703140357037,9
2024-09-18 12:55:14.686,416.95667555626136,1004
2024-09-18 12:55:14.712,416.9381180036066,6
2024-09-18 12:55:14.758,416.9581257500691,1001
2024-09-18 12:55:14.828,416.9490946505365,9
2024-09-18 12:55:14.873,416.9713659434912,15
2024-09-18 12:55:14.904,416.9733701383283,105
2024-09-18 12:55:14.934,416.9494658898852,99
2024-09-18 12:55:15.009,416.953428815821,6
2024-09-18 12:55:15.120,416.9402634586758,1004
2024-09-18 12:55:15.242,416.9387884824878,101
2024-09-18 12:55:15.324,416.9464520923311,998
2024-09-18 12:55:15.395,,95
2024-09-18 12:55:15.547,416.9669787833573,5
2024-09-18 12:55:15.563,416.92909350247976,8
2024-09-18 12:55:15.679,416.97741486064746,997
2024-09-18 12:55:15.684,416.9278188889335,9
2024-09-18 12:55:15.697,416.9657962218958,7
2024-09-18 12:55:15.710,416.9470346918125,8
2024-09-18 12:55:15.833,416.9230662786774,8
2024-09-18 12:55:16.144,416.9663248923361,101
2024-09-18 12:55:16.246,416.9782027344695,1000
2024-09-18 12:55:16.285,416.97882403775066,95
2024-09-18 12:55:16.442,416.97919201014014,999
2024-09-18 12:55:16.610,416.9547170036452,100
2024-09-18 12:55:16.637,416.9851628442455,996
2024-09-18 12:55:16.663,416.9684978473289,6
2024-09-18 12:55:16.828,416.9659343367513,14
2024-09-18 12:55:16.848,416.96175629033297,101
2024-09-18 12:55:16.852,416.9918045776075,105
2024-09-18 12:55:16.891,416.9846266529575,96
2024-09-18 12:55:16.913,416.982980459914,1002
2024-09-18 12:55:16.938,416.9563512836363,7
2024-09-18 12:55:17.269,417.0047731721338,13
2024-09-18 12:55:17.968,416.9858416824599,104
2024-09-18 12:55:18.016,416.9713218151806,102
2024-09-18 12:55:18.050,416.9877215379148,998
2024-09-18 12:55:18.475,416.9824285990538,8
2024-09-18 12:55:18.519,416.97505853396297,995
2024-09-18 12:55:18.858,416.9746272026819,99
2024-09-18 12:55:19.012,417.0192734452498,10
2024-09-18 12:55:19.032,417.0438657148069,10
2024-09-18 12:55:19.041,417.036886618826,103
2024-09-18 12:55:19.119,417.04390495338384,97
2024-09-18 12:55:19.213,417.0319223176586,13
2024-09-18 12:55:19.241,417.0563088820773,1001
2024-09-18 12:55:19.290,417.02295769768034,1004
2024-09-18 12:55:19.309,41.70375106922131,1005
2024-09-18 12:55:19.437,416.9935891461661,102
2024-09-18 12:55:19.459,417.0280800795774,10
2024-09-18 12:55:19.484,417.0460758233965,995
2024-09-18 12:55:19.500,417.0430161117079,99
2024-09-18 12:55:19.501,41.702076908289946,13
2024-09-18 12:55:19.520,417.0147241855839,1002
2024-09-18 12:55:19.689,417.0375617568321,13
2024-09-18 12:55:19.730,417.0428419089767,7
2024-09-18 12:55:19.754,417.0476637404476,11
2024-09-18 12:55:19.814,417.00663189926206,12
2024-09-18 12:55:19.860,417.04208435070336,995
2024-09-18 12:55:19.996,417.02796631215193,11
2024-09-18 12:55:20.016,417.0255602266743,5
2024-09-18 12:55:20.026,417.0729052791556,97
2024-09-18 12:55:20.040,417.03856661144766,14
2024-09-18 12:55:20.055,417.0456176294154,1002
2024-09-18 12:55:20.079,417.0579195105156,1004
2024-09-18 12:55:20.123,417.0676122364603,1000
2024-09-18 12:55:20.136,417.0410001749132,98
2024-09-18 12:55:20.231,417.1150295560515,999
2024-09-18 12:55:20.310,417.0471219432175,14
2024-09-18 12:55:20.339,417.1080921946673,1001
2024-09-18 12:55:20.347,417.0373079699983,104
2024-09-18 12:55:20.364,417.0740775537365,1005
2024-09-18 12:55:20.365,417.1076663034635,1005
2024-09-18 12:55:20.415,417.055548832719,1000
2024-09-18 12:55:20.486,417.053305192849,999
2024-09-18 12:55:20.611,417.1004969015128,999
2024-09-18 12:55:20.614,417.0619080612332,1005
2024-09-18 12:55:20.640,417.0602736984155,98
2024-09-18 12:55:20.682,417.0213177958845,6
2024-09-18 12:55:20.693,417.03915898609006,96
2024-09-18 12:55:20.708,417.0226019749207,995
2024-09-18 12:55:20.817,417.05422738827394,97
2024-09-18 12:55:20.838,417.1228965124232,103
2024-09-18 12:55:20.843,417.07008500499336,101
2024-09-18 12:55:20.852,417.0422832558452,12
2024-09-18 12:55:20.906,417.0389582791212,1003
2024-09-18 12:55:20.907,417.0916396419305,10
2024-09-18 12:55:20.966,417.0608413850929,96
2024-09-18 12:55:20.986,417.0681969869409,1003
2024-09-18 12:55:21.104,417.10648561110094,14
2024-09-18 12:55:21.171,417.0885903248452,1001
2024-09-18 12:55:21.188,417.0949772695394,9
2024-09-18 12:55:21.396,417.0929748931102,1000
2024-09-18 12:55:21.407,417.1276671179757,6
2024-09-18 12:55:21.458,,9
2024-09-18 12:55:21.499,417.0878078889967,104
2024-09-18 12:55:21.545,417.1085378356556,101
2024-09-18 12:55:21.604,417.1270276827175,105
2024-09-18 12:55:21.616,417.1205843111789,101
2024-09-18 12:55:21.638,417.10222763541447,1000
2024-09-18 12:55:21.648,417.1252962682524,99
2024-09-18 12:55:21.722,417.1030960589456,999
2024-09-18 12:55:21.767,417.0985096227136,5
2024-09-18 12:55:21.899,417.1380003657505,100
2024-09-18 12:55:21.928,417.0987939859797,1003
2024-09-18 12:55:21.964,417.1183705880429,99
2024-09-18 12:55:21.976,417.1011995506576,14
2024-09-18 12:55:21.983,417.1025302684087,997
2024-09-18 12:55:22.016,417.1493161198136,97
2024-09-18 12:55:22.045,417.1161870902821,97
2024-09-18 12:55:22.250,417.1134188941066,1003
2024-09-18 12:55:22.322,417.09805960363184,96
2024-09-18 12:55:22.353,417.1305785235164,5
2024-09-18 12:55:22.366,417.1466117329838,13
2024-09-18 12:55:22.410,417.1833587285481,6
2024-09-18 12:55:22.426,417.1672230030285,98
2024-09-18 12:55:22.518,417.1562382347383,1002
2024-09-18 12:55:22.547,417.1046933076266,95
2024-09-18 12:55:22.604,-417.1127457969319,15
2024-09-18 12:55:22.607,417.089702349064,996
2024-09-18 12:55:22.617,417.1338368051692,98
2024-09-18 12:55:22.624,417.1256848564079,10
2024-09-18 12:55:22.872,417.14916570191065,1005
2024-09-18 12:55:22.921,,14
2024-09-18 12:55:23.020,417.3345079542728,1001
2024-09-18 12:55:23.058,417.2336379742281,98
2024-09-18 12:55:23.107,417.1780443451348,998
2024-09-18 12:55:23.192,417.34896389126834,999
2024-09-18 12:55:23.331,417.3007456154496,6
2024-09-18 12:55:23.416,417.2620872967644,9
2024-09-18 12:55:23.431,417.2951358593741,997
2024-09-18 12:55:23.459,417.2894402895623,9
2024-09-18 12:55:23.470,417.3557290331073,995
2024-09-18 12:55:23.502,417.2443995336839,99
2024-09-18 12:55:23.513,417.2819392371833,7
2024-09-18 12:55:23.572,417.2336870047775,95
2024-09-18 12:55:23.601,417.3342694152544,7
2024-09-18 12:55:23.674,417.1966779259712,95
2024-09-18 12:55:23.686,417.19849280106587,97
2024-09-18 12:55:23.863,417.3541979016591,98
2024-09-18 12:55:23.875,417.23570520118886,1004
2024-09-18 12:55:23.894,417.1789606094847,999
2024-09-18 12:55:23.996,417.3233950860519,15
2024-09-18 12:55:24.004,417.3680477096148,1000
2024-09-18 12:55:24.020,417.3445343817995,102
2024-09-18 12:55:24.078,417.3689737209253,15
2024-09-18 12:55:24.111,417.3674951251354,14
2024-09-18 12:55:24.182,417.3367691429476,14
2024-09-18 12:55:24.312,417.4027210838295,97
2024-09-18 12:55:24.334,417.3634878301749,95
2024-09-18 12:55:24.358,417.3642339359459,997
2024-09-18 12:55:24.412,417.3782278728783,1000
2024-09-18 12:55:24.423,417.35422390264654,995
2024-09-18 12:55:24.467,417.3578166509655,100
2024-09-18 12:55:24.686,417.3838359325436,999
2024-09-18 12:55:24.712,417.3479510315348,98
2024-09-18 12:55:24.731,417.3516974353197,1000
2024-09-18 12:55:24.830,417.3478306575154,100
2024-09-18 12:55:25.143,417.3954795258106,13
2024-09-18 12:55:25.197,417.4049011370433,95
2024-09-18 12:55:25.365,417.4244108100253,997
2024-09-18 12:55:25.392,417.4080765269145,1003
2024-09-18 12:55:25.406,417.3996891852187,98
2024-09-18 12:55:26.127,417.4450546443772,95
2024-09-18 12:55:26.157,417.4398869835756,15
2024-09-18 12:55:26.254,417.4255577327149,999
2024-09-18 12:55:26.744,417.4283492805653,5
2024-09-18 12:55:26.891,417.4706333486775,1004
2024-09-18 12:55:26.989,417.4299873368818,1003
2024-09-18 12:55:26.990,417.4737295667912,14
2024-09-18 12:55:27.012,417.4627428760669,13
2024-09-18 12:55:27.098,417.4412394958909,102
2024-09-18 12:55:27.106,417.4725400379271,11
2024-09-18 12:55:27.108,417.47714590865934,95
2024-09-18 12:55:27.196,417.48332201954895,9
2024-09-18 12:55:27.205,417.4889910156867,99
2024-09-18 12:55:27.228,417.4835128649797,1000
2024-09-18 12:55:27.255,417.4786187356706,8
2024-09-18 12:55:27.316,417.4925439482497,13
2024-09-18 12:55:27.382,417.4894277633789,1002
2024-09-18 12:55:27.404,417.4716419506888,105
2024-09-18 12:55:27.442,417.4721138284007,99
2024-09-18 12:55:27.494,417.4748824595053,97
2024-09-18 12:55:27.545,417.4564374974585,996
2024-09-18 12:55:27.545,417.4856893506018,9
2024-09-18 12:55:27.558,417.47248961186926,101
2024-09-18 12:55:27.563,417.439898153793,100
2024-09-18 12:55:27.611,417.4895734147342,15
2024-09-18 12:55:27.709,417.4866496747173,97
2024-09-18 12:55:27.720,417.46077227323576,98
2024-09-18 12:55:27.738,417.46349646905657,15
2024-09-18 12:55:27.789,417.4885920379136,97
2024-09-18 12:55:27.807,417.4826035341056,102
2024-09-18 12:55:27.823,417.47147214172713,104
2024-09-18 12:55:27.847,41.7481913801846,103
2024-09-18 12:55:27.903,417.445590760232,97
2024-09-18 12:55:27.991,417.4835543748947,99
2024-09-18 12:55:28.033,417.4080410982058,9
2024-09-18 12:55:28.051,417.3942705300977,102
2024-09-18 12:55:28.079,417.4216929985839,1005
2024-09-18 12:55:28.081,417.43355346506985,6
2024-09-18 12:55:28.091,417.4022835296213,103
2024-09-18 12:55:28.101,417.38545274531657,99
2024-09-18 12:55:28.117,417.39914288354527,11
2024-09-18 12:55:28.128,417.3682270538734,101
2024-09-18 12:55:28.140,417.4063405150911,105
2024-09-18 12:55:28.223,417.41915221081166,999
2024-09-18 12:55:28.232,417.420067044851,996
2024-09-18 12:55:28.252,417.3782791896605,1002
2024-09-18 12:55:28.255,-417.3874608021053,10
2024-09-18 12:55:28.336,417.4199523614707,1002
2024-09-18 12:55:28.379,417.3838452780623,11
2024-09-18 12:55:28.386,41.73900062440706,15
2024-09-18 12:55:28.396,417.42499234368665,96
2024-09-18 12:55:28.441,417.3990709271821,100
2024-09-18 12:55:28.491,417.4207012851757,995
2024-09-18 12:55:28.559,417.39064836100346,8
2024-09-18 12:55:28.566,417.4301421750724,102
2024-09-18 12:55:28.580,417.3782002656629,12
2024-09-18 12:55:28.660,417.3900389873678,999
2024-09-18 12:55:28.784,417.38502798226057,103
2024-09-18 12:55:28.861,417.39012739848494,97
2024-09-18 12:55:28.862,417.37967166485913,8
2024-09-18 12:55:28.989,417.39912214165895,997
2024-09-18 12:55:29.024,417.3624654038465,14
2024-09-18 12:55:29.321,417.3712241245758,1002
2024-09-18 12:55:29.383,417.3742264373644,8
2024-09-18 12:55:29.431,417.3931013345441,104
2024-09-18 12:55:29.703,417.3864124925596,13
2024-09-18 12:55:29.748,417.40697853683287,6
2024-09-18 12:55:29.761,417.3646851563416,105
2024-09-18 12:55:29.778,417.3696869019783,998
2024-09-18 12:55:29.804,417.3568536439287,9
2024-09-18 12:55:29.895,417.36736492062687,6
2024-09-18 12:55:29.962,417.3696127056678,999
2024-09-18 12:55:29.993,417.35450452174064,12
2024-09-18 12:55:30.031,417.39522522811984,5
2024-09-18 12:55:30.054,417.3648338576105,14
2024-09-18 12:55:30.144,417.47188172959335,11
2024-09-18 12:55:30.162,417.4962999752652,15
2024-09-18 12:55:30.177,417.4845470070606,997
2024-09-18 12:55:30.209,417.3795197704674,5
2024-09-18 12:55:30.212,417.4232359989269,102
2024-09-18 12:55:30.303,417.3698304964468,5
2024-09-18 12:55:30.307,417.3856213175697,13
2024-09-18 12:55:30.311,417.4381869182628,13
2024-09-18 12:55:30.313,417.35200018073937,996
2024-09-18 12:55:30.316,417.3983575654586,101
2024-09-18 12:55:30.318,417.3946916715207,1003
2024-09-18 12:55:30.325,417.4349438594394,12
2024-09-18 12:55:30.367,417.3801074020216,7
2024-09-18 12:55:30.388,417.3949251160781,12
2024-09-18 12:55:30.441,417.3615330107724,101
2024-09-18 12:55:30.489,417.3716814508887,997
2024-09-18 12:55:30.499,417.4855659743637,99
2024-09-18 12:55:30.559,417.3713370718049,996
2024-09-18 12:55:30.612,417.3685958236302,6
2024-09-18 12:55:30.641,417.425118192542,998
2024-09-18 12:55:30.689,417.3631629015412,1004
2024-09-18 12:55:30.733,417.3844080108541,6
2024-09-18 12:55:30.816,417.429505772712,1005
2024-09-18 12:55:30.834,417.3752041524527,104
2024-09-18 12:55:30.901,417.4473520041874,97
2024-09-18 12:55:30.987,417.4185658677629,101
2024-09-18 12:55:31.047,417.4917241054238,95
2024-09-18 12:55:31.066,417.50396680956703,1004
2024-09-18 12:55:31.108,,6
2024-09-18 12:55:31.120,417.4927882506549,101
2024-09-18 12:55:31.148,417.5159577337169,102
2024-09-18 12:55:31.162,417.4989990432927,6
2024-09-18 12:55:31.173,417.5283589310389,998
2024-09-18 12:55:31.203,417.4786925710248,1003
2024-09-18 12:55:31.230,417.518030663741,96
2024-09-18 12:55:31.244,417.4755090491923,996
2024-09-18 12:55:31.261,417.5169756345949,96
2024-09-18 12:55:31.318,417.474370329253,996
2024-09-18 12:55:31.448,417.4871276934331,8
2024-09-18 12:55:31.497,417.4771035338097,15
2024-09-18 12:55:31.534,417.53547500708567,97
2024-09-18 12:55:31.602,417.4730964446873,13
2024-09-18 12:55:31.633,417.4784451262279,998
2024-09-18 12:55:31.637,417.4922045681522,6
2024-09-18 12:55:31.667,417.4897870261971,96
2024-09-18 12:55:31.706,417.5331304355592,1004
2024-09-18 12:55:31.773,417.4745138629712,1003
2024-09-18 12:55:31.829,417.4818278929152,6
2024-09-18 12:55:31.856,417.486981031554,102
2024-09-18 12:55:31.879,417.4746862065928,997
2024-09-18 12:55:31.890,417.5138794349788,100
2024-09-18 12:55:31.909,417.4939939006829,1003
2024-09-18 12:55:31.923,417.5335983444048,14
2024-09-18 12:55:31.999,417.4846250362811,99
2024-09-18 12:55:32.044,417.60478445479566,6
2024-09-18 12:55:32.044,417.5705839596869,995
2024-09-18 12:55:32.053,417.5589298722728,9
2024-09-18 12:55:32.109,417.5648381099672,8
2024-09-18 12:55:32.195,417.5907356622144,103
2024-09-18 12:55:32.232,417.5871169004956,97
2024-09-18 12:55:32.300,417.6052848731387,999
2024-09-18 12:55:32.480,417.5591597617874,5
2024-09-18 12:55:32.567,417.6057525814225,998
2024-09-18 12:55:32.576,417.58152507025335,13
2024-09-18 12:55:32.904,417.5563348845788,6
2024-09-18 12:55:32.913,417.5745007991528,995
2024-09-18 12:55:33.205,-417.6004014240671,5
2024-09-18 12:55:33.295,417.6136901417625,104
2024-09-18 12:55:33.316,417.5946577442759,1002
2024-09-18 12:55:33.402,,96
2024-09-18 12:55:33.404,417.5895017207666,999
2024-09-18 12:55:33.416,417.64084567854695,1000
2024-09-18 12:55:33.436,417.609621045482,995
2024-09-18 12:55:33.479,417.601968299412,1005
2024-09-18 12:55:33.537,417.6222739199903,997
2024-09-18 12:55:33.539,417.6277527113966,1000
2024-09-18 12:55:33.541,417.60340348733314,15
2024-09-18 12:55:33.649,417.6405846527808,104
2024-09-18 12:55:33.701,417.6041339373202,101
2024-09-18 12:55:33.755,417.58420955336527,100
2024-09-18 12:55:33.763,417.5909489299159,102
2024-09-18 12:55:33.906,417.616148740373,8
2024-09-18 12:55:33.923,417.6018717867034,15
2024-09-18 12:55:33.937,417.579827268676,1005
2024-09-18 12:55:33.998,417.6071333911621,12
2024-09-18 12:55:34.008,417.60571108820665,12
2024-09-18 12:55:34.096,417.63877325124827,104
2024-09-18 12:55:34.209,41.76222010093439,95
2024-09-18 12:55:34.213,417.6130480423077,5
2024-09-18 12:55:34.218,417.6338780301808,9
2024-09-18 12:55:34.267,417.5888355650824,98
2024-09-18 12:55:34.271,417.6442871609388,99
2024-09-18 12:55:34.278,417.615134227279,1001
2024-09-18 12:55:34.303,417.6044417258624,999
2024-09-18 12:55:34.307,417.6593071903197,10
2024-09-18 12:55:34.363,417.6225866255799,1004
2024-09-18 12:55:34.488,417.5968932874116,100
2024-09-18 12:55:34.574,417.62028061384245,99
2024-09-18 12:55:34.605,417.6147256245367,996
2024-09-18 12:55:34.659,417.61248431276033,5
2024-09-18 12:55:34.684,417.6718680831585,996
2024-09-18 12:55:34.733,417.5908335802972,8
2024-09-18 12:55:34.811,417.5859733480897,8
2024-09-18 12:55:34.821,417.6026931166144,995
2024-09-18 12:55:34.830,417.61172967927286,99
2024-09-18 12:55:34.862,417.6603808177993,10
2024-09-18 12:55:34.919,417.6180141424419,99
2024-09-18 12:55:34.921,417.6323869300343,1000
2024-09-18 12:55:34.952,417.6133560682874,1005
2024-09-18 12:55:35.030,-417.5918666138775,999
2024-09-18 12:55:35.051,417.5790725203998,98
2024-09-18 12:55:35.075,417.6103965963409,105
2024-09-18 12:55:35.130,417.5659905656888,13
2024-09-18 12:55:35.158,417.5811521922028,10
2024-09-18 12:55:35.204,417.6004156878848,1000
2024-09-18 12:55:35.211,417.559587667375,999
2024-09-18 12:55:35.286,417.5862189131081,11
2024-09-18 12:55:35.322,417.5673597652962,997
2024-09-18 12:55:35.389,417.5677713344834,997
2024-09-18 12:55:35.610,417.5903993630551,995
2024-09-18 12:55:35.645,417.5538614310736,102
2024-09-18 12:55:35.754,417.5983942524552,102
2024-09-18 12:55:35.824,417.5950625786739,998
2024-09-18 12:55:35.852,417.5874572215544,1004
2024-09-18 12:55:35.899,417.5707808392564,103
2024-09-18 12:55:36.088,417.60486644378,997
2024-09-18 12:55:36.229,417.5858820908336,15
2024-09-18 12:55:36.231,417.6135711520197,15
2024-09-18 12:55:36.297,417.5794283722857,102
2024-09-18 12:55:36.323,417.5798474404462,8
2024-09-18 12:55:36.358,417.59669347473823,104
2024-09-18 12:55:36.376,417.6069223950564,1005
2024-09-18 12:55:36.404,417.6153402808799,95
2024-09-18 12:55:36.501,417.5751109962143,95
2024-09-18 12:55:36.541,417.5769126761251,97
2024-09-18 12:55:36.616,417.5763634434772,97
2024-09-18 12:55:36.641,417.5824832118466,5
2024-09-18 12:55:36.670,417.5957913290332,997
2024-09-18 12:55:36.767,417.60227905876894,103
2024-09-18 12:55:36.779,417.60528434862334,7
2024-09-18 12:55:36.811,417.6102469622187,102
2024-09-18 12:55:36.819,417.5671062938,999
2024-09-18 12:55:36.880,417.6049765080128,11
2024-09-18 12:55:36.931,417.5753123216157,7
2024-09-18 12:55:36.936,417.572781701605,1001
2024-09-18 12:55:37.063,417.53470519800175,104
2024-09-18 12:55:37.080,417.4905830303799,1000
2024-09-18 12:55:37.133,417.5138880822369,14
2024-09-18 12:55:37.145,417.5661349727589,105
2024-09-18 12:55:37.146,417.5727984648279,101
2024-09-18 12:55:37.193,417.5073625112438,6
2024-09-18 12:55:37.266,-417.5585940761667,103
2024-09-18 12:55:37.320,417.5073566046599,998
2024-09-18 12:55:37.368,417.505288635685,1001
2024-09-18 12:55:37.387,417.55917777764375,96
2024-09-18 12:55:37.451,417.54965927268034,995
2024-09-18 12:55:37.456,417.5637085313751,6
2024-09-18 12:55:37.588,417.5173902832549,14
2024-09-18 12:55:37.664,417.5562312141322,9
2024-09-18 12:55:37.694,417.5122068850325,100
2024-09-18 12:55:37.715,417.47994127437823,101
2024-09-18 12:55:37.729,417.5119578058273,12
2024-09-18 12:55:37.787,417.4751907629923,8
2024-09-18 12:55:37.846,417.4942274350869,97
2024-09-18 12:55:37.862,417.5213439503145,1000
2024-09-18 12:55:37.921,417.5026876128192,10
2024-09-18 12:55:37.974,417.5073484843758,1005
2024-09-18 12:55:38.024,417.4688591036381,96
2024-09-18 12:55:38.067,417.4837427781721,7
2024-09-18 12:55:38.098,417.4952920846274,99
2024-09-18 12:55:38.303,417.4787879866188,12
2024-09-18 12:55:38.368,417.4751471885898,100
2024-09-18 12:55:38.376,417.5040767195552,15
2024-09-18 12:55:38.476,417.4803052539028,9
2024-09-18 12:55:38.509,417.50689019438704,12
2024-09-18 12:55:38.537,417.4698077859525,12
2024-09-18 12:55:38.580,417.4931637176415,95
2024-09-18 12:55:38.654,417.4994526249089,103
2024-09-18 12:55:38.673,417.48220203027415,104
2024-09-18 12:55:38.681,417.47388023943984,14
2024-09-18 12:55:38.701,417.4827545295958,12
2024-09-18 12:55:38.759,417.5037568526449,10
2024-09-18 12:55:38.777,417.5033313591355,9
2024-09-18 12:55:38.835,417.4979984392795,98
2024-09-18 12:55:38.918,417.4700712317219,99
2024-09-18 12:55:38.959,417.50453619427486,103
2024-09-18 12:55:38.971,417.4980089157631,7
2024-09-18 12:55:38.973,417.4619277373172,5
2024-09-18 12:55:39.031,417.46528564306544,7
2024-09-18 12:55:39.627,417.4685752747936,995
2024-09-18 12:55:40.007,417.47960343154097,101
2024-09-18 12:55:40.019,417.4812972707202,1004
2024-09-18 12:55:40.121,417.4877942114143,101
2024-09-18 12:55:40.179,417.4954548232701,98
2024-09-18 12:55:40.294,417.4752292118108,14
2024-09-18 12:55:40.389,417.4747775355228,996
2024-09-18 12:55:40.594,417.4904270971789,10
2024-09-18 12:55:40.620,417.4800723652342,103
2024-09-18 12:55:40.621,417.48695343436685,12
2024-09-18 12:55:40.838,417.4717857267832,99
2024-09-18 12:55:40.965,417.4951701752237,1002
2024-09-18 12:55:41.141,417.4722190264875,1002
2024-09-18 12:55:41.331,417.46392886615166,7
2024-09-18 12:55:41.501,417.4719340773061,11
2024-09-18 12:55:41.571,417.4709349010785,14
2024-09-18 12:55:41.670,417.4735715580345,995
2024-09-18 12:55:41.842,417.455787483425,999
2024-09-18 12:55:42.001,417.4438683075682,101
2024-09-18 12:55:42.025,417.4712834548978,102
2024-09-18 12:55:42.179,417.4547557947868,105
2024-09-18 12:55:42.266,417.46126842486177,1004
2024-09-18 12:55:42.434,,1005
2024-09-18 12:55:42.497,417.4613596319952,105
2024-09-18 12:55:42.512,417.4598925862143,8
2024-09-18 12:55:42.641,417.45909000620514,1001
2024-09-18 12:55:42.785,417.4475281750865,995
2024-09-18 12:55:42.808,417.4247508194623,1004
2024-09-18 12:55:42.828,417.42504656700135,15
2024-09-18 12:55:42.860,417.4382866141581,102
2024-09-18 12:55:42.874,417.44644491876926,101
2024-09-18 12:55:42.903,417.4282524045654,996
2024-09-18 12:55:42.938,,102
2024-09-18 12:55:42.957,417.4474649980566,104
2024-09-18 12:55:42.981,417.4451399608715,13
2024-09-18 12:55:42.989,417.4563449201156,1001
2024-09-18 12:55:42.998,417.4316597297034,1000
2024-09-18 12:55:43.201,417.4255213944418,10
2024-09-18 12:55:43.448,417.41330948256666,97
2024-09-18 12:55:43.448,417.4256474964434,105
2024-09-18 12:55:43.817,417.409478594564,15
2024-09-18 12:55:44.114,417.3894514509824,99
2024-09-18 12:55:44.119,417.41706923904496,99
2024-09-18 12:55:44.173,417.3736350608136,105
2024-09-18 12:55:44.234,417.4126670140647,1002
2024-09-18 12:55:44.262,417.4147593719062,6
2024-09-18 12:55:44.352,417.430292545301,1004
2024-09-18 12:55:44.418,417.3880568557742,10
2024-09-18 12:55:44.628,417.4280424685881,98
2024-09-18 12:55:44.711,417.4265603533829,8
2024-09-18 12:55:44.773,417.4343454326645,101
2024-09-18 12:55:45.005,417.2667011221554,1001
2024-09-18 12:55:45.017,417.3709620287071,98
2024-09-18 12:55:45.073,417.3739499937532,5
2024-09-18 12:55:45.118,417.3149758331532,7
2024-09-18 12:55:45.121,417.2369048708951,14
2024-09-18 12:55:45.151,417.34515324312014,14
2024-09-18 12:55:45.234,417.367591768756,97
2024-09-18 12:55:45.273,417.28116592040845,1004
2024-09-18 12:55:45.292,417.2307342772307,6
2024-09-18 12:55:45.333,417.2023804239378,100
2024-09-18 12:55:45.415,417.2769595877272,98
2024-09-18 12:55:45.485,417.3690764125887,98
2024-09-18 12:55:45.502,417.1900648607979,15
2024-09-18 12:55:45.507,417.32189055365495,995
2024-09-18 12:55:45.565,417.3290073610369,10
2024-09-18 12:55:45.694,417.251220143237,95
2024-09-18 12:55:45.699,417.3198271029465,1005
2024-09-18 12:55:45.705,417.3225508709674,99
2024-09-18 12:55:45.744,417.3190997994479,15
2024-09-18 12:55:45.904,417.3035363320915,14
2024-09-18 12:55:45.931,417.1908152044524,9
2024-09-18 12:55:45.998,417.20328440793617,1001
2024-09-18 12:55:46.011,417.18549427079125,995
2024-09-18 12:55:46.039,417.1732861311562,1005
2024-09-18 12:55:46.051,417.1774536946844,100
2024-09-18 12:55:46.094,417.164284732094,95
2024-09-18 12:55:46.273,417.1760943888469,13
2024-09-18 12:55:46.281,417.1846357099756,8
2024-09-18 12:55:46.345,417.1438153881624,12
2024-09-18 12:55:46.367,417.1642805416458,98
2024-09-18 12:55:46.452,417.1658677723771,102
2024-09-18 12:55:46.463,417.1658963153952,15
2024-09-18 12:55:46.529,417.1382595169513,8
2024-09-18 12:55:46.567,417.1902882771995,96
2024-09-18 12:55:46.582,417.1448601429044,12
2024-09-18 12:55:46.611,417.18071232084975,1005
2024-09-18 12:55:46.801,417.1493809671658,1002
2024-09-18 12:55:46.842,417.1811413649121,9
2024-09-18 12:55:46.952,417.1463800823733,98
2024-09-18 12:55:47.137,417.0911091115892,997
2024-09-18 12:55:47.344,417.1085419110965,99
2024-09-18 12:55:47.970,417.09388598357737,102
2024-09-18 12:55:48.030,417.0582197729669,1001
2024-09-18 12:55:48.086,417.12444374983806,5
2024-09-18 12:55:48.213,417.06373907028734,1004
2024-09-18 12:55:48.223,417.0968681665292,14
2024-09-18 12:55:48.230,417.0443931072036,1002
2024-09-18 12:55:48.277,417.0096657012149,98
2024-09-18 12:55:48.456,417.056549576152,9
2024-09-18 12:55:48.491,417.1035682693591,96
2024-09-18 12:55:48.497,417.09310749706594,101
2024-09-18 12:55:48.515,417.08146611400815,998
2024-09-18 12:55:48.540,417.0797844884325,10
2024-09-18 12:55:48.601,417.0484006091965,1000
2024-09-18 12:55:48.603,417.06595345265816,99
2024-09-18 12:55:48.637,417.1016313298792,96
2024-09-18 12:55:48.671,417.0912878986367,6
2024-09-18 12:55:48.804,417.0617190901014,1000
2024-09-18 12:55:48.851,417.1077554117554,1000
2024-09-18 12:55:48.901,417.06012400243,105
2024-09-18 12:55:48.912,417.0958708652968,9
2024-09-18 12:55:49.105,417.0191240596199,996
2024-09-18 12:55:49.157,416.9931113029556,10
2024-09-18 12:55:49.171,417.0199316783123,10
2024-09-18 12:55:49.269,416.98325492716,14
2024-09-18 12:55:49.347,417.0127615115377,102
2024-09-18 12:55:49.379,417.0446491644045,1005
2024-09-18 12:55:49.383,416.99059204125416,10
2024-09-18 12:55:49.428,417.0275628834801,101
2024-09-18 12:55:49.493,417.0257093700325,5
2024-09-18 12:55:49.505,416.9672448254718,997
2024-09-18 12:55:49.550,416.9877196674375,6
2024-09-18 12:55:49.573,416.9859313814964,8
2024-09-18 12:55:49.612,417.0060665793711,101
2024-09-18 12:55:49.619,416.977467300276,1002
2024-09-18 12:55:49.751,416.9706559126986,13
2024-09-18 12:55:49.784,416.993899331608,14
2024-09-18 12:55:49.800,416.9994142172566,998
2024-09-18 12:55:49.816,416.9884459107283,998
2024-09-18 12:55:49.885,416.9773873885737,98
2024-09-18 12:55:49.994,417.0334957137063,15
2024-09-18 12:55:50.036,416.9305777055308,6
2024-09-18 12:55:50.047,416.948762055326,999
2024-09-18 12:55:50.056,417.0020043437821,1005
2024-09-18 12:55:50.061,416.9471963737804,6
2024-09-18 12:55:50.120,416.9414721567197,1004
2024-09-18 12:55:50.123,416.9198340034207,10
2024-09-18 12:55:50.217,416.9435146929202,96
2024-09-18 12:55:50.447,416.9493456915766,104
2024-09-18 12:55:50.449,416.9221794088272,11
2024-09-18 12:55:50.461,416.9362990429033,100
2024-09-18 12:55:50.521,416.9889942558471,104
2024-09-18 12:55:50.539,416.9478177119847,996
2024-09-18 12:55:50.554,416.9434022640947,999
2024-09-18 12:55:50.567,416.9904191488625,99
2024-09-18 12:55:50.627,416.9332196470098,1001
2024-09-18 12:55:50.638,416.9428514217264,96
2024-09-18 12:55:50.749,416.9851119538704,12
2024-09-18 12:55:50.772,416.930453797803,1003
2024-09-18 12:55:50.775,416.9761982399833,96
2024-09-18 12:55:50.859,416.9939827544722,1005
2024-09-18 12:55:50.896,416.94088123179057,95
2024-09-18 12:55:50.911,416.99284105368304,997
2024-09-18 12:55:50.961,416.93727032369645,996
2024-09-18 12:55:50.964,416.9727571805094,5
2024-09-18 12:55:50.996,416.990103699464,1002
2024-09-18 12:55:50.996,416.9119218466709,102
2024-09-18 12:55:50.999,,103
2024-09-18 12:55:51.307,417.023649334049,1005
2024-09-18 12:55:51.317,417.0997099680673,101
2024-09-18 12:55:51.349,417.05050763029607,9
2024-09-18 12:55:51.350,417.0290634079629,101
2024-09-18 12:55:51.380,417.03017751096127,998
2024-09-18 12:55:51.421,,105
2024-09-18 12:55:51.440,417.04982789608687,97
2024-09-18 12:55:51.453,417.0638748059471,6
2024-09-18 12:55:51.459,417.0591543396402,5
2024-09-18 12:55:51.482,417.0157378228126,14
2024-09-18 12:55:51.506,417.02782814953184,5
2024-09-18 12:55:51.514,417.0113713435995,10
2024-09-18 12:55:51.519,417.0237756674608,102
2024-09-18 12:55:51.521,417.1112832441264,1001
2024-09-18 12:55:51.532,417.0660704033047,100
2024-09-18 12:55:51.556,417.0307791316857,102
2024-09-18 12:55:51.616,417.0146028250284,1000
2024-09-18 12:55:51.667,417.0134461342816,7
2024-09-18 12:55:51.685,417.0450977862967,8
2024-09-18 12:55:51.755,417.0223784879536,13
2024-09-18 12:55:51.828,417.0743191905116,96
2024-09-18 12:55:51.833,,14
2024-09-18 12:55:51.833,417.122372257149,99
2024-09-18 12:55:51.835,417.021130248677,998
2024-09-18 12:55:51.873,417.019244769636,97
2024-09-18 12:55:52.341,417.0999718948219,12
2024-09-18 12:55:52.378,417.0667916774284,5
2024-09-18 12:55:52.461,417.09725762420334,1004
2024-09-18 12:55:52.957,417.0673436268255,997
2024-09-18 12:55:52.984,417.0999724178324,1001
2024-09-18 12:55:52.990,417.0861200307695,102
2024-09-18 12:55:53.285,417.0683406469358,15
2024-09-18 12:55:53.491,417.0657695039751,998
2024-09-18 12:55:53.619,417.0861066399708,1004
2024-09-18 12:55:54.001,417.0707773573893,998
2024-09-18 12:55:54.237,417.09382187631104,98
2024-09-18 12:55:54.346,417.0824873248132,95
2024-09-18 12:55:54.437,417.0850062017983,15
2024-09-18 12:55:54.471,417.0921380370924,98
2024-09-18 12:55:54.614,417.0855805475611,97
2024-09-18 12:55:54.637,417.0964235324492,100
2024-09-18 12:55:54.659,417.12518437289646,8
2024-09-18 12:55:54.686,417.0879192112367,5
2024-09-18 12:55:56.012,417.07522667561335,1002
2024-09-18 12:55:56.014,417.0634957219132,7
2024-09-18 12:55:56.031,417.0649041115866,997
2024-09-18 12:55:56.094,417.0758909034903,10
2024-09-18 12:55:56.107,417.0737131682272,5
2024-09-18 12:55:56.249,417.0692736647288,997
2024-09-18 12:55:56.265,417.0500978122227,1005
2024-09-18 12:55:56.290,417.07708371990094,11
2024-09-18 12:55:56.420,417.0575384951652,998
2024-09-18 12:55:56.553,417.1050495228311,995
2024-09-18 12:55:56.643,417.1005328693698,15
2024-09-18 12:55:56.678,417.0682946726267,101
2024-09-18 12:55:56.794,417.0639530315825,14
2024-09-18 12:55:56.833,417.1245808055004,11
2024-09-18 12:55:56.966,417.0753242879562,1005
2024-09-18 12:55:56.966,417.1182711248077,95
2024-09-18 12:55:57.352,417.0693120655239,8
2024-09-18 12:55:57.573,417.0607098517475,995
2024-09-18 12:55:57.808,417.0709683618911,102
2024-09-18 12:55:57.953,417.0852625812912,1001
2024-09-18 12:55:58.102,417.1017968612975,1000
2024-09-18 12:55:58.207,417.06626195647806,997
2024-09-18 12:55:58.230,417.0932519518452,100
2024-09-18 12:55:58.496,417.1031512335085,5
2024-09-18 12:55:58.531,417.0962313749191,102
2024-09-18 12:55:58.644,417.0674723761655,97
2024-09-18 12:55:58.716,417.0660011067762,7
2024-09-18 12:55:58.736,417.0577951520848,998
2024-09-18 12:55:58.788,417.080085936667,1005
2024-09-18 12:55:58.817,417.1052890698457,8
2024-09-18 12:55:58.823,417.1016976255113,11
2024-09-18 12:55:58.864,417.1035568365464,105
2024-09-18 12:55:58.890,417.08006176880906,13
2024-09-18 12:55:58.909,417.0732796771172,8
2024-09-18 12:55:58.921,-417.1138543262309,998
2024-09-18 12:55:58.995,417.1037229558796,104
2024-09-18 12:55:59.099,417.0151670780184,997
2024-09-18 12:55:59.106,417.04455177404736,12
