Timestamp,Price,Size
2024-09-18 13:34:00.075,415.9481324404893,996
2024-09-18 13:34:00.306,415.8972578391317,96
2024-09-18 13:34:00.403,415.90721275562817,997
2024-09-18 13:34:00.523,415.9154193868013,102
2024-09-18 13:34:00.687,,996
2024-09-18 13:34:00.811,415.9209549253174,104
2024-09-18 13:34:00.939,415.9506431919372,98
2024-09-18 13:34:01.058,415.9116713252298,14
2024-09-18 13:34:01.350,415.88548350730986,102
2024-09-18 13:34:01.719,415.9044116335102,1000
2024-09-18 13:34:01.964,415.903307399509,996
2024-09-18 13:34:02.056,415.8484529558978,1004
2024-09-18 13:34:02.065,415.9007206462211,6
2024-09-18 13:34:02.125,415.9024335988852,1005
2024-09-18 13:34:02.264,415.9045695627735,8
2024-09-18 13:34:02.318,415.8731869465472,12
2024-09-18 13:34:02.326,415.8646932562005,996
2024-09-18 13:34:02.446,415.8854158481536,102
2024-09-18 13:34:02.446,415.86082538836,996
2024-09-18 13:34:02.484,415.8791892525781,104
2024-09-18 13:34:02.669,415.8765852525,95
2024-09-18 13:34:02.688,415.8678794735101,12
2024-09-18 13:34:02.853,415.9090226230512,997
2024-09-18 13:34:02.919,415.9099654040677,104
2024-09-18 13:34:03.035,415.9721354515664,1005
2024-09-18 13:34:03.078,415.9800206668159,97
2024-09-18 13:34:03.100,415.9317334033129,14
2024-09-18 13:34:03.114,415.9705395039247,11
2024-09-18 13:34:03.184,415.94799135131615,998
2024-09-18 13:34:03.228,,100
2024-09-18 13:34:03.238,415.9528084261286,13
2024-09-18 13:34:03.245,415.9542361923501,6
2024-09-18 13:34:03.327,415.9540846132419,104
2024-09-18 13:34:03.342,415.9260124221601,1002
2024-09-18 13:34:03.350,415.950375870118,97
2024-09-18 13:34:03.365,415.963640673475,101
2024-09-18 13:34:03.382,415.9540358783334,997
2024-09-18 13:34:03.390,415.9726937879568,97
2024-09-18 13:34:03.530,415.9594949192924,1004
2024-09-18 13:34:03.555,415.9543348224257,13
2024-09-18 13:34:03.574,415.9690640792909,97
2024-09-18 13:34:03.598,415.9714908493256,995
2024-09-18 13:34:03.616,415.9456344562413,999
2024-09-18 13:34:03.711,415.9453049802872,995
2024-09-18 13:34:03.800,415.9770209361697,12
2024-09-18 13:34:03.892,415.97456936349846,6
2024-09-18 13:34:03.903,415.9832137169333,105
2024-09-18 13:34:03.911,415.9714327480961,12
2024-09-18 13:34:03.959,415.9637182335455,999
2024-09-18 13:34:03.978,415.9657270458561,97
2024-09-18 13:34:03.995,415.939618129643,6
2024-09-18 13:34:04.145,415.9760197239519,997
2024-09-18 13:34:05.001,415.9578579407063,100
2024-09-18 13:34:05.006,415.93322511281536,102
2024-09-18 13:34:05.022,415.9673966743176,1000
2024-09-18 13:34:05.037,415.93822864710125,96
2024-09-18 13:34:05.062,415.9781849476601,1004
2024-09-18 13:34:05.257,415.936475531356,98
2024-09-18 13:34:05.314,415.97226916937535,8
2024-09-18 13:34:05.355,415.95801691441335,1004
2024-09-18 13:34:05.368,415.9713001039641,8
2024-09-18 13:34:05.384,415.97922940769183,996
2024-09-18 13:34:05.423,415.96140805561816,998
2024-09-18 13:34:05.431,415.9470119616128,5
2024-09-18 13:34:05.532,415.9382812085617,101
2024-09-18 13:34:05.551,415.93516983556026,996
2024-09-18 13:34:05.567,415.9525296363665,97
2024-09-18 13:34:05.619,415.95828733494295,104
2024-09-18 13:34:05.701,415.98561332821,1002
2024-09-18 13:34:05.735,415.9726468803152,14
2024-09-18 13:34:05.797,415.9550135649856,9
2024-09-18 13:34:05.808,415.9633024574472,1004
2024-09-18 13:34:06.069,415.91813958178767,11
2024-09-18 13:34:06.109,415.9724916844007,105
2024-09-18 13:34:06.137,415.917052421504,101
2024-09-18 13:34:06.168,415.9454497599323,100
2024-09-18 13:34:06.178,415.984274053146,97
2024-09-18 13:34:06.228,415.9465441770062,1005
2024-09-18 13:34:06.250,415.92638953504536,995
2024-09-18 13:34:06.290,415.9437663108591,5
2024-09-18 13:34:06.441,415.9449696813101,103
2024-09-18 13:34:06.445,415.9594194003977,11
2024-09-18 13:34:06.465,415.9738145431408,9
2024-09-18 13:34:06.597,415.9251498218917,998
2024-09-18 13:34:06.626,415.9787660821004,10
2024-09-18 13:34:06.644,415.941844248176,15
2024-09-18 13:34:06.654,415.9357622890565,1000
2024-09-18 13:34:06.665,415.9317057213948,996
2024-09-18 13:34:06.703,415.9473524402793,1005
2024-09-18 13:34:06.728,415.9770537084072,13
2024-09-18 13:34:06.768,415.9410856879971,96
2024-09-18 13:34:06.794,415.9122145753909,1005
2024-09-18 13:34:06.803,415.9680175664375,99
2024-09-18 13:34:06.849,415.93456737088405,12
2024-09-18 13:34:06.896,415.9352088347817,10
2024-09-18 13:34:06.957,415.94232157684513,13
2024-09-18 13:34:06.967,415.9179039894703,105
2024-09-18 13:34:06.995,415.9401455933229,997
2024-09-18 13:34:07.017,415.90197792970514,101
2024-09-18 13:34:07.018,415.8800813042892,995
2024-09-18 13:34:07.026,415.91360159206346,9
2024-09-18 13:34:07.057,415.90750183019776,99
2024-09-18 13:34:07.113,415.9232233601354,10
2024-09-18 13:34:07.153,415.9177746835228,997
2024-09-18 13:34:07.198,415.9108642008045,99
2024-09-18 13:34:07.237,415.91061408528486,996
2024-09-18 13:34:07.244,415.920441284252,1000
2024-09-18 13:34:07.383,415.9301254274192,8
2024-09-18 13:34:07.444,415.8957509179255,103
2024-09-18 13:34:07.599,415.9062740036108,1001
2024-09-18 13:34:07.849,415.9144086047876,8
2024-09-18 13:34:07.863,415.922473314096,998
2024-09-18 13:34:07.899,415.9094103452882,105
2024-09-18 13:34:07.975,415.8890341646499,995
2024-09-18 13:34:08.000,415.8916839913276,1002
2024-09-18 13:34:08.021,415.913802071043,9
2024-09-18 13:34:08.184,415.9097852457694,999
2024-09-18 13:34:08.222,415.9092761605591,101
2024-09-18 13:34:08.733,415.904425657362,995
2024-09-18 13:34:08.761,415.9112909520828,101
2024-09-18 13:34:08.920,415.89857852926207,8
2024-09-18 13:34:09.104,415.9199095776432,1005
2024-09-18 13:34:10.084,415.8897169551756,9
2024-09-18 13:34:10.085,-415.8925603825965,1005
2024-09-18 13:34:10.086,415.9140744844898,7
2024-09-18 13:34:10.123,415.8720745801921,998
2024-09-18 13:34:10.144,415.88332350608255,10
2024-09-18 13:34:10.168,415.8840263856668,105
2024-09-18 13:34:10.232,-415.9134521263203,1002
2024-09-18 13:34:10.411,415.8450871108099,1004
2024-09-18 13:34:10.446,415.883377200994,105
2024-09-18 13:34:10.482,415.85769662196736,1000
2024-09-18 13:34:10.536,415.88364242995647,998
2024-09-18 13:34:10.539,415.8899074020831,8
2024-09-18 13:34:10.605,415.88529204723415,1004
2024-09-18 13:34:10.800,415.8615240665506,998
2024-09-18 13:34:10.805,415.8930601861773,13
2024-09-18 13:34:10.829,415.8868175007431,1003
2024-09-18 13:34:10.856,415.8874242007682,6
2024-09-18 13:34:10.887,415.88990930355095,103
2024-09-18 13:34:10.893,415.9011401430283,104
2024-09-18 13:34:10.895,415.8994374366911,997
2024-09-18 13:34:10.958,415.9079596292296,1005
2024-09-18 13:34:10.992,415.9109944287488,1002
2024-09-18 13:34:11.082,415.86650785014166,1003
2024-09-18 13:34:11.198,415.8866697707182,10
2024-09-18 13:34:11.333,415.88760878580337,97
2024-09-18 13:34:11.474,415.8446831906365,1001
2024-09-18 13:34:11.552,415.8595725966136,105
2024-09-18 13:34:11.595,415.9074418947449,98
2024-09-18 13:34:11.601,415.8346626164885,95
2024-09-18 13:34:11.608,415.9020268360285,995
2024-09-18 13:34:11.662,415.8898949713852,100
2024-09-18 13:34:11.706,415.9092327872284,1003
2024-09-18 13:34:11.739,415.9204148733036,997
2024-09-18 13:34:11.833,415.857827115726,7
2024-09-18 13:34:11.847,415.85247336087485,1000
2024-09-18 13:34:11.892,415.9236646577915,13
2024-09-18 13:34:12.011,415.89560104985577,100
2024-09-18 13:34:12.131,415.8839100406556,100
2024-09-18 13:34:12.199,415.90741737118975,9
2024-09-18 13:34:12.271,415.9011855275006,1002
2024-09-18 13:34:12.325,415.8999057468095,12
2024-09-18 13:34:12.370,415.871292452115,99
2024-09-18 13:34:12.390,415.88646916095325,996
2024-09-18 13:34:12.424,415.9087936271444,1003
2024-09-18 13:34:12.497,415.9047028547071,14
2024-09-18 13:34:12.621,415.9124910986993,103
2024-09-18 13:34:12.645,415.8869825359535,13
2024-09-18 13:34:12.667,415.8986881993952,997
2024-09-18 13:34:12.679,415.8685586384872,105
2024-09-18 13:34:12.701,415.8881817279917,997
2024-09-18 13:34:12.732,415.9015521958764,10
2024-09-18 13:34:12.739,415.8831728248379,95
2024-09-18 13:34:12.745,415.88802414065947,95
2024-09-18 13:34:12.763,415.8677457209325,5
2024-09-18 13:34:12.777,415.9130791040825,5
2024-09-18 13:34:12.843,415.88280012167706,5
2024-09-18 13:34:12.919,415.8639213515422,996
2024-09-18 13:34:12.942,415.860766956774,15
2024-09-18 13:34:12.943,415.9027995639478,1001
2024-09-18 13:34:12.958,415.91895917212986,102
2024-09-18 13:34:12.971,415.8690630097185,101
2024-09-18 13:34:12.991,415.9105567548739,1000
2024-09-18 13:34:13.554,415.91781855588334,1003
2024-09-18 13:34:14.050,415.9205902791686,12
2024-09-18 13:34:14.071,415.8190823365369,98
2024-09-18 13:34:14.127,415.8000670110599,95
2024-09-18 13:34:14.151,415.81864548144574,100
2024-09-18 13:34:14.224,415.78852861891886,1004
2024-09-18 13:34:14.267,415.82566924434445,14
2024-09-18 13:34:14.280,415.7993049036905,998
2024-09-18 13:34:14.443,415.818771067554,998
2024-09-18 13:34:14.463,415.90467012143546,11
2024-09-18 13:34:14.469,415.8029937678709,11
2024-09-18 13:34:14.499,415.8111068600494,102
2024-09-18 13:34:14.518,415.8245730391975,99
2024-09-18 13:34:14.524,,11
2024-09-18 13:34:14.527,415.80054344066406,10
2024-09-18 13:34:14.546,415.8174738694412,998
2024-09-18 13:34:14.610,415.817934800636,102
2024-09-18 13:34:14.615,415.80722228154514,1005
2024-09-18 13:34:14.693,415.9214570598739,102
2024-09-18 13:34:14.703,415.8707287967109,98
2024-09-18 13:34:14.715,415.8066177547857,1000
2024-09-18 13:34:14.732,415.8456070054819,98
2024-09-18 13:34:14.779,415.8946347547184,1000
2024-09-18 13:34:14.784,415.8054302470955,997
2024-09-18 13:34:14.824,415.84424499595855,99
2024-09-18 13:34:14.880,415.8184336555913,100
2024-09-18 13:34:14.891,415.81052493321147,5
2024-09-18 13:34:14.982,415.8450165594674,1001
2024-09-18 13:34:15.034,415.7767553067811,998
2024-09-18 13:34:15.132,415.8031244835003,12
2024-09-18 13:34:15.197,415.81341348672765,7
2024-09-18 13:34:15.334,415.8181158971021,997
2024-09-18 13:34:15.364,415.7760155376705,9
2024-09-18 13:34:15.364,415.7699547364171,1002
2024-09-18 13:34:15.634,415.7803754578496,995
2024-09-18 13:34:15.797,415.7872047585888,104
2024-09-18 13:34:15.817,415.8221726177636,998
2024-09-18 13:34:15.909,415.7868675975555,9
2024-09-18 13:34:16.124,415.81674607747954,5
2024-09-18 13:34:16.188,415.7875754241219,15
2024-09-18 13:34:16.195,415.79086146717134,102
2024-09-18 13:34:16.254,41.57892739447887,9
2024-09-18 13:34:16.439,,995
2024-09-18 13:34:16.445,415.7807876316358,1002
2024-09-18 13:34:16.503,415.7864945335496,96
2024-09-18 13:34:16.638,415.7932588557085,14
2024-09-18 13:34:16.695,415.7734376641433,11
2024-09-18 13:34:16.763,415.8049194296231,1004
2024-09-18 13:34:16.964,415.7780307164463,98
2024-09-18 13:34:16.994,415.8024945934024,10
2024-09-18 13:34:16.999,415.76900573019407,102
2024-09-18 13:34:17.016,415.8213750716492,105
2024-09-18 13:34:17.020,415.7806409482458,15
2024-09-18 13:34:17.032,415.79841527992585,97
2024-09-18 13:34:17.035,415.8175748410532,99
2024-09-18 13:34:17.073,415.8523519107963,9
2024-09-18 13:34:17.090,415.8548226385065,101
2024-09-18 13:34:17.099,415.8366879810585,15
2024-09-18 13:34:17.108,415.8089384234071,9
2024-09-18 13:34:17.153,415.8077218901532,95
2024-09-18 13:34:17.180,415.8524793987914,15
2024-09-18 13:34:17.228,415.7852774116753,10
2024-09-18 13:34:17.253,415.8386824766527,996
2024-09-18 13:34:17.365,415.831471383556,102
2024-09-18 13:34:17.417,415.82212235694914,15
2024-09-18 13:34:17.435,415.80828514245945,99
2024-09-18 13:34:17.450,415.8449432647128,14
2024-09-18 13:34:17.464,-415.82563907216655,101
2024-09-18 13:34:17.491,415.7938131872832,1005
2024-09-18 13:34:17.492,415.78675564614446,98
2024-09-18 13:34:17.511,415.85055193594326,103
2024-09-18 13:34:17.659,415.7831446425521,105
2024-09-18 13:34:17.742,415.8144925505898,96
2024-09-18 13:34:17.814,415.8103994166058,100
2024-09-18 13:34:17.852,415.8578692868775,996
2024-09-18 13:34:17.863,415.7674469775712,999
2024-09-18 13:34:17.868,415.79803444071433,13
2024-09-18 13:34:17.898,415.8474709200468,105
2024-09-18 13:34:17.988,415.8219468593035,10
2024-09-18 13:34:18.022,415.78423237695455,1003
2024-09-18 13:34:18.048,415.7732895523008,104
2024-09-18 13:34:18.124,415.81033517812944,1001
2024-09-18 13:34:18.133,415.8145814673941,1003
2024-09-18 13:34:18.410,415.7603556224699,10
2024-09-18 13:34:18.415,415.7408623847931,998
2024-09-18 13:34:18.420,415.77806666320095,101
2024-09-18 13:34:18.437,415.7971323026808,96
2024-09-18 13:34:18.439,415.8102661133468,1005
2024-09-18 13:34:18.521,415.7723979309347,14
2024-09-18 13:34:18.528,415.7925819395779,15
2024-09-18 13:34:18.555,415.7881213666473,10
2024-09-18 13:34:18.590,415.7926535400708,12
2024-09-18 13:34:18.624,415.7499748766087,1001
2024-09-18 13:34:18.638,415.7693486887347,105
2024-09-18 13:34:18.789,,1000
2024-09-18 13:34:18.835,415.75776832130265,103
2024-09-18 13:34:18.842,415.72770945189546,995
2024-09-18 13:34:18.856,415.77791360001936,8
2024-09-18 13:34:18.998,415.7876329417394,7
2024-09-18 13:34:19.036,415.7856653250948,105
2024-09-18 13:34:19.075,415.7848005901739,96
2024-09-18 13:34:19.114,415.78021443361854,1003
2024-09-18 13:34:19.333,415.7825358852551,8
2024-09-18 13:34:19.503,415.80947155294297,98
2024-09-18 13:34:19.684,415.7913127400156,102
2024-09-18 13:34:19.714,415.8040674342365,99
2024-09-18 13:34:19.960,415.8039675609334,1004
2024-09-18 13:34:20.145,415.7803102613343,1000
2024-09-18 13:34:20.148,415.7584661637823,96
2024-09-18 13:34:20.175,415.74928942088144,11
2024-09-18 13:34:20.547,415.7621802486709,11
2024-09-18 13:34:20.905,415.76354187754623,97
2024-09-18 13:34:21.144,415.7744808626703,12
2024-09-18 13:34:21.258,415.8005531589894,98
2024-09-18 13:34:21.273,415.8182809465328,1003
2024-09-18 13:34:21.281,415.8409574989947,14
2024-09-18 13:34:21.295,415.81628805694095,9
2024-09-18 13:34:21.311,415.7974428365347,98
2024-09-18 13:34:21.417,415.8313442930771,10
2024-09-18 13:34:21.505,415.7946797637373,1002
2024-09-18 13:34:21.511,415.809450094277,14
2024-09-18 13:34:21.609,415.8355126399021,11
2024-09-18 13:34:21.653,415.7901237458415,101
2024-09-18 13:34:21.659,415.7773137538176,96
2024-09-18 13:34:21.680,415.7965425030292,6
2024-09-18 13:34:21.686,415.7788867836176,1004
2024-09-18 13:34:21.718,415.764960472186,95
2024-09-18 13:34:21.844,415.81921631556,10
2024-09-18 13:34:21.888,415.772310401808,97
2024-09-18 13:34:21.902,415.804800117265,10
2024-09-18 13:34:21.966,415.7754793879071,100
2024-09-18 13:34:21.983,415.78591562575394,11
2024-09-18 13:34:22.071,415.8493882180461,996
2024-09-18 13:34:22.279,415.8628822307872,100
2024-09-18 13:34:22.393,415.8420686603924,8
2024-09-18 13:34:22.438,415.85924590471376,7
2024-09-18 13:34:22.457,415.8306864773853,7
2024-09-18 13:34:22.475,415.8466569903706,104
2024-09-18 13:34:22.488,415.8485932094397,14
2024-09-18 13:34:22.596,415.8432189690567,8
2024-09-18 13:34:22.641,415.86036789042095,103
2024-09-18 13:34:22.742,415.8689385656149,1002
2024-09-18 13:34:22.780,415.8582941804264,999
2024-09-18 13:34:22.852,415.83363858761714,1001
2024-09-18 13:34:22.876,415.8411591653552,5
2024-09-18 13:34:23.048,415.8396681015966,98
2024-09-18 13:34:23.172,415.845583582717,1005
2024-09-18 13:34:23.232,415.8535691728391,1004
2024-09-18 13:34:23.260,415.8418809992395,95
2024-09-18 13:34:23.281,415.84168583092367,95
2024-09-18 13:34:23.289,415.8472758872101,98
2024-09-18 13:34:23.311,415.85120014008544,11
2024-09-18 13:34:23.454,415.8278149032095,13
2024-09-18 13:34:23.520,415.873180947993,95
2024-09-18 13:34:23.703,41.58535085735021,995
2024-09-18 13:34:23.903,415.8743951636453,95
2024-09-18 13:34:23.926,415.8239742660991,1001
2024-09-18 13:34:24.015,-415.8887352699041,997
2024-09-18 13:34:24.039,415.8795773740679,1001
2024-09-18 13:34:24.155,415.86538611655607,1003
2024-09-18 13:34:24.191,415.8727582100431,998
2024-09-18 13:34:24.213,415.8264347443922,1004
2024-09-18 13:34:24.223,415.8897497014082,104
2024-09-18 13:34:24.280,415.8731061127362,100
2024-09-18 13:34:24.293,415.87268108565337,12
2024-09-18 13:34:24.294,415.8838968711797,96
2024-09-18 13:34:24.401,415.8826546832444,1002
2024-09-18 13:34:24.418,415.88597862319386,1004
2024-09-18 13:34:24.432,415.8421553203602,6
2024-09-18 13:34:24.553,415.8336800962482,995
2024-09-18 13:34:24.587,415.8442892710812,100
2024-09-18 13:34:24.661,415.89496613465496,13
2024-09-18 13:34:24.744,415.8645795663249,1001
2024-09-18 13:34:24.861,415.90366577854576,998
2024-09-18 13:34:24.918,415.882155668615,999
2024-09-18 13:34:24.922,415.8540977098281,96
2024-09-18 13:34:24.994,-415.8310867305338,13
2024-09-18 13:34:25.002,415.8258972212091,99
2024-09-18 13:34:25.083,415.8293803167565,1000
2024-09-18 13:34:25.129,415.8313697213412,99
2024-09-18 13:34:25.195,415.8399848336272,103
2024-09-18 13:34:25.312,415.8905760015176,1005
2024-09-18 13:34:25.366,415.8293035925756,98
2024-09-18 13:34:25.373,415.8277017484992,11
2024-09-18 13:34:25.436,415.8194676793293,96
2024-09-18 13:34:25.576,415.86976516924136,997
2024-09-18 13:34:25.605,415.8268059747342,14
2024-09-18 13:34:25.608,415.8469297528863,7
2024-09-18 13:34:25.688,415.8216046649349,995
2024-09-18 13:34:25.713,415.8358149745211,1004
2024-09-18 13:34:25.804,415.8706783239986,1000
2024-09-18 13:34:25.829,415.8430078014973,103
2024-09-18 13:34:25.873,415.8264998106516,5
2024-09-18 13:34:25.900,415.832211657853,96
2024-09-18 13:34:25.950,415.8387542925168,9
2024-09-18 13:34:25.961,415.8321417009011,103
2024-09-18 13:34:26.711,415.8726417880743,1004
2024-09-18 13:34:27.172,415.7557308769484,13
2024-09-18 13:34:27.234,415.803159633186,105
2024-09-18 13:34:27.554,415.8312081128107,7
2024-09-18 13:34:27.561,415.8304092504152,1000
2024-09-18 13:34:27.591,415.8503068197567,9
2024-09-18 13:34:27.676,415.8422613492225,102
2024-09-18 13:34:27.797,415.7981217821989,103
2024-09-18 13:34:27.817,415.7707816286004,98
2024-09-18 13:34:27.900,415.7604443750984,999
2024-09-18 13:34:30.080,415.67629192639583,105
2024-09-18 13:34:30.102,415.73384313847606,1005
2024-09-18 13:34:30.137,415.68337595606,104
2024-09-18 13:34:30.141,415.70285565739607,11
2024-09-18 13:34:30.142,415.7162982037255,95
2024-09-18 13:34:30.176,415.6761063673096,105
2024-09-18 13:34:30.233,415.7072312617642,995
2024-09-18 13:34:30.329,415.6764049456076,104
2024-09-18 13:34:30.340,415.6576542091785,98
2024-09-18 13:34:30.378,415.7615283091585,100
2024-09-18 13:34:30.430,415.65994696729217,5
2024-09-18 13:34:30.454,415.7358254942478,100
2024-09-18 13:34:30.474,415.7109484758244,1004
2024-09-18 13:34:30.489,415.7036001785762,1002
2024-09-18 13:34:30.500,415.6890839691463,95
2024-09-18 13:34:30.518,415.68166340292765,996
2024-09-18 13:34:30.555,415.6608758369037,12
2024-09-18 13:34:30.567,415.6822537219931,101
2024-09-18 13:34:30.766,415.7031324805808,10
2024-09-18 13:34:30.831,415.7132733985338,11
2024-09-18 13:34:30.967,415.7462141264657,98
2024-09-18 13:34:30.978,415.7055529283258,10
2024-09-18 13:34:30.984,415.6993139059821,5
2024-09-18 13:34:31.043,415.6713792644471,1004
2024-09-18 13:34:31.943,415.6588567767028,997
2024-09-18 13:34:32.016,415.7313169936261,98
2024-09-18 13:34:32.068,415.7067037390961,1002
2024-09-18 13:34:32.080,415.636101693398,12
2024-09-18 13:34:32.111,415.6499092925552,100
2024-09-18 13:34:32.151,,100
2024-09-18 13:34:32.176,415.70269269842834,15
2024-09-18 13:34:32.206,-415.6731499726834,11
2024-09-18 13:34:32.211,415.6994565641281,13
2024-09-18 13:34:32.283,415.7070874523743,11
2024-09-18 13:34:32.300,415.6787992237288,1003
2024-09-18 13:34:32.300,415.6356156464881,6
2024-09-18 13:34:32.361,415.7138814157149,15
2024-09-18 13:34:32.432,415.6479980167029,5
2024-09-18 13:34:32.515,415.6749127537376,101
2024-09-18 13:34:32.563,415.6884142732693,105
2024-09-18 13:34:32.563,415.7139829612297,996
2024-09-18 13:34:32.592,415.6701560812341,7
2024-09-18 13:34:32.612,415.647191726802,97
2024-09-18 13:34:32.631,415.71934184925846,1005
2024-09-18 13:34:32.646,415.7023925593616,105
2024-09-18 13:34:32.662,415.6435986310746,1003
2024-09-18 13:34:32.663,415.71766878746814,96
2024-09-18 13:34:32.674,415.6859494915241,995
2024-09-18 13:34:32.712,415.61650377439184,997
2024-09-18 13:34:32.774,415.6587516931122,102
2024-09-18 13:34:32.865,415.72575687945874,12
2024-09-18 13:34:32.884,415.6722545153961,1003
2024-09-18 13:34:32.933,415.7048268988767,97
2024-09-18 13:34:32.949,415.6259041100194,102
2024-09-18 13:34:32.957,,5
2024-09-18 13:34:33.121,415.5832882008937,96
2024-09-18 13:34:33.165,415.5666185691781,1001
2024-09-18 13:34:33.461,415.5455942008257,102
2024-09-18 13:34:33.520,415.5543813155986,95
2024-09-18 13:34:33.577,415.54731466683126,14
2024-09-18 13:34:33.604,415.5728209234283,1004
2024-09-18 13:34:33.724,415.549317644949,1005
2024-09-18 13:34:33.800,415.5933160815838,103
2024-09-18 13:34:33.806,415.6015073571914,103
2024-09-18 13:34:33.974,415.58094792546615,97
2024-09-18 13:34:34.157,415.5688446283432,1004
2024-09-18 13:34:34.235,415.5938928675415,100
2024-09-18 13:34:34.325,415.5819480382396,996
2024-09-18 13:34:34.402,415.60117836350526,99
2024-09-18 13:34:34.483,415.5898174064771,104
2024-09-18 13:34:34.508,415.579637341443,105
2024-09-18 13:34:34.534,415.5890390419611,95
2024-09-18 13:34:34.551,415.6074187736024,98
2024-09-18 13:34:34.578,-415.5831302808522,997
2024-09-18 13:34:34.609,415.5788323347236,95
2024-09-18 13:34:34.622,415.5829558843582,12
2024-09-18 13:34:34.692,415.5963234146158,997
2024-09-18 13:34:34.774,415.611677983928,1003
2024-09-18 13:34:34.780,415.5905322052638,5
2024-09-18 13:34:34.817,415.5824939105945,12
2024-09-18 13:34:34.942,415.5836592129367,996
2024-09-18 13:34:34.956,415.59328832526097,1005
2024-09-18 13:34:34.986,415.5776551752919,101
2024-09-18 13:34:35.051,415.5863296576742,14
2024-09-18 13:34:35.065,415.5988618250733,103
2024-09-18 13:34:35.284,415.57465016930615,998
2024-09-18 13:34:35.347,415.58969062908506,95
2024-09-18 13:34:35.452,415.5894399636277,999
2024-09-18 13:34:35.502,415.59743934139766,11
2024-09-18 13:34:35.558,,105
2024-09-18 13:34:35.630,415.5967944373167,1000
2024-09-18 13:34:36.007,415.5287092200397,1005
2024-09-18 13:34:36.223,415.5410421786721,11
2024-09-18 13:34:36.320,415.6096905161887,102
2024-09-18 13:34:36.384,415.56379263863454,1005
2024-09-18 13:34:36.419,-415.5251064657352,1004
2024-09-18 13:34:36.496,415.6066516605219,101
2024-09-18 13:34:36.591,415.58198884844336,1000
2024-09-18 13:34:36.610,415.57404812584224,996
2024-09-18 13:34:36.782,415.534728516827,5
2024-09-18 13:34:36.807,415.6089083123797,997
2024-09-18 13:34:36.859,415.6066750623242,104
2024-09-18 13:34:37.073,415.5138315565963,11
2024-09-18 13:34:37.113,415.5420319905761,1002
2024-09-18 13:34:37.271,415.487202799322,105
2024-09-18 13:34:37.410,415.5148735827452,1004
2024-09-18 13:34:37.418,415.4951673376101,11
2024-09-18 13:34:37.427,415.5068799377594,95
2024-09-18 13:34:37.431,415.52166523700834,1003
2024-09-18 13:34:37.524,415.51475528964977,997
2024-09-18 13:34:37.535,415.5247777082593,101
2024-09-18 13:34:37.536,415.5107504480156,1004
2024-09-18 13:34:37.662,415.5178299084895,999
2024-09-18 13:34:37.668,-415.5302835669422,14
2024-09-18 13:34:37.686,415.51753430640935,9
2024-09-18 13:34:37.779,415.489598599147,1000
2024-09-18 13:34:37.796,415.5131302678663,8
2024-09-18 13:34:37.827,415.515561193788,1005
2024-09-18 13:34:37.898,415.4856825423049,104
2024-09-18 13:34:37.907,415.5115506013189,995
2024-09-18 13:34:37.916,415.522477394228,1000
2024-09-18 13:34:37.926,415.5187449097341,104
2024-09-18 13:34:37.995,415.5273027938491,103
2024-09-18 13:34:38.483,415.4853988664475,1001
2024-09-18 13:34:38.489,415.501408694858,9
2024-09-18 13:34:38.726,415.5180795310282,15
2024-09-18 13:34:39.023,415.50370500702365,99
2024-09-18 13:34:39.028,415.5093801815899,100
2024-09-18 13:34:39.061,415.5229949795717,8
2024-09-18 13:34:39.100,415.5192086910232,999
2024-09-18 13:34:39.121,415.5339475830452,96
2024-09-18 13:34:39.149,415.49947648946784,5
2024-09-18 13:34:39.167,415.54196289507775,97
2024-09-18 13:34:39.222,415.5315877365165,996
2024-09-18 13:34:39.418,415.5103150035516,5
2024-09-18 13:34:39.522,415.50609139728897,1000
2024-09-18 13:34:39.561,415.522213590561,1003
2024-09-18 13:34:39.629,415.50547070817584,105
2024-09-18 13:34:39.632,415.5076732820395,100
2024-09-18 13:34:39.692,415.5590716489726,9
2024-09-18 13:34:39.792,415.5275352252693,99
2024-09-18 13:34:39.858,415.5505330708796,96
2024-09-18 13:34:39.905,415.51994136065,96
2024-09-18 13:34:39.967,415.5047933925085,1000
2024-09-18 13:34:39.974,415.4943860275506,1004
2024-09-18 13:34:40.016,415.486836088625,1005
2024-09-18 13:34:40.023,415.5301416769934,7
2024-09-18 13:34:40.026,415.5219090796792,1005
2024-09-18 13:34:40.123,415.5477791803141,101
2024-09-18 13:34:40.140,415.53337654956783,102
2024-09-18 13:34:40.181,415.514853368889,15
2024-09-18 13:34:40.189,415.5148839043785,1003
2024-09-18 13:34:40.296,415.4835826753393,98
2024-09-18 13:34:40.425,415.5147275728792,5
2024-09-18 13:34:40.483,415.5369744127173,15
2024-09-18 13:34:40.497,415.5583980757969,105
2024-09-18 13:34:40.572,415.53025087915006,8
2024-09-18 13:34:40.598,415.4732704504386,5
2024-09-18 13:34:40.617,415.5294912089389,999
2024-09-18 13:34:40.648,415.4987260249489,8
2024-09-18 13:34:40.710,415.5151828698101,1000
2024-09-18 13:34:40.762,415.543734404863,999
2024-09-18 13:34:40.773,415.53705744569095,1004
2024-09-18 13:34:40.800,415.5273881493508,10
2024-09-18 13:34:40.801,415.5338259883695,105
2024-09-18 13:34:40.942,415.4755022881395,1000
2024-09-18 13:34:40.985,415.5362883851735,100
2024-09-18 13:34:41.271,415.53746220481486,98
2024-09-18 13:34:41.313,415.5377369084357,8
2024-09-18 13:34:41.407,415.52859255169983,101
2024-09-18 13:34:41.528,415.511034779557,101
2024-09-18 13:34:41.802,415.5390322786334,1000
2024-09-18 13:34:42.262,415.4979907414776,104
2024-09-18 13:34:43.036,415.4956070835893,98
2024-09-18 13:34:43.120,415.4961975717941,15
2024-09-18 13:34:43.262,415.498417749459,11
2024-09-18 13:34:43.389,415.5106585426267,999
2024-09-18 13:34:43.651,415.52528114528576,8
2024-09-18 13:34:43.746,415.516826530159,6
2024-09-18 13:34:43.930,415.49073807076496,6
2024-09-18 13:34:43.935,415.5127300230166,1002
2024-09-18 13:34:44.038,415.5563900645313,15
2024-09-18 13:34:44.069,415.52765786203526,8
2024-09-18 13:34:44.143,415.57715868085296,5
2024-09-18 13:34:44.149,415.5666982299741,102
2024-09-18 13:34:44.245,415.5105554498448,1000
2024-09-18 13:34:44.263,415.5635256886444,1004
2024-09-18 13:34:44.349,415.55056821015,998
2024-09-18 13:34:44.492,415.5666801259932,103
2024-09-18 13:34:44.538,415.50810190014096,1004
2024-09-18 13:34:44.548,415.5890289805673,101
2024-09-18 13:34:44.571,415.5435508702486,104
2024-09-18 13:34:44.602,415.5608820218934,1001
2024-09-18 13:34:44.772,415.5216349655683,999
2024-09-18 13:34:44.815,415.5720453378094,1000
2024-09-18 13:34:44.905,415.5282158795264,1002
2024-09-18 13:34:44.915,415.54827716962245,998
2024-09-18 13:34:44.930,415.5602017318624,1005
2024-09-18 13:34:45.024,41.54974981820757,97
2024-09-18 13:34:45.042,415.55355930972536,996
2024-09-18 13:34:45.049,415.51853324507664,7
2024-09-18 13:34:45.083,415.5105574300212,99
2024-09-18 13:34:45.095,415.49753784392016,11
2024-09-18 13:34:45.098,415.5176715702968,1005
2024-09-18 13:34:45.170,415.5107183405752,10
2024-09-18 13:34:45.174,415.4928379740026,996
2024-09-18 13:34:45.193,415.5172252937128,1003
2024-09-18 13:34:45.224,415.52220356465614,98
2024-09-18 13:34:45.278,415.5161496175335,1001
2024-09-18 13:34:45.385,415.5062632107432,1002
2024-09-18 13:34:45.482,415.4953781208944,1002
2024-09-18 13:34:45.498,415.56813544473374,9
2024-09-18 13:34:45.516,415.4836092954217,998
2024-09-18 13:34:45.569,415.5428552662095,995
2024-09-18 13:34:45.580,415.5270698873566,8
2024-09-18 13:34:45.683,415.5464797823218,8
2024-09-18 13:34:45.744,415.5011441831055,103
2024-09-18 13:34:45.750,415.5067772307032,98
2024-09-18 13:34:45.798,415.50093705022965,7
2024-09-18 13:34:45.927,415.5191088003107,1004
2024-09-18 13:34:46.177,415.4965102411152,97
2024-09-18 13:34:46.717,415.5252849563386,15
2024-09-18 13:34:46.936,415.5353604627071,998
2024-09-18 13:34:47.199,415.4795774857207,13
2024-09-18 13:34:47.208,415.5209698258426,97
2024-09-18 13:34:47.329,415.5477336376987,1001
2024-09-18 13:34:47.330,415.4644131269735,11
2024-09-18 13:34:47.435,415.4686776723812,5
2024-09-18 13:34:47.471,415.51618329258906,1001
2024-09-18 13:34:47.475,415.5600529660248,98
2024-09-18 13:34:47.505,415.532909773124,105
2024-09-18 13:34:47.509,415.4660593710648,100
2024-09-18 13:34:47.510,415.48261417603095,11
2024-09-18 13:34:47.520,415.5054276728246,1002
2024-09-18 13:34:47.522,415.52673730422896,101
2024-09-18 13:34:47.534,41.550450651998666,5
2024-09-18 13:34:47.585,415.4860352449804,11
2024-09-18 13:34:47.603,415.5734265096074,1002
2024-09-18 13:34:47.622,415.5414952074146,101
2024-09-18 13:34:47.631,415.4778286762791,9
2024-09-18 13:34:47.661,415.4487867628733,102
2024-09-18 13:34:47.729,415.4547811069862,104
2024-09-18 13:34:47.746,415.57655141479137,98
2024-09-18 13:34:47.786,415.44284622797966,105
2024-09-18 13:34:47.805,415.50311514268986,9
2024-09-18 13:34:47.825,415.5567369382136,104
2024-09-18 13:34:47.921,415.4406842754547,8
2024-09-18 13:34:47.937,415.5219262073495,11
2024-09-18 13:34:50.006,415.4576146325125,1005
2024-09-18 13:34:50.008,415.4226730161686,999
2024-09-18 13:34:50.122,415.38228894075513,10
2024-09-18 13:34:50.208,415.44518996379065,1005
2024-09-18 13:34:50.221,415.46497668144434,12
2024-09-18 13:34:50.288,415.41604520552033,1002
2024-09-18 13:34:50.294,415.38961140855895,1001
2024-09-18 13:34:50.301,415.4270165551115,1005
2024-09-18 13:34:50.312,415.4134567453209,1003
2024-09-18 13:34:50.329,415.4538158168101,996
2024-09-18 13:34:50.347,415.4453040477119,98
2024-09-18 13:34:50.389,415.4272537586144,9
2024-09-18 13:34:50.400,415.48547290925217,998
2024-09-18 13:34:50.413,415.44082085680895,6
2024-09-18 13:34:50.596,415.4051608549319,1001
2024-09-18 13:34:50.625,415.4004729406698,101
2024-09-18 13:34:50.821,415.493741560671,95
2024-09-18 13:34:50.824,415.49653787491616,6
2024-09-18 13:34:50.848,415.4978864199148,995
2024-09-18 13:34:50.860,415.4806489564522,995
2024-09-18 13:34:50.893,415.4689227780384,999
2024-09-18 13:34:50.898,415.40151856648095,10
2024-09-18 13:34:50.973,415.40258322979,10
2024-09-18 13:34:50.980,415.4115793867926,1004
2024-09-18 13:34:51.020,415.3660005864014,999
2024-09-18 13:34:51.042,415.3717940454518,5
2024-09-18 13:34:51.108,415.3926343744247,1001
2024-09-18 13:34:51.141,415.3428558117391,101
2024-09-18 13:34:51.159,415.36715456699625,103
2024-09-18 13:34:51.215,415.3791377700051,1000
2024-09-18 13:34:51.297,415.3895565925823,95
2024-09-18 13:34:51.433,415.3654803380013,97
2024-09-18 13:34:51.526,415.4129753400076,15
2024-09-18 13:34:51.544,415.3736443027233,14
2024-09-18 13:34:51.559,415.3961213360645,7
2024-09-18 13:34:51.605,415.37912206578,12
2024-09-18 13:34:51.676,415.3658780608673,99
2024-09-18 13:34:51.712,415.38338219628497,99
2024-09-18 13:34:51.739,415.38270739783167,998
2024-09-18 13:34:51.753,415.3881335840943,1000
2024-09-18 13:34:51.872,415.3621674056281,8
2024-09-18 13:34:51.924,415.39129250101433,100
2024-09-18 13:34:51.951,415.37996416767095,99
2024-09-18 13:34:52.044,415.3617812535447,99
2024-09-18 13:34:52.177,415.3958860690457,99
2024-09-18 13:34:52.256,415.4090565761748,104
2024-09-18 13:34:52.274,415.4045382469788,1005
2024-09-18 13:34:52.373,415.39187484478487,8
2024-09-18 13:34:52.378,415.38079981296175,96
2024-09-18 13:34:52.385,415.3954113749116,8
2024-09-18 13:34:52.395,415.4262636118167,102
2024-09-18 13:34:52.449,415.3900497072046,97
2024-09-18 13:34:52.479,,95
2024-09-18 13:34:52.628,415.38488271153074,103
2024-09-18 13:34:52.632,415.3804738043496,1004
2024-09-18 13:34:52.727,415.37749729158,1003
2024-09-18 13:34:52.804,415.3880441675156,104
2024-09-18 13:34:52.870,415.37648570962574,99
2024-09-18 13:34:52.987,415.3824012213673,13
2024-09-18 13:34:53.067,415.3867075423939,1004
2024-09-18 13:34:53.130,415.38272087643264,1000
2024-09-18 13:34:53.181,415.37726681009497,1005
2024-09-18 13:34:53.227,415.3729862121774,996
2024-09-18 13:34:53.272,415.36816486832464,998
2024-09-18 13:34:53.418,415.3095857682573,1002
2024-09-18 13:34:53.436,415.3385734574224,995
2024-09-18 13:34:53.447,-415.4041471680464,1001
2024-09-18 13:34:53.534,415.32761824723127,96
2024-09-18 13:34:53.589,415.41317924357776,105
2024-09-18 13:34:53.615,415.3624665909876,1005
2024-09-18 13:34:53.636,415.3873874521544,95
2024-09-18 13:34:53.648,415.4112813996346,5
2024-09-18 13:34:53.681,415.3326211509859,995
2024-09-18 13:34:53.735,415.32246458021615,96
2024-09-18 13:34:53.805,-415.3629069238668,102
2024-09-18 13:34:53.906,415.3808364486205,1005
2024-09-18 13:34:53.978,415.3698227148728,10
2024-09-18 13:34:54.441,415.4312169730068,999
2024-09-18 13:34:55.062,415.43719139885496,105
2024-09-18 13:34:55.129,415.4173813021316,95
2024-09-18 13:34:55.154,415.4272949987035,15
2024-09-18 13:34:55.222,415.40714578341374,7
2024-09-18 13:34:55.259,415.41302363116586,7
2024-09-18 13:34:55.283,415.4081247515124,1002
2024-09-18 13:34:55.314,415.37772601495175,1000
2024-09-18 13:34:55.321,415.4277299009685,1004
2024-09-18 13:34:55.330,415.4078243428151,9
2024-09-18 13:34:55.335,415.40861491878746,1004
2024-09-18 13:34:55.390,415.38049636343726,1005
2024-09-18 13:34:55.392,415.39897177814,999
2024-09-18 13:34:55.434,415.4325597999765,13
2024-09-18 13:34:55.591,415.4134041970943,11
2024-09-18 13:34:55.612,415.4088442059476,1001
2024-09-18 13:34:55.666,415.4487855526648,98
2024-09-18 13:34:55.696,415.4016562903041,8
2024-09-18 13:34:55.781,415.4115816416347,10
2024-09-18 13:34:55.788,415.4152406429364,14
2024-09-18 13:34:55.799,415.4255924382892,1004
2024-09-18 13:34:55.819,415.38537391579297,1004
2024-09-18 13:34:55.965,415.4382723702161,103
2024-09-18 13:34:56.018,415.4182487413193,12
2024-09-18 13:34:56.072,415.4187192531095,998
2024-09-18 13:34:56.121,415.4019373634033,98
2024-09-18 13:34:56.134,415.4399232584095,7
2024-09-18 13:34:56.202,415.3982102411111,99
2024-09-18 13:34:56.258,415.4055609477858,1003
2024-09-18 13:34:56.288,415.4119825052029,995
2024-09-18 13:34:56.362,415.41481987080726,5
2024-09-18 13:34:56.423,415.40959617558696,13
2024-09-18 13:34:56.445,415.44954672228886,6
2024-09-18 13:34:56.451,415.4057261744841,6
2024-09-18 13:34:56.474,415.407291740033,11
2024-09-18 13:34:56.475,415.4460528710013,1005
2024-09-18 13:34:56.577,415.4160859545832,1003
2024-09-18 13:34:56.603,415.4287853079594,1000
2024-09-18 13:34:56.636,415.4160404362423,99
2024-09-18 13:34:56.638,415.4062397511484,7
2024-09-18 13:34:56.641,415.44002826924486,97
2024-09-18 13:34:56.807,415.4032244087454,1000
2024-09-18 13:34:56.840,415.4033297369921,997
2024-09-18 13:34:56.972,415.4200263741373,7
2024-09-18 13:34:57.034,415.3991383456546,103
2024-09-18 13:34:57.081,415.50460531935056,998
2024-09-18 13:34:57.101,415.45475288656223,15
2024-09-18 13:34:57.145,415.386079251738,8
2024-09-18 13:34:57.211,415.3755673740162,1002
2024-09-18 13:34:57.281,415.4749478208043,8
2024-09-18 13:34:57.318,415.3859041784557,105
2024-09-18 13:34:57.335,415.4914894734597,7
2024-09-18 13:34:57.363,415.46169618387535,5
2024-09-18 13:34:57.385,415.48477012358336,995
2024-09-18 13:34:57.396,415.4468589556003,98
2024-09-18 13:34:57.519,415.468315521384,8
2024-09-18 13:34:57.537,415.47464537222174,6
2024-09-18 13:34:57.540,415.44939550640447,995
2024-09-18 13:34:57.687,415.4656593474488,103
2024-09-18 13:34:57.756,415.39812919955807,995
2024-09-18 13:34:57.759,415.3830808152365,1004
2024-09-18 13:34:57.760,415.4100868278134,105
2024-09-18 13:34:57.796,415.3987736977906,104
2024-09-18 13:34:57.891,415.3967547851824,1000
2024-09-18 13:34:57.934,415.43446365594025,5
2024-09-18 13:34:57.946,415.4819876686509,96
2024-09-18 13:34:58.017,415.36959690342894,7
2024-09-18 13:34:58.058,415.4586534291397,8
2024-09-18 13:34:58.081,415.42666203397647,5
2024-09-18 13:34:58.085,415.46883485459193,997
2024-09-18 13:34:58.146,415.448747199727,102
2024-09-18 13:34:58.186,415.4305462731568,7
2024-09-18 13:34:58.211,415.4261783569947,1000
2024-09-18 13:34:58.289,415.3927471704952,995
2024-09-18 13:34:58.301,41.54137066069629,103
2024-09-18 13:34:58.304,415.3819530850145,97
2024-09-18 13:34:58.311,415.42857816359054,7
2024-09-18 13:34:58.355,415.3933163097727,995
2024-09-18 13:34:58.384,415.4106055014719,8
2024-09-18 13:34:58.424,415.4724947677888,96
2024-09-18 13:34:58.425,415.46158813337104,13
2024-09-18 13:34:58.446,415.4584413393553,995
2024-09-18 13:34:58.536,415.4323436405341,100
2024-09-18 13:34:58.550,415.3991486802625,995
2024-09-18 13:34:58.625,415.4142979896287,5
2024-09-18 13:34:58.723,415.4345530680085,7
2024-09-18 13:34:58.826,415.391367005217,15
2024-09-18 13:34:58.879,415.45498998170655,1001
2024-09-18 13:34:59.021,415.4195792303379,1002
2024-09-18 13:34:59.099,415.3912476183632,1002
2024-09-18 13:34:59.188,415.4434373328234,1005
2024-09-18 13:34:59.189,415.3609577121508,6
2024-09-18 13:34:59.335,415.397786554183,1001
2024-09-18 13:34:59.386,415.370152399819,102
2024-09-18 13:34:59.436,415.3589443381845,98
2024-09-18 13:34:59.553,415.3676582127071,95
2024-09-18 13:34:59.645,415.3919385047682,105
2024-09-18 13:34:59.645,415.3672467378462,6
2024-09-18 13:34:59.663,,1001
2024-09-18 13:34:59.748,415.36241687236816,99
2024-09-18 13:34:59.869,415.3727098692643,7
2024-09-18 13:34:59.869,415.41003934338113,101
2024-09-18 13:34:59.931,415.3726061442069,11
2024-09-18 13:34:59.971,415.4753629525768,996
