Timestamp,Price,Size
2024-09-16 14:23:00.047,414.4840577798692,104
2024-09-16 14:23:00.393,414.4859481962641,12
2024-09-16 14:23:00.449,414.49726172848153,999
2024-09-16 14:23:00.950,414.4815595717903,13
2024-09-16 14:23:01.206,414.52844079917566,998
2024-09-16 14:23:01.294,414.5033676083017,100
2024-09-16 14:23:01.322,414.5048915883836,13
2024-09-16 14:23:01.482,414.5002372313389,995
2024-09-16 14:23:01.533,414.5079995343248,11
2024-09-16 14:23:01.722,414.49318934663296,10
2024-09-16 14:23:01.780,414.5141076083248,100
2024-09-16 14:23:01.882,414.50944345285296,95
2024-09-16 14:23:01.941,414.51147740776656,14
2024-09-16 14:23:01.973,414.50605560343286,11
2024-09-16 14:23:02.093,414.52029520548615,100
2024-09-16 14:23:02.101,414.5622104180785,1003
2024-09-16 14:23:02.162,414.52674016088713,15
2024-09-16 14:23:02.193,414.5455985846082,13
2024-09-16 14:23:02.252,414.5111463277989,95
2024-09-16 14:23:02.286,414.5354419271895,105
2024-09-16 14:23:02.338,414.5463432211696,997
2024-09-16 14:23:02.455,414.5267403787629,5
2024-09-16 14:23:02.580,414.5076732618645,99
2024-09-16 14:23:02.600,-414.5610112254623,8
2024-09-16 14:23:02.617,414.51782084044817,5
2024-09-16 14:23:02.663,414.55032393862575,104
2024-09-16 14:23:02.717,414.5421999633068,998
2024-09-16 14:23:02.774,414.54755338912616,7
2024-09-16 14:23:02.778,414.551736232852,95
2024-09-16 14:23:02.857,414.5118581901312,95
2024-09-16 14:23:02.862,414.5435516144765,14
2024-09-16 14:23:02.902,414.5180934947516,1000
2024-09-16 14:23:02.917,,98
2024-09-16 14:23:02.948,414.5473869791379,99
2024-09-16 14:23:02.955,414.4961851823838,10
2024-09-16 14:23:03.033,414.56179532646297,103
2024-09-16 14:23:03.092,414.5631990531991,1002
2024-09-16 14:23:03.214,414.5699619612787,12
2024-09-16 14:23:03.223,414.5607249227691,95
2024-09-16 14:23:03.236,414.54009744601257,105
2024-09-16 14:23:03.372,414.5240738407349,99
2024-09-16 14:23:03.488,414.5205782102453,1003
2024-09-16 14:23:03.490,414.5565495406492,8
2024-09-16 14:23:03.530,414.5508087421137,10
2024-09-16 14:23:03.561,414.535601476445,1001
2024-09-16 14:23:03.592,414.57230228871526,998
2024-09-16 14:23:03.652,414.574870636396,105
2024-09-16 14:23:03.685,414.5624959027829,1001
2024-09-16 14:23:03.707,414.53701582681566,1005
2024-09-16 14:23:03.722,414.5555651957531,95
2024-09-16 14:23:03.729,414.57091015364426,102
2024-09-16 14:23:03.855,414.5313152731008,10
2024-09-16 14:23:03.879,414.5464892389644,998
2024-09-16 14:23:04.033,414.6591696528854,1002
2024-09-16 14:23:04.062,414.529086210917,5
2024-09-16 14:23:04.122,414.6786452837612,104
2024-09-16 14:23:04.223,41.4619105703915,1001
2024-09-16 14:23:04.383,414.5113214236559,1002
2024-09-16 14:23:04.467,414.6309906388194,104
2024-09-16 14:23:04.512,414.58796388857553,997
2024-09-16 14:23:04.519,414.5155318895305,8
2024-09-16 14:23:04.532,414.5086200674391,997
2024-09-16 14:23:04.533,414.6802716008409,105
2024-09-16 14:23:04.538,414.6931033168488,95
2024-09-16 14:23:04.548,414.6758309532077,103
2024-09-16 14:23:04.576,414.6988942231019,1003
2024-09-16 14:23:04.617,414.6081197027416,999
2024-09-16 14:23:04.620,414.5028129456486,100
2024-09-16 14:23:04.677,414.5666985932613,97
2024-09-16 14:23:04.704,414.5464982130949,102
2024-09-16 14:23:04.738,414.66925539541495,98
2024-09-16 14:23:04.741,414.5042467056772,1000
2024-09-16 14:23:04.756,414.5188357179418,1005
2024-09-16 14:23:04.851,414.5189011741084,1002
2024-09-16 14:23:04.938,414.64451499928265,6
2024-09-16 14:23:04.939,414.5579458180605,1002
2024-09-16 14:23:05.012,414.6742976871926,103
2024-09-16 14:23:05.301,414.6703782881721,998
2024-09-16 14:23:05.320,414.68776047285866,1005
2024-09-16 14:23:05.421,414.67471335657007,1004
2024-09-16 14:23:05.733,414.6736542887287,13
2024-09-16 14:23:05.748,414.6682209811427,8
2024-09-16 14:23:06.750,414.67147425456994,1004
2024-09-16 14:23:07.012,414.6168036940837,99
2024-09-16 14:23:07.327,414.6258554376281,12
2024-09-16 14:23:07.346,414.6402812295229,99
2024-09-16 14:23:07.369,414.6341983861743,95
2024-09-16 14:23:07.395,414.6382895280534,996
2024-09-16 14:23:07.462,414.6358515545625,100
2024-09-16 14:23:07.500,414.6289711289231,96
2024-09-16 14:23:07.554,414.6665256084571,102
2024-09-16 14:23:07.679,414.61698317268986,1001
2024-09-16 14:23:07.708,414.6086977979096,1000
2024-09-16 14:23:07.761,414.6117192476044,13
2024-09-16 14:23:07.774,414.6418406867819,9
2024-09-16 14:23:07.818,414.6397107584589,98
2024-09-16 14:23:07.888,414.61213990038993,1005
2024-09-16 14:23:07.949,414.5986649647987,100
2024-09-16 14:23:08.071,414.5728903335329,1003
2024-09-16 14:23:08.169,414.5541805594198,1001
2024-09-16 14:23:08.170,414.5432073455612,103
2024-09-16 14:23:08.251,414.5711636413093,103
2024-09-16 14:23:08.308,414.56989619643446,995
2024-09-16 14:23:08.403,414.5557357916904,9
2024-09-16 14:23:08.630,414.5646282998954,104
2024-09-16 14:23:08.724,414.585328634737,15
2024-09-16 14:23:08.752,414.5801926393574,999
2024-09-16 14:23:08.819,414.57385944153134,6
2024-09-16 14:23:08.958,414.5612309330351,9
2024-09-16 14:23:09.043,414.5658237640836,11
2024-09-16 14:23:09.055,414.561607207951,13
2024-09-16 14:23:09.059,414.5376874609564,101
2024-09-16 14:23:09.073,414.5762792639245,996
2024-09-16 14:23:09.089,414.5698252534006,13
2024-09-16 14:23:09.110,414.5688657776247,8
2024-09-16 14:23:09.155,414.5572779317673,7
2024-09-16 14:23:09.239,414.5636176402,6
2024-09-16 14:23:09.256,414.5313938100039,11
2024-09-16 14:23:09.257,414.5105345761374,97
2024-09-16 14:23:09.279,414.5336730159253,5
2024-09-16 14:23:09.359,414.5387395414142,1001
2024-09-16 14:23:09.396,414.5770789580988,104
2024-09-16 14:23:09.406,414.5564995276209,995
2024-09-16 14:23:09.504,414.5703022644803,105
2024-09-16 14:23:09.521,414.5547995910322,103
2024-09-16 14:23:09.572,414.5824517552876,104
2024-09-16 14:23:09.615,414.5661376534511,96
2024-09-16 14:23:09.699,414.5739937679704,8
2024-09-16 14:23:09.878,414.5746172711473,7
2024-09-16 14:23:09.905,414.5570927625972,99
2024-09-16 14:23:09.957,414.5294422220917,96
2024-09-16 14:23:10.018,414.5307195493389,13
2024-09-16 14:23:10.375,414.51532334133583,104
2024-09-16 14:23:10.490,414.54749067538086,96
2024-09-16 14:23:10.503,414.5609906059925,13
2024-09-16 14:23:10.514,414.54324044616567,105
2024-09-16 14:23:10.593,41.45264599661422,5
2024-09-16 14:23:10.605,414.5409881736844,104
2024-09-16 14:23:10.661,414.55050361531,103
2024-09-16 14:23:10.680,414.53312382063154,15
2024-09-16 14:23:10.740,414.5547204622097,13
2024-09-16 14:23:10.859,414.5256320067222,1003
2024-09-16 14:23:10.907,414.5248065544673,104
2024-09-16 14:23:10.942,414.5319050196026,100
2024-09-16 14:23:10.973,414.54171976821766,104
2024-09-16 14:23:11.017,414.5060133261749,995
2024-09-16 14:23:11.043,414.4541035822056,1004
2024-09-16 14:23:11.071,414.478231966141,999
2024-09-16 14:23:11.088,414.4775145924975,10
2024-09-16 14:23:11.097,414.4654099612874,14
2024-09-16 14:23:11.128,414.4941981229025,996
2024-09-16 14:23:11.140,414.490941967281,7
2024-09-16 14:23:11.156,414.453821192271,1002
2024-09-16 14:23:11.174,414.4810882837456,9
2024-09-16 14:23:11.203,414.4658401473648,998
2024-09-16 14:23:11.245,414.4600904058365,1001
2024-09-16 14:23:11.318,414.4515736984247,5
2024-09-16 14:23:11.357,414.4907346797648,12
2024-09-16 14:23:11.357,414.4826319003765,1004
2024-09-16 14:23:11.454,414.4579202635138,5
2024-09-16 14:23:11.616,414.47059871102505,99
2024-09-16 14:23:11.619,414.4592893278206,99
2024-09-16 14:23:11.624,414.48370435083166,105
2024-09-16 14:23:11.630,414.52006305700127,102
2024-09-16 14:23:11.630,414.5333081467398,1003
2024-09-16 14:23:11.638,414.4601701067778,98
2024-09-16 14:23:11.678,414.4574945905673,1002
2024-09-16 14:23:11.717,414.47119031986574,1005
2024-09-16 14:23:11.725,414.4550334608862,104
2024-09-16 14:23:11.733,414.4823805095049,999
2024-09-16 14:23:11.872,414.4710415216574,995
2024-09-16 14:23:11.900,414.4767672578519,1003
2024-09-16 14:23:11.937,414.5295775289218,96
2024-09-16 14:23:11.968,414.47714164599927,996
2024-09-16 14:23:11.999,414.4960616407425,7
2024-09-16 14:23:13.051,414.5489661144911,1004
2024-09-16 14:23:13.182,414.49751781308726,101
2024-09-16 14:23:13.192,414.48769041883,1002
2024-09-16 14:23:13.207,414.5400557229119,99
2024-09-16 14:23:13.241,414.56124951945617,97
2024-09-16 14:23:13.444,414.5397478577601,995
2024-09-16 14:23:13.447,414.5575118815736,14
2024-09-16 14:23:13.453,414.4861552303888,998
2024-09-16 14:23:13.484,414.4957631139456,1004
2024-09-16 14:23:13.612,414.5113643336456,104
2024-09-16 14:23:13.631,414.5143939315478,104
2024-09-16 14:23:13.634,414.5405715804642,14
2024-09-16 14:23:13.648,414.5541524370783,1003
2024-09-16 14:23:13.659,414.5220518786143,100
2024-09-16 14:23:13.765,414.5160053505456,15
2024-09-16 14:23:13.769,414.5389787031473,11
2024-09-16 14:23:13.783,414.4977900207935,8
2024-09-16 14:23:13.835,414.5213373867157,1001
2024-09-16 14:23:13.837,414.5348502618473,997
2024-09-16 14:23:13.845,414.4706228745611,1005
2024-09-16 14:23:13.863,414.5463131882108,1005
2024-09-16 14:23:13.869,414.4904806668238,12
2024-09-16 14:23:13.932,414.5556675744547,105
2024-09-16 14:23:13.997,414.54390560151256,998
2024-09-16 14:23:14.110,414.5626124102728,995
2024-09-16 14:23:14.162,414.56414884934,99
2024-09-16 14:23:14.180,414.5567148284501,15
2024-09-16 14:23:14.211,414.5495086878735,97
2024-09-16 14:23:14.240,414.56279079248407,8
2024-09-16 14:23:14.280,414.574204687668,1000
2024-09-16 14:23:14.323,414.57296267879474,13
2024-09-16 14:23:14.374,414.567213377692,100
2024-09-16 14:23:14.397,414.5627098729076,14
2024-09-16 14:23:14.681,414.5739604943529,1001
2024-09-16 14:23:14.744,414.5530062324413,100
2024-09-16 14:23:14.779,,15
2024-09-16 14:23:15.003,414.509805781104,100
2024-09-16 14:23:15.026,414.60996529580353,12
2024-09-16 14:23:15.060,414.5321867542336,1000
2024-09-16 14:23:15.166,414.5759511304653,1002
2024-09-16 14:23:15.217,414.5922695694591,1002
2024-09-16 14:23:15.232,414.50786764700285,102
2024-09-16 14:23:15.236,414.5419349293004,1005
2024-09-16 14:23:15.242,414.5019501117664,1004
2024-09-16 14:23:15.263,414.5961076117016,96
2024-09-16 14:23:15.304,414.58828232843626,1002
2024-09-16 14:23:15.322,414.5674789784407,97
2024-09-16 14:23:15.361,414.5774923730012,104
2024-09-16 14:23:15.502,414.5562608752293,13
2024-09-16 14:23:15.519,414.589581193524,15
2024-09-16 14:23:15.536,414.5165104998041,999
2024-09-16 14:23:15.583,,9
2024-09-16 14:23:15.686,414.5133030187081,7
2024-09-16 14:23:15.687,414.555341759219,5
2024-09-16 14:23:15.798,414.5772766742956,10
2024-09-16 14:23:15.930,414.52700141894513,97
2024-09-16 14:23:15.949,414.5747210831297,12
2024-09-16 14:23:15.966,414.5837591637724,95
2024-09-16 14:23:16.257,414.5681285497309,999
2024-09-16 14:23:16.414,414.5744085574248,6
2024-09-16 14:23:16.456,414.56888460039454,11
2024-09-16 14:23:16.492,414.5806841295284,98
2024-09-16 14:23:16.559,414.5903930688122,999
2024-09-16 14:23:17.126,414.6117166804855,1004
2024-09-16 14:23:17.147,414.5977176638311,101
2024-09-16 14:23:17.166,414.6092397111967,15
2024-09-16 14:23:17.174,414.6123311512341,14
2024-09-16 14:23:17.231,414.5953888859111,997
2024-09-16 14:23:17.351,414.55778673451886,13
2024-09-16 14:23:17.454,414.5940902425446,5
2024-09-16 14:23:17.472,414.5716587761902,103
2024-09-16 14:23:17.735,414.5934275257701,12
2024-09-16 14:23:17.839,414.6040234275894,7
2024-09-16 14:23:17.918,414.604175510791,101
2024-09-16 14:23:18.066,414.6212553502908,997
2024-09-16 14:23:18.097,414.6405459669812,1005
2024-09-16 14:23:18.137,414.6164980886952,14
2024-09-16 14:23:18.166,414.6264250784193,995
2024-09-16 14:23:18.175,414.6068977988835,13
2024-09-16 14:23:18.364,414.60986331006296,999
2024-09-16 14:23:18.562,414.6219611207251,97
2024-09-16 14:23:18.563,414.63190294826734,101
2024-09-16 14:23:18.593,414.61285508961697,100
2024-09-16 14:23:18.665,414.6342878626516,10
2024-09-16 14:23:18.723,414.6359303516127,998
2024-09-16 14:23:18.729,414.5994878497541,100
2024-09-16 14:23:18.749,414.6028274092217,98
2024-09-16 14:23:18.770,414.6266334678635,1000
2024-09-16 14:23:18.838,414.6271590039644,6
2024-09-16 14:23:18.860,414.6185872161632,104
2024-09-16 14:23:18.862,414.63108329093865,1001
2024-09-16 14:23:19.080,414.6328973718152,1005
2024-09-16 14:23:19.430,414.6548059181983,1004
2024-09-16 14:23:21.054,414.62687356439375,99
2024-09-16 14:23:21.122,414.6572996754317,995
2024-09-16 14:23:21.128,414.6783000031768,99
2024-09-16 14:23:21.314,414.6572253598084,998
2024-09-16 14:23:21.416,414.61881274988286,1000
2024-09-16 14:23:21.485,414.67381455116,1000
2024-09-16 14:23:21.488,414.6216086416781,12
2024-09-16 14:23:21.504,414.6368186147278,102
2024-09-16 14:23:21.577,414.6691305990803,1000
2024-09-16 14:23:21.598,414.6589236777334,12
2024-09-16 14:23:21.676,414.62318135008354,104
2024-09-16 14:23:21.723,414.6822353146794,1002
2024-09-16 14:23:21.964,414.63632359211954,1002
2024-09-16 14:23:22.010,414.5697426158107,96
2024-09-16 14:23:22.036,414.6228552541285,15
2024-09-16 14:23:22.095,414.59209024562847,12
2024-09-16 14:23:22.174,414.6757952525531,15
2024-09-16 14:23:22.223,414.6298190644272,99
2024-09-16 14:23:22.281,414.6490680360662,995
2024-09-16 14:23:22.304,414.6065103488349,14
2024-09-16 14:23:22.310,414.5707399213663,6
2024-09-16 14:23:22.346,414.6774753617883,6
2024-09-16 14:23:22.447,414.6103998501322,1003
2024-09-16 14:23:22.497,414.6105473984088,998
2024-09-16 14:23:22.606,414.5340092047075,996
2024-09-16 14:23:22.688,414.6288810132351,104
2024-09-16 14:23:22.693,414.6507580353514,1004
2024-09-16 14:23:22.740,414.6027783373034,14
2024-09-16 14:23:22.771,414.6190247941514,8
2024-09-16 14:23:22.799,414.5326089441412,1000
2024-09-16 14:23:22.831,414.62382881881007,95
2024-09-16 14:23:22.856,414.60427287251406,1004
2024-09-16 14:23:22.877,414.5645670927266,997
2024-09-16 14:23:22.880,41.462271701832606,999
2024-09-16 14:23:22.948,414.6014391380925,6
2024-09-16 14:23:22.950,414.5301783071178,11
2024-09-16 14:23:22.965,414.58111837780336,998
2024-09-16 14:23:22.971,414.5364333368204,103
2024-09-16 14:23:23.064,414.5535354376193,6
2024-09-16 14:23:23.129,414.5561257731625,7
2024-09-16 14:23:23.205,414.5522145721502,105
2024-09-16 14:23:23.205,414.564056823778,998
2024-09-16 14:23:23.208,414.5816985595424,6
2024-09-16 14:23:23.314,414.5483802600398,995
2024-09-16 14:23:23.379,414.583373535098,104
2024-09-16 14:23:23.562,414.5392429862176,102
2024-09-16 14:23:23.622,414.555347631886,995
2024-09-16 14:23:23.623,414.5426967499432,1002
2024-09-16 14:23:23.680,414.58775055416703,1000
2024-09-16 14:23:23.913,414.58412079604153,1003
2024-09-16 14:23:24.179,414.5428709176397,11
2024-09-16 14:23:24.517,414.5347561685347,96
2024-09-16 14:23:24.547,414.5424872555768,1000
2024-09-16 14:23:24.788,414.5576174849609,99
2024-09-16 14:23:25.019,414.5599770929661,997
2024-09-16 14:23:25.045,41.45712359297034,1004
2024-09-16 14:23:25.137,414.5906348072329,97
2024-09-16 14:23:25.161,414.5691118323735,98
2024-09-16 14:23:25.191,414.5824111430813,1004
2024-09-16 14:23:25.238,414.5590629588976,5
2024-09-16 14:23:25.280,414.5594737252002,996
2024-09-16 14:23:25.301,414.5698176201158,100
2024-09-16 14:23:25.356,414.59072558225887,996
2024-09-16 14:23:25.426,414.5729570242168,98
2024-09-16 14:23:25.491,414.56195936448137,999
2024-09-16 14:23:25.514,414.5638141140232,102
2024-09-16 14:23:25.539,414.5601514529001,1002
2024-09-16 14:23:25.559,414.584199615752,1005
2024-09-16 14:23:25.566,414.5670693065092,998
2024-09-16 14:23:25.582,414.5607593630035,104
2024-09-16 14:23:25.652,414.5766070149565,9
2024-09-16 14:23:25.679,414.576276746628,999
2024-09-16 14:23:25.698,414.5901615285243,999
2024-09-16 14:23:25.706,414.5767371900775,15
2024-09-16 14:23:25.877,414.5928841188773,101
2024-09-16 14:23:25.881,414.57822992608527,14
2024-09-16 14:23:25.905,414.5626047048079,8
2024-09-16 14:23:25.921,414.5830831975142,104
2024-09-16 14:23:26.087,414.60805844535406,998
2024-09-16 14:23:26.112,414.5840312222143,95
2024-09-16 14:23:26.162,414.6232173436486,12
2024-09-16 14:23:26.184,414.610976323002,95
2024-09-16 14:23:26.333,414.6196532801029,995
2024-09-16 14:23:26.631,414.6096674517803,1002
2024-09-16 14:23:26.740,414.6178318755639,1001
2024-09-16 14:23:26.753,414.5962195966824,97
2024-09-16 14:23:26.796,414.60680974293,95
2024-09-16 14:23:26.861,414.6132870316684,7
2024-09-16 14:23:26.940,414.59889782362615,13
2024-09-16 14:23:26.961,414.60499277606255,99
2024-09-16 14:23:27.034,414.67830638567295,98
2024-09-16 14:23:27.188,414.7020153409916,997
2024-09-16 14:23:27.221,414.7086892852906,11
2024-09-16 14:23:27.224,414.6899745939044,13
2024-09-16 14:23:27.307,414.6509812253592,7
2024-09-16 14:23:27.347,414.6992047735109,11
2024-09-16 14:23:27.401,414.7099533660576,8
2024-09-16 14:23:27.481,414.66887622626746,103
2024-09-16 14:23:27.489,414.6807902972706,102
2024-09-16 14:23:27.491,414.6820147197621,95
2024-09-16 14:23:27.567,414.704423911534,1005
2024-09-16 14:23:27.569,414.6945972273929,12
2024-09-16 14:23:27.621,414.71408009725576,10
2024-09-16 14:23:27.639,414.6696852651124,1003
2024-09-16 14:23:27.699,414.70909589589,1003
2024-09-16 14:23:27.723,414.7174053747,105
2024-09-16 14:23:27.749,414.6623074029819,14
2024-09-16 14:23:27.749,414.6903497345074,11
2024-09-16 14:23:27.927,414.6787649143822,102
2024-09-16 14:23:27.957,414.6575282089529,10
2024-09-16 14:23:27.980,414.6855584111498,1003
2024-09-16 14:23:28.239,414.70922418112593,999
2024-09-16 14:23:28.590,414.7234086187525,7
2024-09-16 14:23:28.791,414.7064378450386,1005
2024-09-16 14:23:28.928,414.70289286564457,1002
2024-09-16 14:23:29.276,414.69545531147736,8
2024-09-16 14:23:29.296,414.65636517604094,1001
2024-09-16 14:23:29.315,414.64843921480406,995
2024-09-16 14:23:29.377,414.6415146959453,105
2024-09-16 14:23:29.395,414.6771263423156,12
2024-09-16 14:23:29.420,414.7127060786643,999
2024-09-16 14:23:29.432,414.6902858466249,101
2024-09-16 14:23:29.541,414.6530303043355,100
2024-09-16 14:23:29.546,414.68710314907537,999
2024-09-16 14:23:29.598,414.65065349967097,998
2024-09-16 14:23:29.648,414.6848441545112,997
2024-09-16 14:23:29.655,414.7174231760654,999
2024-09-16 14:23:29.708,414.6528566863214,102
2024-09-16 14:23:29.718,414.71314555395554,15
2024-09-16 14:23:29.727,414.7017754326583,1000
2024-09-16 14:23:29.730,414.6649636568638,995
2024-09-16 14:23:29.838,414.6551077341251,14
2024-09-16 14:23:29.849,414.65782072488815,6
2024-09-16 14:23:29.863,414.6933603300732,9
2024-09-16 14:23:29.863,414.694248935842,997
2024-09-16 14:23:29.868,414.6730029440151,5
2024-09-16 14:23:29.875,414.69729922370834,101
2024-09-16 14:23:29.881,414.71048113039865,999
2024-09-16 14:23:29.914,414.6648092046885,1002
2024-09-16 14:23:29.916,414.7115350657991,10
2024-09-16 14:23:29.976,414.66292484709874,98
2024-09-16 14:23:30.022,414.6821499967157,996
2024-09-16 14:23:30.053,414.6479567628454,1005
2024-09-16 14:23:30.077,414.65463239046414,9
2024-09-16 14:23:30.098,414.7035203099713,995
2024-09-16 14:23:30.105,414.6732802057893,13
2024-09-16 14:23:30.142,414.6633503040576,8
2024-09-16 14:23:30.175,414.6537246540303,997
2024-09-16 14:23:30.237,414.6724130985983,96
2024-09-16 14:23:30.370,414.67033747656296,1004
2024-09-16 14:23:30.378,414.6676045843632,10
2024-09-16 14:23:30.483,414.6495758829024,12
2024-09-16 14:23:30.558,414.6254998694354,15
2024-09-16 14:23:30.618,414.6485637291812,996
2024-09-16 14:23:30.642,414.7007879440718,95
2024-09-16 14:23:30.777,414.6575270907686,97
2024-09-16 14:23:30.882,414.6654044821234,101
2024-09-16 14:23:30.985,414.7082841442154,1001
2024-09-16 14:23:31.018,414.6189281764906,96
2024-09-16 14:23:31.072,414.6015237527614,1004
2024-09-16 14:23:31.204,414.5986094705285,103
2024-09-16 14:23:31.216,414.6248309675296,103
2024-09-16 14:23:31.239,414.6086429940653,11
2024-09-16 14:23:31.263,414.6245033234486,102
2024-09-16 14:23:31.324,414.6118079953134,1000
2024-09-16 14:23:31.358,414.5980039652268,15
2024-09-16 14:23:31.412,414.6108212768909,995
2024-09-16 14:23:31.448,-414.59814771697336,103
2024-09-16 14:23:31.494,414.635758281305,7
2024-09-16 14:23:31.703,414.6342381690718,9
2024-09-16 14:23:31.715,414.6266560020186,104
2024-09-16 14:23:31.740,414.6043255080754,7
2024-09-16 14:23:31.742,414.6203563712789,996
2024-09-16 14:23:31.772,414.6178899340194,105
2024-09-16 14:23:31.834,414.6245888377968,1002
2024-09-16 14:23:31.839,414.5993239026475,997
2024-09-16 14:23:31.911,414.5955654071674,1000
2024-09-16 14:23:31.973,414.6319970415056,103
2024-09-16 14:23:32.043,414.6555239876755,104
2024-09-16 14:23:32.066,414.58384332787847,999
2024-09-16 14:23:32.116,414.6438578774215,95
2024-09-16 14:23:32.131,414.5840473847687,5
2024-09-16 14:23:32.150,414.660063558432,15
2024-09-16 14:23:32.184,414.6410227399423,999
2024-09-16 14:23:32.196,414.6116697429637,105
2024-09-16 14:23:32.308,414.6316072325234,97
2024-09-16 14:23:32.341,414.5951131315828,5
2024-09-16 14:23:32.349,414.6200688576411,996
2024-09-16 14:23:32.357,414.6647470496827,96
2024-09-16 14:23:32.360,414.6250921319517,8
2024-09-16 14:23:32.611,414.6509391100975,102
2024-09-16 14:23:32.655,414.5994969177932,103
2024-09-16 14:23:32.704,414.6588347333456,11
2024-09-16 14:23:32.714,414.6369485502356,1005
2024-09-16 14:23:32.733,414.5794091838723,1001
2024-09-16 14:23:32.761,414.65193508766384,11
2024-09-16 14:23:32.767,414.6528967926016,98
2024-09-16 14:23:32.802,414.67961482418514,96
2024-09-16 14:23:32.812,,1004
2024-09-16 14:23:32.856,414.65351484647294,1003
2024-09-16 14:23:32.927,414.6194607195821,105
2024-09-16 14:23:33.011,414.6675689924839,1004
2024-09-16 14:23:33.056,-414.6654812900507,105
2024-09-16 14:23:33.134,414.6789499794135,13
2024-09-16 14:23:33.138,414.6679036333868,103
2024-09-16 14:23:33.199,414.6614582573319,1004
2024-09-16 14:23:33.211,414.6748666774458,1001
2024-09-16 14:23:33.320,414.6523542878364,1001
2024-09-16 14:23:33.360,414.68760816323567,98
2024-09-16 14:23:33.379,414.6481508333524,999
2024-09-16 14:23:33.470,414.7161159875614,999
2024-09-16 14:23:33.493,414.72164405170247,12
2024-09-16 14:23:33.499,414.7044199524608,997
2024-09-16 14:23:33.562,414.6560653788722,100
2024-09-16 14:23:33.690,414.6862589635483,14
2024-09-16 14:23:33.745,414.6719958066532,995
2024-09-16 14:23:33.760,414.669417126116,13
2024-09-16 14:23:33.768,414.7290394002342,1004
2024-09-16 14:23:33.792,414.7053123878844,997
2024-09-16 14:23:33.811,414.6899436404339,998
2024-09-16 14:23:33.847,414.6606647459088,97
2024-09-16 14:23:33.866,414.6712153264779,5
2024-09-16 14:23:33.872,414.6920567715757,6
2024-09-16 14:23:33.888,414.70440047965394,1005
2024-09-16 14:23:33.918,414.7018040228172,1004
2024-09-16 14:23:33.927,414.6944382551496,1004
2024-09-16 14:23:33.936,414.7032425550649,1005
2024-09-16 14:23:33.961,414.7146508001614,8
2024-09-16 14:23:34.008,-414.65694439568887,97
2024-09-16 14:23:34.189,414.645290793045,1000
2024-09-16 14:23:34.241,414.6467738601936,13
2024-09-16 14:23:34.263,414.6400604600803,999
2024-09-16 14:23:34.275,414.707329056985,997
2024-09-16 14:23:34.367,414.6756801921619,999
2024-09-16 14:23:34.463,414.6664161489432,96
2024-09-16 14:23:34.530,414.64035427834455,98
2024-09-16 14:23:34.619,414.6738821334465,6
2024-09-16 14:23:34.635,414.6448572914173,101
2024-09-16 14:23:34.719,414.6442977658056,998
2024-09-16 14:23:34.732,414.6818396881261,1003
2024-09-16 14:23:34.733,414.64523169522295,996
2024-09-16 14:23:34.819,414.7010853293168,96
2024-09-16 14:23:34.854,414.6564155604252,12
2024-09-16 14:23:34.863,414.6968549290282,997
2024-09-16 14:23:34.899,-414.7209460494144,9
2024-09-16 14:23:35.031,414.6960948930929,5
2024-09-16 14:23:35.064,414.6849849724448,10
2024-09-16 14:23:35.082,414.7062860915647,100
2024-09-16 14:23:35.275,414.7017732738967,101
2024-09-16 14:23:35.328,414.6819132040528,998
2024-09-16 14:23:35.349,414.7145263530261,995
2024-09-16 14:23:35.378,414.70491049638514,97
2024-09-16 14:23:35.462,414.65808213372367,104
2024-09-16 14:23:35.526,414.66582687097934,103
2024-09-16 14:23:35.552,414.6856810291956,13
2024-09-16 14:23:35.625,414.7118794097864,97
2024-09-16 14:23:35.733,414.7498246771643,995
2024-09-16 14:23:35.790,414.7013015261391,100
2024-09-16 14:23:35.794,414.66642450874446,99
2024-09-16 14:23:35.795,414.6755618071821,99
2024-09-16 14:23:35.838,414.7051461960866,1001
2024-09-16 14:23:35.856,414.646141296383,6
2024-09-16 14:23:35.885,414.7196842010998,13
2024-09-16 14:23:35.940,414.6464207509271,6
2024-09-16 14:23:35.982,414.6824767897445,998
2024-09-16 14:23:36.042,414.5282946615026,1002
2024-09-16 14:23:36.094,414.6440238623936,998
2024-09-16 14:23:36.136,414.5068369452749,999
2024-09-16 14:23:36.191,414.5585859741109,1001
2024-09-16 14:23:36.217,-414.6273988584988,98
2024-09-16 14:23:36.281,414.5648487772809,11
2024-09-16 14:23:36.343,414.5690665047746,101
2024-09-16 14:23:36.370,414.6103951759627,9
2024-09-16 14:23:36.381,414.6523901611352,96
2024-09-16 14:23:36.462,414.5615840601205,998
2024-09-16 14:23:36.514,414.6224049950648,105
2024-09-16 14:23:36.558,414.6402496777189,103
2024-09-16 14:23:36.603,414.62669688069735,103
2024-09-16 14:23:36.610,414.5517212339191,102
2024-09-16 14:23:36.643,414.65243119226665,14
2024-09-16 14:23:36.680,414.6318027889513,6
2024-09-16 14:23:36.681,414.5807557846022,1003
2024-09-16 14:23:36.722,414.51056784535217,996
2024-09-16 14:23:36.784,414.6119782261958,1005
2024-09-16 14:23:36.896,414.6383968512199,13
2024-09-16 14:23:36.999,414.5949672265626,8
2024-09-16 14:23:37.160,414.46489702713,99
2024-09-16 14:23:37.440,414.4884339632425,1002
2024-09-16 14:23:37.594,414.4893522031185,98
2024-09-16 14:23:37.638,414.4840364251763,1003
2024-09-16 14:23:37.766,414.5203058525073,96
2024-09-16 14:23:37.776,414.4784343089436,995
2024-09-16 14:23:37.798,414.4887485418654,1000
2024-09-16 14:23:37.903,414.52136927398345,9
2024-09-16 14:23:37.912,414.4702367654231,98
2024-09-16 14:23:38.154,414.522352362324,103
2024-09-16 14:23:38.196,414.5085899482895,998
2024-09-16 14:23:38.216,414.52703371533977,999
2024-09-16 14:23:38.228,414.5315134497234,100
2024-09-16 14:23:38.249,414.4961233647376,6
2024-09-16 14:23:38.267,414.5446063295721,1005
2024-09-16 14:23:38.313,414.50949178247134,101
2024-09-16 14:23:38.543,414.5466963866496,5
2024-09-16 14:23:38.679,414.49664552819775,5
2024-09-16 14:23:38.726,414.4925335804064,1001
2024-09-16 14:23:38.741,414.5041205539233,1002
2024-09-16 14:23:38.742,414.5000426690608,7
2024-09-16 14:23:38.818,414.51650299831033,7
2024-09-16 14:23:38.827,414.49698919692736,7
2024-09-16 14:23:38.831,414.5105569314547,1005
2024-09-16 14:23:38.839,414.5261249235776,8
2024-09-16 14:23:38.845,414.5136048360674,996
2024-09-16 14:23:38.883,414.5291210176075,97
2024-09-16 14:23:38.904,414.5181537853632,7
2024-09-16 14:23:38.909,414.5108075896701,998
2024-09-16 14:23:38.952,414.5248608597439,101
2024-09-16 14:23:38.972,414.5406494833858,5
2024-09-16 14:23:39.149,414.4774374679336,1000
2024-09-16 14:23:39.251,414.4913750171586,12
2024-09-16 14:23:39.296,414.48693624173166,1005
2024-09-16 14:23:39.432,414.4751327504048,10
2024-09-16 14:23:39.722,414.49143665803416,998
2024-09-16 14:23:39.760,414.4925221442934,10
2024-09-16 14:23:39.830,414.4670983638143,11
2024-09-16 14:23:40.060,414.4831244944807,7
2024-09-16 14:23:40.132,414.5364479347673,999
2024-09-16 14:23:40.161,414.561219433236,96
2024-09-16 14:23:40.165,414.4862078933939,10
2024-09-16 14:23:40.172,414.5350871578133,7
2024-09-16 14:23:40.225,414.5303979257209,102
2024-09-16 14:23:40.273,414.5362707869583,105
2024-09-16 14:23:40.364,414.5151591805245,8
2024-09-16 14:23:40.371,414.5277302716376,5
2024-09-16 14:23:40.542,414.4904463396678,5
2024-09-16 14:23:40.768,414.5472629834305,9
2024-09-16 14:23:40.776,414.503079410528,102
2024-09-16 14:23:40.870,-414.5402872618779,14
2024-09-16 14:23:40.964,414.5396626424245,99
2024-09-16 14:23:41.010,414.5317770136925,13
2024-09-16 14:23:41.053,414.51229500684167,11
2024-09-16 14:23:41.067,414.531180745881,105
2024-09-16 14:23:41.115,414.4951624738656,999
2024-09-16 14:23:41.171,414.5049181968408,15
2024-09-16 14:23:41.176,414.5405500601532,6
2024-09-16 14:23:41.189,414.54186346139466,102
2024-09-16 14:23:41.228,414.5316126666118,13
2024-09-16 14:23:41.256,414.5268568507013,9
2024-09-16 14:23:41.292,414.4950394313978,1003
2024-09-16 14:23:41.292,414.52941001407663,95
2024-09-16 14:23:41.336,414.5316597924124,97
2024-09-16 14:23:41.362,414.53135847711496,104
2024-09-16 14:23:41.370,414.52574062694174,99
2024-09-16 14:23:41.402,414.53650138738607,96
2024-09-16 14:23:41.472,414.5071436993381,15
2024-09-16 14:23:41.602,414.5316746839954,1004
2024-09-16 14:23:41.684,414.5266845770898,6
2024-09-16 14:23:41.701,414.5090501352634,101
2024-09-16 14:23:41.736,414.5536814546797,997
2024-09-16 14:23:42.041,414.5272023688184,14
2024-09-16 14:23:42.055,414.50850942202345,12
2024-09-16 14:23:42.055,414.5537768929256,15
2024-09-16 14:23:42.089,414.54252194919616,7
2024-09-16 14:23:42.162,414.5126344233269,996
2024-09-16 14:23:42.206,414.543156995442,995
2024-09-16 14:23:42.252,414.5308035305158,6
2024-09-16 14:23:42.253,414.5492174494172,97
2024-09-16 14:23:42.306,414.5010249340008,7
2024-09-16 14:23:42.309,414.5527289677784,98
2024-09-16 14:23:42.341,414.52050374476056,5
2024-09-16 14:23:42.376,414.5454846373118,11
2024-09-16 14:23:42.398,414.5339036137297,8
2024-09-16 14:23:42.439,414.54667651748895,996
2024-09-16 14:23:42.449,414.5419567327956,1005
2024-09-16 14:23:42.488,414.52024889043696,104
2024-09-16 14:23:42.497,414.5080444935478,100
2024-09-16 14:23:42.512,414.5452118867375,995
2024-09-16 14:23:42.537,414.53673202992354,14
2024-09-16 14:23:42.602,414.545202868476,99
2024-09-16 14:23:42.669,-41.452445258553205,996
2024-09-16 14:23:42.687,414.5551715796788,1001
2024-09-16 14:23:42.818,414.5263762514514,104
2024-09-16 14:23:42.835,414.4965308523985,101
2024-09-16 14:23:43.001,414.5361671010493,996
2024-09-16 14:23:43.235,414.52698949978304,1000
2024-09-16 14:23:43.275,414.524232813139,1004
2024-09-16 14:23:43.303,414.4973905523466,103
2024-09-16 14:23:43.391,414.5259762774036,104
2024-09-16 14:23:43.409,414.4829336405032,1003
2024-09-16 14:23:43.450,414.5312072896631,95
2024-09-16 14:23:43.515,414.515792889544,6
2024-09-16 14:23:43.523,414.54288780286754,15
2024-09-16 14:23:43.604,414.5414416391576,1004
2024-09-16 14:23:43.612,414.5036176820507,995
2024-09-16 14:23:43.616,414.5013033643877,7
2024-09-16 14:23:43.642,414.4883156521153,98
2024-09-16 14:23:43.748,414.5214396429159,1002
2024-09-16 14:23:43.771,414.5250735723821,97
2024-09-16 14:23:43.836,414.49223136896063,14
2024-09-16 14:23:43.842,414.5321783538447,14
2024-09-16 14:23:43.932,414.5124858563691,5
2024-09-16 14:23:44.003,41.457808365781176,98
2024-09-16 14:23:44.021,414.5689050101242,999
2024-09-16 14:23:44.243,414.5165210400919,999
2024-09-16 14:23:44.251,,1005
2024-09-16 14:23:44.274,414.5554417084626,1004
2024-09-16 14:23:44.349,414.527533452824,95
2024-09-16 14:23:44.356,414.5233637608083,101
2024-09-16 14:23:44.387,414.4978288729327,95
2024-09-16 14:23:44.397,414.52249539401794,95
2024-09-16 14:23:44.455,414.5016257124492,996
2024-09-16 14:23:44.472,414.5148386872109,15
2024-09-16 14:23:44.551,414.5318637924504,995
2024-09-16 14:23:44.578,414.5364110630554,998
2024-09-16 14:23:44.592,414.53645632629673,12
2024-09-16 14:23:44.680,414.53242050858216,97
2024-09-16 14:23:44.693,414.5729127953496,6
2024-09-16 14:23:44.719,414.5199812372817,8
2024-09-16 14:23:44.721,414.5746979949793,14
2024-09-16 14:23:44.736,414.5644208247412,1004
2024-09-16 14:23:44.757,414.5647660056745,1005
2024-09-16 14:23:44.775,414.5796867555904,103
2024-09-16 14:23:44.830,414.5485727779774,1001
2024-09-16 14:23:44.843,,10
2024-09-16 14:23:44.890,414.5150847483296,998
2024-09-16 14:23:44.917,414.5876996610461,14
2024-09-16 14:23:44.960,414.57158819123634,12
2024-09-16 14:23:44.969,41.45119436839437,1004
2024-09-16 14:23:45.062,414.5452886639114,1003
2024-09-16 14:23:45.091,414.5638368221725,102
2024-09-16 14:23:45.191,414.5537495579892,5
2024-09-16 14:23:45.204,414.56508317250245,101
2024-09-16 14:23:45.240,414.5644327276917,10
2024-09-16 14:23:45.260,,104
2024-09-16 14:23:45.271,414.55851552731366,95
2024-09-16 14:23:45.291,414.5515937071143,995
2024-09-16 14:23:45.341,414.570217476904,1002
2024-09-16 14:23:45.416,414.57729664201264,14
2024-09-16 14:23:45.566,414.5585796354169,1005
2024-09-16 14:23:45.571,414.5340056501198,104
2024-09-16 14:23:45.692,414.57937661416616,8
2024-09-16 14:23:45.716,414.5592736709045,997
2024-09-16 14:23:45.718,414.5458933170871,14
2024-09-16 14:23:45.719,414.5398466533528,1004
2024-09-16 14:23:45.732,414.5556824777892,1003
2024-09-16 14:23:45.744,414.5251391936036,13
2024-09-16 14:23:45.772,414.5498662984618,101
2024-09-16 14:23:45.824,414.5261034924994,1002
2024-09-16 14:23:45.901,414.559920523141,98
2024-09-16 14:23:45.935,414.5595041388885,99
2024-09-16 14:23:45.974,414.58039696053976,99
2024-09-16 14:23:45.984,414.532806080374,101
2024-09-16 14:23:46.015,414.5741977165596,13
2024-09-16 14:23:46.043,414.608517707879,995
2024-09-16 14:23:46.069,414.5700156465825,105
2024-09-16 14:23:46.099,414.5868934231835,95
2024-09-16 14:23:46.144,414.5703816732226,9
2024-09-16 14:23:46.209,414.548039725838,99
2024-09-16 14:23:46.231,414.5630774966749,12
2024-09-16 14:23:46.234,414.54084595255455,998
2024-09-16 14:23:46.253,414.607583859223,995
2024-09-16 14:23:46.284,414.6144631323192,1002
2024-09-16 14:23:46.310,414.5844814601196,11
2024-09-16 14:23:46.321,414.5777856171074,5
2024-09-16 14:23:46.425,414.5724615365523,102
2024-09-16 14:23:46.442,414.6019940529831,8
2024-09-16 14:23:46.549,414.6213667263301,105
2024-09-16 14:23:46.556,414.5989682948589,103
2024-09-16 14:23:46.611,414.6009934172701,10
2024-09-16 14:23:46.636,,998
2024-09-16 14:23:46.646,414.6157293848498,999
2024-09-16 14:23:46.803,414.566140868204,6
2024-09-16 14:23:46.850,414.5741640552412,7
2024-09-16 14:23:46.875,414.5738024495277,103
2024-09-16 14:23:46.943,414.5483239330197,1001
2024-09-16 14:23:46.961,414.61767265089406,10
2024-09-16 14:23:46.971,414.5733166975406,8
2024-09-16 14:23:47.072,414.6313902058258,11
2024-09-16 14:23:47.077,414.6268752201783,105
2024-09-16 14:23:47.153,414.61788910337526,12
2024-09-16 14:23:47.161,414.5879196644033,997
2024-09-16 14:23:47.181,414.647615425666,97
2024-09-16 14:23:47.277,414.55776021679344,998
2024-09-16 14:23:47.329,414.5774289993072,103
2024-09-16 14:23:47.454,414.57147871323593,99
2024-09-16 14:23:47.528,414.6390986355517,9
2024-09-16 14:23:47.533,414.61872054795936,99
2024-09-16 14:23:47.533,414.55050828946986,11
2024-09-16 14:23:47.563,414.6355829039409,7
2024-09-16 14:23:47.610,414.5687384003719,97
2024-09-16 14:23:47.654,414.58293498737095,10
2024-09-16 14:23:47.692,414.614659462844,996
2024-09-16 14:23:47.768,414.5825797707509,101
2024-09-16 14:23:47.792,414.59130016669445,102
2024-09-16 14:23:47.873,414.63101808751264,999
2024-09-16 14:23:47.878,414.57328296761744,98
2024-09-16 14:23:47.921,414.5666582183977,1003
2024-09-16 14:23:47.934,414.63151767449824,12
2024-09-16 14:23:47.950,414.59161837481975,1000
2024-09-16 14:23:48.075,414.5454405601082,103
2024-09-16 14:23:48.146,414.5682020454868,999
2024-09-16 14:23:48.197,414.5495334846671,102
2024-09-16 14:23:48.239,414.5397755944601,997
2024-09-16 14:23:48.263,414.61922115473607,95
2024-09-16 14:23:48.383,414.58697063409,1003
2024-09-16 14:23:48.414,414.6135242542102,1004
2024-09-16 14:23:48.586,414.5849041103757,1004
2024-09-16 14:23:48.627,,999
2024-09-16 14:23:48.632,414.59299290433984,96
2024-09-16 14:23:48.702,414.5710832469669,13
2024-09-16 14:23:48.727,414.583786474712,9
2024-09-16 14:23:48.752,414.5830721837172,97
2024-09-16 14:23:48.782,414.5744291011691,1005
2024-09-16 14:23:48.797,414.6223163748572,103
2024-09-16 14:23:48.853,414.57368965112266,101
2024-09-16 14:23:48.863,414.6250079970554,100
2024-09-16 14:23:48.869,414.5820877287484,96
2024-09-16 14:23:48.923,414.61839079304514,9
2024-09-16 14:23:48.962,414.57538086797655,8
2024-09-16 14:23:48.974,414.622175685555,10
2024-09-16 14:23:49.178,414.5792426238636,5
2024-09-16 14:23:49.678,414.57778639499975,100
2024-09-16 14:23:49.839,414.5797774096374,8
2024-09-16 14:23:51.014,414.5201209152347,102
2024-09-16 14:23:51.095,414.4941972302384,11
2024-09-16 14:23:51.261,414.5543945549591,96
2024-09-16 14:23:51.340,414.55708028211245,98
2024-09-16 14:23:51.388,414.5420037510863,9
2024-09-16 14:23:51.468,414.5433152612336,1004
2024-09-16 14:23:51.469,414.5247838311787,1000
2024-09-16 14:23:51.490,414.5427005173897,1005
2024-09-16 14:23:51.530,414.537158440432,96
2024-09-16 14:23:51.540,-414.5527126040285,105
2024-09-16 14:23:51.547,414.5080801277828,95
2024-09-16 14:23:51.623,414.56047513320414,96
2024-09-16 14:23:51.625,414.5427400443435,15
2024-09-16 14:23:51.656,414.5391420330573,99
2024-09-16 14:23:51.674,414.5517774393748,105
2024-09-16 14:23:51.916,414.4962036644167,6
2024-09-16 14:23:51.919,414.4922732331058,8
2024-09-16 14:23:51.928,414.52980753745743,11
2024-09-16 14:23:51.933,414.51431686827954,8
2024-09-16 14:23:51.942,414.5026466418624,15
2024-09-16 14:23:51.983,414.5498038397462,999
2024-09-16 14:23:51.986,414.5568412695621,6
2024-09-16 14:23:51.990,414.554789175417,1002
2024-09-16 14:23:52.095,414.5324587515004,996
2024-09-16 14:23:52.130,414.52437940881424,96
2024-09-16 14:23:52.415,414.5176852958338,13
2024-09-16 14:23:52.484,414.52410978573454,11
2024-09-16 14:23:52.915,414.52885404819904,105
2024-09-16 14:23:53.034,414.583597019231,10
2024-09-16 14:23:53.076,414.5906938570539,103
2024-09-16 14:23:53.109,414.5782200524507,6
2024-09-16 14:23:53.187,414.537540361135,1002
2024-09-16 14:23:53.235,414.5605824322961,99
2024-09-16 14:23:53.257,414.5531149738612,99
2024-09-16 14:23:53.296,414.5458165662968,101
2024-09-16 14:23:53.296,414.5648697360682,1000
2024-09-16 14:23:53.337,414.5500615724711,102
2024-09-16 14:23:53.354,414.5565260587068,1002
2024-09-16 14:23:53.362,414.5882280183643,995
2024-09-16 14:23:53.367,414.55553474876143,101
2024-09-16 14:23:53.393,414.5411997629962,9
2024-09-16 14:23:53.394,414.5711246201092,102
2024-09-16 14:23:53.492,414.54660167731686,105
2024-09-16 14:23:53.513,414.5457054884445,103
2024-09-16 14:23:53.612,-414.5631159991553,998
2024-09-16 14:23:53.703,414.5719624160527,103
2024-09-16 14:23:53.767,414.5404718644247,8
2024-09-16 14:23:53.772,414.52622933912215,104
2024-09-16 14:23:53.776,414.5623186054967,101
2024-09-16 14:23:53.780,414.5400533241511,97
2024-09-16 14:23:53.821,414.5704250561375,15
2024-09-16 14:23:53.825,414.53671355457976,13
2024-09-16 14:23:53.887,414.5618836453467,1002
2024-09-16 14:23:53.930,414.5319381084754,97
2024-09-16 14:23:53.975,414.57502748968784,1004
2024-09-16 14:23:54.020,414.5692332615265,104
2024-09-16 14:23:54.024,414.5399362780344,5
2024-09-16 14:23:54.034,414.5676665591964,105
2024-09-16 14:23:54.042,414.5469507881493,98
2024-09-16 14:23:54.057,414.5290243883477,995
2024-09-16 14:23:54.160,414.5325294877222,97
2024-09-16 14:23:54.171,414.5623696825923,998
2024-09-16 14:23:54.203,414.5263870186392,5
2024-09-16 14:23:54.225,414.5145907145717,98
2024-09-16 14:23:54.243,414.5577111703,98
2024-09-16 14:23:54.245,414.5124348288765,105
2024-09-16 14:23:54.247,414.5375551262623,100
2024-09-16 14:23:54.259,414.5623307594481,8
2024-09-16 14:23:54.262,414.5370246816273,999
2024-09-16 14:23:54.284,414.5556878821173,97
2024-09-16 14:23:54.290,414.5725239754354,100
2024-09-16 14:23:54.387,414.56671109607,8
2024-09-16 14:23:54.451,414.5376663530167,105
2024-09-16 14:23:54.476,414.5443704857576,15
2024-09-16 14:23:54.484,414.5298638146514,14
2024-09-16 14:23:54.498,-414.5690104204512,7
2024-09-16 14:23:54.522,414.5214560462124,997
2024-09-16 14:23:54.533,414.5313540410786,1005
2024-09-16 14:23:54.552,414.5272891716712,9
2024-09-16 14:23:54.561,414.57605915942105,12
2024-09-16 14:23:54.580,414.5616467748464,9
2024-09-16 14:23:54.724,414.5406536484697,99
2024-09-16 14:23:54.863,414.5115134926239,15
2024-09-16 14:23:54.912,414.57168440887625,105
2024-09-16 14:23:54.999,414.5339842911684,104
2024-09-16 14:23:55.060,414.50670217390825,104
2024-09-16 14:23:55.283,414.5105897829061,104
2024-09-16 14:23:56.137,414.4717636283245,105
2024-09-16 14:23:56.722,414.4860504623561,7
2024-09-16 14:23:56.740,-414.4642019448533,95
2024-09-16 14:23:56.769,414.47779934214486,15
2024-09-16 14:23:56.785,414.46561640254106,15
2024-09-16 14:23:56.901,414.4946495005623,11
2024-09-16 14:23:57.105,414.4722153628202,96
2024-09-16 14:23:57.217,414.45780422617537,96
2024-09-16 14:23:57.301,414.4430956798373,14
2024-09-16 14:23:57.347,414.45268094290645,95
2024-09-16 14:23:57.557,414.47001279425706,97
2024-09-16 14:23:57.631,414.4441272158919,103
2024-09-16 14:23:57.704,414.4589775580116,101
2024-09-16 14:23:57.716,414.4631536414154,1000
2024-09-16 14:23:58.056,414.4794634331305,7
2024-09-16 14:23:58.063,414.4640024522444,1004
2024-09-16 14:23:58.085,414.440725754994,95
2024-09-16 14:23:58.154,414.4959121076124,10
2024-09-16 14:23:58.195,414.4748340812716,999
2024-09-16 14:23:58.242,414.491837893886,102
2024-09-16 14:23:58.269,414.485113914845,996
2024-09-16 14:23:58.283,414.4661215299991,6
2024-09-16 14:23:58.423,414.4825606874477,103
2024-09-16 14:23:58.480,414.4569274626258,95
2024-09-16 14:23:58.521,414.4468731365768,7
2024-09-16 14:23:58.533,414.4699768973119,999
2024-09-16 14:23:58.570,414.45630505950334,997
2024-09-16 14:23:58.589,414.44061522895095,12
2024-09-16 14:23:58.607,414.4646201858509,6
2024-09-16 14:23:58.779,414.4716724331002,1000
2024-09-16 14:23:58.837,414.4696786916227,14
2024-09-16 14:23:58.880,414.4933135005707,999
2024-09-16 14:23:58.892,414.4454108322892,105
2024-09-16 14:23:58.968,414.4840324639305,96
2024-09-16 14:23:58.976,414.4700832198466,102
2024-09-16 14:23:58.978,414.45475217832137,9
2024-09-16 14:23:59.087,414.4356269567732,5
2024-09-16 14:23:59.157,414.4348331113072,1003
2024-09-16 14:23:59.225,414.4482504984582,96
2024-09-16 14:23:59.892,414.4421820008535,97
2024-09-16 14:23:59.908,414.4544031563555,104
