Timestamp,Price,Size
2024-09-20 12:29:00.025,428.1071432299924,97
2024-09-20 12:29:00.052,428.1083180120775,999
2024-09-20 12:29:00.061,428.08482071323607,5
2024-09-20 12:29:00.186,428.1240486589435,15
2024-09-20 12:29:00.186,428.11378999018433,98
2024-09-20 12:29:00.200,428.05924670316,995
2024-09-20 12:29:00.288,428.0709483988453,10
2024-09-20 12:29:00.295,428.1098175413313,1005
2024-09-20 12:29:00.338,428.0745540671717,104
2024-09-20 12:29:00.339,428.139611703749,5
2024-09-20 12:29:00.344,428.10306331640487,1000
2024-09-20 12:29:00.360,428.1327119823002,103
2024-09-20 12:29:00.377,428.1031503916495,15
2024-09-20 12:29:00.435,428.095061502511,97
2024-09-20 12:29:00.437,428.1232983513788,96
2024-09-20 12:29:00.438,428.1321301372297,998
2024-09-20 12:29:00.606,428.07418798967154,100
2024-09-20 12:29:00.625,428.0877297351883,95
2024-09-20 12:29:00.639,428.1098084974382,999
2024-09-20 12:29:00.639,428.1041234096537,11
2024-09-20 12:29:00.646,428.1261881241918,96
2024-09-20 12:29:00.838,428.0935341664066,1000
2024-09-20 12:29:00.845,428.1346489177015,6
2024-09-20 12:29:00.853,428.1130110828571,998
2024-09-20 12:29:00.877,428.1384571431724,102
2024-09-20 12:29:00.886,428.1219144033343,9
2024-09-20 12:29:00.914,428.14244583507497,10
2024-09-20 12:29:00.949,428.0962017143211,997
2024-09-20 12:29:00.961,428.0880540786007,97
2024-09-20 12:29:01.043,428.101696540772,11
2024-09-20 12:29:01.177,428.0711391617732,13
2024-09-20 12:29:01.235,428.0647271586719,104
2024-09-20 12:29:01.314,428.0709888064612,103
2024-09-20 12:29:01.320,428.0796371202539,7
2024-09-20 12:29:01.378,428.0819739850831,1002
2024-09-20 12:29:01.603,428.0808242354146,8
2024-09-20 12:29:01.756,,100
2024-09-20 12:29:01.757,428.06320126768617,1001
2024-09-20 12:29:01.845,428.07346977506415,1001
2024-09-20 12:29:01.866,428.072553801975,5
2024-09-20 12:29:01.875,428.083238964652,1000
2024-09-20 12:29:02.087,428.1478226181047,998
2024-09-20 12:29:02.106,428.1640201718855,9
2024-09-20 12:29:02.132,428.0856624602856,1004
2024-09-20 12:29:02.197,42.811782831888976,102
2024-09-20 12:29:02.276,428.1498812054935,998
2024-09-20 12:29:02.276,428.0875286159575,1000
2024-09-20 12:29:02.277,428.09199994582747,995
2024-09-20 12:29:02.509,428.1468565343256,95
2024-09-20 12:29:02.600,428.0924881601049,103
2024-09-20 12:29:02.626,428.081023460094,1003
2024-09-20 12:29:02.900,428.1279482924216,95
2024-09-20 12:29:03.024,428.109048438996,104
2024-09-20 12:29:03.030,428.1400463820905,9
2024-09-20 12:29:03.074,428.1046559888311,1003
2024-09-20 12:29:03.121,428.1710816933877,99
2024-09-20 12:29:03.132,428.0979311958839,95
2024-09-20 12:29:03.134,428.0904088303431,998
2024-09-20 12:29:03.169,428.0970159995864,13
2024-09-20 12:29:03.213,428.10589974896607,104
2024-09-20 12:29:03.219,428.1032873820376,1003
2024-09-20 12:29:03.264,428.08331465912113,98
2024-09-20 12:29:03.303,428.1029345818087,15
2024-09-20 12:29:03.427,428.0760766853117,1000
2024-09-20 12:29:03.429,428.1126525416187,1000
2024-09-20 12:29:03.472,428.13559466349,998
2024-09-20 12:29:03.492,428.1114555644023,1002
2024-09-20 12:29:03.580,428.1041550202481,14
2024-09-20 12:29:03.595,428.1791983546127,995
2024-09-20 12:29:03.623,428.0904902405019,102
2024-09-20 12:29:03.648,428.1106302365823,100
2024-09-20 12:29:03.725,428.1328068422699,6
2024-09-20 12:29:03.743,428.1388646054471,95
2024-09-20 12:29:03.880,428.09631207329977,1002
2024-09-20 12:29:03.892,428.1124353720205,998
2024-09-20 12:29:03.900,428.1757106177042,12
2024-09-20 12:29:03.921,428.1025027556124,1001
2024-09-20 12:29:03.962,428.15505561896384,11
2024-09-20 12:29:03.988,428.1072386168957,103
2024-09-20 12:29:04.023,428.11208935953977,8
2024-09-20 12:29:04.085,428.17033457380586,101
2024-09-20 12:29:04.238,428.1828719729253,1001
2024-09-20 12:29:04.335,428.0779559899979,97
2024-09-20 12:29:04.367,428.08243876310695,96
2024-09-20 12:29:04.409,428.1546788309505,104
2024-09-20 12:29:04.473,428.0745929064665,12
2024-09-20 12:29:04.479,428.1972024252008,1001
2024-09-20 12:29:04.538,428.12405865005496,998
2024-09-20 12:29:04.656,428.1387178805258,998
2024-09-20 12:29:04.721,428.08053334049,101
2024-09-20 12:29:04.775,428.08175511639627,1003
2024-09-20 12:29:04.790,428.1641712309154,102
2024-09-20 12:29:04.792,,7
2024-09-20 12:29:04.802,428.1232847275094,14
2024-09-20 12:29:04.838,428.1339861973201,1000
2024-09-20 12:29:04.881,428.1305216591881,103
2024-09-20 12:29:04.888,428.1141436291129,96
2024-09-20 12:29:04.888,428.0759931410246,97
2024-09-20 12:29:04.950,428.0993248809942,99
2024-09-20 12:29:04.951,428.15220507866223,101
2024-09-20 12:29:04.971,428.13308500479616,1000
2024-09-20 12:29:05.024,428.15638385084384,1001
2024-09-20 12:29:05.028,428.1718894763984,9
2024-09-20 12:29:05.075,428.1811557095856,104
2024-09-20 12:29:05.131,428.1518617563116,1002
2024-09-20 12:29:05.146,428.18079344702215,998
2024-09-20 12:29:05.171,428.17055755317966,995
2024-09-20 12:29:05.183,428.1689799819165,1001
2024-09-20 12:29:05.242,428.19492511562913,10
2024-09-20 12:29:05.283,428.1646199480161,103
2024-09-20 12:29:05.315,428.14420465426633,7
2024-09-20 12:29:05.372,428.1524802650072,105
2024-09-20 12:29:05.381,428.16611607546656,100
2024-09-20 12:29:05.438,428.1680128790759,1003
2024-09-20 12:29:05.478,428.1592047405278,99
2024-09-20 12:29:05.481,42.8192860935722,998
2024-09-20 12:29:05.529,428.1376966484326,105
2024-09-20 12:29:05.545,428.1043957306114,998
2024-09-20 12:29:05.579,428.170044841215,102
2024-09-20 12:29:05.594,428.1672185735504,1000
2024-09-20 12:29:05.674,428.179171464084,1001
2024-09-20 12:29:05.710,428.1682208445038,1005
2024-09-20 12:29:05.711,428.1802554624661,99
2024-09-20 12:29:05.775,428.2002520853758,101
2024-09-20 12:29:05.776,428.16116059777846,105
2024-09-20 12:29:05.795,428.1860162088087,1003
2024-09-20 12:29:05.839,428.151083863103,1004
2024-09-20 12:29:05.962,428.1556973098234,995
2024-09-20 12:29:05.969,428.13733797343673,6
2024-09-20 12:29:06.015,428.10137647393776,14
2024-09-20 12:29:06.130,428.1403612392975,14
2024-09-20 12:29:06.148,428.1271771394574,997
2024-09-20 12:29:06.183,428.1431799202281,11
2024-09-20 12:29:06.188,428.0904578535067,10
2024-09-20 12:29:06.200,428.1077238286767,1005
2024-09-20 12:29:06.201,428.0886013038171,7
2024-09-20 12:29:06.240,428.05745166340125,6
2024-09-20 12:29:06.371,428.12620287414137,1005
2024-09-20 12:29:06.420,428.0708952428424,13
2024-09-20 12:29:06.430,428.0904383107281,14
2024-09-20 12:29:06.434,428.0687660838876,98
2024-09-20 12:29:06.447,428.1471395933323,100
2024-09-20 12:29:06.536,428.05637731545846,103
2024-09-20 12:29:06.559,428.06475500203226,13
2024-09-20 12:29:06.590,428.1263033963645,96
2024-09-20 12:29:06.594,428.1256841934776,103
2024-09-20 12:29:06.667,428.1351393071302,15
2024-09-20 12:29:06.693,428.1161151513783,105
2024-09-20 12:29:06.697,428.12030001364406,996
2024-09-20 12:29:06.738,428.1448755249676,12
2024-09-20 12:29:06.773,428.11418440414377,998
2024-09-20 12:29:06.788,428.129596116307,996
2024-09-20 12:29:06.800,428.0794500852384,1000
2024-09-20 12:29:06.839,428.1185194496655,99
2024-09-20 12:29:06.873,428.09420870551753,5
2024-09-20 12:29:06.938,428.1058035217379,1003
2024-09-20 12:29:06.940,428.1318594299839,11
2024-09-20 12:29:06.941,428.13407876701655,1000
2024-09-20 12:29:07.109,428.1627422806997,5
2024-09-20 12:29:08.071,,6
2024-09-20 12:29:08.080,428.1781619516804,97
2024-09-20 12:29:08.185,428.205883214172,97
2024-09-20 12:29:08.230,428.2010636272892,1000
2024-09-20 12:29:08.255,428.151993907223,8
2024-09-20 12:29:08.353,428.1952688900096,997
2024-09-20 12:29:08.377,428.1911031738028,997
2024-09-20 12:29:08.446,428.19378839348,5
2024-09-20 12:29:08.460,-428.1617199204317,996
2024-09-20 12:29:08.498,428.1963695945432,105
2024-09-20 12:29:08.511,428.211296140544,999
2024-09-20 12:29:08.570,428.1751059231229,97
2024-09-20 12:29:08.585,428.2051932599233,103
2024-09-20 12:29:08.703,428.1792964750564,11
2024-09-20 12:29:08.850,428.1709849488092,1001
2024-09-20 12:29:08.903,428.177266247284,1005
2024-09-20 12:29:08.958,428.1672756166765,1005
2024-09-20 12:29:08.984,428.1905883855532,102
2024-09-20 12:29:09.286,428.1838164043859,1000
2024-09-20 12:29:09.469,428.1938264505464,10
2024-09-20 12:29:09.504,428.2062942648734,13
2024-09-20 12:29:09.641,428.2089069762495,1005
2024-09-20 12:29:09.652,428.1896185179078,995
2024-09-20 12:29:09.660,428.2034158823667,11
2024-09-20 12:29:09.913,428.1956238935597,99
2024-09-20 12:29:09.915,428.1912765245788,13
2024-09-20 12:29:09.915,428.193734537945,96
2024-09-20 12:29:09.925,428.1978207183605,15
2024-09-20 12:29:09.926,428.1943457032181,102
2024-09-20 12:29:10.267,428.1862958171727,11
2024-09-20 12:29:10.525,428.18066703112686,11
2024-09-20 12:29:10.867,428.1964143451147,96
2024-09-20 12:29:11.062,428.19736311294497,102
2024-09-20 12:29:11.124,428.2166217958922,5
2024-09-20 12:29:11.176,428.209512172074,1003
2024-09-20 12:29:11.306,428.2204459607052,995
2024-09-20 12:29:11.467,428.1963499512604,14
2024-09-20 12:29:11.467,428.1784591983129,8
2024-09-20 12:29:11.470,428.26285419500783,1002
2024-09-20 12:29:11.486,428.247646290056,8
2024-09-20 12:29:11.491,428.2018919524463,15
2024-09-20 12:29:11.494,428.29094265305457,99
2024-09-20 12:29:11.520,428.2099423629662,99
2024-09-20 12:29:11.532,428.2134587869284,8
2024-09-20 12:29:11.648,428.1986929911544,1004
2024-09-20 12:29:11.659,428.2081774083223,15
2024-09-20 12:29:11.666,428.1969912680146,9
2024-09-20 12:29:11.676,428.2434206690402,999
2024-09-20 12:29:11.738,428.1818964339138,99
2024-09-20 12:29:11.761,428.251838897301,995
2024-09-20 12:29:11.769,428.1898593440807,101
2024-09-20 12:29:11.842,428.2235443002317,6
2024-09-20 12:29:11.844,428.2193765810278,100
2024-09-20 12:29:11.871,428.2221241293115,1003
2024-09-20 12:29:11.956,428.20543697627465,7
2024-09-20 12:29:12.047,428.3090478349851,96
2024-09-20 12:29:12.081,428.3037499120418,8
2024-09-20 12:29:12.224,428.31198297844327,100
2024-09-20 12:29:12.294,428.28517163528346,8
2024-09-20 12:29:12.341,428.3152706738849,14
2024-09-20 12:29:12.347,428.321666203068,9
2024-09-20 12:29:12.397,428.3315295638926,13
2024-09-20 12:29:12.449,428.3046499144037,7
2024-09-20 12:29:12.460,428.3211463191599,998
2024-09-20 12:29:12.476,428.30807123875945,13
2024-09-20 12:29:12.497,428.3165809313298,102
2024-09-20 12:29:12.524,428.3159987436634,12
2024-09-20 12:29:12.537,428.30745926105845,1001
2024-09-20 12:29:12.607,428.3026277202354,13
2024-09-20 12:29:12.631,428.31016123939327,12
2024-09-20 12:29:12.646,428.2950330884637,99
2024-09-20 12:29:12.673,428.30168756683145,95
2024-09-20 12:29:12.681,428.3039977146214,995
2024-09-20 12:29:12.697,428.29267760066045,99
2024-09-20 12:29:12.807,428.3066139692112,995
2024-09-20 12:29:12.816,428.2976766388421,6
2024-09-20 12:29:12.848,428.3283850239202,9
2024-09-20 12:29:12.874,428.32225318048097,101
2024-09-20 12:29:12.929,428.2952859651036,99
2024-09-20 12:29:12.997,428.3151861385047,997
2024-09-20 12:29:13.015,428.3494805555022,12
2024-09-20 12:29:13.084,428.3371265694964,104
2024-09-20 12:29:13.091,428.32938795707054,8
2024-09-20 12:29:13.095,428.32923044042167,1001
2024-09-20 12:29:13.238,428.334099144242,6
2024-09-20 12:29:13.513,428.3426146894851,102
2024-09-20 12:29:13.522,428.3440485004161,1002
2024-09-20 12:29:13.523,428.3151211901537,100
2024-09-20 12:29:13.532,428.3234715578635,97
2024-09-20 12:29:13.655,428.34118367539776,104
2024-09-20 12:29:13.676,428.31842583379887,100
2024-09-20 12:29:13.710,428.3373677134063,1000
2024-09-20 12:29:13.721,428.3203684537064,105
2024-09-20 12:29:13.755,428.356788058564,103
2024-09-20 12:29:13.854,428.3287141985978,97
2024-09-20 12:29:13.907,428.2941236426741,104
2024-09-20 12:29:13.930,428.3239499446647,98
2024-09-20 12:29:14.089,428.2930299885904,8
2024-09-20 12:29:14.153,428.30239285557417,995
2024-09-20 12:29:14.156,428.34282337885,96
2024-09-20 12:29:14.253,428.3081729029579,99
2024-09-20 12:29:14.264,428.3104877948044,11
2024-09-20 12:29:14.265,428.26783072713073,13
2024-09-20 12:29:14.353,428.324112722894,103
2024-09-20 12:29:14.356,428.3296359266856,7
2024-09-20 12:29:14.370,428.2937506103575,99
2024-09-20 12:29:14.384,428.3353736530794,1004
2024-09-20 12:29:14.429,428.2955278715507,12
2024-09-20 12:29:14.476,428.32925115601466,97
2024-09-20 12:29:14.485,428.3192735912757,95
2024-09-20 12:29:14.517,428.30255682058896,99
2024-09-20 12:29:14.599,428.2747686430608,105
2024-09-20 12:29:14.612,428.3030171564008,9
2024-09-20 12:29:14.656,428.3021804436464,1005
2024-09-20 12:29:14.677,428.267823543991,1005
2024-09-20 12:29:14.691,428.2707062845199,103
2024-09-20 12:29:14.725,428.3120061727834,99
2024-09-20 12:29:14.750,428.3196371532395,10
2024-09-20 12:29:14.805,428.3129002358343,102
2024-09-20 12:29:14.808,428.34905379050906,15
2024-09-20 12:29:14.839,428.319834964164,103
2024-09-20 12:29:14.871,428.3201254032023,999
2024-09-20 12:29:14.871,428.2976745832419,6
2024-09-20 12:29:14.883,428.2960069503674,999
2024-09-20 12:29:14.955,428.2981102280558,998
2024-09-20 12:29:14.999,428.2707440415816,9
2024-09-20 12:29:15.004,428.32480323176185,9
2024-09-20 12:29:15.030,428.317220741524,997
2024-09-20 12:29:15.048,428.3457285465559,98
2024-09-20 12:29:15.050,428.2892656018478,8
2024-09-20 12:29:15.106,428.3031120162876,96
2024-09-20 12:29:15.279,428.3165523143674,997
2024-09-20 12:29:15.304,428.30726604821774,104
2024-09-20 12:29:15.322,428.3101615567077,97
2024-09-20 12:29:15.402,428.2997285803473,1003
2024-09-20 12:29:15.411,428.3341126997455,10
2024-09-20 12:29:15.437,428.30057319674137,8
2024-09-20 12:29:15.453,428.31237601352336,100
2024-09-20 12:29:15.461,428.3261568190842,9
2024-09-20 12:29:15.508,428.3486430916556,1005
2024-09-20 12:29:15.530,428.3078206231831,995
2024-09-20 12:29:15.545,428.3113279885752,9
2024-09-20 12:29:15.658,428.2971491518521,1002
2024-09-20 12:29:15.672,428.3226378459152,1001
2024-09-20 12:29:15.726,428.2896597738359,997
2024-09-20 12:29:15.812,428.3238715355271,1002
2024-09-20 12:29:15.815,428.2880043189096,998
2024-09-20 12:29:15.856,428.3572928882788,101
2024-09-20 12:29:15.860,428.2979148471724,999
2024-09-20 12:29:15.914,428.30833879904407,1001
2024-09-20 12:29:16.225,428.3135100669701,6
2024-09-20 12:29:17.013,428.3284718558245,1003
2024-09-20 12:29:17.044,428.3354604514883,1000
2024-09-20 12:29:17.147,428.3362116024853,96
2024-09-20 12:29:17.149,428.3461570234881,101
2024-09-20 12:29:17.160,428.27403437052845,96
2024-09-20 12:29:17.188,428.2873179929301,98
2024-09-20 12:29:17.198,428.2516243178274,100
2024-09-20 12:29:17.204,428.3258243998912,15
2024-09-20 12:29:17.238,428.3312182295351,6
2024-09-20 12:29:17.241,428.310250813761,101
2024-09-20 12:29:17.244,428.3178273147767,9
2024-09-20 12:29:17.331,428.3021705596327,8
2024-09-20 12:29:17.434,428.33452671516375,98
2024-09-20 12:29:17.445,428.3315629399064,95
2024-09-20 12:29:17.466,428.3356629781096,103
2024-09-20 12:29:17.490,428.297405703829,104
2024-09-20 12:29:17.516,428.32514662213055,999
2024-09-20 12:29:17.568,428.2736465730987,99
2024-09-20 12:29:17.581,428.3241996192663,1000
2024-09-20 12:29:17.616,428.34194610930246,13
2024-09-20 12:29:17.685,428.2785820868522,104
2024-09-20 12:29:17.737,428.28102435101306,1002
2024-09-20 12:29:17.745,428.3342212424631,105
2024-09-20 12:29:17.840,428.3111691262736,996
2024-09-20 12:29:17.844,428.3318766978851,97
2024-09-20 12:29:17.861,428.2627964675431,1002
2024-09-20 12:29:17.862,428.3280527006016,9
2024-09-20 12:29:17.926,428.33138344214905,7
2024-09-20 12:29:19.058,428.26741618284746,14
2024-09-20 12:29:19.081,428.289834695302,995
2024-09-20 12:29:19.093,428.3127414491537,101
2024-09-20 12:29:19.133,428.2429366489119,99
2024-09-20 12:29:19.140,428.2976463543861,995
2024-09-20 12:29:19.234,428.2785708426231,103
2024-09-20 12:29:19.251,428.3093194413155,9
2024-09-20 12:29:19.271,428.28334086736646,105
2024-09-20 12:29:19.286,428.32152804184994,1003
2024-09-20 12:29:19.300,428.29007634562095,1001
2024-09-20 12:29:19.322,428.29943902801233,998
2024-09-20 12:29:19.385,428.2471475252129,998
2024-09-20 12:29:19.391,428.293058709662,7
2024-09-20 12:29:19.399,428.252962321776,998
2024-09-20 12:29:19.409,428.2472504892311,11
2024-09-20 12:29:19.511,-428.31481770317095,15
2024-09-20 12:29:19.537,428.2664028372215,103
2024-09-20 12:29:19.571,428.2676959187344,997
2024-09-20 12:29:19.610,428.3153997100661,6
2024-09-20 12:29:19.638,428.2721249933598,95
2024-09-20 12:29:19.646,428.2677324673165,7
2024-09-20 12:29:19.738,428.2827512653659,7
2024-09-20 12:29:19.743,428.27228404382606,8
2024-09-20 12:29:19.819,428.29919046091584,1003
2024-09-20 12:29:19.862,42.83157748016608,997
2024-09-20 12:29:19.868,428.2780287767412,104
2024-09-20 12:29:19.882,-428.2615330389359,999
2024-09-20 12:29:19.913,428.2861818197657,99
2024-09-20 12:29:19.916,428.3112313377513,998
2024-09-20 12:29:19.928,428.2782198757603,100
2024-09-20 12:29:20.006,428.2779067870511,14
2024-09-20 12:29:20.111,428.2545620970655,998
2024-09-20 12:29:20.126,428.3147873464911,105
2024-09-20 12:29:20.187,428.3079120567849,1003
2024-09-20 12:29:20.237,428.2684620174872,102
2024-09-20 12:29:20.268,428.2769218640604,10
2024-09-20 12:29:20.278,428.2537406132576,1004
2024-09-20 12:29:20.291,428.3331346715601,1001
2024-09-20 12:29:20.293,428.3138826227623,1001
2024-09-20 12:29:20.353,428.3112491652825,105
2024-09-20 12:29:20.465,,1005
2024-09-20 12:29:20.588,428.3045172941395,14
2024-09-20 12:29:20.666,428.3338261081424,104
2024-09-20 12:29:20.703,428.3073302446148,104
2024-09-20 12:29:20.781,428.2921497440796,999
2024-09-20 12:29:20.807,428.3122704071568,103
2024-09-20 12:29:20.809,428.25072856279854,101
2024-09-20 12:29:20.815,428.3076908058528,99
2024-09-20 12:29:20.840,428.32168800484607,7
2024-09-20 12:29:20.856,428.2800058468184,99
2024-09-20 12:29:20.922,428.3045210925416,103
2024-09-20 12:29:20.927,428.3217274287512,995
2024-09-20 12:29:20.961,428.3028023847357,98
2024-09-20 12:29:21.002,428.2973481698341,95
2024-09-20 12:29:21.019,428.2712506141871,1000
2024-09-20 12:29:21.037,428.2462934071123,1002
2024-09-20 12:29:21.119,428.2757169937704,100
2024-09-20 12:29:21.132,428.3119840752751,6
2024-09-20 12:29:21.138,428.26880891741945,1001
2024-09-20 12:29:21.142,-428.3033384550176,99
2024-09-20 12:29:21.238,428.2719205925053,11
2024-09-20 12:29:21.279,428.2673036630503,14
2024-09-20 12:29:21.301,428.2705863048919,100
2024-09-20 12:29:21.323,428.310496646807,8
2024-09-20 12:29:21.359,428.319607239996,101
2024-09-20 12:29:21.516,428.3179288967726,13
2024-09-20 12:29:21.548,428.27007753708256,12
2024-09-20 12:29:21.557,428.2745920951728,7
2024-09-20 12:29:21.595,428.318543863605,1002
2024-09-20 12:29:21.639,428.3173657120934,105
2024-09-20 12:29:21.655,428.32387123429095,9
2024-09-20 12:29:21.722,428.2410890504144,995
2024-09-20 12:29:21.817,428.28836045285846,999
2024-09-20 12:29:21.857,428.29129913227285,12
2024-09-20 12:29:21.865,428.2845033931599,1000
2024-09-20 12:29:21.926,428.2545583106185,103
2024-09-20 12:29:21.929,428.33259485558966,104
2024-09-20 12:29:21.935,428.2689895758598,96
2024-09-20 12:29:21.941,428.3194462931191,996
2024-09-20 12:29:21.952,428.3174169832162,104
2024-09-20 12:29:21.997,428.3214038783588,1001
2024-09-20 12:29:22.019,428.19897586599706,1003
2024-09-20 12:29:22.041,428.2638617199742,100
2024-09-20 12:29:22.071,428.193607434922,11
2024-09-20 12:29:22.099,428.2969952790522,15
2024-09-20 12:29:22.153,428.3012229754098,8
2024-09-20 12:29:22.165,428.2736420103001,1002
2024-09-20 12:29:22.170,428.2773336224928,15
2024-09-20 12:29:22.207,428.1979836432003,996
2024-09-20 12:29:22.208,428.3112597051081,100
2024-09-20 12:29:22.270,428.2214982955656,995
2024-09-20 12:29:22.286,428.28525520131103,12
2024-09-20 12:29:22.347,428.2964373290049,99
2024-09-20 12:29:22.440,428.2655442889353,996
2024-09-20 12:29:22.475,428.205038309649,14
2024-09-20 12:29:22.475,428.22225823173824,98
2024-09-20 12:29:22.504,428.2242287258102,10
2024-09-20 12:29:22.527,428.2943432769542,12
2024-09-20 12:29:22.552,428.2968454173358,10
2024-09-20 12:29:22.626,428.1965388176581,102
2024-09-20 12:29:22.646,428.31040614977104,999
2024-09-20 12:29:22.648,428.2626552337323,8
2024-09-20 12:29:22.669,428.272899690797,96
2024-09-20 12:29:22.704,428.221999230953,1004
2024-09-20 12:29:22.768,428.2251862130185,1004
2024-09-20 12:29:22.774,428.3029812174974,7
2024-09-20 12:29:22.813,428.2534680996523,105
2024-09-20 12:29:22.827,428.2470486018333,12
2024-09-20 12:29:22.835,42.828977988130376,100
2024-09-20 12:29:22.990,428.2600376806255,99
2024-09-20 12:29:22.995,428.2190586860007,105
2024-09-20 12:29:23.154,428.2751000143166,8
2024-09-20 12:29:23.169,428.23320778914126,13
2024-09-20 12:29:23.185,,10
2024-09-20 12:29:23.321,428.2315297538044,10
2024-09-20 12:29:23.372,428.2890888793191,1002
2024-09-20 12:29:23.392,428.2633158915371,102
2024-09-20 12:29:23.485,428.23192668404255,100
2024-09-20 12:29:23.576,428.22897479949967,100
2024-09-20 12:29:23.635,428.2068649365448,14
2024-09-20 12:29:23.850,428.2500668893613,1000
2024-09-20 12:29:23.871,428.2936858379337,997
2024-09-20 12:29:23.875,428.2426331227859,9
2024-09-20 12:29:24.044,428.31603233722336,103
2024-09-20 12:29:24.055,428.32740829842805,101
2024-09-20 12:29:24.204,428.3316562182854,998
2024-09-20 12:29:24.274,428.3208474723686,99
2024-09-20 12:29:24.291,428.3389318630484,100
2024-09-20 12:29:24.325,428.3360625692851,105
2024-09-20 12:29:24.366,428.3112029449934,98
2024-09-20 12:29:24.401,428.33633974779934,998
2024-09-20 12:29:24.482,428.3123950738723,101
2024-09-20 12:29:24.504,428.31732501467366,101
2024-09-20 12:29:24.547,428.30762118781456,9
2024-09-20 12:29:24.630,428.34211260365583,104
2024-09-20 12:29:24.676,428.3324114053653,102
2024-09-20 12:29:24.676,428.3405838381347,998
2024-09-20 12:29:24.719,428.32558665438216,996
2024-09-20 12:29:24.758,428.3206984107399,1002
2024-09-20 12:29:24.781,428.3383079861816,103
2024-09-20 12:29:24.797,428.3225422720093,100
2024-09-20 12:29:24.895,428.3205505244141,105
2024-09-20 12:29:24.908,428.3362132047565,12
2024-09-20 12:29:24.912,428.3133623598056,999
2024-09-20 12:29:24.960,428.3072721384901,1000
2024-09-20 12:29:24.975,,1001
2024-09-20 12:29:25.456,428.35827933135647,97
2024-09-20 12:29:25.614,428.35386928788927,996
2024-09-20 12:29:25.642,428.3513684907439,995
2024-09-20 12:29:25.962,428.3659403489455,1000
2024-09-20 12:29:26.049,428.3398527125527,995
2024-09-20 12:29:26.062,428.3268268148634,8
2024-09-20 12:29:26.214,428.34070040423137,100
2024-09-20 12:29:26.268,428.3168771046287,11
2024-09-20 12:29:26.282,428.3300233919917,97
2024-09-20 12:29:26.284,428.3507013963997,99
2024-09-20 12:29:26.454,428.35052111925273,1003
2024-09-20 12:29:26.498,428.3498874604564,103
2024-09-20 12:29:26.507,428.331885061701,95
2024-09-20 12:29:26.513,428.3273319956424,6
2024-09-20 12:29:26.527,428.3443590467475,98
2024-09-20 12:29:26.568,428.3372703932874,998
2024-09-20 12:29:26.574,428.3441684588615,100
2024-09-20 12:29:26.575,428.3102325888004,1001
2024-09-20 12:29:26.596,428.35860610783664,995
2024-09-20 12:29:26.722,428.3483040804804,15
2024-09-20 12:29:26.727,428.3415580515119,1000
2024-09-20 12:29:26.927,428.35389064905615,99
2024-09-20 12:29:28.623,428.341116746118,12
2024-09-20 12:29:29.006,428.3585364161532,105
2024-09-20 12:29:29.098,428.339993529792,9
2024-09-20 12:29:29.132,428.2589401369953,996
2024-09-20 12:29:29.139,428.25625836592775,102
2024-09-20 12:29:29.278,428.2766014753501,96
2024-09-20 12:29:29.347,428.3052783071899,96
2024-09-20 12:29:29.356,428.3279477185185,98
2024-09-20 12:29:29.486,428.2958608322677,8
2024-09-20 12:29:29.556,428.3298685633185,12
2024-09-20 12:29:29.713,428.34523286668406,95
2024-09-20 12:29:29.856,428.3100289890682,6
2024-09-20 12:29:29.870,428.3408828110277,100
2024-09-20 12:29:29.923,428.313396438733,997
2024-09-20 12:29:30.292,428.226118268508,98
2024-09-20 12:29:30.500,428.2403684715918,996
2024-09-20 12:29:30.728,428.25374519009085,97
2024-09-20 12:29:30.777,428.24083144455886,98
2024-09-20 12:29:30.827,428.2400768613987,11
2024-09-20 12:29:30.833,428.2098232253552,97
2024-09-20 12:29:30.960,428.2352379013576,1005
2024-09-20 12:29:30.975,428.2489897722336,95
2024-09-20 12:29:31.102,428.2180274139493,999
2024-09-20 12:29:31.254,428.20948990498056,105
2024-09-20 12:29:31.554,428.2018869336585,95
2024-09-20 12:29:31.593,428.2189997703854,996
2024-09-20 12:29:31.741,428.238278071672,96
2024-09-20 12:29:31.771,428.2145969170107,99
2024-09-20 12:29:31.855,428.21795717371486,98
2024-09-20 12:29:32.000,428.2308792525173,1002
2024-09-20 12:29:32.017,428.20299217564656,11
2024-09-20 12:29:32.065,428.20985272443215,1004
2024-09-20 12:29:32.151,428.1599893686314,100
2024-09-20 12:29:32.163,428.1186206670191,99
2024-09-20 12:29:32.207,428.19511664424175,103
2024-09-20 12:29:32.212,428.178219860466,105
2024-09-20 12:29:32.226,42.82086799079836,104
2024-09-20 12:29:32.261,428.1899466631125,13
2024-09-20 12:29:32.262,428.19475957206816,9
2024-09-20 12:29:32.298,428.1722146805783,104
2024-09-20 12:29:32.319,428.1854909975272,104
2024-09-20 12:29:32.443,428.1868804366872,102
2024-09-20 12:29:32.459,428.1155891529048,97
2024-09-20 12:29:32.479,42.81288301240944,8
2024-09-20 12:29:32.531,428.1752277456313,95
2024-09-20 12:29:32.583,428.11791134189406,1000
2024-09-20 12:29:32.610,428.1908289753281,996
2024-09-20 12:29:32.625,428.1598989409533,100
2024-09-20 12:29:32.656,428.177420447096,998
2024-09-20 12:29:32.690,428.15664547520754,97
2024-09-20 12:29:32.717,428.1623514838272,1005
2024-09-20 12:29:32.816,428.2186648945088,98
2024-09-20 12:29:32.916,428.1266615068513,1005
2024-09-20 12:29:32.917,428.1468444490888,1005
2024-09-20 12:29:33.016,428.1742116571573,998
2024-09-20 12:29:33.082,428.1589468221696,1000
2024-09-20 12:29:33.430,428.1858726245079,12
2024-09-20 12:29:33.432,428.1655223063205,7
2024-09-20 12:29:33.534,428.1832919889978,104
2024-09-20 12:29:33.567,428.17356928502136,5
2024-09-20 12:29:33.638,428.1731326504656,105
2024-09-20 12:29:33.703,428.1716459869895,104
2024-09-20 12:29:33.806,428.1743929003241,997
2024-09-20 12:29:33.907,428.1713139297548,5
2024-09-20 12:29:34.174,428.178472909264,101
2024-09-20 12:29:34.829,428.1737832314381,998
2024-09-20 12:29:34.856,428.17720299067565,998
2024-09-20 12:29:35.006,428.17858900042313,96
2024-09-20 12:29:35.043,428.2007337488125,12
2024-09-20 12:29:35.049,428.25374002462223,13
2024-09-20 12:29:35.061,428.2710289493415,1000
2024-09-20 12:29:35.067,428.1653478204733,12
2024-09-20 12:29:35.093,428.1864089755559,7
2024-09-20 12:29:35.211,428.18055488693074,10
2024-09-20 12:29:35.301,428.259498217187,95
2024-09-20 12:29:35.407,428.1814914293806,104
2024-09-20 12:29:35.533,428.20303620046434,98
2024-09-20 12:29:35.670,428.1765538880165,13
2024-09-20 12:29:35.685,428.2294838462087,104
2024-09-20 12:29:35.736,428.1775002227435,13
2024-09-20 12:29:35.736,-428.1941081831816,1004
2024-09-20 12:29:35.741,428.2484357249084,5
2024-09-20 12:29:35.760,428.20936756823176,5
2024-09-20 12:29:35.774,428.2402588729621,996
2024-09-20 12:29:35.801,428.1873958033515,7
2024-09-20 12:29:35.808,428.2298270904266,996
2024-09-20 12:29:35.817,428.1590360236552,105
2024-09-20 12:29:35.871,428.2021994663848,99
2024-09-20 12:29:35.877,428.22869312027626,1005
2024-09-20 12:29:35.892,428.2441102717285,11
2024-09-20 12:29:35.905,428.1931304435365,98
2024-09-20 12:29:35.912,428.2100338218113,995
2024-09-20 12:29:35.914,428.20659284099855,7
2024-09-20 12:29:35.915,428.2518950175642,15
2024-09-20 12:29:35.949,428.193784915965,5
2024-09-20 12:29:36.053,428.2476096131416,5
2024-09-20 12:29:36.628,428.2554882104777,105
2024-09-20 12:29:37.443,428.2414665316126,101
2024-09-20 12:29:37.613,428.2334658977152,13
2024-09-20 12:29:37.724,428.2527830663543,999
2024-09-20 12:29:37.939,428.2315706492493,97
2024-09-20 12:29:38.059,428.1409315458644,10
2024-09-20 12:29:38.186,428.1818553680768,1003
2024-09-20 12:29:38.207,428.1521873757548,99
2024-09-20 12:29:38.214,428.2460624525443,1003
2024-09-20 12:29:38.245,428.1442230734784,13
2024-09-20 12:29:38.299,428.2379468327122,9
2024-09-20 12:29:38.331,428.1701104895421,1002
2024-09-20 12:29:38.399,428.2564221298634,103
2024-09-20 12:29:38.407,428.1413129606689,1000
2024-09-20 12:29:38.465,428.12524815164215,10
2024-09-20 12:29:38.623,428.1794594617715,98
2024-09-20 12:29:38.733,428.1300357146022,5
2024-09-20 12:29:38.746,428.2062075213487,98
2024-09-20 12:29:38.775,428.22085319302863,105
2024-09-20 12:29:38.776,428.1706134689626,100
2024-09-20 12:29:38.793,428.1776713916607,15
2024-09-20 12:29:38.798,428.1617498975282,97
2024-09-20 12:29:38.845,428.1377821992312,1005
2024-09-20 12:29:38.868,428.1777929983058,95
2024-09-20 12:29:38.921,428.17333432314166,102
2024-09-20 12:29:38.921,428.1316500918464,10
2024-09-20 12:29:38.938,428.1350796634259,98
2024-09-20 12:29:38.995,428.1392590141142,1000
2024-09-20 12:29:39.079,428.1466102290968,997
2024-09-20 12:29:39.226,428.12328982075854,9
2024-09-20 12:29:39.449,428.1218505687459,5
2024-09-20 12:29:39.543,428.1445501067503,103
2024-09-20 12:29:39.559,428.14099525984335,996
2024-09-20 12:29:39.589,428.1240264192546,105
2024-09-20 12:29:39.782,428.1168198873583,11
2024-09-20 12:29:39.806,428.14181768973015,100
2024-09-20 12:29:39.817,428.137029537182,1004
2024-09-20 12:29:39.868,428.1284886971951,104
2024-09-20 12:29:39.871,428.13805615133225,99
2024-09-20 12:29:39.950,428.1352328121704,996
2024-09-20 12:29:39.954,428.1185946396809,13
2024-09-20 12:29:40.258,428.1290566328624,995
2024-09-20 12:29:40.365,428.1140816489976,6
2024-09-20 12:29:40.459,428.1152204523652,14
2024-09-20 12:29:40.625,428.13137215536375,1002
2024-09-20 12:29:40.651,428.1201962393732,98
2024-09-20 12:29:40.651,428.1403505889328,9
2024-09-20 12:29:40.683,428.1292727955556,98
2024-09-20 12:29:40.896,428.1035079539976,100
2024-09-20 12:29:40.915,428.09251697573615,98
2024-09-20 12:29:41.023,428.13121582834617,15
2024-09-20 12:29:41.134,428.1331496233911,15
2024-09-20 12:29:41.400,428.09741695405086,12
2024-09-20 12:29:41.778,428.1181031288802,96
2024-09-20 12:29:41.878,428.1312883987503,95
2024-09-20 12:29:42.106,428.1304699676775,15
2024-09-20 12:29:42.308,428.134700134953,8
2024-09-20 12:29:42.539,428.1388508782679,102
2024-09-20 12:29:42.593,428.10922936675365,10
2024-09-20 12:29:42.621,428.0953600639221,1000
2024-09-20 12:29:42.685,428.127228481494,97
2024-09-20 12:29:42.824,428.1173401498023,99
2024-09-20 12:29:42.865,428.131367340189,103
2024-09-20 12:29:42.888,428.141684096956,10
2024-09-20 12:29:43.035,428.2179715757927,1001
2024-09-20 12:29:43.039,428.1963431845963,1003
2024-09-20 12:29:43.045,428.18743140954535,1003
2024-09-20 12:29:43.089,428.23584198143686,995
2024-09-20 12:29:43.099,428.1991285128914,99
2024-09-20 12:29:43.128,428.1202474876892,99
2024-09-20 12:29:43.176,428.1312619376762,1002
2024-09-20 12:29:43.184,428.1768392131916,6
2024-09-20 12:29:43.262,428.152978367053,6
2024-09-20 12:29:43.313,428.24602010553946,103
2024-09-20 12:29:43.315,428.1308785049408,6
2024-09-20 12:29:43.474,428.2106042276152,97
2024-09-20 12:29:43.527,428.1708916216897,100
2024-09-20 12:29:43.583,,13
2024-09-20 12:29:43.604,428.1190640727995,96
2024-09-20 12:29:43.621,428.14034573263206,98
2024-09-20 12:29:43.626,428.2490214047289,5
2024-09-20 12:29:43.635,428.2425973306675,13
2024-09-20 12:29:43.642,428.1956831692961,1002
2024-09-20 12:29:43.669,428.2401344269568,1005
2024-09-20 12:29:43.722,428.130865621144,12
2024-09-20 12:29:43.734,428.1852871765648,100
2024-09-20 12:29:43.748,428.2327679982544,97
2024-09-20 12:29:43.751,428.2372729463708,8
2024-09-20 12:29:43.768,428.2029251083388,102
2024-09-20 12:29:43.785,428.1295747805901,9
2024-09-20 12:29:43.791,428.1145511218824,95
2024-09-20 12:29:43.840,428.20461881609145,8
2024-09-20 12:29:43.882,428.2496747970594,996
2024-09-20 12:29:43.958,428.2068878059061,1005
2024-09-20 12:29:44.066,428.2195585499096,9
2024-09-20 12:29:44.079,428.2162450348397,96
2024-09-20 12:29:44.363,428.2376515149715,13
2024-09-20 12:29:44.433,428.2459692674104,10
2024-09-20 12:29:44.447,428.243679602104,7
2024-09-20 12:29:44.584,428.22886712263136,10
2024-09-20 12:29:44.647,428.2312215126145,8
2024-09-20 12:29:44.742,428.2341921009921,5
2024-09-20 12:29:44.784,428.25033129557386,97
2024-09-20 12:29:44.959,428.2355789557284,7
2024-09-20 12:29:45.026,428.1557343134163,996
2024-09-20 12:29:45.052,428.23194599686,11
2024-09-20 12:29:45.125,428.2082881694776,997
2024-09-20 12:29:45.133,,9
2024-09-20 12:29:45.161,428.1706455436541,14
2024-09-20 12:29:45.162,428.1886271285438,97
2024-09-20 12:29:45.300,428.1982932869549,100
2024-09-20 12:29:45.339,428.20029484003226,1000
2024-09-20 12:29:45.390,428.1678738279985,10
2024-09-20 12:29:45.519,428.1849255943988,15
2024-09-20 12:29:45.554,428.23278998288464,997
2024-09-20 12:29:45.568,428.1929100585152,11
2024-09-20 12:29:45.596,428.1885323344083,101
2024-09-20 12:29:45.636,428.174716750338,103
2024-09-20 12:29:45.666,428.16340552104026,8
2024-09-20 12:29:45.765,428.2413712622035,1002
2024-09-20 12:29:45.818,428.1962799028844,7
2024-09-20 12:29:45.922,428.1581163678081,995
2024-09-20 12:29:45.947,428.1568152538612,97
2024-09-20 12:29:46.237,428.2689286002432,103
2024-09-20 12:29:46.314,428.2498123020041,97
2024-09-20 12:29:46.331,428.2593341264678,10
2024-09-20 12:29:46.542,428.25080841452655,995
2024-09-20 12:29:46.623,428.27181995863697,1003
2024-09-20 12:29:46.891,428.2439564825773,103
2024-09-20 12:29:46.922,428.2675066169313,999
2024-09-20 12:29:47.049,428.2517321960684,105
2024-09-20 12:29:47.416,428.21699835010105,12
2024-09-20 12:29:47.591,428.2262497138914,6
2024-09-20 12:29:48.005,428.208451414752,1005
2024-09-20 12:29:48.006,428.1980814854829,97
2024-09-20 12:29:48.017,428.18417646921466,98
2024-09-20 12:29:48.018,428.247947484101,997
2024-09-20 12:29:48.104,428.2525895887026,996
2024-09-20 12:29:48.134,428.1989227526028,15
2024-09-20 12:29:48.157,428.2486741933324,6
2024-09-20 12:29:48.333,428.211708674678,98
2024-09-20 12:29:48.363,428.1906753597534,7
2024-09-20 12:29:48.372,428.1984332270216,999
2024-09-20 12:29:48.397,428.239996696162,1005
2024-09-20 12:29:48.494,428.20332084249617,12
2024-09-20 12:29:48.512,428.2212790892733,96
2024-09-20 12:29:48.648,428.206563316398,100
2024-09-20 12:29:48.654,428.2386217235233,102
2024-09-20 12:29:48.746,428.1774959502827,1004
2024-09-20 12:29:48.792,428.2289032131506,1002
2024-09-20 12:29:48.933,428.192420405037,996
2024-09-20 12:29:49.078,428.25556483341126,104
2024-09-20 12:29:49.080,428.301165022412,7
2024-09-20 12:29:49.106,428.3063751357903,102
2024-09-20 12:29:49.161,428.25337862653714,9
2024-09-20 12:29:49.182,428.2467574114859,998
2024-09-20 12:29:49.220,428.3171423241882,103
2024-09-20 12:29:49.292,428.25050610666,11
2024-09-20 12:29:49.304,428.2938591465377,995
2024-09-20 12:29:49.456,428.2949406096021,15
2024-09-20 12:29:49.522,428.2993218641317,1004
2024-09-20 12:29:49.538,428.2736898174495,996
2024-09-20 12:29:49.681,428.3065786509369,13
2024-09-20 12:29:49.793,428.269274668132,8
2024-09-20 12:29:49.799,428.2573074404241,11
2024-09-20 12:29:49.823,428.2741376995414,13
2024-09-20 12:29:49.845,428.2581999719741,1002
2024-09-20 12:29:49.873,428.2270198021959,103
2024-09-20 12:29:50.004,428.4264803425502,5
2024-09-20 12:29:50.013,428.40572281044206,104
2024-09-20 12:29:50.014,428.42336058420136,1005
2024-09-20 12:29:50.076,-428.3215441452067,8
2024-09-20 12:29:50.082,428.3044088207251,105
2024-09-20 12:29:50.113,428.33880302213646,1000
2024-09-20 12:29:50.203,42.84179745827209,100
2024-09-20 12:29:50.217,428.412724921043,99
2024-09-20 12:29:50.226,428.3185336563643,995
2024-09-20 12:29:50.343,428.3465551576437,15
2024-09-20 12:29:50.378,428.4250431170081,1004
2024-09-20 12:29:50.392,428.4050837983101,15
2024-09-20 12:29:50.426,428.3682247826701,9
2024-09-20 12:29:50.455,428.3719166163913,101
2024-09-20 12:29:50.494,428.39188662805657,15
2024-09-20 12:29:50.539,428.4316804406981,102
2024-09-20 12:29:50.561,428.3496114763951,9
2024-09-20 12:29:50.595,428.3999901268904,96
2024-09-20 12:29:50.783,428.3553189110035,1000
2024-09-20 12:29:50.819,428.4127065283147,14
2024-09-20 12:29:50.881,428.38952631836594,11
2024-09-20 12:29:50.884,428.43885252178814,996
2024-09-20 12:29:50.930,428.3263447636172,7
2024-09-20 12:29:50.948,428.4168847777436,7
2024-09-20 12:29:50.973,428.3533150044608,1001
2024-09-20 12:29:51.063,428.3145094637308,97
2024-09-20 12:29:51.100,428.3328801356126,1005
2024-09-20 12:29:51.205,428.3533327458312,1002
2024-09-20 12:29:51.293,428.33435623602384,1002
2024-09-20 12:29:51.401,428.31658483444784,995
2024-09-20 12:29:51.438,428.3532229633548,15
2024-09-20 12:29:51.464,428.3747374946054,99
2024-09-20 12:29:51.498,428.34604374030897,1002
2024-09-20 12:29:51.602,428.340327432788,7
2024-09-20 12:29:51.660,428.3523229603147,11
2024-09-20 12:29:51.708,428.3457882915657,102
2024-09-20 12:29:51.774,428.3552834827644,1003
2024-09-20 12:29:51.791,428.3507862018886,101
2024-09-20 12:29:51.806,428.3433518307698,103
2024-09-20 12:29:51.811,428.3211116960703,13
2024-09-20 12:29:51.870,428.3518237648158,14
2024-09-20 12:29:51.959,428.3366242623807,1004
2024-09-20 12:29:51.966,428.30741186253294,101
2024-09-20 12:29:51.998,428.3175654234085,95
2024-09-20 12:29:52.008,428.3401031006821,996
2024-09-20 12:29:52.034,42.83205453455023,96
2024-09-20 12:29:52.135,428.3035416875753,14
2024-09-20 12:29:52.138,428.3050951215024,5
2024-09-20 12:29:52.149,428.31844410850624,103
2024-09-20 12:29:52.186,428.3241785474924,95
2024-09-20 12:29:52.195,428.33263068283617,1002
2024-09-20 12:29:52.227,428.3217053623216,1005
2024-09-20 12:29:52.243,428.2948738847864,995
2024-09-20 12:29:52.309,428.33266765584136,100
2024-09-20 12:29:52.369,428.3191362704844,10
2024-09-20 12:29:52.374,428.3099627975824,105
2024-09-20 12:29:52.374,428.31427631642856,101
2024-09-20 12:29:52.407,428.3066394570316,13
2024-09-20 12:29:52.416,42.83168553206076,99
2024-09-20 12:29:52.425,428.3470500616298,5
2024-09-20 12:29:52.455,428.312603074169,103
2024-09-20 12:29:52.582,428.3319105777077,97
2024-09-20 12:29:52.596,428.31860524718735,13
2024-09-20 12:29:52.629,428.3145825453285,1002
2024-09-20 12:29:52.635,428.32909116526014,8
2024-09-20 12:29:52.694,428.3412057556828,8
2024-09-20 12:29:52.709,428.3386782635332,103
2024-09-20 12:29:52.768,42.833601892421406,102
2024-09-20 12:29:52.800,428.2947227875829,15
2024-09-20 12:29:52.818,428.3114940578759,1000
2024-09-20 12:29:52.819,428.3491449672175,14
2024-09-20 12:29:52.851,428.3349456709556,101
2024-09-20 12:29:52.986,428.30146869626185,11
2024-09-20 12:29:52.989,428.3641401591166,105
2024-09-20 12:29:53.074,428.291900916631,104
2024-09-20 12:29:53.113,428.2843761778959,998
2024-09-20 12:29:53.176,428.25489937057534,97
2024-09-20 12:29:53.191,428.2873879628713,5
2024-09-20 12:29:53.223,428.264095735344,11
2024-09-20 12:29:53.318,428.28225558979256,11
2024-09-20 12:29:53.330,428.2922779035591,98
2024-09-20 12:29:53.431,428.2790202071489,97
2024-09-20 12:29:53.468,428.29831835208233,98
2024-09-20 12:29:53.493,428.2852047857832,998
2024-09-20 12:29:53.505,428.2709548521853,105
2024-09-20 12:29:53.589,428.2786431670536,5
2024-09-20 12:29:53.590,428.3036902313139,102
2024-09-20 12:29:53.598,428.2552536661892,5
2024-09-20 12:29:53.653,428.2666124623154,1001
2024-09-20 12:29:53.679,428.2455127514741,1004
2024-09-20 12:29:53.721,428.2884448124437,15
2024-09-20 12:29:53.779,428.25571732244265,998
2024-09-20 12:29:53.781,428.2682580924581,12
2024-09-20 12:29:53.784,428.310388581568,1003
2024-09-20 12:29:53.784,428.3062187640515,99
2024-09-20 12:29:53.915,428.2712594419008,999
2024-09-20 12:29:53.951,428.2738859701533,102
2024-09-20 12:29:53.959,428.2449725519796,5
2024-09-20 12:29:53.967,428.2814800993019,104
2024-09-20 12:29:54.104,428.289743623248,1004
2024-09-20 12:29:54.203,428.3036698516672,102
2024-09-20 12:29:54.221,428.28715853221104,103
2024-09-20 12:29:54.253,428.2724583320695,996
2024-09-20 12:29:54.446,428.31564724973856,1000
2024-09-20 12:29:54.447,428.3115359428516,11
2024-09-20 12:29:54.543,428.30189209911657,1000
2024-09-20 12:29:54.596,428.3080826104495,1002
2024-09-20 12:29:54.614,428.292579593599,5
2024-09-20 12:29:54.636,428.319276534113,1001
2024-09-20 12:29:54.754,428.3160526385524,1005
2024-09-20 12:29:54.808,428.3316306870058,99
2024-09-20 12:29:54.824,428.2825015517117,101
2024-09-20 12:29:55.027,428.2715541990717,7
2024-09-20 12:29:55.049,428.2447760533986,101
2024-09-20 12:29:55.146,428.31157851570777,1001
2024-09-20 12:29:55.176,428.3061146787679,11
2024-09-20 12:29:55.209,428.2656079370413,100
2024-09-20 12:29:55.257,428.3006079723481,1001
2024-09-20 12:29:55.265,428.2920533238905,8
2024-09-20 12:29:55.301,428.3030254995175,1002
2024-09-20 12:29:55.320,428.2786260791236,95
2024-09-20 12:29:55.334,428.2946208771752,995
2024-09-20 12:29:55.395,428.282016661122,1000
2024-09-20 12:29:55.465,428.2459233738073,6
2024-09-20 12:29:55.506,428.30651210637626,9
2024-09-20 12:29:55.534,428.2997993226284,1002
2024-09-20 12:29:55.586,428.2506731321606,96
2024-09-20 12:29:55.623,428.2771551435876,14
2024-09-20 12:29:55.644,428.277408244229,105
2024-09-20 12:29:55.750,428.30473871129584,1004
2024-09-20 12:29:55.753,428.2517902023306,995
2024-09-20 12:29:55.814,428.3093153224072,1002
2024-09-20 12:29:55.886,428.2513551500991,1001
2024-09-20 12:29:55.903,428.26001575511833,98
2024-09-20 12:29:55.904,428.2541221875506,98
2024-09-20 12:29:55.922,428.2982153478595,104
2024-09-20 12:29:55.931,428.293235328929,1000
2024-09-20 12:29:56.160,428.28726333835925,999
2024-09-20 12:29:56.292,428.2925704433246,1005
2024-09-20 12:29:57.166,428.256620344256,1001
2024-09-20 12:29:57.292,428.2887490490081,997
2024-09-20 12:29:57.314,428.2689943917268,102
2024-09-20 12:29:57.379,428.26918434624713,999
2024-09-20 12:29:57.470,428.278180506586,13
2024-09-20 12:29:57.683,428.2807658002112,1005
2024-09-20 12:29:57.784,428.2640773404933,103
2024-09-20 12:29:57.820,428.2677218536072,997
2024-09-20 12:29:57.833,428.249417773248,996
2024-09-20 12:29:57.896,42.82655062653356,15
2024-09-20 12:29:57.958,428.2916848958842,13
2024-09-20 12:29:58.010,428.3281111957768,100
2024-09-20 12:29:58.108,428.3155307518592,105
2024-09-20 12:29:58.183,428.3099083440796,105
2024-09-20 12:29:58.260,428.2660239473316,8
2024-09-20 12:29:58.283,428.2972604235246,96
2024-09-20 12:29:58.352,,9
2024-09-20 12:29:58.405,428.30237478758346,1000
2024-09-20 12:29:58.464,428.2994040046245,97
2024-09-20 12:29:58.509,428.248002150249,5
2024-09-20 12:29:58.528,428.2653454345275,1003
2024-09-20 12:29:58.538,428.2805987259428,95
2024-09-20 12:29:58.552,428.3158322125869,95
2024-09-20 12:29:58.623,428.32798459709625,996
2024-09-20 12:29:58.859,428.3191649088489,1000
2024-09-20 12:29:59.171,428.43349806094193,997
2024-09-20 12:29:59.198,428.3145471940096,95
2024-09-20 12:29:59.211,428.38095912463314,1004
2024-09-20 12:29:59.213,428.2760116906574,1004
2024-09-20 12:29:59.279,428.349923190232,10
2024-09-20 12:29:59.294,428.3289266388728,1005
2024-09-20 12:29:59.310,428.2758793082694,100
2024-09-20 12:29:59.319,,999
2024-09-20 12:29:59.375,428.4206017120368,11
2024-09-20 12:29:59.376,428.3648454021454,1002
2024-09-20 12:29:59.434,428.44547629790185,11
2024-09-20 12:29:59.473,428.4436382303239,103
2024-09-20 12:29:59.494,428.3146859694004,98
2024-09-20 12:29:59.519,428.40587987994536,12
2024-09-20 12:29:59.534,428.3976091531986,10
2024-09-20 12:29:59.542,428.38580187996513,8
2024-09-20 12:29:59.559,428.45543965244815,999
2024-09-20 12:29:59.611,428.3041423017323,996
2024-09-20 12:29:59.624,428.45899863113857,104
2024-09-20 12:29:59.823,428.31876672987465,997
2024-09-20 12:29:59.856,428.4057667875244,11
2024-09-20 12:29:59.881,428.2639891216438,7
2024-09-20 12:29:59.894,428.42343380925865,1003
2024-09-20 12:29:59.948,428.3531845910041,104
2024-09-20 12:29:59.948,428.4589321004783,97
2024-09-20 12:29:59.967,428.3926390591912,96
2024-09-20 12:29:59.998,428.3295411696371,13
