Timestamp,Price,Size
2024-09-18 15:12:00.063,415.1103603493156,1004
2024-09-18 15:12:00.094,415.1220901824436,998
2024-09-18 15:12:00.120,415.12542337487406,999
2024-09-18 15:12:00.122,415.1095363768416,97
2024-09-18 15:12:00.126,415.1272752876736,5
2024-09-18 15:12:00.205,415.10787429104266,8
2024-09-18 15:12:00.213,415.1050638305825,1005
2024-09-18 15:12:00.257,415.1167191414933,996
2024-09-18 15:12:00.301,415.105058268026,98
2024-09-18 15:12:00.414,415.0972705103038,103
2024-09-18 15:12:00.543,415.118621792299,12
2024-09-18 15:12:00.620,415.1355826060124,103
2024-09-18 15:12:00.631,415.1268780624147,1001
2024-09-18 15:12:00.718,415.1306584778096,1000
2024-09-18 15:12:00.771,415.1051748077093,999
2024-09-18 15:12:00.868,415.1139633529013,998
2024-09-18 15:12:00.919,415.1428558224092,11
2024-09-18 15:12:00.940,415.1479234381084,996
2024-09-18 15:12:01.044,415.0786769907352,105
2024-09-18 15:12:01.120,,12
2024-09-18 15:12:01.224,415.1241311356692,14
2024-09-18 15:12:01.229,415.1125419328851,1004
2024-09-18 15:12:01.291,415.0957947156004,1003
2024-09-18 15:12:01.295,415.0998539371351,6
2024-09-18 15:12:01.300,415.0960969307137,996
2024-09-18 15:12:01.389,415.0897139987485,1005
2024-09-18 15:12:01.420,415.1073361521504,6
2024-09-18 15:12:01.485,415.09905618073,99
2024-09-18 15:12:01.500,415.0856516217745,14
2024-09-18 15:12:01.601,409.3494897890973,995
2024-09-18 15:12:01.605,-415.1021458867515,97
2024-09-18 15:12:01.610,415.0892037127279,7
2024-09-18 15:12:01.652,415.1074598717537,102
2024-09-18 15:12:01.693,415.10879441765695,1001
2024-09-18 15:12:01.763,415.09875745012175,8
2024-09-18 15:12:01.858,415.1360159500676,104
2024-09-18 15:12:01.863,415.0854892575321,996
2024-09-18 15:12:01.991,415.09858123543165,9
2024-09-18 15:12:02.017,415.11320308061,10
2024-09-18 15:12:02.037,415.1310048286176,996
2024-09-18 15:12:02.224,415.1567740386458,1002
2024-09-18 15:12:02.227,415.12859204464377,12
2024-09-18 15:12:02.324,415.1404120247936,5
2024-09-18 15:12:02.363,415.155593209998,98
2024-09-18 15:12:02.417,415.1219863056394,7
2024-09-18 15:12:02.586,415.1271472938494,999
2024-09-18 15:12:02.686,415.1417263301983,1002
2024-09-18 15:12:02.743,41.51239263497967,14
2024-09-18 15:12:02.749,415.140535978106,97
2024-09-18 15:12:02.938,415.1279029400967,96
2024-09-18 15:12:02.948,415.142408521017,102
2024-09-18 15:12:03.096,415.1696820563709,15
2024-09-18 15:12:03.207,415.1658984752413,103
2024-09-18 15:12:03.267,415.1730998296456,101
2024-09-18 15:12:03.420,41.51666952644215,1004
2024-09-18 15:12:03.457,415.1600122085154,1002
2024-09-18 15:12:03.525,415.1536591515773,997
2024-09-18 15:12:03.660,415.15764542828686,1005
2024-09-18 15:12:03.736,415.1186326224533,99
2024-09-18 15:12:04.067,415.1735302949877,101
2024-09-18 15:12:04.082,415.2099070269047,12
2024-09-18 15:12:04.115,415.1588583574196,1001
2024-09-18 15:12:04.219,415.1464272792791,103
2024-09-18 15:12:04.271,,999
2024-09-18 15:12:04.273,415.1377867339568,10
2024-09-18 15:12:04.316,415.1319944060911,96
2024-09-18 15:12:04.406,41.51800100792276,15
2024-09-18 15:12:04.406,415.1342001628975,1002
2024-09-18 15:12:04.408,415.1541978660185,104
2024-09-18 15:12:04.410,415.159426613424,15
2024-09-18 15:12:04.432,415.1745013894162,1000
2024-09-18 15:12:04.513,415.1794703241681,10
2024-09-18 15:12:04.515,415.1804847523882,104
2024-09-18 15:12:04.745,415.1169599858384,1004
2024-09-18 15:12:04.835,415.1667745970582,98
2024-09-18 15:12:04.837,415.1477135350557,101
2024-09-18 15:12:04.845,415.1727069354415,8
2024-09-18 15:12:04.974,415.13289294978847,1002
2024-09-18 15:12:05.016,415.2214733256878,7
2024-09-18 15:12:05.029,415.2285053622224,998
2024-09-18 15:12:05.090,41.52132609250867,8
2024-09-18 15:12:05.146,415.2143909349039,5
2024-09-18 15:12:05.198,415.2013770179397,10
2024-09-18 15:12:05.220,415.23485684142855,95
2024-09-18 15:12:05.268,415.1886858908431,998
2024-09-18 15:12:05.296,415.20886191289526,997
2024-09-18 15:12:05.367,415.2311995542178,8
2024-09-18 15:12:05.411,415.2577177759901,1003
2024-09-18 15:12:05.518,415.2306749723901,14
2024-09-18 15:12:05.530,415.2074432639188,98
2024-09-18 15:12:05.531,415.18947157086393,14
2024-09-18 15:12:05.585,415.2111104727369,7
2024-09-18 15:12:05.598,415.22874492956015,1005
2024-09-18 15:12:05.648,415.2112841105509,6
2024-09-18 15:12:05.680,415.2095477313537,14
2024-09-18 15:12:05.687,415.23011515011353,12
2024-09-18 15:12:05.699,415.220771279071,101
2024-09-18 15:12:05.700,415.23287460999205,7
2024-09-18 15:12:05.712,415.23571364909617,12
2024-09-18 15:12:05.745,415.2164751984541,997
2024-09-18 15:12:05.783,415.2284329769631,999
2024-09-18 15:12:05.790,415.2276263003111,1002
2024-09-18 15:12:05.825,415.2242800577521,10
2024-09-18 15:12:05.848,415.2105345594047,996
2024-09-18 15:12:05.945,409.5471514422256,1000
2024-09-18 15:12:05.967,415.2042156915024,105
2024-09-18 15:12:06.043,415.2283088382622,105
2024-09-18 15:12:06.164,415.2884340773308,1004
2024-09-18 15:12:06.169,415.2973939262273,1001
2024-09-18 15:12:06.170,415.2310850112983,10
2024-09-18 15:12:06.214,415.2771416490818,1000
2024-09-18 15:12:06.277,415.2885742060728,103
2024-09-18 15:12:06.308,415.2674686182797,7
2024-09-18 15:12:06.407,415.2887089974492,998
2024-09-18 15:12:06.451,415.2283447925524,104
2024-09-18 15:12:06.545,415.3064546156799,997
2024-09-18 15:12:06.643,415.2779571249609,14
2024-09-18 15:12:06.659,415.2403812806554,99
2024-09-18 15:12:06.691,415.2323186957525,98
2024-09-18 15:12:06.692,415.2933168351988,997
2024-09-18 15:12:06.845,415.283474991085,10
2024-09-18 15:12:06.881,41.5223900290392,995
2024-09-18 15:12:06.959,415.31266226068016,1000
2024-09-18 15:12:06.970,415.2354791015896,997
2024-09-18 15:12:06.973,415.2933477696495,999
2024-09-18 15:12:07.085,415.2388207194412,8
2024-09-18 15:12:07.132,415.2282561756718,8
2024-09-18 15:12:07.143,415.3075365241987,9
2024-09-18 15:12:07.237,415.2192665648802,97
2024-09-18 15:12:07.244,415.2381490472703,1001
2024-09-18 15:12:07.286,415.2348044801142,1004
2024-09-18 15:12:07.314,415.2344427879328,5
2024-09-18 15:12:07.326,415.217190285089,13
2024-09-18 15:12:07.329,415.27112824027256,13
2024-09-18 15:12:07.402,415.2501928950656,7
2024-09-18 15:12:07.435,415.2481024510367,1002
2024-09-18 15:12:07.448,415.2212698598735,15
2024-09-18 15:12:07.455,415.2818782058846,7
2024-09-18 15:12:07.529,415.2993213421275,13
2024-09-18 15:12:07.629,415.2342642223789,98
2024-09-18 15:12:07.645,415.2685412295064,1005
2024-09-18 15:12:07.656,415.2836562856459,12
2024-09-18 15:12:07.723,415.2969811464208,103
2024-09-18 15:12:07.752,415.2759419881252,11
2024-09-18 15:12:07.767,415.3004986433396,12
2024-09-18 15:12:07.784,415.2884903400143,1005
2024-09-18 15:12:07.807,,98
2024-09-18 15:12:07.817,415.2982400104408,101
2024-09-18 15:12:07.858,415.292448612536,105
2024-09-18 15:12:07.937,415.3030115031968,8
2024-09-18 15:12:07.988,415.2430886409858,95
2024-09-18 15:12:08.160,415.2449849073432,8
2024-09-18 15:12:08.237,415.1684327642577,102
2024-09-18 15:12:08.266,415.2040845869624,995
2024-09-18 15:12:08.300,415.2337108161692,5
2024-09-18 15:12:08.337,415.1897360821072,1004
2024-09-18 15:12:08.383,415.18314044311904,14
2024-09-18 15:12:08.407,415.2154650362274,997
2024-09-18 15:12:08.423,415.2253911765068,1003
2024-09-18 15:12:08.513,415.1827159250895,999
2024-09-18 15:12:08.543,415.17884568354793,995
2024-09-18 15:12:08.568,415.1774619534767,97
2024-09-18 15:12:08.598,415.1760446829543,96
2024-09-18 15:12:08.643,415.2337811979672,97
2024-09-18 15:12:08.657,415.22495165234665,97
2024-09-18 15:12:08.677,415.1877952056133,102
2024-09-18 15:12:08.692,415.2192557309637,996
2024-09-18 15:12:08.745,415.2077901254133,1005
2024-09-18 15:12:08.755,415.16589503664136,1003
2024-09-18 15:12:08.808,415.1717046926796,98
2024-09-18 15:12:08.844,415.2150567825804,102
2024-09-18 15:12:08.903,415.18840939504463,7
2024-09-18 15:12:10.074,415.1351150633539,8
2024-09-18 15:12:10.088,415.17171139652027,1005
2024-09-18 15:12:10.110,415.18854328808976,98
2024-09-18 15:12:10.191,415.1699935671299,996
2024-09-18 15:12:10.226,415.0832963336826,1005
2024-09-18 15:12:10.236,415.0534640201087,95
2024-09-18 15:12:10.245,415.1813305130761,105
2024-09-18 15:12:10.293,415.15396550414425,101
2024-09-18 15:12:10.337,415.1016369419006,995
2024-09-18 15:12:10.356,415.06060583738673,12
2024-09-18 15:12:10.371,415.059720119276,996
2024-09-18 15:12:10.431,,14
2024-09-18 15:12:10.519,415.10195459896704,98
2024-09-18 15:12:10.602,415.1609841267921,999
2024-09-18 15:12:10.614,415.1748958405824,1002
2024-09-18 15:12:10.652,415.09202220135137,997
2024-09-18 15:12:10.673,415.04938640965554,998
2024-09-18 15:12:10.734,415.1247124175962,11
2024-09-18 15:12:10.745,415.0538884830257,15
2024-09-18 15:12:10.815,415.0975663111282,8
2024-09-18 15:12:10.835,415.1011123722362,1005
2024-09-18 15:12:10.847,415.1655723743892,99
2024-09-18 15:12:10.850,415.1458131670565,9
2024-09-18 15:12:10.866,415.1637004769683,102
2024-09-18 15:12:10.922,415.0577872397873,6
2024-09-18 15:12:12.006,415.12167005258914,14
2024-09-18 15:12:12.201,415.0998316090991,102
2024-09-18 15:12:12.364,415.1523551636241,100
2024-09-18 15:12:12.432,415.0902151213665,96
2024-09-18 15:12:12.584,-415.1741842368073,1005
2024-09-18 15:12:12.673,415.1597785113185,13
2024-09-18 15:12:12.804,415.132365236793,102
2024-09-18 15:12:12.825,415.15952316976905,1005
2024-09-18 15:12:12.827,415.1266259505696,5
2024-09-18 15:12:12.839,415.09776216295967,7
2024-09-18 15:12:12.844,415.104849947316,11
2024-09-18 15:12:12.849,415.1031315887578,15
2024-09-18 15:12:12.856,415.08963742951846,8
2024-09-18 15:12:12.881,415.0859494038288,96
2024-09-18 15:12:12.938,415.13343365664616,100
2024-09-18 15:12:13.022,415.1586033168433,8
2024-09-18 15:12:13.187,415.1812109853688,999
2024-09-18 15:12:13.437,415.1420719746563,98
2024-09-18 15:12:13.964,415.18606937903127,95
2024-09-18 15:12:14.007,415.14303377519184,14
2024-09-18 15:12:14.010,415.1844993534295,10
2024-09-18 15:12:14.041,415.1767432666976,99
2024-09-18 15:12:14.204,415.1873538535892,995
2024-09-18 15:12:14.220,415.1309198653533,96
2024-09-18 15:12:14.330,415.1528886430829,1003
2024-09-18 15:12:14.395,415.1360850847139,98
2024-09-18 15:12:14.414,415.2283619147006,5
2024-09-18 15:12:14.519,415.1644016161054,105
2024-09-18 15:12:14.546,415.1884606805641,98
2024-09-18 15:12:14.580,415.1502072235613,102
2024-09-18 15:12:14.583,415.1659897848163,95
2024-09-18 15:12:14.590,415.1634890914789,1004
2024-09-18 15:12:14.597,415.14675560686027,995
2024-09-18 15:12:14.684,415.1789739012134,995
2024-09-18 15:12:14.740,415.1758489021501,5
2024-09-18 15:12:14.854,415.13324753090666,998
2024-09-18 15:12:14.910,415.144560670908,105
2024-09-18 15:12:14.952,415.1698367103286,98
2024-09-18 15:12:14.958,415.16377482330654,104
2024-09-18 15:12:15.004,415.1804966425925,10
2024-09-18 15:12:15.047,415.2161586741692,7
2024-09-18 15:12:15.107,415.1916786057469,1001
2024-09-18 15:12:15.117,415.1675906805247,1005
2024-09-18 15:12:15.123,415.1832782303144,8
2024-09-18 15:12:15.183,415.1840645698709,15
2024-09-18 15:12:15.210,415.21338551287454,8
2024-09-18 15:12:15.235,415.2205491523365,11
2024-09-18 15:12:15.249,,995
2024-09-18 15:12:15.310,415.2270883584583,1000
2024-09-18 15:12:15.330,415.1893940809357,103
2024-09-18 15:12:15.378,415.2056773273543,104
2024-09-18 15:12:15.444,415.21962351433245,1003
2024-09-18 15:12:15.462,415.1867109745873,9
2024-09-18 15:12:15.528,415.1850704171011,10
2024-09-18 15:12:15.547,415.2082968572631,104
2024-09-18 15:12:15.580,415.2085598694284,996
2024-09-18 15:12:15.598,415.2209615468125,9
2024-09-18 15:12:15.643,415.2035494058998,10
2024-09-18 15:12:15.738,415.1917166084492,10
2024-09-18 15:12:15.826,415.19601006409175,13
2024-09-18 15:12:15.829,415.1930261821971,1004
2024-09-18 15:12:15.858,415.1887828072512,100
2024-09-18 15:12:15.947,415.2095535959669,100
2024-09-18 15:12:15.949,415.20745852535936,102
2024-09-18 15:12:15.960,415.1912003568873,1005
2024-09-18 15:12:16.053,415.2881984744077,13
2024-09-18 15:12:16.106,415.2460195790363,997
2024-09-18 15:12:16.526,415.2053230473581,999
2024-09-18 15:12:16.554,415.2333433762682,6
2024-09-18 15:12:16.580,415.2615119558562,6
2024-09-18 15:12:16.626,415.2675789749367,1003
2024-09-18 15:12:16.663,415.2128700046269,998
2024-09-18 15:12:16.907,415.2557598897324,11
2024-09-18 15:12:17.795,409.7068289669844,996
2024-09-18 15:12:18.071,415.2565398721736,996
2024-09-18 15:12:18.103,415.2715996326216,997
2024-09-18 15:12:18.127,415.24152601250506,98
2024-09-18 15:12:18.360,415.2722341246055,8
2024-09-18 15:12:18.392,415.2530544615005,101
2024-09-18 15:12:18.454,415.2655432070485,104
2024-09-18 15:12:18.456,415.2651014581253,1000
2024-09-18 15:12:18.702,415.242239370907,101
2024-09-18 15:12:18.705,415.2249951966056,102
2024-09-18 15:12:18.720,415.2439590340654,103
2024-09-18 15:12:18.812,415.25821229352096,999
2024-09-18 15:12:18.812,415.2968830172701,103
2024-09-18 15:12:18.821,415.24045093047147,7
2024-09-18 15:12:18.884,415.2845149333731,12
2024-09-18 15:12:18.898,415.2709902172688,999
2024-09-18 15:12:18.950,415.2395466348672,15
2024-09-18 15:12:18.998,415.2731474821653,6
2024-09-18 15:12:19.039,415.19771230791696,14
2024-09-18 15:12:19.186,415.177437570234,98
2024-09-18 15:12:19.192,415.2229350016652,103
2024-09-18 15:12:19.386,415.2036759982169,102
2024-09-18 15:12:19.453,415.1992318104611,12
2024-09-18 15:12:19.481,415.1856459270962,103
2024-09-18 15:12:19.544,415.19470337315977,9
2024-09-18 15:12:19.576,415.197771564342,101
2024-09-18 15:12:19.600,415.1604211668568,98
2024-09-18 15:12:19.654,415.1996741707025,10
2024-09-18 15:12:19.721,415.2108235621776,15
2024-09-18 15:12:19.724,415.19909027840674,105
2024-09-18 15:12:19.777,415.2351499933148,99
2024-09-18 15:12:19.939,415.183332519853,8
2024-09-18 15:12:19.941,415.1840585461792,99
2024-09-18 15:12:20.622,415.1640556523423,1002
2024-09-18 15:12:20.934,415.1568923099351,10
2024-09-18 15:12:21.767,415.1359412913868,98
2024-09-18 15:12:21.890,415.1498251709592,102
2024-09-18 15:12:21.890,415.158173490932,7
2024-09-18 15:12:22.004,415.09262620290485,8
2024-09-18 15:12:22.082,415.1295974738712,1003
2024-09-18 15:12:22.109,415.0947577101024,96
2024-09-18 15:12:22.110,415.1071850403622,13
2024-09-18 15:12:22.141,415.1150421458613,9
2024-09-18 15:12:22.181,415.0942540576414,9
2024-09-18 15:12:22.234,415.1083248913666,997
2024-09-18 15:12:22.441,415.1158032480605,10
2024-09-18 15:12:22.833,415.087692110472,996
2024-09-18 15:12:22.856,415.1116639045069,104
2024-09-18 15:12:22.874,415.10787481221183,7
2024-09-18 15:12:23.020,415.1213906395026,99
2024-09-18 15:12:23.020,415.0444545974147,99
2024-09-18 15:12:23.038,415.09367599222753,98
2024-09-18 15:12:23.068,415.1042594453231,1001
2024-09-18 15:12:23.102,415.1313801325659,100
2024-09-18 15:12:23.131,-415.132547778414,13
2024-09-18 15:12:23.149,415.132633641175,999
2024-09-18 15:12:23.182,415.1226389997496,104
2024-09-18 15:12:23.213,415.1046657723862,995
2024-09-18 15:12:23.230,415.0576438053865,9
2024-09-18 15:12:23.263,415.0911659853387,1005
2024-09-18 15:12:23.266,415.10187904637655,995
2024-09-18 15:12:23.325,415.1048851303249,1005
2024-09-18 15:12:23.415,415.0367408335324,103
2024-09-18 15:12:23.549,415.1349665299627,99
2024-09-18 15:12:23.554,415.08080454200274,1003
2024-09-18 15:12:23.623,415.0359372861878,7
2024-09-18 15:12:23.624,415.083527394637,1002
2024-09-18 15:12:23.647,415.117862326034,6
2024-09-18 15:12:23.666,415.14214247651023,100
2024-09-18 15:12:23.671,415.1376708793059,95
2024-09-18 15:12:23.706,415.0945250926548,100
2024-09-18 15:12:23.722,415.06300336703663,1001
2024-09-18 15:12:23.727,415.1179091720418,998
2024-09-18 15:12:23.736,415.0963360225398,97
2024-09-18 15:12:23.760,415.1458675725373,12
2024-09-18 15:12:23.819,415.1360681470808,1005
2024-09-18 15:12:23.909,415.113456795709,97
2024-09-18 15:12:24.031,415.0540779254953,9
2024-09-18 15:12:24.103,415.051601858956,102
2024-09-18 15:12:24.317,415.0471155494589,104
2024-09-18 15:12:24.427,415.05880657401417,102
2024-09-18 15:12:24.755,415.05242211034414,12
2024-09-18 15:12:24.862,415.057414873721,7
2024-09-18 15:12:25.007,415.0606030605773,11
2024-09-18 15:12:25.104,415.0697845600672,9
2024-09-18 15:12:25.308,,97
2024-09-18 15:12:25.455,415.0667361486935,14
2024-09-18 15:12:25.485,415.0695286131578,6
2024-09-18 15:12:25.499,415.04716890081727,999
2024-09-18 15:12:25.521,415.0574379953418,95
2024-09-18 15:12:25.549,415.05179898781694,99
2024-09-18 15:12:25.601,415.03992453157576,105
2024-09-18 15:12:25.617,415.0557664943207,95
2024-09-18 15:12:25.723,415.071950784421,996
2024-09-18 15:12:25.741,415.0668723439868,100
2024-09-18 15:12:25.819,415.0417783358848,997
2024-09-18 15:12:25.885,415.07573626546497,996
2024-09-18 15:12:26.001,415.0653463190428,5
2024-09-18 15:12:26.145,415.0644582813951,1000
2024-09-18 15:12:26.184,41.50378798178389,7
2024-09-18 15:12:26.204,415.0643338510312,1004
2024-09-18 15:12:26.218,415.0714960601616,104
2024-09-18 15:12:26.284,415.0617507617241,104
2024-09-18 15:12:26.317,415.0497751027838,100
2024-09-18 15:12:26.318,415.04926393585737,8
2024-09-18 15:12:26.408,415.0939620284425,10
2024-09-18 15:12:26.413,415.0334136739127,8
2024-09-18 15:12:26.450,415.0325210020295,98
2024-09-18 15:12:26.470,415.046197711415,14
2024-09-18 15:12:26.559,415.0342432268656,1000
2024-09-18 15:12:26.575,415.056968885683,15
2024-09-18 15:12:26.647,415.1039676668547,10
2024-09-18 15:12:26.654,415.0396759400079,97
2024-09-18 15:12:26.678,415.0674032446167,95
2024-09-18 15:12:26.703,415.0893785353882,996
2024-09-18 15:12:26.711,415.0357115265197,99
2024-09-18 15:12:26.787,415.0755819442525,6
2024-09-18 15:12:26.941,415.0835749824547,995
2024-09-18 15:12:26.948,415.049803445189,1003
2024-09-18 15:12:27.003,415.1463555669986,12
2024-09-18 15:12:27.049,415.1315416988954,6
2024-09-18 15:12:27.073,415.1091931596651,15
2024-09-18 15:12:27.101,415.117042095146,102
2024-09-18 15:12:27.200,415.10828417920726,1004
2024-09-18 15:12:27.255,415.1125707812372,100
2024-09-18 15:12:27.343,415.1349739695855,97
2024-09-18 15:12:27.561,415.1277508522856,105
2024-09-18 15:12:27.643,415.1150534286728,15
2024-09-18 15:12:27.659,415.0995414630187,1005
2024-09-18 15:12:27.673,409.7159160478985,5
2024-09-18 15:12:27.739,415.1287970926809,100
2024-09-18 15:12:27.745,415.1142901230233,102
2024-09-18 15:12:27.842,415.1199980339565,101
2024-09-18 15:12:28.032,415.1411773956296,7
2024-09-18 15:12:28.041,415.142591255956,6
2024-09-18 15:12:28.101,415.1111091285194,995
2024-09-18 15:12:28.143,415.1521989735735,9
2024-09-18 15:12:28.208,415.1313820563548,12
2024-09-18 15:12:28.249,415.1195446223963,11
2024-09-18 15:12:28.249,415.09562558248194,96
2024-09-18 15:12:28.285,415.1169161697416,1004
2024-09-18 15:12:28.324,415.0662847880632,998
2024-09-18 15:12:28.339,415.1512936705645,1001
2024-09-18 15:12:28.339,415.14661626294645,999
2024-09-18 15:12:28.426,415.0943957795566,102
2024-09-18 15:12:28.485,415.132197034272,1003
2024-09-18 15:12:28.546,415.108108841818,5
2024-09-18 15:12:28.662,415.1513807873027,104
2024-09-18 15:12:28.690,415.1396615375168,997
2024-09-18 15:12:28.731,415.1098197846691,14
2024-09-18 15:12:28.780,415.0622578358954,102
2024-09-18 15:12:28.805,415.1018596338476,105
2024-09-18 15:12:28.883,415.13572571524014,996
2024-09-18 15:12:28.883,415.0637005768685,11
2024-09-18 15:12:28.888,415.08285158209225,15
2024-09-18 15:12:28.919,415.1287556513982,1002
2024-09-18 15:12:28.946,415.055654683066,1000
2024-09-18 15:12:29.281,415.1187104051408,5
2024-09-18 15:12:29.460,415.1123846046826,97
2024-09-18 15:12:29.919,415.1260608392148,98
2024-09-18 15:12:29.950,415.1114423358626,10
2024-09-18 15:12:30.012,415.0811472300957,101
2024-09-18 15:12:30.190,415.0561464726492,101
2024-09-18 15:12:30.229,415.0875401279623,9
2024-09-18 15:12:30.254,415.149448446099,1004
2024-09-18 15:12:30.276,415.13239737845794,104
2024-09-18 15:12:30.341,415.1329013521018,13
2024-09-18 15:12:30.402,415.15088602612144,95
2024-09-18 15:12:30.409,415.04780287854,95
2024-09-18 15:12:30.432,415.0529500617714,105
2024-09-18 15:12:30.458,415.0854432173694,5
2024-09-18 15:12:30.464,415.1412381471116,6
2024-09-18 15:12:30.521,415.08707824255015,995
2024-09-18 15:12:30.537,415.0566812697837,995
2024-09-18 15:12:30.580,415.0557112547634,1005
2024-09-18 15:12:30.606,415.1358951420476,14
2024-09-18 15:12:30.683,415.1488834530025,999
2024-09-18 15:12:30.686,415.0603105620707,995
2024-09-18 15:12:30.688,409.6658163822925,14
2024-09-18 15:12:30.797,415.1468845130491,1001
2024-09-18 15:12:30.804,41.50544162407745,996
2024-09-18 15:12:30.811,415.0775357991844,11
2024-09-18 15:12:30.830,415.1117825899036,1002
2024-09-18 15:12:30.834,415.1414726944245,1000
2024-09-18 15:12:30.913,415.15498983873175,997
2024-09-18 15:12:30.918,415.15832547837545,1000
2024-09-18 15:12:30.923,415.0544718255853,103
2024-09-18 15:12:30.927,415.12223006467445,1004
2024-09-18 15:12:30.933,415.1488506744138,97
2024-09-18 15:12:30.954,415.165201299454,13
2024-09-18 15:12:30.974,415.1366137096423,101
2024-09-18 15:12:31.024,415.083952117535,97
2024-09-18 15:12:31.038,415.0857413220119,95
2024-09-18 15:12:31.052,415.0937258240134,13
2024-09-18 15:12:31.054,415.04199615058144,102
2024-09-18 15:12:31.073,415.09134990659,1003
2024-09-18 15:12:31.091,415.0610483032105,95
2024-09-18 15:12:31.165,415.08309211853935,997
2024-09-18 15:12:31.219,415.0611564133562,14
2024-09-18 15:12:31.270,415.0918080609973,995
2024-09-18 15:12:31.302,415.0858339675484,11
2024-09-18 15:12:31.342,415.0984909118881,95
2024-09-18 15:12:31.368,415.1074826474052,12
2024-09-18 15:12:31.383,415.06773690526165,9
2024-09-18 15:12:31.447,415.0885293949784,101
2024-09-18 15:12:31.481,415.063172442247,97
2024-09-18 15:12:31.514,415.0949595247021,1002
2024-09-18 15:12:31.532,415.09800613319305,13
2024-09-18 15:12:31.635,415.0784502153233,1001
2024-09-18 15:12:31.777,415.0873932544788,102
2024-09-18 15:12:31.808,415.0663077051325,98
2024-09-18 15:12:31.824,415.06724759760107,95
2024-09-18 15:12:31.850,415.08879661275535,12
2024-09-18 15:12:31.883,415.0981540128767,9
2024-09-18 15:12:31.971,415.0755054492423,97
2024-09-18 15:12:32.059,415.0498575146663,5
2024-09-18 15:12:32.135,415.0568957811439,999
2024-09-18 15:12:32.148,415.05331202777273,95
2024-09-18 15:12:32.175,415.033621127004,996
2024-09-18 15:12:32.195,415.0392794100848,15
2024-09-18 15:12:32.262,415.04424692055886,1001
2024-09-18 15:12:32.317,415.0867499966192,997
2024-09-18 15:12:32.394,415.0390419383738,11
2024-09-18 15:12:32.400,415.0755346624785,1001
2024-09-18 15:12:32.427,415.0982348108248,996
2024-09-18 15:12:32.444,415.0496794333856,98
2024-09-18 15:12:32.631,415.062426003805,999
2024-09-18 15:12:32.701,415.0275454541568,995
2024-09-18 15:12:32.734,415.0885926398261,15
2024-09-18 15:12:32.821,415.03113568714,10
2024-09-18 15:12:32.830,415.0327838891221,15
2024-09-18 15:12:32.860,415.0970030496398,1005
2024-09-18 15:12:32.861,415.03534065313136,996
2024-09-18 15:12:32.886,415.03506781375535,998
2024-09-18 15:12:32.902,415.0260692291859,15
2024-09-18 15:12:32.938,415.0387276032034,1002
2024-09-18 15:12:32.986,415.0648517126805,12
2024-09-18 15:12:33.734,415.0187235236728,11
2024-09-18 15:12:34.081,414.9972275417103,7
2024-09-18 15:12:34.088,415.0011779718966,10
2024-09-18 15:12:34.155,415.02563334757,100
2024-09-18 15:12:34.261,415.02075207833445,9
2024-09-18 15:12:34.307,415.01854560617153,1000
2024-09-18 15:12:34.334,414.9996600847237,11
2024-09-18 15:12:34.640,415.0185762111483,105
2024-09-18 15:12:34.642,415.0215784631778,103
2024-09-18 15:12:34.702,415.0074289037975,14
2024-09-18 15:12:34.816,415.022737551668,1002
2024-09-18 15:12:34.903,415.01521345259135,15
2024-09-18 15:12:35.024,414.9997897282136,998
2024-09-18 15:12:35.049,414.9854747816549,1005
2024-09-18 15:12:35.098,415.0129612064448,13
2024-09-18 15:12:35.141,415.0269128069275,98
2024-09-18 15:12:35.198,415.0414789189155,104
2024-09-18 15:12:35.208,414.98455595174926,102
2024-09-18 15:12:35.321,415.03260678427495,13
2024-09-18 15:12:35.370,415.0179296497934,103
2024-09-18 15:12:35.396,415.00239636225166,995
2024-09-18 15:12:35.414,414.9869637857868,95
2024-09-18 15:12:35.583,414.9686328623818,97
2024-09-18 15:12:35.741,415.0436373024933,5
2024-09-18 15:12:35.752,415.0397422964593,1000
2024-09-18 15:12:35.837,-414.99226983879066,102
2024-09-18 15:12:35.852,415.0191699072446,99
2024-09-18 15:12:35.863,,96
2024-09-18 15:12:35.873,415.0226190517122,1004
2024-09-18 15:12:35.962,415.02805018276007,104
2024-09-18 15:12:36.023,415.0165534621145,7
2024-09-18 15:12:36.103,415.0663694554881,99
2024-09-18 15:12:36.122,415.05117233333885,96
2024-09-18 15:12:36.140,415.0244550773544,996
2024-09-18 15:12:36.190,414.99993641901335,104
2024-09-18 15:12:36.206,415.03615258469193,14
2024-09-18 15:12:36.250,415.0293992523146,6
2024-09-18 15:12:36.292,415.0275176670192,100
2024-09-18 15:12:36.333,415.0907804908316,10
2024-09-18 15:12:36.484,41.50773293697913,103
2024-09-18 15:12:36.569,415.0283817548089,996
2024-09-18 15:12:36.634,-415.0521805346874,96
2024-09-18 15:12:36.642,415.0845919412245,12
2024-09-18 15:12:36.650,415.0581277787261,1005
2024-09-18 15:12:36.663,415.0665529938447,10
2024-09-18 15:12:36.669,415.0626147484614,100
2024-09-18 15:12:36.674,415.072563079676,101
2024-09-18 15:12:36.703,415.00551856813183,10
2024-09-18 15:12:36.723,415.0541969768745,103
2024-09-18 15:12:36.754,415.0542236727711,14
2024-09-18 15:12:36.764,415.0499875400175,1002
2024-09-18 15:12:36.769,415.0394339654928,995
2024-09-18 15:12:36.796,415.07318809586,96
2024-09-18 15:12:36.835,415.0684508327315,99
2024-09-18 15:12:36.843,415.05061386395937,97
2024-09-18 15:12:36.891,415.0246299258072,995
2024-09-18 15:12:37.033,415.0536682842769,1002
2024-09-18 15:12:37.132,415.0994438711745,11
2024-09-18 15:12:37.170,-415.0627320895178,7
2024-09-18 15:12:37.226,415.0667347512816,5
2024-09-18 15:12:37.267,415.0814861679388,999
2024-09-18 15:12:37.294,415.0705617320041,1003
2024-09-18 15:12:37.297,415.1109542459756,9
2024-09-18 15:12:37.311,415.0689561613011,9
2024-09-18 15:12:37.319,415.072803844625,100
2024-09-18 15:12:37.339,415.0696838793079,14
2024-09-18 15:12:37.418,415.08776676846526,1001
2024-09-18 15:12:37.507,415.0554746701477,1001
2024-09-18 15:12:37.519,415.1229964961785,995
2024-09-18 15:12:37.650,415.0603773504956,105
2024-09-18 15:12:37.655,415.0501498836227,1004
2024-09-18 15:12:37.689,415.10798709632326,14
2024-09-18 15:12:37.712,415.0629513651564,105
2024-09-18 15:12:37.728,415.0763718472066,996
2024-09-18 15:12:37.824,415.0866539587397,96
2024-09-18 15:12:37.846,415.0714485277339,14
2024-09-18 15:12:37.920,415.0665686300768,9
2024-09-18 15:12:37.971,415.0616617624569,997
2024-09-18 15:12:38.229,415.108253384449,11
2024-09-18 15:12:38.457,415.0944273218568,11
2024-09-18 15:12:38.698,415.0808935848691,998
2024-09-18 15:12:38.784,415.08341183678334,9
2024-09-18 15:12:39.007,415.0757849291675,15
2024-09-18 15:12:39.013,415.141144137192,14
2024-09-18 15:12:39.029,415.0841636380366,1005
2024-09-18 15:12:39.152,415.0767951670836,1001
2024-09-18 15:12:39.234,415.1147321529722,11
2024-09-18 15:12:39.245,415.09388640485554,998
2024-09-18 15:12:39.249,415.1121740467237,1002
2024-09-18 15:12:39.313,415.0893717022424,996
2024-09-18 15:12:39.339,415.0675104587744,103
2024-09-18 15:12:39.380,415.0990148328103,9
2024-09-18 15:12:39.405,415.08730455581593,97
2024-09-18 15:12:39.432,415.10483570423855,5
2024-09-18 15:12:39.527,415.1512553816715,996
2024-09-18 15:12:39.532,415.0889751368234,1000
2024-09-18 15:12:39.610,415.1408704449565,15
2024-09-18 15:12:39.695,415.1085653414086,97
2024-09-18 15:12:39.727,415.1126815266504,99
2024-09-18 15:12:39.732,415.078385941672,105
2024-09-18 15:12:39.799,415.1244008479846,97
2024-09-18 15:12:39.915,415.13030194757465,13
2024-09-18 15:12:39.966,415.0826843706934,1005
2024-09-18 15:12:39.986,415.07471297021806,10
2024-09-18 15:12:40.037,415.1750554005264,15
2024-09-18 15:12:40.041,415.2177002714269,1004
2024-09-18 15:12:40.078,415.1485104114524,6
2024-09-18 15:12:40.113,415.22557669627736,95
2024-09-18 15:12:40.145,415.18950103738905,1001
2024-09-18 15:12:40.191,415.1979775003783,101
2024-09-18 15:12:40.202,415.22016382988255,12
2024-09-18 15:12:40.278,415.15900740236833,9
2024-09-18 15:12:40.288,415.1958058680619,1003
2024-09-18 15:12:40.368,415.2356123428328,10
2024-09-18 15:12:40.414,415.2271617126408,101
2024-09-18 15:12:40.428,415.1822922488079,11
2024-09-18 15:12:40.445,415.1719557974403,96
2024-09-18 15:12:40.503,415.1700950002348,6
2024-09-18 15:12:40.511,415.1862936003425,96
2024-09-18 15:12:40.514,415.1873709004808,99
2024-09-18 15:12:40.551,415.206209970351,1005
2024-09-18 15:12:40.559,415.1990640781665,99
2024-09-18 15:12:40.669,415.2041789581284,6
2024-09-18 15:12:40.669,415.1849321712408,96
2024-09-18 15:12:40.708,415.1627987807198,5
2024-09-18 15:12:40.708,415.1534756882057,999
2024-09-18 15:12:40.772,,11
2024-09-18 15:12:40.774,415.1457168644267,101
2024-09-18 15:12:41.063,415.2291114272012,1004
2024-09-18 15:12:41.090,415.1965443312389,1003
2024-09-18 15:12:41.284,415.2326994259474,996
2024-09-18 15:12:41.304,415.2186990432838,12
2024-09-18 15:12:41.332,415.19187503385535,1003
2024-09-18 15:12:41.353,415.2352844922789,97
2024-09-18 15:12:41.356,415.2326646242186,98
2024-09-18 15:12:41.379,415.2562189843527,995
2024-09-18 15:12:41.444,415.2210295399098,11
2024-09-18 15:12:41.497,415.2385795089815,97
2024-09-18 15:12:41.572,415.245878779546,103
2024-09-18 15:12:41.589,415.2325936668738,12
2024-09-18 15:12:41.853,415.2299767909958,103
2024-09-18 15:12:41.901,415.23680346243526,995
2024-09-18 15:12:41.906,415.2034845560319,996
2024-09-18 15:12:41.934,415.23075520792906,10
2024-09-18 15:12:41.944,415.2433306060213,105
2024-09-18 15:12:41.960,415.1857597180963,12
2024-09-18 15:12:41.962,415.23898941173655,1003
2024-09-18 15:12:41.970,415.2647660676125,1002
2024-09-18 15:12:41.981,415.201354008032,15
2024-09-18 15:12:41.995,415.2455441995909,9
2024-09-18 15:12:41.996,415.2391493721488,103
2024-09-18 15:12:41.999,415.2148192542134,12
2024-09-18 15:12:42.801,415.1833359357851,104
2024-09-18 15:12:42.870,415.1942066479316,12
2024-09-18 15:12:43.003,415.1263991301839,101
2024-09-18 15:12:43.014,415.1602730288425,5
2024-09-18 15:12:43.063,415.1275434721655,95
2024-09-18 15:12:43.131,415.16903413986375,5
2024-09-18 15:12:43.152,415.1001498317959,5
2024-09-18 15:12:43.199,415.1265614999583,995
2024-09-18 15:12:43.218,415.09709028217145,9
2024-09-18 15:12:43.285,415.092872087194,11
2024-09-18 15:12:43.325,415.1313770714737,6
2024-09-18 15:12:43.362,415.14501618805576,998
2024-09-18 15:12:43.392,415.16287017666224,98
2024-09-18 15:12:43.418,415.0986912144252,10
2024-09-18 15:12:43.458,415.18858007906414,1005
2024-09-18 15:12:43.522,415.13683690136605,103
2024-09-18 15:12:43.615,415.12726853191833,9
2024-09-18 15:12:43.646,415.0936794403935,8
2024-09-18 15:12:43.683,415.1096777894144,104
2024-09-18 15:12:43.764,415.1137162830864,10
2024-09-18 15:12:43.809,415.1563272310063,1001
2024-09-18 15:12:43.884,415.1508168958052,15
2024-09-18 15:12:43.899,415.1487404554485,6
2024-09-18 15:12:43.952,415.1048857993216,15
2024-09-18 15:12:43.997,415.187722207622,103
2024-09-18 15:12:44.022,415.0297363277056,105
2024-09-18 15:12:44.084,415.020438189999,1001
2024-09-18 15:12:44.085,415.0778220589469,12
2024-09-18 15:12:44.178,415.076460297406,9
2024-09-18 15:12:44.245,415.0211833481168,97
2024-09-18 15:12:44.291,415.0817570389154,10
2024-09-18 15:12:44.324,415.1267163159092,1002
2024-09-18 15:12:44.350,415.06649511568753,102
2024-09-18 15:12:44.409,415.0445977962165,98
2024-09-18 15:12:44.410,415.0223403589839,96
2024-09-18 15:12:44.453,415.0178028310399,105
2024-09-18 15:12:44.462,415.1212118838828,8
2024-09-18 15:12:44.543,415.0736919765535,6
2024-09-18 15:12:44.595,415.09925238299655,11
2024-09-18 15:12:44.666,415.0801331679902,995
2024-09-18 15:12:44.673,415.014211623791,105
2024-09-18 15:12:44.691,415.0272181439295,15
2024-09-18 15:12:44.725,415.03220502049953,12
2024-09-18 15:12:44.786,415.0329285774709,105
2024-09-18 15:12:44.790,415.0697487859363,11
2024-09-18 15:12:44.838,415.062949044517,1004
2024-09-18 15:12:44.863,415.14429687352106,105
2024-09-18 15:12:44.879,415.0700273156039,996
2024-09-18 15:12:44.904,409.8117035454591,101
2024-09-18 15:12:44.908,415.0104656928135,998
2024-09-18 15:12:44.909,415.0388355021148,96
2024-09-18 15:12:44.916,415.0354422056404,1003
2024-09-18 15:12:44.933,415.0132794385984,98
2024-09-18 15:12:44.943,415.0526226031919,11
2024-09-18 15:12:45.211,415.10275687047584,104
2024-09-18 15:12:45.389,415.1105220050795,7
2024-09-18 15:12:45.834,415.1371447248291,999
2024-09-18 15:12:45.845,415.093679754816,98
2024-09-18 15:12:45.863,415.1114999130131,996
2024-09-18 15:12:46.120,415.0870819465552,98
2024-09-18 15:12:46.166,415.1243739350375,1000
2024-09-18 15:12:46.255,415.0927153414164,104
2024-09-18 15:12:46.289,415.1071353306176,1002
2024-09-18 15:12:46.316,415.1498361032407,105
2024-09-18 15:12:46.363,415.16179304192576,10
2024-09-18 15:12:46.401,415.1320106615736,5
2024-09-18 15:12:46.684,415.0874269318617,99
2024-09-18 15:12:46.693,415.11521151320034,999
2024-09-18 15:12:46.739,415.1556139469935,1000
2024-09-18 15:12:46.943,415.097876047666,103
2024-09-18 15:12:46.996,415.0998731923178,97
2024-09-18 15:12:47.019,415.0943797169976,1003
2024-09-18 15:12:47.025,415.10842444626553,8
2024-09-18 15:12:47.090,415.1136752186529,100
2024-09-18 15:12:47.090,415.1082701306744,1003
2024-09-18 15:12:47.095,415.1109991653785,96
2024-09-18 15:12:47.104,415.096335377448,6
2024-09-18 15:12:47.311,415.1125362830848,12
2024-09-18 15:12:47.322,415.1121039328371,95
2024-09-18 15:12:47.525,415.1018462693056,997
2024-09-18 15:12:47.551,415.1012627662794,5
2024-09-18 15:12:47.586,415.11775013600726,996
2024-09-18 15:12:47.646,415.1054948501111,13
2024-09-18 15:12:47.745,415.1349189104316,995
2024-09-18 15:12:47.822,415.1003583298788,100
2024-09-18 15:12:47.842,415.11259757207074,995
2024-09-18 15:12:47.870,415.1013475626543,12
2024-09-18 15:12:47.871,415.1122093202535,104
2024-09-18 15:12:47.995,415.0796655103216,8
2024-09-18 15:12:48.074,415.1153005930059,14
2024-09-18 15:12:48.076,415.11097437748816,995
2024-09-18 15:12:48.207,415.132652587712,999
2024-09-18 15:12:48.221,415.1296663367106,15
2024-09-18 15:12:48.226,415.1069596961368,9
2024-09-18 15:12:48.344,415.1126274924038,15
2024-09-18 15:12:48.384,415.1301581892004,96
2024-09-18 15:12:48.421,415.12611780628674,103
2024-09-18 15:12:48.668,415.1168052071535,1003
2024-09-18 15:12:48.753,415.1390711938692,1003
2024-09-18 15:12:48.755,415.14736020502767,101
2024-09-18 15:12:48.937,-415.1125432936867,10
2024-09-18 15:12:48.950,415.1339858315528,6
2024-09-18 15:12:48.972,415.1348888881083,102
2024-09-18 15:12:49.226,415.1095212562211,12
2024-09-18 15:12:49.352,415.1120573088723,1005
2024-09-18 15:12:49.822,415.107038675343,1005
2024-09-18 15:12:50.072,415.08830285530087,101
2024-09-18 15:12:50.077,415.1292567669193,100
2024-09-18 15:12:50.129,415.14396797829846,998
2024-09-18 15:12:50.194,415.1083046218099,1005
2024-09-18 15:12:50.222,415.1469309644695,102
2024-09-18 15:12:50.273,415.1745345678051,1003
2024-09-18 15:12:50.378,415.1580713706888,996
2024-09-18 15:12:50.431,415.13338966841945,997
2024-09-18 15:12:50.491,415.1250625070969,995
2024-09-18 15:12:50.583,415.1541899953528,1000
2024-09-18 15:12:50.607,415.16637974296407,8
2024-09-18 15:12:50.626,415.1965118347866,1004
2024-09-18 15:12:50.689,415.1227554675101,12
2024-09-18 15:12:50.825,415.12973411401526,104
2024-09-18 15:12:50.850,415.1330230013744,8
2024-09-18 15:12:50.858,415.13521622144,98
2024-09-18 15:12:50.867,415.1395945670138,96
2024-09-18 15:12:50.901,415.16026553337343,6
2024-09-18 15:12:50.969,415.1759947091147,105
2024-09-18 15:12:51.175,415.194947642096,104
2024-09-18 15:12:51.212,415.2032548731883,7
2024-09-18 15:12:51.257,415.1682366575829,5
2024-09-18 15:12:51.286,415.184729961381,996
2024-09-18 15:12:51.421,415.1638773303583,101
2024-09-18 15:12:51.522,415.15014503280713,100
2024-09-18 15:12:52.006,415.2324138723111,15
2024-09-18 15:12:52.027,415.2184694375404,1000
2024-09-18 15:12:52.054,415.2252604578719,996
2024-09-18 15:12:52.055,415.1826388446765,1001
2024-09-18 15:12:52.060,415.22899640457706,1003
2024-09-18 15:12:52.102,415.2191487611083,14
2024-09-18 15:12:52.158,415.2300477953096,14
2024-09-18 15:12:52.464,415.1981925737867,995
2024-09-18 15:12:52.485,415.2277511916017,98
2024-09-18 15:12:52.501,415.2268384560604,1003
2024-09-18 15:12:52.540,415.2350992915418,98
2024-09-18 15:12:52.547,415.2250981975473,101
2024-09-18 15:12:52.549,415.2138092240479,9
2024-09-18 15:12:52.562,415.2113498021823,5
2024-09-18 15:12:52.612,415.2191756482573,98
2024-09-18 15:12:52.666,415.2264110847927,9
2024-09-18 15:12:52.714,415.1596492738305,996
2024-09-18 15:12:52.724,415.2206518892152,13
2024-09-18 15:12:52.821,415.2194570785592,5
2024-09-18 15:12:52.847,415.2413676133055,95
2024-09-18 15:12:52.875,415.2238287246272,1003
2024-09-18 15:12:53.020,415.2397985536504,9
2024-09-18 15:12:53.101,415.2507624684452,99
2024-09-18 15:12:53.135,-415.2234478057015,15
2024-09-18 15:12:53.250,415.220193169034,6
2024-09-18 15:12:53.298,415.234202861448,98
2024-09-18 15:12:53.301,-415.2428110305918,996
2024-09-18 15:12:53.316,415.2411708574632,100
2024-09-18 15:12:53.357,415.2375543763002,1001
2024-09-18 15:12:53.379,415.2081912152721,7
2024-09-18 15:12:53.502,415.20613276152,5
2024-09-18 15:12:53.527,415.2172115693898,100
2024-09-18 15:12:53.592,415.2065776875921,95
2024-09-18 15:12:53.755,415.2302329902831,14
2024-09-18 15:12:53.788,415.2274016622853,7
2024-09-18 15:12:53.869,415.2484833943432,1004
2024-09-18 15:12:53.923,415.2049001099424,101
2024-09-18 15:12:53.928,415.2170681932077,6
2024-09-18 15:12:54.010,415.1708442493279,104
2024-09-18 15:12:54.014,415.14620774183095,1003
2024-09-18 15:12:54.034,415.1855646975782,9
2024-09-18 15:12:54.071,415.1366109754168,996
2024-09-18 15:12:54.072,415.1520579914005,102
2024-09-18 15:12:54.095,415.18485764170254,7
2024-09-18 15:12:54.135,415.15661179173065,97
2024-09-18 15:12:54.184,415.1594469296368,999
2024-09-18 15:12:54.196,415.144926517372,999
2024-09-18 15:12:54.251,415.16959109950886,995
2024-09-18 15:12:54.252,415.1672204233252,997
2024-09-18 15:12:54.263,415.1839310141196,96
2024-09-18 15:12:54.272,415.1577964355367,103
2024-09-18 15:12:54.510,415.2083390233004,1000
2024-09-18 15:12:54.655,415.1440424120103,11
2024-09-18 15:12:54.662,415.14970033399015,103
2024-09-18 15:12:54.707,415.2105153661949,997
2024-09-18 15:12:54.778,415.19509436815616,97
2024-09-18 15:12:54.844,41.51500334215959,998
2024-09-18 15:12:54.936,415.12865654005424,95
2024-09-18 15:12:55.047,415.1296304592372,105
2024-09-18 15:12:55.139,415.1589218348133,97
2024-09-18 15:12:55.271,415.19082150717713,1003
2024-09-18 15:12:55.287,415.1884777695623,97
2024-09-18 15:12:55.335,415.1149255133613,995
2024-09-18 15:12:55.361,415.1738838331139,13
2024-09-18 15:12:55.378,415.102407049865,11
2024-09-18 15:12:55.423,415.205695869082,9
2024-09-18 15:12:55.447,415.1973403648165,105
2024-09-18 15:12:55.518,415.1982958929288,1005
2024-09-18 15:12:55.546,415.10647252443226,997
2024-09-18 15:12:55.560,415.1703672986176,7
2024-09-18 15:12:55.612,415.1590482073073,1004
2024-09-18 15:12:55.649,415.1191688324111,13
2024-09-18 15:12:55.657,415.1309901576492,8
2024-09-18 15:12:55.737,415.1864819325064,100
2024-09-18 15:12:55.835,415.18360375631073,102
2024-09-18 15:12:55.886,415.1864115925692,997
2024-09-18 15:12:55.946,415.1324528725919,97
2024-09-18 15:12:55.988,415.19635209281006,97
2024-09-18 15:12:56.028,415.27843830927,1000
2024-09-18 15:12:56.160,415.2979027695945,15
2024-09-18 15:12:56.190,415.2046151412718,1005
2024-09-18 15:12:56.219,415.2870089235868,105
2024-09-18 15:12:56.240,415.2212566897746,11
2024-09-18 15:12:56.288,415.22114484706384,100
2024-09-18 15:12:56.357,415.2320929467926,8
2024-09-18 15:12:56.485,415.2643264068095,1005
2024-09-18 15:12:56.486,415.2479125055135,12
2024-09-18 15:12:56.490,415.2805318987221,104
2024-09-18 15:12:56.496,415.282424963732,6
2024-09-18 15:12:56.553,415.2567513800097,15
2024-09-18 15:12:56.687,415.3254179291516,1000
2024-09-18 15:12:56.750,415.3101800984853,1004
2024-09-18 15:12:56.791,415.20457148984696,1002
2024-09-18 15:12:56.861,415.2251353977963,104
2024-09-18 15:12:56.905,415.3037798733942,96
2024-09-18 15:12:56.916,415.2758099151213,8
2024-09-18 15:12:56.944,415.305527623656,10
2024-09-18 15:12:56.968,415.27090471130185,8
2024-09-18 15:12:56.969,415.3014849125469,95
2024-09-18 15:12:57.107,415.30402443705486,104
2024-09-18 15:12:57.134,415.30603717917865,995
2024-09-18 15:12:57.195,,10
2024-09-18 15:12:57.336,415.3303216744477,996
2024-09-18 15:12:57.398,409.7511884917426,1000
2024-09-18 15:12:57.821,415.3178110252277,1003
2024-09-18 15:12:57.867,415.30200496661297,98
2024-09-18 15:12:58.009,415.3016319891688,998
2024-09-18 15:12:58.025,415.286245590246,7
2024-09-18 15:12:58.032,415.2960763167772,97
2024-09-18 15:12:58.086,415.2811916417411,8
2024-09-18 15:12:58.169,415.2874928438666,1002
2024-09-18 15:12:58.171,415.2913774910309,96
2024-09-18 15:12:58.242,415.29731131688175,102
2024-09-18 15:12:58.420,415.30652618949534,996
2024-09-18 15:12:58.528,415.2700077845032,15
2024-09-18 15:12:58.750,415.2779660646361,998
2024-09-18 15:12:59.026,415.29439364316295,12
2024-09-18 15:12:59.199,415.3035861759021,98
2024-09-18 15:12:59.226,415.2874167622148,998
2024-09-18 15:12:59.296,415.2949591266668,996
2024-09-18 15:12:59.311,415.2852393690135,1001
2024-09-18 15:12:59.398,415.3044337996584,101
2024-09-18 15:12:59.523,415.2951301188388,14
2024-09-18 15:12:59.683,415.288886130864,1001
2024-09-18 15:12:59.684,415.2827714825953,995
2024-09-18 15:12:59.754,415.29222348470535,6
