Timestamp,Price,Size
2024-09-20 12:33:00.024,427.7399011041453,9
2024-09-20 12:33:00.073,427.7477193099905,14
2024-09-20 12:33:00.090,427.7432089054743,95
2024-09-20 12:33:00.201,427.7550587549198,1004
2024-09-20 12:33:00.284,427.75381307609376,95
2024-09-20 12:33:00.342,427.7186643871359,996
2024-09-20 12:33:00.405,427.7584100672248,1004
2024-09-20 12:33:00.495,427.76360057578,96
2024-09-20 12:33:00.553,427.75697638531074,95
2024-09-20 12:33:00.569,427.7576770968143,100
2024-09-20 12:33:00.652,427.752302578261,7
2024-09-20 12:33:00.678,427.75649440341886,100
2024-09-20 12:33:00.683,427.7138061273863,100
2024-09-20 12:33:00.767,427.7334227915164,97
2024-09-20 12:33:00.783,427.762294673603,1005
2024-09-20 12:33:00.825,427.76749042862775,103
2024-09-20 12:33:00.904,427.72438174346,96
2024-09-20 12:33:00.941,427.71348266753085,8
2024-09-20 12:33:00.948,427.7331212175844,997
2024-09-20 12:33:01.052,,102
2024-09-20 12:33:01.061,427.7074882747052,15
2024-09-20 12:33:01.105,427.71189193840297,96
2024-09-20 12:33:01.127,427.7555785457567,5
2024-09-20 12:33:01.171,427.7301730631995,1004
2024-09-20 12:33:01.247,427.725086640419,9
2024-09-20 12:33:01.298,427.7352375615289,995
2024-09-20 12:33:01.358,427.7074907145263,14
2024-09-20 12:33:01.370,427.7516475355016,1004
2024-09-20 12:33:01.376,427.71251218050304,104
2024-09-20 12:33:01.410,427.7577779689788,1002
2024-09-20 12:33:01.449,-427.7484149458044,102
2024-09-20 12:33:01.547,427.7257700142395,15
2024-09-20 12:33:01.582,427.71642101475584,102
2024-09-20 12:33:01.590,427.7193106399207,105
2024-09-20 12:33:01.617,427.70377479244985,100
2024-09-20 12:33:01.628,427.6852458965788,7
2024-09-20 12:33:01.731,427.7351526464017,1005
2024-09-20 12:33:01.772,427.7055447471736,96
2024-09-20 12:33:01.810,427.70308946058407,13
2024-09-20 12:33:01.854,427.6957389810671,14
2024-09-20 12:33:01.863,427.68019931926136,1004
2024-09-20 12:33:01.908,427.732585656665,102
2024-09-20 12:33:01.947,427.7168762079187,12
2024-09-20 12:33:02.047,427.7232700335077,1004
2024-09-20 12:33:02.104,427.76187962676966,15
2024-09-20 12:33:02.178,427.706881846555,5
2024-09-20 12:33:02.179,427.7417832298692,95
2024-09-20 12:33:02.205,427.6650353208875,103
2024-09-20 12:33:02.248,427.61797735544513,95
2024-09-20 12:33:02.256,427.6251473291062,1001
2024-09-20 12:33:02.264,427.6312251690945,15
2024-09-20 12:33:02.280,427.6647899760246,99
2024-09-20 12:33:02.299,427.6475008209794,15
2024-09-20 12:33:02.332,427.7139520159128,9
2024-09-20 12:33:02.347,427.7561848966954,998
2024-09-20 12:33:02.461,427.7035361690292,97
2024-09-20 12:33:02.469,427.6525767309423,8
2024-09-20 12:33:02.583,427.707872943584,996
2024-09-20 12:33:02.685,427.7347419802776,8
2024-09-20 12:33:02.705,427.6619558446925,12
2024-09-20 12:33:02.809,427.6832264275895,1003
2024-09-20 12:33:02.822,427.7675215239178,996
2024-09-20 12:33:02.829,427.7537214691586,103
2024-09-20 12:33:02.839,427.7289367052618,1005
2024-09-20 12:33:02.845,427.7148762665133,95
2024-09-20 12:33:02.863,427.7271206809425,104
2024-09-20 12:33:02.871,427.7180142897209,999
2024-09-20 12:33:02.955,427.7041233939649,99
2024-09-20 12:33:02.982,427.75136836069134,15
2024-09-20 12:33:02.993,427.73489181178286,1002
2024-09-20 12:33:03.027,427.68749521351054,95
2024-09-20 12:33:03.067,427.674299252876,95
2024-09-20 12:33:03.222,427.6544820953635,10
2024-09-20 12:33:03.297,427.7380360628696,1001
2024-09-20 12:33:03.387,427.69383141488936,14
2024-09-20 12:33:03.397,427.67133481096414,104
2024-09-20 12:33:03.427,427.6407650999329,8
2024-09-20 12:33:03.478,427.7014117969072,13
2024-09-20 12:33:03.497,427.6726323348405,9
2024-09-20 12:33:03.514,427.6865025268334,1004
2024-09-20 12:33:03.528,427.6732494543927,102
2024-09-20 12:33:03.758,427.6757064055019,5
2024-09-20 12:33:03.783,427.6595988187551,6
2024-09-20 12:33:03.801,427.6685055167709,996
2024-09-20 12:33:03.812,427.64609155860586,8
2024-09-20 12:33:03.830,427.6959386971703,13
2024-09-20 12:33:03.961,427.686283032387,14
2024-09-20 12:33:03.980,427.64629371720224,13
2024-09-20 12:33:03.998,427.6749278093386,9
2024-09-20 12:33:04.009,427.6728378040448,11
2024-09-20 12:33:04.083,427.675506645612,1002
2024-09-20 12:33:04.134,427.6957465556004,104
2024-09-20 12:33:04.204,427.6885845340529,996
2024-09-20 12:33:04.366,427.6592056420673,99
2024-09-20 12:33:04.369,427.6982932010392,1003
2024-09-20 12:33:04.386,427.7339102371114,995
2024-09-20 12:33:04.423,427.686194760422,1002
2024-09-20 12:33:04.580,427.6855098082637,100
2024-09-20 12:33:04.590,427.6754208181158,13
2024-09-20 12:33:04.641,427.7241091993926,105
2024-09-20 12:33:04.673,427.6697363270289,104
2024-09-20 12:33:04.694,427.7057034477099,104
2024-09-20 12:33:04.743,427.725565529957,101
2024-09-20 12:33:04.775,427.702838191008,1002
2024-09-20 12:33:04.803,427.670474922766,995
2024-09-20 12:33:04.855,427.6794367016914,10
2024-09-20 12:33:04.951,427.6796725968278,1000
2024-09-20 12:33:05.045,427.8126457395421,11
2024-09-20 12:33:05.184,427.7826990573221,1002
2024-09-20 12:33:05.193,427.6731387234495,103
2024-09-20 12:33:05.228,427.76938475671705,101
2024-09-20 12:33:05.287,427.68926117171145,6
2024-09-20 12:33:05.311,427.6686373769292,105
2024-09-20 12:33:05.318,427.7193488730293,1002
2024-09-20 12:33:05.340,427.8240751299501,98
2024-09-20 12:33:05.348,427.83266008062833,15
2024-09-20 12:33:05.362,427.767820350112,98
2024-09-20 12:33:05.364,427.761652646208,6
2024-09-20 12:33:05.378,427.6949325321676,99
2024-09-20 12:33:05.420,427.75448897381614,102
2024-09-20 12:33:05.428,427.6969228806222,8
2024-09-20 12:33:05.560,427.8302885563911,12
2024-09-20 12:33:05.564,427.760921164452,104
2024-09-20 12:33:05.591,427.69706424566994,12
2024-09-20 12:33:05.626,427.7752311564399,9
2024-09-20 12:33:05.659,427.7025759799017,7
2024-09-20 12:33:05.684,427.7136524900384,999
2024-09-20 12:33:05.755,427.7575699633816,99
2024-09-20 12:33:05.774,427.820112638184,10
2024-09-20 12:33:05.813,427.8774516815538,13
2024-09-20 12:33:05.823,-427.78721497096376,105
2024-09-20 12:33:05.835,427.67396032691295,6
2024-09-20 12:33:05.919,427.85409465994326,105
2024-09-20 12:33:06.048,427.8666477552197,105
2024-09-20 12:33:06.135,427.82110370353377,8
2024-09-20 12:33:06.257,427.8455156754833,11
2024-09-20 12:33:06.457,427.853448997256,100
2024-09-20 12:33:06.642,427.8302666335399,98
2024-09-20 12:33:06.679,427.8689533813501,95
2024-09-20 12:33:06.693,427.82419296086897,996
2024-09-20 12:33:06.736,427.8595745555247,5
2024-09-20 12:33:06.907,427.84796713771846,103
2024-09-20 12:33:07.026,427.82807439363535,1003
2024-09-20 12:33:07.330,427.8167071073101,13
2024-09-20 12:33:07.357,427.8244532929126,8
2024-09-20 12:33:07.409,427.8598484080398,105
2024-09-20 12:33:07.549,427.8292348469531,1001
2024-09-20 12:33:07.623,427.82375407947,996
2024-09-20 12:33:07.856,427.8361896423413,105
2024-09-20 12:33:07.971,427.8203316405687,1004
2024-09-20 12:33:08.099,427.8416054275689,104
2024-09-20 12:33:08.111,427.8525808344181,10
2024-09-20 12:33:08.131,427.7936442194237,1004
2024-09-20 12:33:08.257,427.8577969849573,96
2024-09-20 12:33:08.375,427.8157981740519,1005
2024-09-20 12:33:08.490,427.8096095533082,104
2024-09-20 12:33:08.618,427.8334301604776,96
2024-09-20 12:33:08.685,-427.8241990032091,103
2024-09-20 12:33:08.702,427.7980485737663,7
2024-09-20 12:33:08.719,427.8568486615472,103
2024-09-20 12:33:08.766,427.8233069918912,996
2024-09-20 12:33:08.779,427.7873039320336,8
2024-09-20 12:33:08.808,427.7815569267609,98
2024-09-20 12:33:08.883,427.7997150941228,1000
2024-09-20 12:33:08.887,427.81416059275,996
2024-09-20 12:33:08.914,427.8084085198635,996
2024-09-20 12:33:09.104,427.8213127702667,14
2024-09-20 12:33:09.114,427.7542797951162,5
2024-09-20 12:33:09.161,42.77641991744988,9
2024-09-20 12:33:09.201,427.78708126142726,1003
2024-09-20 12:33:09.232,427.8035631708906,9
2024-09-20 12:33:09.247,427.7592478172532,103
2024-09-20 12:33:09.298,427.7673260844573,95
2024-09-20 12:33:09.314,427.81583752736566,12
2024-09-20 12:33:09.314,427.7739577148857,995
2024-09-20 12:33:09.337,427.8177312106645,99
2024-09-20 12:33:09.372,427.78452821571705,105
2024-09-20 12:33:09.430,427.795078603037,99
2024-09-20 12:33:09.437,427.77102768960754,8
2024-09-20 12:33:09.443,427.8047286609884,995
2024-09-20 12:33:09.451,427.7712900178775,96
2024-09-20 12:33:09.452,427.7872718898758,103
2024-09-20 12:33:09.509,427.762400311444,101
2024-09-20 12:33:09.620,427.7869489648072,996
2024-09-20 12:33:09.653,427.7970806828476,1005
2024-09-20 12:33:09.659,427.7798986922122,996
2024-09-20 12:33:09.706,427.7811226673904,1001
2024-09-20 12:33:09.780,427.81708965390857,96
2024-09-20 12:33:09.797,427.7843095139047,97
2024-09-20 12:33:09.815,427.8236539903996,12
2024-09-20 12:33:09.816,427.7749223794131,95
2024-09-20 12:33:09.911,427.7753894248576,105
2024-09-20 12:33:09.947,427.7800540096866,100
2024-09-20 12:33:09.981,427.7863664300296,100
2024-09-20 12:33:10.105,427.77487576228185,10
2024-09-20 12:33:10.110,427.7489624953065,1002
2024-09-20 12:33:10.131,427.7590226197416,9
2024-09-20 12:33:10.170,427.78855544960703,7
2024-09-20 12:33:10.269,427.7763903441431,101
2024-09-20 12:33:10.338,427.7890206536577,995
2024-09-20 12:33:10.341,427.7617734724353,6
2024-09-20 12:33:10.378,427.7811278310339,1004
2024-09-20 12:33:10.452,427.7868473805796,9
2024-09-20 12:33:10.526,427.7690725603879,7
2024-09-20 12:33:10.651,427.7567213469503,1001
2024-09-20 12:33:10.775,427.7696001996279,1001
2024-09-20 12:33:10.969,427.7601380588496,7
2024-09-20 12:33:10.991,427.7779046418821,1002
2024-09-20 12:33:11.651,427.7895287671433,99
2024-09-20 12:33:12.014,427.7627341044728,98
2024-09-20 12:33:12.022,427.741965887695,100
2024-09-20 12:33:12.061,427.75350438491535,1000
2024-09-20 12:33:12.061,427.7656257948695,995
2024-09-20 12:33:12.107,427.756264424936,996
2024-09-20 12:33:12.143,427.759196244996,10
2024-09-20 12:33:12.232,427.7488114947589,14
2024-09-20 12:33:12.470,427.77603957726166,6
2024-09-20 12:33:12.476,427.7589449168749,96
2024-09-20 12:33:12.507,427.7628287584156,104
2024-09-20 12:33:12.582,427.7484886400753,999
2024-09-20 12:33:12.776,427.76920199577336,99
2024-09-20 12:33:12.815,427.74506947084143,5
2024-09-20 12:33:12.823,427.7699457198107,5
2024-09-20 12:33:12.915,427.76367801661786,999
2024-09-20 12:33:12.999,427.7597709286806,1001
2024-09-20 12:33:13.100,427.7503899509808,995
2024-09-20 12:33:13.539,427.7691651967422,95
2024-09-20 12:33:13.540,427.73120649422594,1002
2024-09-20 12:33:13.729,427.7269087768278,98
2024-09-20 12:33:13.746,427.7426100366281,1001
2024-09-20 12:33:13.760,427.7646553902371,95
2024-09-20 12:33:14.091,427.7090096216826,7
2024-09-20 12:33:14.112,427.7836442195688,1003
2024-09-20 12:33:14.115,427.71899643931016,101
2024-09-20 12:33:14.137,427.6958980349179,1000
2024-09-20 12:33:14.147,427.7516283817707,95
2024-09-20 12:33:14.215,427.72567624466416,1005
2024-09-20 12:33:14.329,427.75094296872686,101
2024-09-20 12:33:14.375,427.7713463173267,97
2024-09-20 12:33:14.442,427.78187229505255,1002
2024-09-20 12:33:14.447,427.704848431379,1000
2024-09-20 12:33:14.469,427.7154569378832,12
2024-09-20 12:33:14.560,427.7718063740679,103
2024-09-20 12:33:14.618,427.7588537598781,103
2024-09-20 12:33:14.643,427.7011943052431,99
2024-09-20 12:33:14.658,427.7089279333569,999
2024-09-20 12:33:14.658,427.712825895155,996
2024-09-20 12:33:14.679,427.764977807581,998
2024-09-20 12:33:14.692,427.7645173512222,101
2024-09-20 12:33:14.797,427.72632465511913,100
2024-09-20 12:33:14.812,427.726959851261,14
2024-09-20 12:33:14.849,427.71920033262137,105
2024-09-20 12:33:14.853,427.75894488682655,999
2024-09-20 12:33:14.880,427.7828709605457,97
2024-09-20 12:33:14.954,427.7716974317357,6
2024-09-20 12:33:14.956,-427.7495809234133,101
2024-09-20 12:33:15.039,427.802516635245,6
2024-09-20 12:33:15.137,427.77140634569423,96
2024-09-20 12:33:15.187,427.78035103002026,101
2024-09-20 12:33:15.272,427.8085367511723,97
2024-09-20 12:33:15.295,427.7703206025765,1001
2024-09-20 12:33:15.301,427.7746125385884,1003
2024-09-20 12:33:15.377,427.77869306116094,997
2024-09-20 12:33:15.381,427.7937718256088,101
2024-09-20 12:33:15.398,427.80217775742,15
2024-09-20 12:33:15.492,42.77991241368579,12
2024-09-20 12:33:15.498,427.7902813529639,1001
2024-09-20 12:33:15.558,427.75114987130064,998
2024-09-20 12:33:15.611,427.7726910793825,104
2024-09-20 12:33:15.636,427.8031193623103,105
2024-09-20 12:33:15.650,427.8077815322159,14
2024-09-20 12:33:15.661,427.77621244773394,95
2024-09-20 12:33:15.679,427.7984967672274,12
2024-09-20 12:33:15.709,427.8233202777725,10
2024-09-20 12:33:15.753,427.8071872104351,999
2024-09-20 12:33:15.785,427.75849939392566,95
2024-09-20 12:33:15.862,42.7815484067563,9
2024-09-20 12:33:15.872,427.8091268202812,98
2024-09-20 12:33:15.874,427.804813113793,1002
2024-09-20 12:33:15.874,427.7745418012637,998
2024-09-20 12:33:15.898,427.8124172644051,104
2024-09-20 12:33:15.951,427.81263088512935,5
2024-09-20 12:33:15.954,427.8189223796266,9
2024-09-20 12:33:15.985,427.7987928539639,997
2024-09-20 12:33:16.021,427.7650256618209,103
2024-09-20 12:33:16.203,427.7300424793417,1000
2024-09-20 12:33:16.265,427.7515889350076,1004
2024-09-20 12:33:16.423,427.7392866761482,1004
2024-09-20 12:33:16.433,427.76553207845296,11
2024-09-20 12:33:16.457,427.75393222304587,101
2024-09-20 12:33:16.487,427.7351774765008,6
2024-09-20 12:33:16.514,427.73854996057634,998
2024-09-20 12:33:16.567,-427.7474250439422,102
2024-09-20 12:33:16.622,427.7486452551181,98
2024-09-20 12:33:16.633,427.73706835637086,95
2024-09-20 12:33:16.730,427.74755018034097,98
2024-09-20 12:33:16.784,427.75513274461497,103
2024-09-20 12:33:16.975,427.7513115856325,7
2024-09-20 12:33:16.988,427.7555228020545,999
2024-09-20 12:33:17.020,427.7569583371237,10
2024-09-20 12:33:17.073,427.7437031109324,996
2024-09-20 12:33:17.132,427.7370212986237,103
2024-09-20 12:33:17.141,427.7362490213323,105
2024-09-20 12:33:17.257,427.7672781587036,8
2024-09-20 12:33:17.430,427.776203782707,8
2024-09-20 12:33:17.460,427.7327116014681,100
2024-09-20 12:33:17.555,427.7400278233282,101
2024-09-20 12:33:17.566,427.7282048593029,5
2024-09-20 12:33:17.648,427.71119647454464,998
2024-09-20 12:33:17.682,427.7188310372736,998
2024-09-20 12:33:17.731,427.7379132966682,10
2024-09-20 12:33:17.748,427.72845396500406,98
2024-09-20 12:33:17.794,427.7129929361625,8
2024-09-20 12:33:17.913,427.7238508207863,105
2024-09-20 12:33:18.096,427.73704897698167,13
2024-09-20 12:33:18.097,427.7408422727844,99
2024-09-20 12:33:18.153,427.7778447047105,99
2024-09-20 12:33:18.290,427.7251888775938,10
2024-09-20 12:33:18.352,427.7474567626456,6
2024-09-20 12:33:18.384,427.77076677764006,14
2024-09-20 12:33:18.388,427.7293560423422,9
2024-09-20 12:33:18.395,427.7446169951668,5
2024-09-20 12:33:18.414,427.7356387205686,98
2024-09-20 12:33:18.503,427.7415481173509,105
2024-09-20 12:33:18.510,42.77291673216395,8
2024-09-20 12:33:18.545,427.7263386655755,1003
2024-09-20 12:33:18.570,427.74120281736606,11
2024-09-20 12:33:18.613,427.76157268070926,995
2024-09-20 12:33:18.686,427.7658360599677,8
2024-09-20 12:33:18.713,427.7488992057343,1004
2024-09-20 12:33:18.715,427.7669815279386,998
2024-09-20 12:33:18.728,427.7949028400496,1005
2024-09-20 12:33:18.778,427.7183619279994,105
2024-09-20 12:33:18.792,427.7637252405135,1004
2024-09-20 12:33:18.803,427.7158171027725,996
2024-09-20 12:33:18.812,427.7794756278504,998
2024-09-20 12:33:18.858,427.7861117146742,103
2024-09-20 12:33:18.862,427.772544824838,1001
2024-09-20 12:33:18.952,427.7576247778041,98
2024-09-20 12:33:18.963,427.7775130220522,15
2024-09-20 12:33:19.042,427.8390491184832,11
2024-09-20 12:33:19.120,427.8167441370645,15
2024-09-20 12:33:19.121,427.8220965840448,98
2024-09-20 12:33:19.137,427.8013049171421,5
2024-09-20 12:33:19.150,427.78151355786247,8
2024-09-20 12:33:19.190,427.7917685008714,995
2024-09-20 12:33:19.220,427.8128676367991,10
2024-09-20 12:33:19.241,427.8325391531912,14
2024-09-20 12:33:19.276,427.8334830523245,12
2024-09-20 12:33:19.456,427.7884081293417,5
2024-09-20 12:33:19.512,427.8159899943959,15
2024-09-20 12:33:19.523,427.8088458489672,10
2024-09-20 12:33:19.566,427.82597680009934,99
2024-09-20 12:33:19.574,427.7957089045685,1005
2024-09-20 12:33:19.647,427.80384432800633,6
2024-09-20 12:33:19.663,427.7801712047304,100
2024-09-20 12:33:19.686,427.7740738866233,6
2024-09-20 12:33:19.772,427.8421134874854,5
2024-09-20 12:33:19.802,,15
2024-09-20 12:33:19.806,427.77817944042073,12
2024-09-20 12:33:19.827,427.78902328053096,102
2024-09-20 12:33:19.846,427.8317175928564,1001
2024-09-20 12:33:19.900,427.83423525977065,105
2024-09-20 12:33:19.928,427.8237078739213,1003
2024-09-20 12:33:19.965,427.7983103370976,13
2024-09-20 12:33:19.975,427.7920268138177,5
2024-09-20 12:33:21.110,427.83105228842095,8
2024-09-20 12:33:21.128,427.8119319298116,9
2024-09-20 12:33:21.230,427.7967165838189,98
2024-09-20 12:33:21.254,427.81879836144617,95
2024-09-20 12:33:21.283,427.790485968804,95
2024-09-20 12:33:21.311,427.826110846484,8
2024-09-20 12:33:21.349,427.823826450042,996
2024-09-20 12:33:21.409,427.8012943466466,1004
2024-09-20 12:33:21.456,427.80432621000097,12
2024-09-20 12:33:21.460,427.7893807693237,1002
2024-09-20 12:33:21.465,427.8112430702004,1005
2024-09-20 12:33:21.489,427.7751558537077,1001
2024-09-20 12:33:21.498,427.7897565123128,1000
2024-09-20 12:33:21.535,427.7983053130497,8
2024-09-20 12:33:21.559,427.7872485804209,1002
2024-09-20 12:33:21.659,-427.78970067575153,1005
2024-09-20 12:33:21.727,427.7984703277561,11
2024-09-20 12:33:21.784,427.8019609033342,998
2024-09-20 12:33:21.810,427.7737633825471,104
2024-09-20 12:33:21.850,427.8382931150005,15
2024-09-20 12:33:21.911,427.7980490548509,103
2024-09-20 12:33:22.000,,996
2024-09-20 12:33:22.022,427.8879813205296,100
2024-09-20 12:33:22.085,427.86864196930617,101
2024-09-20 12:33:22.112,-427.8882498743365,100
2024-09-20 12:33:22.133,427.8263830951759,1004
2024-09-20 12:33:22.263,427.8582544641595,102
2024-09-20 12:33:22.433,427.840132463127,15
2024-09-20 12:33:22.434,427.8776128476496,95
2024-09-20 12:33:22.481,427.8643883573717,97
2024-09-20 12:33:22.493,427.78038654636623,11
2024-09-20 12:33:22.604,427.81309525141023,999
2024-09-20 12:33:22.789,427.8717514201928,102
2024-09-20 12:33:22.798,427.86315171422257,995
2024-09-20 12:33:22.808,427.8886713882448,998
2024-09-20 12:33:22.818,427.8631658957086,14
2024-09-20 12:33:22.828,427.8179234080608,1004
2024-09-20 12:33:22.835,427.8856566590766,7
2024-09-20 12:33:22.919,427.8835317611941,100
2024-09-20 12:33:22.939,427.7979984110328,998
2024-09-20 12:33:22.994,427.8633097615513,100
2024-09-20 12:33:23.010,427.9749283236485,98
2024-09-20 12:33:23.031,427.94643309868616,99
2024-09-20 12:33:23.194,427.9128374937785,96
2024-09-20 12:33:23.345,427.9353950685416,15
2024-09-20 12:33:23.419,428.0180101455284,5
2024-09-20 12:33:23.420,427.8862601919199,97
2024-09-20 12:33:23.425,427.9708689762531,5
2024-09-20 12:33:23.444,427.8554929654835,101
2024-09-20 12:33:23.483,,96
2024-09-20 12:33:23.499,427.95606187019206,9
2024-09-20 12:33:23.518,427.8868928356316,1002
2024-09-20 12:33:23.521,427.8932804485361,1005
2024-09-20 12:33:23.556,427.950387599688,998
2024-09-20 12:33:23.559,427.92048042550863,996
2024-09-20 12:33:23.643,427.9913756375357,999
2024-09-20 12:33:23.666,427.9477285467088,998
2024-09-20 12:33:23.699,427.8594174404778,99
2024-09-20 12:33:23.700,427.8571642312626,7
2024-09-20 12:33:23.780,427.910970540942,96
2024-09-20 12:33:23.799,427.98454914412247,13
2024-09-20 12:33:23.833,427.9488839764569,12
2024-09-20 12:33:23.845,427.9479206103409,1001
2024-09-20 12:33:23.872,427.8463864504569,999
2024-09-20 12:33:23.889,427.88859959882046,5
2024-09-20 12:33:23.890,427.9478804154136,14
2024-09-20 12:33:23.916,427.94348233021617,1001
2024-09-20 12:33:24.023,428.06051283536544,1001
2024-09-20 12:33:24.174,428.0680781576456,8
2024-09-20 12:33:24.319,428.0618072431504,10
2024-09-20 12:33:24.323,428.07235019910377,8
2024-09-20 12:33:24.416,-428.047954605142,1004
2024-09-20 12:33:24.443,428.0238870878277,1002
2024-09-20 12:33:24.466,428.0662052181578,1005
2024-09-20 12:33:24.526,428.0401276117665,7
2024-09-20 12:33:24.554,428.06883428818537,97
2024-09-20 12:33:24.595,428.04462262574,101
2024-09-20 12:33:24.629,428.0503510875304,8
2024-09-20 12:33:24.706,428.0641105667332,11
2024-09-20 12:33:24.792,428.05211314641576,1000
2024-09-20 12:33:24.832,428.0705899358037,99
2024-09-20 12:33:24.939,428.0546792233976,1004
2024-09-20 12:33:25.005,428.08517961278056,995
2024-09-20 12:33:25.106,428.08420169889376,5
2024-09-20 12:33:25.108,428.1096912841262,15
2024-09-20 12:33:25.119,428.0964601738261,10
2024-09-20 12:33:25.162,428.1068194812453,1002
2024-09-20 12:33:25.164,428.0938940976508,998
2024-09-20 12:33:25.203,428.07756492265617,104
2024-09-20 12:33:25.248,428.1059768731649,1004
2024-09-20 12:33:25.248,428.09132719940897,98
2024-09-20 12:33:25.262,-428.1013433053392,102
2024-09-20 12:33:25.270,428.09697186210303,997
2024-09-20 12:33:25.287,428.0737833341248,1003
2024-09-20 12:33:25.301,428.0920013671352,1000
2024-09-20 12:33:25.442,428.0789891684237,6
2024-09-20 12:33:25.515,428.0659664161983,1002
2024-09-20 12:33:25.525,428.0940486041015,104
2024-09-20 12:33:25.580,428.0928797345133,11
2024-09-20 12:33:25.691,428.0894605727309,7
2024-09-20 12:33:25.723,428.0637503615424,13
2024-09-20 12:33:25.788,428.0940345203688,1005
2024-09-20 12:33:25.898,428.0793043533488,103
2024-09-20 12:33:25.936,428.0722061568263,13
2024-09-20 12:33:25.962,428.08308161374026,1004
2024-09-20 12:33:25.967,428.1010694267547,8
2024-09-20 12:33:25.975,428.0909378502285,15
2024-09-20 12:33:25.979,428.1024328073055,995
2024-09-20 12:33:26.082,428.0172611213422,15
2024-09-20 12:33:26.130,428.0315817720922,1003
2024-09-20 12:33:26.132,428.06668021426486,95
2024-09-20 12:33:26.138,428.0158823022559,10
2024-09-20 12:33:26.159,428.0267713948591,101
2024-09-20 12:33:26.263,428.037998620295,101
2024-09-20 12:33:26.391,428.0038003683461,1003
2024-09-20 12:33:26.418,428.0845875553277,12
2024-09-20 12:33:26.444,428.0359263542084,995
2024-09-20 12:33:26.519,428.0142730803186,13
2024-09-20 12:33:26.574,428.0339288475835,999
2024-09-20 12:33:26.639,428.0932778899719,97
2024-09-20 12:33:26.658,428.0271366758998,97
2024-09-20 12:33:26.794,,12
2024-09-20 12:33:26.794,428.0361938942295,101
2024-09-20 12:33:26.817,428.0146269914479,103
2024-09-20 12:33:26.887,428.0101963979247,15
2024-09-20 12:33:26.908,428.0161977633005,8
2024-09-20 12:33:26.928,428.0562422772157,15
2024-09-20 12:33:26.994,,5
2024-09-20 12:33:27.175,428.0744030286905,1003
2024-09-20 12:33:27.176,428.06947920370754,102
2024-09-20 12:33:27.399,428.0522217044767,6
2024-09-20 12:33:28.061,428.0221701681895,10
2024-09-20 12:33:28.095,428.0139113325177,105
2024-09-20 12:33:28.258,428.03004973835925,9
2024-09-20 12:33:28.278,428.0073752446088,8
2024-09-20 12:33:28.330,428.03348185035327,102
2024-09-20 12:33:28.345,428.0215359701192,102
2024-09-20 12:33:28.387,428.0113873437352,995
2024-09-20 12:33:28.524,428.0285137738471,10
2024-09-20 12:33:28.534,428.0410137426882,98
2024-09-20 12:33:28.610,428.0469776728359,997
2024-09-20 12:33:28.639,428.0524741634731,1003
2024-09-20 12:33:28.688,428.05802126181896,1000
2024-09-20 12:33:28.753,428.0000582981714,105
2024-09-20 12:33:28.846,428.0443471510338,6
2024-09-20 12:33:28.969,428.0261463656224,97
2024-09-20 12:33:29.155,428.0057218995775,11
2024-09-20 12:33:29.208,428.0002468452856,97
2024-09-20 12:33:29.234,428.0023470900903,6
2024-09-20 12:33:29.271,428.0338405501288,102
2024-09-20 12:33:29.272,427.9983168443472,1005
2024-09-20 12:33:29.375,428.0091428284668,12
2024-09-20 12:33:29.381,428.03443968151066,1003
2024-09-20 12:33:29.387,427.9945187742308,99
2024-09-20 12:33:29.388,428.03021947409184,998
2024-09-20 12:33:29.448,427.98710331471966,14
2024-09-20 12:33:29.616,427.99034742632807,11
2024-09-20 12:33:29.654,428.01536468096566,95
2024-09-20 12:33:29.672,428.0152880010552,1000
2024-09-20 12:33:29.820,428.0078638755394,997
2024-09-20 12:33:29.835,428.0466003199593,1001
2024-09-20 12:33:29.847,427.9996413059544,1003
2024-09-20 12:33:29.864,427.9990431047436,1005
2024-09-20 12:33:29.905,428.0023408906234,8
2024-09-20 12:33:29.923,428.0049986348445,14
2024-09-20 12:33:29.948,428.0122646574623,104
2024-09-20 12:33:29.984,428.0238554282776,1004
2024-09-20 12:33:30.670,427.9947041971608,104
2024-09-20 12:33:30.719,42.79978613107167,998
2024-09-20 12:33:32.087,427.9230875264832,13
2024-09-20 12:33:32.168,427.9426989827517,998
2024-09-20 12:33:32.218,427.9759290067395,10
2024-09-20 12:33:32.262,427.9685503297696,15
2024-09-20 12:33:32.336,427.9716975670261,998
2024-09-20 12:33:32.450,-427.9355964633413,6
2024-09-20 12:33:32.497,427.9387454676635,9
2024-09-20 12:33:32.502,427.9702035089355,7
2024-09-20 12:33:32.517,427.9456336054833,1005
2024-09-20 12:33:32.587,427.9412235940306,99
2024-09-20 12:33:32.595,427.9689466000117,13
2024-09-20 12:33:32.772,427.9401753669644,105
2024-09-20 12:33:32.822,427.96055730889947,1004
2024-09-20 12:33:32.842,427.96002515479,98
2024-09-20 12:33:32.935,427.9711026717951,1002
2024-09-20 12:33:32.976,427.94293474385137,997
2024-09-20 12:33:33.187,427.9411117281506,95
2024-09-20 12:33:33.316,427.9259061259531,105
2024-09-20 12:33:33.455,427.93648960505726,8
2024-09-20 12:33:33.550,427.93829192523367,12
2024-09-20 12:33:34.227,427.9449207747371,97
2024-09-20 12:33:34.267,427.92432702568783,102
2024-09-20 12:33:35.017,427.99089175920176,995
2024-09-20 12:33:35.045,427.9560827062744,11
2024-09-20 12:33:35.087,428.013108272736,101
2024-09-20 12:33:35.102,427.93616429493846,1005
2024-09-20 12:33:35.180,-427.9949605897471,13
2024-09-20 12:33:35.294,427.9931830770411,103
2024-09-20 12:33:35.304,428.0308557992223,103
2024-09-20 12:33:35.311,,99
2024-09-20 12:33:35.334,428.0075090722223,1000
2024-09-20 12:33:35.411,428.0027764045551,8
2024-09-20 12:33:35.432,428.0327118393181,1003
2024-09-20 12:33:35.588,428.0006387174504,105
2024-09-20 12:33:35.723,427.9288140971624,1002
2024-09-20 12:33:35.766,427.9265268462384,97
2024-09-20 12:33:35.777,427.9738914713303,995
2024-09-20 12:33:35.874,427.9865351561448,995
2024-09-20 12:33:35.898,427.9981529417527,15
2024-09-20 12:33:35.918,427.9212453898947,100
2024-09-20 12:33:36.123,427.97159963709817,997
2024-09-20 12:33:36.150,427.98094571266574,7
2024-09-20 12:33:36.211,427.98506811108825,15
2024-09-20 12:33:36.242,427.9860016823662,1005
2024-09-20 12:33:36.254,427.9837159306986,14
2024-09-20 12:33:36.389,427.9697327973453,6
2024-09-20 12:33:36.395,427.9783115158477,98
2024-09-20 12:33:36.805,427.9890882268001,10
2024-09-20 12:33:36.913,427.97261490902633,101
2024-09-20 12:33:36.968,427.9829969885657,11
2024-09-20 12:33:37.027,427.9682099799277,101
2024-09-20 12:33:37.075,427.96213622445424,1001
2024-09-20 12:33:37.112,427.9648374730677,14
2024-09-20 12:33:37.191,427.9709840362128,999
2024-09-20 12:33:37.192,427.976185542607,14
2024-09-20 12:33:37.250,427.9832386305735,12
2024-09-20 12:33:37.290,427.9530527062902,6
2024-09-20 12:33:37.327,427.987473783656,1001
2024-09-20 12:33:37.413,427.94610694113896,997
2024-09-20 12:33:37.492,427.9457443052953,102
2024-09-20 12:33:37.594,427.9832740036689,101
2024-09-20 12:33:37.800,427.9562327911637,105
2024-09-20 12:33:37.909,427.9603368367331,101
2024-09-20 12:33:37.970,427.96401375296097,97
2024-09-20 12:33:38.800,427.9574694222955,104
2024-09-20 12:33:39.042,428.0320567114676,997
2024-09-20 12:33:39.139,427.9664001952682,10
2024-09-20 12:33:39.140,428.04113474391903,9
2024-09-20 12:33:39.165,428.0223315656421,1003
2024-09-20 12:33:39.217,427.99048525928384,12
2024-09-20 12:33:39.254,427.9497125422585,13
2024-09-20 12:33:39.311,427.9185737875067,1001
2024-09-20 12:33:39.330,427.9223048146889,102
2024-09-20 12:33:39.353,427.9924835281693,1002
2024-09-20 12:33:39.388,427.9432033094978,1003
2024-09-20 12:33:39.435,427.9775514512586,5
2024-09-20 12:33:39.470,428.02633785567815,1001
2024-09-20 12:33:39.502,427.97204421559326,101
2024-09-20 12:33:39.522,428.0113493730863,7
2024-09-20 12:33:39.545,428.0065836019128,1005
2024-09-20 12:33:39.560,427.9213258378781,13
2024-09-20 12:33:39.661,-427.991787942487,99
2024-09-20 12:33:39.675,428.0378874035016,8
2024-09-20 12:33:39.719,427.9513030200063,104
2024-09-20 12:33:39.798,428.0103033174301,9
2024-09-20 12:33:39.836,427.94678553620815,5
2024-09-20 12:33:39.877,427.9627213869676,96
2024-09-20 12:33:39.916,427.9738716644703,7
2024-09-20 12:33:39.958,428.0308852085009,13
2024-09-20 12:33:40.002,428.0292807117282,5
2024-09-20 12:33:40.009,428.03228875512207,997
2024-09-20 12:33:40.164,427.976571331588,15
2024-09-20 12:33:40.233,427.9359099453921,997
2024-09-20 12:33:40.295,427.9775960117541,999
2024-09-20 12:33:40.313,427.9465349120448,8
2024-09-20 12:33:40.326,428.02065236605824,9
2024-09-20 12:33:40.377,42.79337059396545,100
2024-09-20 12:33:40.406,427.9297330051892,104
2024-09-20 12:33:40.434,428.0225267255029,101
2024-09-20 12:33:40.470,427.9543053394688,11
2024-09-20 12:33:40.560,427.94401937984463,1000
2024-09-20 12:33:40.568,428.01246952223534,9
2024-09-20 12:33:40.621,427.9622649153606,100
2024-09-20 12:33:40.635,428.0293491147516,102
2024-09-20 12:33:40.700,427.9238816692975,1005
2024-09-20 12:33:40.757,427.9254393872944,10
2024-09-20 12:33:40.779,428.0316875380358,5
2024-09-20 12:33:40.785,427.9448448687184,15
2024-09-20 12:33:40.797,428.025534498621,96
2024-09-20 12:33:40.881,428.026031186358,1001
2024-09-20 12:33:40.893,427.9933905352066,997
2024-09-20 12:33:40.927,428.0228137549024,999
2024-09-20 12:33:40.961,,103
2024-09-20 12:33:40.962,-428.0285245138593,14
2024-09-20 12:33:40.971,428.0343995083858,97
2024-09-20 12:33:41.041,428.0794483461932,1003
2024-09-20 12:33:41.041,428.0332518836683,105
2024-09-20 12:33:41.044,428.0104643731924,11
2024-09-20 12:33:41.057,427.9905550995844,102
2024-09-20 12:33:41.079,428.0800980470608,1001
2024-09-20 12:33:41.088,428.07311381945647,8
2024-09-20 12:33:41.118,428.00872778524047,11
2024-09-20 12:33:41.286,428.0779226203807,6
2024-09-20 12:33:41.348,428.045547314601,97
2024-09-20 12:33:41.368,428.0751369084711,5
2024-09-20 12:33:41.380,427.973729164291,1004
2024-09-20 12:33:41.395,428.0106698756935,13
2024-09-20 12:33:41.437,428.0155165457692,10
2024-09-20 12:33:41.498,427.9729627500458,997
2024-09-20 12:33:41.499,428.0697155990555,1004
2024-09-20 12:33:41.524,428.083359957463,14
2024-09-20 12:33:41.536,428.0206158358554,98
2024-09-20 12:33:41.608,428.0828873187176,10
2024-09-20 12:33:41.619,427.9645539615399,1002
2024-09-20 12:33:41.650,427.9661941252088,1004
2024-09-20 12:33:41.672,427.9898262492064,103
2024-09-20 12:33:41.699,-428.05678032822254,998
2024-09-20 12:33:41.717,428.0939128952557,104
2024-09-20 12:33:41.751,428.0880803061441,102
2024-09-20 12:33:41.815,427.98868553761855,1000
2024-09-20 12:33:41.893,42.81166425837512,15
2024-09-20 12:33:41.906,428.0680658881183,103
2024-09-20 12:33:41.987,428.0219699291722,5
2024-09-20 12:33:42.019,428.1650634077211,7
2024-09-20 12:33:42.023,428.1386240853959,96
2024-09-20 12:33:42.114,428.13516547676977,1001
2024-09-20 12:33:42.217,428.1325007018901,5
2024-09-20 12:33:42.229,428.13602281953473,13
2024-09-20 12:33:42.233,428.1222295133703,104
2024-09-20 12:33:42.242,428.1651742248928,103
2024-09-20 12:33:42.249,42.816719491489145,9
2024-09-20 12:33:42.264,428.1582810138668,100
2024-09-20 12:33:42.340,428.1416638361087,105
2024-09-20 12:33:42.470,428.1548820415428,1005
2024-09-20 12:33:42.486,428.11531849860216,104
2024-09-20 12:33:42.587,428.1349183472744,1000
2024-09-20 12:33:42.611,428.1471416867405,1005
2024-09-20 12:33:42.707,428.1436097868612,995
2024-09-20 12:33:42.732,428.1455323060306,99
2024-09-20 12:33:42.768,428.1168957345362,1002
2024-09-20 12:33:42.801,428.148472874793,1004
2024-09-20 12:33:42.803,428.13240538235925,1002
2024-09-20 12:33:42.890,428.15065614147466,104
2024-09-20 12:33:42.953,428.1410038748072,1000
2024-09-20 12:33:43.223,428.173063896184,1001
2024-09-20 12:33:43.375,428.18179631175866,104
2024-09-20 12:33:43.535,428.1482494514247,97
2024-09-20 12:33:43.627,428.1590216548787,7
2024-09-20 12:33:43.739,428.19048228104754,103
2024-09-20 12:33:43.763,428.1841701758644,1000
2024-09-20 12:33:44.116,428.25663948139857,95
2024-09-20 12:33:44.190,428.2009461357972,99
2024-09-20 12:33:44.193,428.1840905232186,13
2024-09-20 12:33:44.242,428.221943537702,15
2024-09-20 12:33:44.255,428.1789985345501,1003
2024-09-20 12:33:44.345,428.1713064140628,1000
2024-09-20 12:33:44.375,428.18974858031686,99
2024-09-20 12:33:44.388,428.2335361547412,1000
2024-09-20 12:33:44.404,428.2027714976353,11
2024-09-20 12:33:44.514,428.1788654096805,15
2024-09-20 12:33:44.739,428.1842148540063,999
2024-09-20 12:33:44.790,428.2082149553221,9
2024-09-20 12:33:44.820,428.2267408404123,6
2024-09-20 12:33:44.829,428.2125709471311,13
2024-09-20 12:33:44.898,428.2252750606963,10
2024-09-20 12:33:44.914,428.2288071375601,7
2024-09-20 12:33:44.969,428.2267014245278,999
2024-09-20 12:33:45.016,428.2294635288063,1005
2024-09-20 12:33:45.018,428.23690409503945,1005
2024-09-20 12:33:45.073,428.23817321482846,97
2024-09-20 12:33:45.103,428.2341720519436,98
2024-09-20 12:33:45.123,428.2311424101218,997
2024-09-20 12:33:45.150,428.25078873573335,105
2024-09-20 12:33:45.210,428.2298501572996,96
2024-09-20 12:33:45.262,428.22170808239866,95
2024-09-20 12:33:45.382,428.1949371122412,98
2024-09-20 12:33:45.399,428.178088074447,10
2024-09-20 12:33:45.450,428.2097222173232,1002
2024-09-20 12:33:45.452,428.2467362917144,102
2024-09-20 12:33:45.459,428.2394960568598,99
2024-09-20 12:33:45.484,428.2306035221576,1002
2024-09-20 12:33:45.514,428.2149140438678,104
2024-09-20 12:33:45.608,428.1812174088973,103
2024-09-20 12:33:45.610,428.2068194294368,13
2024-09-20 12:33:45.702,428.21271211152094,101
2024-09-20 12:33:45.737,428.2090671957868,8
2024-09-20 12:33:45.783,428.1818702928341,102
2024-09-20 12:33:45.873,428.2147327790779,1004
2024-09-20 12:33:45.897,428.22166749533113,7
2024-09-20 12:33:45.900,428.22561985056086,97
2024-09-20 12:33:45.901,428.2105380189077,105
2024-09-20 12:33:45.912,428.2467010028215,103
2024-09-20 12:33:45.920,428.2136478526725,12
2024-09-20 12:33:47.074,428.2365890304872,1005
2024-09-20 12:33:47.246,428.2223343319055,98
2024-09-20 12:33:47.269,428.2360954538793,999
2024-09-20 12:33:47.330,428.18963986637465,98
2024-09-20 12:33:47.461,428.2140975355444,14
2024-09-20 12:33:47.631,428.1839140237477,95
2024-09-20 12:33:47.704,428.19565307357885,97
2024-09-20 12:33:48.015,428.24633329853134,103
2024-09-20 12:33:48.032,428.2507084843771,102
2024-09-20 12:33:48.049,428.2310856280984,1002
2024-09-20 12:33:48.104,428.252662052661,14
2024-09-20 12:33:48.138,428.26574466583793,1003
2024-09-20 12:33:48.145,428.2522236237224,98
2024-09-20 12:33:48.239,428.2434566458897,97
2024-09-20 12:33:48.305,428.2246421504459,997
2024-09-20 12:33:48.312,428.259366438056,997
2024-09-20 12:33:48.314,428.2745211444992,6
2024-09-20 12:33:48.356,428.2499589345881,9
2024-09-20 12:33:48.397,428.2408543432183,15
2024-09-20 12:33:48.410,428.2523545281543,1004
2024-09-20 12:33:48.414,428.2210773789967,1002
2024-09-20 12:33:48.424,428.26013856188223,105
2024-09-20 12:33:48.452,428.23762320793935,7
2024-09-20 12:33:48.480,428.23392518824585,100
2024-09-20 12:33:48.483,428.2554012305413,103
2024-09-20 12:33:48.523,428.2395574492243,1003
2024-09-20 12:33:48.556,428.2282518256057,7
2024-09-20 12:33:48.597,428.253358586248,97
2024-09-20 12:33:48.635,428.21709885124943,95
2024-09-20 12:33:48.646,428.26050401802894,12
2024-09-20 12:33:48.670,428.2408058878965,5
2024-09-20 12:33:48.693,428.2450495169237,5
2024-09-20 12:33:48.726,428.2670633792566,6
2024-09-20 12:33:48.825,428.23503698489066,10
2024-09-20 12:33:48.901,428.26470113170143,1005
2024-09-20 12:33:48.918,428.27566630226687,995
2024-09-20 12:33:49.014,428.31893117660246,997
2024-09-20 12:33:49.121,428.2805770622469,6
2024-09-20 12:33:49.260,428.2526103317964,95
2024-09-20 12:33:49.266,428.2554426076148,995
2024-09-20 12:33:49.280,428.2416737618613,96
2024-09-20 12:33:49.391,428.2567545993493,1004
2024-09-20 12:33:49.417,428.2682158833114,100
2024-09-20 12:33:49.470,428.2995722589861,102
2024-09-20 12:33:49.470,428.2922848582884,100
2024-09-20 12:33:49.479,428.28694183451415,1000
2024-09-20 12:33:49.480,428.2637935797544,12
2024-09-20 12:33:49.546,428.3014454711648,105
2024-09-20 12:33:49.700,428.28120227919663,1003
2024-09-20 12:33:49.951,428.25161750871865,1000
2024-09-20 12:33:49.981,428.273093592142,98
2024-09-20 12:33:50.009,428.2953152897528,1001
2024-09-20 12:33:50.010,428.2638549407883,103
2024-09-20 12:33:50.079,428.26740667297366,5
2024-09-20 12:33:50.117,428.27282795976566,996
2024-09-20 12:33:50.138,428.22572458335225,995
2024-09-20 12:33:50.139,428.2666355739426,14
2024-09-20 12:33:50.203,428.20733600763486,97
2024-09-20 12:33:50.227,428.2202993979391,1001
2024-09-20 12:33:50.232,428.2020975228776,7
2024-09-20 12:33:50.247,428.2837261338023,96
2024-09-20 12:33:50.536,428.2105636031146,97
2024-09-20 12:33:50.542,,10
2024-09-20 12:33:50.560,428.2585365309175,5
2024-09-20 12:33:50.561,428.2062348497102,96
2024-09-20 12:33:50.564,428.2587149993767,1000
2024-09-20 12:33:50.640,428.1913781796087,104
2024-09-20 12:33:50.669,428.2172278983138,8
2024-09-20 12:33:50.749,428.25842241638304,15
2024-09-20 12:33:50.759,428.251368291445,95
2024-09-20 12:33:50.761,428.24379246016434,12
2024-09-20 12:33:50.772,428.24110953620936,9
2024-09-20 12:33:50.836,428.2792313620069,8
2024-09-20 12:33:50.871,428.2425945983357,11
2024-09-20 12:33:50.895,42.82457451460572,101
2024-09-20 12:33:50.944,428.2531702311835,1005
2024-09-20 12:33:51.051,,7
2024-09-20 12:33:51.193,428.1733893098228,98
2024-09-20 12:33:51.278,428.1549168661634,15
2024-09-20 12:33:51.291,428.1213371345773,10
2024-09-20 12:33:51.318,428.1707423594587,11
2024-09-20 12:33:51.370,428.10178160213786,5
2024-09-20 12:33:51.498,428.1517732913516,5
2024-09-20 12:33:51.513,428.0948369630081,1004
2024-09-20 12:33:51.557,428.1250346502158,998
2024-09-20 12:33:51.559,428.1055128756878,7
2024-09-20 12:33:51.618,428.1341734915839,995
2024-09-20 12:33:51.710,428.1043709192157,95
2024-09-20 12:33:51.866,428.1114250421346,9
2024-09-20 12:33:51.878,428.1242275802596,95
2024-09-20 12:33:52.267,428.1097614888265,95
2024-09-20 12:33:52.818,428.1195308975567,14
2024-09-20 12:33:52.900,428.1105793278161,10
2024-09-20 12:33:53.074,428.13250290185226,1003
2024-09-20 12:33:53.265,428.1208996054866,15
2024-09-20 12:33:53.443,428.12295089866825,8
2024-09-20 12:33:53.539,428.1133354268887,99
2024-09-20 12:33:53.631,428.1331438026084,997
2024-09-20 12:33:53.771,428.1216494275045,999
2024-09-20 12:33:53.850,428.137697847773,999
2024-09-20 12:33:53.916,428.1303249069187,98
2024-09-20 12:33:53.927,428.13024796444665,13
2024-09-20 12:33:53.936,428.1214302459436,11
2024-09-20 12:33:53.967,428.12066029295016,1003
2024-09-20 12:33:54.036,428.0645528730679,105
2024-09-20 12:33:54.094,428.09119558932656,13
2024-09-20 12:33:54.096,,1002
2024-09-20 12:33:54.286,428.0431323762618,1000
2024-09-20 12:33:54.292,428.0751735540326,97
2024-09-20 12:33:54.296,428.078191609921,997
2024-09-20 12:33:54.313,428.0659606430001,998
2024-09-20 12:33:54.315,428.0976310263315,104
2024-09-20 12:33:54.334,428.10146480796544,7
2024-09-20 12:33:54.340,428.11836160819536,99
2024-09-20 12:33:54.530,428.0568784670351,105
2024-09-20 12:33:54.549,428.0462682311653,7
2024-09-20 12:33:54.590,428.0898795193205,101
2024-09-20 12:33:54.612,428.12013466341057,102
2024-09-20 12:33:54.634,428.12620317340776,998
2024-09-20 12:33:54.636,428.1226671160389,101
2024-09-20 12:33:54.661,428.0809371968271,995
2024-09-20 12:33:54.698,428.1027752785468,5
2024-09-20 12:33:54.786,428.0976967214586,105
2024-09-20 12:33:54.790,-428.1076904396736,997
2024-09-20 12:33:54.874,428.0908876324168,995
2024-09-20 12:33:54.884,428.0903652404303,995
2024-09-20 12:33:54.905,428.0742102382634,15
2024-09-20 12:33:55.031,428.11123763906687,5
2024-09-20 12:33:55.106,428.0833571739946,104
2024-09-20 12:33:55.119,-428.0980151208848,1000
2024-09-20 12:33:55.173,428.0916398544849,105
2024-09-20 12:33:55.312,428.07686142544617,105
2024-09-20 12:33:55.532,428.0955424742695,5
2024-09-20 12:33:55.602,428.0769865738369,996
2024-09-20 12:33:55.623,428.0918549464327,9
2024-09-20 12:33:55.810,428.0999533126501,97
2024-09-20 12:33:55.832,428.0953565706183,97
2024-09-20 12:33:55.902,428.098570085672,97
2024-09-20 12:33:56.203,428.0961474381999,95
2024-09-20 12:33:56.297,428.1050403121639,11
2024-09-20 12:33:56.340,42.81161809022771,1000
2024-09-20 12:33:56.349,428.12034397563207,14
2024-09-20 12:33:56.520,428.1053531889005,1001
2024-09-20 12:33:56.539,428.1019816166229,9
2024-09-20 12:33:56.810,428.10474924562175,15
2024-09-20 12:33:56.902,428.1060531034538,9
2024-09-20 12:33:57.007,428.06231195301285,998
2024-09-20 12:33:57.109,428.1141886984436,97
2024-09-20 12:33:57.197,428.0951605712719,15
2024-09-20 12:33:57.222,428.0977321796915,101
2024-09-20 12:33:57.235,428.0694127337396,98
2024-09-20 12:33:57.333,428.0602768872861,7
2024-09-20 12:33:57.531,428.1017921442705,96
2024-09-20 12:33:57.683,428.12860121311,15
2024-09-20 12:33:57.705,428.0697611927474,102
2024-09-20 12:33:57.745,428.1371670548965,1005
2024-09-20 12:33:57.856,428.07680521947685,9
2024-09-20 12:33:57.972,428.07325638822107,100
2024-09-20 12:33:58.086,428.0794632330994,998
2024-09-20 12:33:58.182,428.08032207096585,14
2024-09-20 12:33:58.370,428.072831284305,99
2024-09-20 12:33:58.449,428.1170466883182,997
2024-09-20 12:33:58.682,428.1371629237629,100
2024-09-20 12:33:58.742,428.1444693544823,1003
2024-09-20 12:33:58.842,428.1029988695999,1002
2024-09-20 12:33:58.894,428.1020229916385,97
2024-09-20 12:33:58.928,428.0865631708963,1000
2024-09-20 12:33:58.982,428.1062590252062,7
2024-09-20 12:33:59.013,428.0770811950442,98
2024-09-20 12:33:59.052,428.0769481685157,97
2024-09-20 12:33:59.073,428.0973277050895,6
2024-09-20 12:33:59.102,428.07926570619054,9
2024-09-20 12:33:59.126,428.0917935329104,98
2024-09-20 12:33:59.245,428.1166826724455,995
2024-09-20 12:33:59.447,428.0790115274467,99
2024-09-20 12:33:59.553,428.10726002867983,99
2024-09-20 12:33:59.665,428.1004726385163,100
2024-09-20 12:33:59.764,428.07411614479406,7
2024-09-20 12:33:59.892,,1005
