Timestamp,Price,Size
2024-09-20 11:33:00.158,426.9073139580957,105
2024-09-20 11:33:00.589,426.9587707919207,13
2024-09-20 11:33:00.807,426.9184423505055,100
2024-09-20 11:33:00.830,426.9281243483047,11
2024-09-20 11:33:00.853,426.89924479905073,104
2024-09-20 11:33:00.965,426.9364676342122,15
2024-09-20 11:33:00.966,426.9365306010694,997
2024-09-20 11:33:01.174,426.9612530599814,998
2024-09-20 11:33:01.181,426.9205181724229,995
2024-09-20 11:33:01.272,426.9604044469808,1005
2024-09-20 11:33:01.368,426.956777974503,97
2024-09-20 11:33:01.383,426.9523770706565,102
2024-09-20 11:33:01.555,426.9713513512282,1001
2024-09-20 11:33:01.618,426.950866955309,1000
2024-09-20 11:33:01.732,426.95529158814327,12
2024-09-20 11:33:01.882,426.9443235708882,1001
2024-09-20 11:33:01.913,426.9490910429089,1005
2024-09-20 11:33:02.004,426.95594629966513,5
2024-09-20 11:33:02.093,426.95196548555816,105
2024-09-20 11:33:02.132,426.932844073986,998
2024-09-20 11:33:02.162,426.9202697918853,997
2024-09-20 11:33:02.206,426.9674384719253,995
2024-09-20 11:33:02.238,426.926071515364,7
2024-09-20 11:33:02.269,426.94181806175663,105
2024-09-20 11:33:02.283,426.9201053149941,96
2024-09-20 11:33:02.333,426.9443586977784,999
2024-09-20 11:33:02.430,,14
2024-09-20 11:33:02.600,,1000
2024-09-20 11:33:02.621,426.94367305294514,97
2024-09-20 11:33:02.870,426.9079448947347,8
2024-09-20 11:33:02.916,426.93936736183207,95
2024-09-20 11:33:02.917,426.9719569013374,105
2024-09-20 11:33:02.955,426.9838211482926,997
2024-09-20 11:33:03.019,426.9210939275452,997
2024-09-20 11:33:03.075,426.9622641340831,104
2024-09-20 11:33:03.093,426.9353295769683,97
2024-09-20 11:33:03.111,426.95471953534434,998
2024-09-20 11:33:03.127,426.9278975101013,14
2024-09-20 11:33:03.399,426.95465930412166,8
2024-09-20 11:33:03.500,426.9430487993183,1002
2024-09-20 11:33:03.517,426.9567562314696,9
2024-09-20 11:33:03.546,426.94995224091787,6
2024-09-20 11:33:03.654,426.91957123388016,103
2024-09-20 11:33:03.718,426.9541589249435,14
2024-09-20 11:33:03.996,426.9409280008701,96
2024-09-20 11:33:04.423,426.9109870453055,102
2024-09-20 11:33:04.506,426.9084159889365,8
2024-09-20 11:33:04.572,426.9167585307421,15
2024-09-20 11:33:04.648,426.9295857936315,101
2024-09-20 11:33:04.727,426.92781652055953,6
2024-09-20 11:33:04.756,426.9566467268912,1004
2024-09-20 11:33:04.804,426.9115932142813,1004
2024-09-20 11:33:04.964,426.8932126906822,7
2024-09-20 11:33:05.127,426.8709536602593,999
2024-09-20 11:33:05.379,426.8923505895646,998
2024-09-20 11:33:05.403,426.8655226750051,1005
2024-09-20 11:33:05.429,426.8770484761659,99
2024-09-20 11:33:05.539,426.8972251038344,12
2024-09-20 11:33:06.233,426.9568677786706,999
2024-09-20 11:33:06.528,426.9295923967833,1003
2024-09-20 11:33:06.647,426.91106001721454,1001
2024-09-20 11:33:06.739,426.9387032270713,1004
2024-09-20 11:33:06.828,426.9291613813386,98
2024-09-20 11:33:06.885,426.9342721948111,997
2024-09-20 11:33:06.930,426.8730042613069,96
2024-09-20 11:33:07.012,426.8639905806628,97
2024-09-20 11:33:07.103,426.88740988109583,1005
2024-09-20 11:33:07.267,426.8838316100384,100
2024-09-20 11:33:07.306,426.820426826674,11
2024-09-20 11:33:07.326,426.902256583729,7
2024-09-20 11:33:07.456,426.877298922135,98
2024-09-20 11:33:07.525,426.9005510384774,999
2024-09-20 11:33:07.567,426.85847695036017,14
2024-09-20 11:33:07.638,426.8257823503303,14
2024-09-20 11:33:07.656,426.85430971470674,1002
2024-09-20 11:33:07.669,426.90852240378126,998
2024-09-20 11:33:07.690,426.9050439543397,96
2024-09-20 11:33:07.785,426.9131093612375,105
2024-09-20 11:33:07.939,426.8473173160458,96
2024-09-20 11:33:07.967,426.7910006104691,9
2024-09-20 11:33:07.986,426.78658674942017,95
2024-09-20 11:33:08.026,426.7850371919413,100
2024-09-20 11:33:08.087,426.8170186224084,1001
2024-09-20 11:33:08.184,426.7738155885959,6
2024-09-20 11:33:08.206,426.7871259994578,13
2024-09-20 11:33:08.218,426.7754740507654,12
2024-09-20 11:33:08.227,426.7984782953951,998
2024-09-20 11:33:08.230,426.78786169918953,99
2024-09-20 11:33:08.233,426.789170124354,995
2024-09-20 11:33:08.238,426.7814056719361,1003
2024-09-20 11:33:08.258,426.7922582593736,99
2024-09-20 11:33:08.280,426.77171174161407,1001
2024-09-20 11:33:08.284,426.8163169453148,12
2024-09-20 11:33:08.293,426.7526021205399,11
2024-09-20 11:33:08.336,426.8057403224679,103
2024-09-20 11:33:08.596,426.781975758761,996
2024-09-20 11:33:08.617,426.7550911224973,1000
2024-09-20 11:33:08.625,426.81293756975833,12
2024-09-20 11:33:08.756,426.7845873312464,5
2024-09-20 11:33:08.778,426.7751846237989,1003
2024-09-20 11:33:08.852,426.7866692422251,10
2024-09-20 11:33:09.073,426.8415295305692,13
2024-09-20 11:33:09.211,426.87144640623166,1001
2024-09-20 11:33:09.227,426.8431140319611,998
2024-09-20 11:33:09.264,426.8115708793474,1001
2024-09-20 11:33:09.349,426.8314738047128,7
2024-09-20 11:33:09.620,426.8631888693512,997
2024-09-20 11:33:09.695,426.88888818602,998
2024-09-20 11:33:09.709,426.8537090471228,999
2024-09-20 11:33:09.718,426.8076056092652,11
2024-09-20 11:33:09.731,,98
2024-09-20 11:33:09.899,426.8229428034952,997
2024-09-20 11:33:09.994,426.82411405536646,1003
2024-09-20 11:33:10.079,426.87077687138304,105
2024-09-20 11:33:10.112,426.8614044933714,10
2024-09-20 11:33:10.127,426.88198402186873,8
2024-09-20 11:33:10.229,426.86568131227097,995
2024-09-20 11:33:10.505,426.882790287556,6
2024-09-20 11:33:10.506,426.874085997717,101
2024-09-20 11:33:10.680,426.8683622698841,15
2024-09-20 11:33:10.729,426.8873857740018,104
2024-09-20 11:33:10.768,426.8653026169234,5
2024-09-20 11:33:10.821,426.8731840063553,5
2024-09-20 11:33:10.856,426.87959418067067,995
2024-09-20 11:33:10.870,426.8844515915704,6
2024-09-20 11:33:11.029,426.8861943680811,9
2024-09-20 11:33:11.067,426.8815846588324,105
2024-09-20 11:33:11.128,426.87614403409066,104
2024-09-20 11:33:11.246,426.8814002045766,105
2024-09-20 11:33:11.274,426.87775285643625,101
2024-09-20 11:33:11.296,426.88585495115086,1003
2024-09-20 11:33:11.440,426.8847873590469,99
2024-09-20 11:33:11.463,426.8625688999492,96
2024-09-20 11:33:11.514,426.8472545271952,1005
2024-09-20 11:33:11.557,426.8788295739623,102
2024-09-20 11:33:11.601,426.8530764093198,7
2024-09-20 11:33:11.601,426.8469525479245,7
2024-09-20 11:33:11.634,426.8537991257994,1004
2024-09-20 11:33:11.640,426.8567795382,15
2024-09-20 11:33:11.830,426.8847227062441,104
2024-09-20 11:33:11.950,426.8907733518959,10
2024-09-20 11:33:12.055,426.8261500592898,105
2024-09-20 11:33:12.310,426.8158948095149,999
2024-09-20 11:33:12.417,426.81311702916526,1002
2024-09-20 11:33:12.426,426.83764712129226,6
2024-09-20 11:33:12.435,426.8005215750613,95
2024-09-20 11:33:12.439,426.7909530720953,7
2024-09-20 11:33:12.487,426.8363082168044,1000
2024-09-20 11:33:12.515,426.8200760111746,1003
2024-09-20 11:33:12.577,426.8325425996061,998
2024-09-20 11:33:12.622,426.8397787542638,103
2024-09-20 11:33:12.740,426.8322121299365,11
2024-09-20 11:33:12.789,426.77726577696666,7
2024-09-20 11:33:12.810,426.82758272210623,12
2024-09-20 11:33:12.894,426.81095080706905,14
2024-09-20 11:33:12.929,426.8052502699166,102
2024-09-20 11:33:12.955,426.7814039214129,996
2024-09-20 11:33:12.995,426.8153331412759,9
2024-09-20 11:33:13.337,426.8240700694605,1001
2024-09-20 11:33:14.033,426.92950672589984,15
2024-09-20 11:33:14.058,426.9173004627493,1000
2024-09-20 11:33:14.067,426.8815506661738,8
2024-09-20 11:33:14.089,426.9154088285851,999
2024-09-20 11:33:14.137,426.8962143450999,12
2024-09-20 11:33:14.261,426.7970752589637,97
2024-09-20 11:33:14.277,426.8967929877748,10
2024-09-20 11:33:14.304,426.8527212439116,105
2024-09-20 11:33:14.412,426.89399722322713,997
2024-09-20 11:33:14.426,42.6810058392956,9
2024-09-20 11:33:14.486,426.9135259477265,1002
2024-09-20 11:33:14.501,426.9288401636884,997
2024-09-20 11:33:14.576,426.92532683663256,99
2024-09-20 11:33:14.604,426.8851338470131,97
2024-09-20 11:33:14.617,426.7880843396704,99
2024-09-20 11:33:14.621,426.9314040538492,1003
2024-09-20 11:33:14.658,426.80207018432594,95
2024-09-20 11:33:14.692,426.8146955349936,105
2024-09-20 11:33:14.694,426.8437474600912,104
2024-09-20 11:33:14.711,426.8969941681344,96
2024-09-20 11:33:14.764,426.8989762709601,999
2024-09-20 11:33:14.783,426.86429891573965,1004
2024-09-20 11:33:14.786,426.9192400151873,998
2024-09-20 11:33:14.820,426.8431063667007,1004
2024-09-20 11:33:14.860,426.8494768640304,9
2024-09-20 11:33:14.929,426.8691538830829,1004
2024-09-20 11:33:14.960,426.9184302975581,1003
2024-09-20 11:33:14.965,426.9175077351839,101
2024-09-20 11:33:14.984,-426.8433488458603,105
2024-09-20 11:33:15.061,426.86140032197,9
2024-09-20 11:33:15.099,426.8777400253089,102
2024-09-20 11:33:15.100,426.8255898354483,1002
2024-09-20 11:33:15.122,426.8697275896546,1000
2024-09-20 11:33:15.130,426.8473426317452,96
2024-09-20 11:33:15.394,426.8728931215581,99
2024-09-20 11:33:15.397,426.8319330817596,997
2024-09-20 11:33:15.494,426.8263210231164,999
2024-09-20 11:33:15.582,426.8374412210596,6
2024-09-20 11:33:15.603,426.8207775519031,1005
2024-09-20 11:33:15.811,426.8985936589093,1000
2024-09-20 11:33:15.820,426.88722262861273,95
2024-09-20 11:33:15.884,426.87640367296376,997
2024-09-20 11:33:15.909,426.8424785607932,12
2024-09-20 11:33:15.966,426.88411889524747,97
2024-09-20 11:33:15.980,426.8858396657124,997
2024-09-20 11:33:16.124,426.82083102132896,995
2024-09-20 11:33:16.256,426.8166130535796,9
2024-09-20 11:33:16.751,42.68029328439495,6
2024-09-20 11:33:17.045,426.8128038343923,9
2024-09-20 11:33:17.118,426.8263606751398,996
2024-09-20 11:33:17.174,426.8224822711541,103
2024-09-20 11:33:17.526,426.8188564490415,10
2024-09-20 11:33:17.664,426.8164954565356,998
2024-09-20 11:33:17.832,426.8094047189653,995
2024-09-20 11:33:18.025,426.87571073351984,995
2024-09-20 11:33:18.059,426.8884565824425,96
2024-09-20 11:33:18.091,426.8417527497234,12
2024-09-20 11:33:18.106,426.8830647318149,9
2024-09-20 11:33:18.110,426.8857065652551,97
2024-09-20 11:33:18.113,426.8211208206884,997
2024-09-20 11:33:18.154,426.83058895668427,15
2024-09-20 11:33:18.229,426.8847104528826,98
2024-09-20 11:33:18.297,426.8669609266144,98
2024-09-20 11:33:18.390,426.8958780677788,15
2024-09-20 11:33:18.407,426.8759882831002,1004
2024-09-20 11:33:18.428,426.839196473098,13
2024-09-20 11:33:18.477,426.8568518253637,1000
2024-09-20 11:33:18.505,426.8877259170536,1000
2024-09-20 11:33:18.517,426.91567381643074,997
2024-09-20 11:33:18.524,426.89184625373,97
2024-09-20 11:33:18.548,426.9022301765951,15
2024-09-20 11:33:18.575,426.8427866768424,96
2024-09-20 11:33:18.688,426.884065239356,1001
2024-09-20 11:33:18.693,426.86164892580257,1003
2024-09-20 11:33:18.742,426.82692606694326,99
2024-09-20 11:33:18.763,426.8810666073083,999
2024-09-20 11:33:18.774,426.87960849839067,104
2024-09-20 11:33:18.778,426.8857593242993,95
2024-09-20 11:33:18.852,426.8386851485158,101
2024-09-20 11:33:18.855,426.900881964277,998
2024-09-20 11:33:18.954,426.83255477568514,999
2024-09-20 11:33:19.037,426.8802703447023,995
2024-09-20 11:33:19.069,426.81229115391193,14
2024-09-20 11:33:19.118,426.854597241188,102
2024-09-20 11:33:19.196,426.9165157141912,11
2024-09-20 11:33:19.274,426.8617295004684,101
2024-09-20 11:33:19.335,426.904222240324,96
2024-09-20 11:33:19.344,426.9142262287205,103
2024-09-20 11:33:19.361,42.68453619408288,13
2024-09-20 11:33:19.505,426.8505595903145,1002
2024-09-20 11:33:19.830,426.8392505304286,101
2024-09-20 11:33:19.869,426.8997964754618,1002
2024-09-20 11:33:19.882,426.83569897190665,1002
2024-09-20 11:33:19.887,426.8675384675708,102
2024-09-20 11:33:19.986,426.8260660783747,101
2024-09-20 11:33:20.002,426.7801108597743,102
2024-09-20 11:33:20.010,426.7896464146368,5
2024-09-20 11:33:20.149,426.7542522296206,100
2024-09-20 11:33:20.186,426.7962693635251,13
2024-09-20 11:33:20.247,42.6741016742793,105
2024-09-20 11:33:20.322,426.6978229909595,1004
2024-09-20 11:33:20.416,426.73653365005015,100
2024-09-20 11:33:20.447,426.6988737260148,997
2024-09-20 11:33:20.481,426.78874851803,13
2024-09-20 11:33:20.494,426.6984216371358,995
2024-09-20 11:33:20.541,426.7414501863769,104
2024-09-20 11:33:20.549,426.7926990601503,996
2024-09-20 11:33:20.583,426.751299453168,1004
2024-09-20 11:33:20.701,426.6883917677138,6
2024-09-20 11:33:20.718,426.7208748508611,1003
2024-09-20 11:33:20.719,426.68729879327225,15
2024-09-20 11:33:20.973,426.7737144023428,1002
2024-09-20 11:33:20.988,426.7341224284624,1003
2024-09-20 11:33:21.130,426.6377612360644,95
2024-09-20 11:33:21.169,426.6164350785273,103
2024-09-20 11:33:21.221,426.6099099609108,96
2024-09-20 11:33:21.225,426.6714561718397,999
2024-09-20 11:33:21.489,426.63060768804456,1004
2024-09-20 11:33:21.508,426.61879548368034,999
2024-09-20 11:33:21.638,426.6174842850747,998
2024-09-20 11:33:21.653,426.6444308701397,13
2024-09-20 11:33:21.718,426.62853501188425,97
2024-09-20 11:33:21.719,426.62907982427134,1003
2024-09-20 11:33:21.775,426.6016987415789,1003
2024-09-20 11:33:21.785,426.61089350412993,96
2024-09-20 11:33:21.795,426.6233040557021,8
2024-09-20 11:33:21.899,426.6283711887002,96
2024-09-20 11:33:22.031,426.6802977697331,14
2024-09-20 11:33:22.042,426.5869616529813,101
2024-09-20 11:33:22.162,426.57937362771366,14
2024-09-20 11:33:22.202,426.6336177510548,104
2024-09-20 11:33:22.279,426.5932404060414,102
2024-09-20 11:33:22.286,426.6540604288471,105
2024-09-20 11:33:22.314,426.5847069819153,1002
2024-09-20 11:33:22.342,-426.6301050692139,12
2024-09-20 11:33:22.350,426.58436112360846,5
2024-09-20 11:33:22.360,426.6380407466351,14
2024-09-20 11:33:22.490,426.5804927844897,11
2024-09-20 11:33:22.566,426.6246554032023,13
2024-09-20 11:33:22.580,426.5893823108083,95
2024-09-20 11:33:22.585,426.59855339502326,995
2024-09-20 11:33:22.666,426.62157351465663,103
2024-09-20 11:33:22.759,426.5971309409025,10
2024-09-20 11:33:22.782,426.6698691015964,98
2024-09-20 11:33:22.854,426.6311883533662,104
2024-09-20 11:33:22.856,-426.5900218045468,99
2024-09-20 11:33:22.864,426.5997686698505,6
2024-09-20 11:33:22.955,426.6075014777185,102
2024-09-20 11:33:22.999,426.58416553472256,1000
2024-09-20 11:33:23.002,426.6835269228882,1000
2024-09-20 11:33:23.022,426.7068543401125,1004
2024-09-20 11:33:23.079,426.7317203985084,5
2024-09-20 11:33:23.103,426.6950926657877,5
2024-09-20 11:33:23.145,426.7506321489298,15
2024-09-20 11:33:23.153,426.7307554370648,8
2024-09-20 11:33:23.193,426.74744453635424,96
2024-09-20 11:33:23.225,426.7124380956839,11
2024-09-20 11:33:23.280,426.7133940226925,103
2024-09-20 11:33:23.325,42.67382766537759,1002
2024-09-20 11:33:23.343,426.708110440959,14
2024-09-20 11:33:23.348,426.74160307508106,11
2024-09-20 11:33:23.362,426.7366093136375,999
2024-09-20 11:33:23.372,426.6543369249833,995
2024-09-20 11:33:23.377,426.7091994718072,6
2024-09-20 11:33:23.399,426.7217941043908,998
2024-09-20 11:33:23.620,426.7264895420453,103
2024-09-20 11:33:23.696,426.660697038544,105
2024-09-20 11:33:23.786,426.71579646383697,5
2024-09-20 11:33:23.877,426.700374174729,101
2024-09-20 11:33:23.904,426.7237524670289,102
2024-09-20 11:33:23.935,426.754879109252,12
2024-09-20 11:33:23.977,426.7145483573692,9
2024-09-20 11:33:23.993,426.7443198937991,14
2024-09-20 11:33:24.037,426.7274819181439,998
2024-09-20 11:33:24.104,426.7164624527432,12
2024-09-20 11:33:24.211,426.7112107045344,97
2024-09-20 11:33:24.257,426.7072207145659,998
2024-09-20 11:33:24.292,426.71344839011607,1005
2024-09-20 11:33:24.313,426.7263779764207,15
2024-09-20 11:33:24.413,426.7381016411524,1004
2024-09-20 11:33:24.474,426.7161894478648,100
2024-09-20 11:33:24.514,426.7197580954357,105
2024-09-20 11:33:24.575,426.7083716189996,5
2024-09-20 11:33:24.866,426.72575028272536,1005
2024-09-20 11:33:24.871,426.7172797691176,998
2024-09-20 11:33:24.992,426.7300725987069,98
2024-09-20 11:33:25.011,426.7198466049665,7
2024-09-20 11:33:25.018,426.6960155598664,1004
2024-09-20 11:33:25.102,426.72320075788525,1003
2024-09-20 11:33:25.221,426.7191715528908,12
2024-09-20 11:33:25.329,426.6926992927548,1005
2024-09-20 11:33:25.373,426.70575643434296,6
2024-09-20 11:33:25.482,426.697738775144,14
2024-09-20 11:33:25.566,426.7096255804967,5
2024-09-20 11:33:25.680,426.7131480575765,100
2024-09-20 11:33:25.760,426.67126259051946,100
2024-09-20 11:33:25.800,426.69982904772,1000
2024-09-20 11:33:25.812,426.7080014887992,104
2024-09-20 11:33:26.055,426.7300002320223,10
2024-09-20 11:33:26.073,426.743966237152,11
2024-09-20 11:33:26.160,426.6987540495238,101
2024-09-20 11:33:26.161,426.700606741602,999
2024-09-20 11:33:26.246,426.76224203879633,1005
2024-09-20 11:33:26.268,426.69532519003087,1003
2024-09-20 11:33:26.313,426.7410589345229,8
2024-09-20 11:33:26.343,426.6868699389886,1000
2024-09-20 11:33:26.362,426.6682044714195,1002
2024-09-20 11:33:26.461,426.7446924894911,1005
2024-09-20 11:33:26.473,426.743556301425,103
2024-09-20 11:33:26.494,426.76786191889903,8
2024-09-20 11:33:26.560,426.73594337024224,14
2024-09-20 11:33:26.573,426.7401207279777,5
2024-09-20 11:33:26.588,426.66616707868775,101
2024-09-20 11:33:26.736,426.7388834661532,1001
2024-09-20 11:33:26.746,426.76219203754766,1001
2024-09-20 11:33:26.805,-426.7253224220006,1000
2024-09-20 11:33:26.909,426.6994534188111,12
2024-09-20 11:33:27.129,426.7565627989498,100
2024-09-20 11:33:27.303,426.757126734016,14
2024-09-20 11:33:27.453,426.740504602573,97
2024-09-20 11:33:27.540,426.75636713451087,100
2024-09-20 11:33:27.925,426.74932711346855,15
2024-09-20 11:33:27.959,426.7363097062552,98
2024-09-20 11:33:28.009,426.7686254931787,15
2024-09-20 11:33:28.069,426.7484082240931,12
2024-09-20 11:33:28.074,426.78161999553663,102
2024-09-20 11:33:28.143,426.775471179877,103
2024-09-20 11:33:28.170,426.76115937612815,99
2024-09-20 11:33:28.224,426.7836729847978,95
2024-09-20 11:33:28.258,426.7658431097264,105
2024-09-20 11:33:28.402,-426.7650297631845,104
2024-09-20 11:33:28.594,426.76237786167945,103
2024-09-20 11:33:28.668,426.7760623505563,1004
2024-09-20 11:33:28.890,426.76303561681766,99
2024-09-20 11:33:28.903,426.7852887488098,104
2024-09-20 11:33:28.943,426.7928430049605,101
2024-09-20 11:33:30.525,426.787905514063,11
2024-09-20 11:33:31.015,426.8377476841936,104
2024-09-20 11:33:31.025,426.83665650769626,5
2024-09-20 11:33:31.117,426.8302749647115,101
2024-09-20 11:33:31.287,426.8432786380213,7
2024-09-20 11:33:31.330,426.8316515522613,14
2024-09-20 11:33:31.337,426.8384324430191,999
2024-09-20 11:33:31.381,426.8459196167626,13
2024-09-20 11:33:31.381,426.8168576343742,103
2024-09-20 11:33:31.482,426.8340110018733,8
2024-09-20 11:33:31.580,426.81233053185497,97
2024-09-20 11:33:31.586,426.843645149151,11
2024-09-20 11:33:31.587,426.8061508016845,8
2024-09-20 11:33:31.620,426.83454482707367,6
2024-09-20 11:33:31.638,426.8279841187572,104
2024-09-20 11:33:31.714,426.8121768880012,95
2024-09-20 11:33:31.759,426.81157069977945,996
2024-09-20 11:33:31.768,426.8193686737855,1001
2024-09-20 11:33:31.800,426.8365203223636,9
2024-09-20 11:33:31.814,426.831328792099,997
2024-09-20 11:33:31.849,426.83419035822646,15
2024-09-20 11:33:31.951,426.80400792631946,100
2024-09-20 11:33:31.960,426.8497528540459,103
2024-09-20 11:33:31.980,426.82928881304895,1005
2024-09-20 11:33:32.239,426.7962867788954,99
2024-09-20 11:33:32.588,426.7998422993032,105
2024-09-20 11:33:33.049,426.76194818678334,1001
2024-09-20 11:33:33.079,426.781530945084,104
2024-09-20 11:33:33.205,426.8078348655485,1000
2024-09-20 11:33:33.206,426.8037878462219,1005
2024-09-20 11:33:33.224,426.7809678571788,1003
2024-09-20 11:33:33.228,426.7734253931216,101
2024-09-20 11:33:33.230,426.8114594349684,98
2024-09-20 11:33:33.231,426.7719983320409,8
2024-09-20 11:33:33.232,426.7698523747527,996
2024-09-20 11:33:33.241,426.7938884767208,998
2024-09-20 11:33:33.414,426.75975203941374,995
2024-09-20 11:33:33.473,426.76560947200886,100
2024-09-20 11:33:33.538,426.7875067697136,96
2024-09-20 11:33:33.599,426.79184667222376,15
2024-09-20 11:33:33.752,426.8252817528826,6
2024-09-20 11:33:33.760,426.7603062893513,5
2024-09-20 11:33:33.804,426.7695645370735,95
2024-09-20 11:33:33.857,426.7700337557297,999
2024-09-20 11:33:33.914,426.8166106282312,998
2024-09-20 11:33:34.229,426.7010583536889,15
2024-09-20 11:33:34.232,426.7407660030663,1005
2024-09-20 11:33:34.236,426.7254852629889,104
2024-09-20 11:33:34.301,426.7836845387717,1001
2024-09-20 11:33:34.431,426.73632071066,10
2024-09-20 11:33:34.455,426.7506155138216,999
2024-09-20 11:33:34.505,426.7504141794558,103
2024-09-20 11:33:34.508,426.7684244540706,101
2024-09-20 11:33:34.509,426.7542325792627,100
2024-09-20 11:33:34.517,426.7197764656653,5
2024-09-20 11:33:34.548,426.72422494445846,997
2024-09-20 11:33:34.587,426.72971426642334,97
2024-09-20 11:33:34.601,426.7501188654724,11
2024-09-20 11:33:34.606,426.718017453653,103
2024-09-20 11:33:34.654,426.704117944714,7
2024-09-20 11:33:34.712,426.7834741283348,1002
2024-09-20 11:33:34.755,426.7297348380212,7
2024-09-20 11:33:34.824,426.71348971502977,7
2024-09-20 11:33:34.855,426.7737364689068,103
2024-09-20 11:33:34.914,42.67189825829333,104
2024-09-20 11:33:34.930,426.7163072435839,5
2024-09-20 11:33:34.941,426.7306635085897,97
2024-09-20 11:33:34.949,426.7355834975324,7
2024-09-20 11:33:35.213,426.7581407541781,15
2024-09-20 11:33:35.362,426.75131818715846,1003
2024-09-20 11:33:35.365,426.779745866014,96
2024-09-20 11:33:35.795,,103
2024-09-20 11:33:36.216,426.7721108319743,102
2024-09-20 11:33:36.231,426.7314310033348,1003
2024-09-20 11:33:36.266,-426.76140891054285,95
2024-09-20 11:33:36.271,426.7668885224772,995
2024-09-20 11:33:36.313,,8
2024-09-20 11:33:36.415,426.76224005208,1000
2024-09-20 11:33:36.579,426.7236112039203,9
2024-09-20 11:33:36.629,426.7690460886076,998
2024-09-20 11:33:36.735,426.77119760814736,1000
2024-09-20 11:33:36.749,426.7955430738061,10
2024-09-20 11:33:36.900,426.7453390559032,97
2024-09-20 11:33:36.940,42.678818450482936,998
2024-09-20 11:33:36.946,426.71264648124975,102
2024-09-20 11:33:36.970,426.7809840267468,12
2024-09-20 11:33:36.970,426.7771500105407,97
2024-09-20 11:33:37.012,426.7478282167139,97
2024-09-20 11:33:37.032,42.67719915827913,97
2024-09-20 11:33:37.039,426.7482695094164,1001
2024-09-20 11:33:37.040,426.7809091212101,999
2024-09-20 11:33:37.052,426.7728897373676,13
2024-09-20 11:33:37.092,426.7704516315455,99
2024-09-20 11:33:37.112,426.7484290887607,105
2024-09-20 11:33:37.159,426.7879154845605,104
2024-09-20 11:33:37.173,426.75825328678746,1001
2024-09-20 11:33:37.184,426.7990230573812,7
2024-09-20 11:33:37.195,426.7322515131064,12
2024-09-20 11:33:37.213,426.7566049723828,97
2024-09-20 11:33:37.259,426.78161016744775,100
2024-09-20 11:33:37.375,426.7645426718489,15
2024-09-20 11:33:37.398,426.7825275587094,12
2024-09-20 11:33:37.481,426.7916086927115,997
2024-09-20 11:33:37.559,426.735249170828,999
2024-09-20 11:33:37.571,426.75931602227377,12
2024-09-20 11:33:37.607,426.7673990679025,999
2024-09-20 11:33:37.661,426.7678911095018,99
2024-09-20 11:33:37.706,426.8234677750826,100
2024-09-20 11:33:37.719,426.80701818215664,15
2024-09-20 11:33:37.849,426.77135856517,97
2024-09-20 11:33:37.863,426.8029837362597,99
2024-09-20 11:33:37.869,426.7732322571752,7
2024-09-20 11:33:37.879,426.8049337077022,1003
2024-09-20 11:33:37.969,426.778239013198,100
2024-09-20 11:33:38.005,426.8123368983666,11
2024-09-20 11:33:38.210,426.7958220795047,98
2024-09-20 11:33:38.284,426.81640157972265,1000
2024-09-20 11:33:38.306,426.7994869557326,1001
2024-09-20 11:33:38.392,426.832106844162,8
2024-09-20 11:33:38.452,426.81655883384747,103
2024-09-20 11:33:38.502,426.83218580158734,995
2024-09-20 11:33:38.548,426.80262255867774,997
2024-09-20 11:33:38.580,426.8328895530893,12
2024-09-20 11:33:38.769,426.82152349280585,995
2024-09-20 11:33:38.834,426.8243144510828,98
2024-09-20 11:33:38.852,426.7925643023172,14
2024-09-20 11:33:38.882,426.8081452194429,1003
2024-09-20 11:33:38.882,426.8047957353986,102
2024-09-20 11:33:38.905,426.8284514885608,999
2024-09-20 11:33:38.910,426.8223171895434,1003
2024-09-20 11:33:39.001,426.76458946468586,101
2024-09-20 11:33:39.081,426.80151513546497,8
2024-09-20 11:33:39.128,426.779453000134,101
2024-09-20 11:33:39.131,426.76624989778935,1002
2024-09-20 11:33:39.155,426.8257257751391,1003
2024-09-20 11:33:39.175,426.7788639384685,105
2024-09-20 11:33:39.179,426.77829084290494,999
2024-09-20 11:33:39.205,426.7957778483001,13
2024-09-20 11:33:39.242,426.7749888598471,10
2024-09-20 11:33:39.281,426.7829808487271,96
2024-09-20 11:33:39.283,426.7753782169037,15
2024-09-20 11:33:39.320,426.7675639409354,103
2024-09-20 11:33:39.322,426.7714332113191,5
2024-09-20 11:33:39.331,426.7919333278539,103
2024-09-20 11:33:39.364,426.80649671221215,103
2024-09-20 11:33:39.368,426.7956984387239,998
2024-09-20 11:33:39.421,426.7879930596079,12
2024-09-20 11:33:39.595,426.7911953806631,97
2024-09-20 11:33:39.672,426.8164237506048,102
2024-09-20 11:33:39.678,426.7642389838336,96
2024-09-20 11:33:39.688,426.8227028488372,11
2024-09-20 11:33:39.714,426.7757951326506,1005
2024-09-20 11:33:39.752,426.78461453170536,8
2024-09-20 11:33:39.753,426.7717239350893,5
2024-09-20 11:33:39.819,426.7839751347337,1004
2024-09-20 11:33:39.855,-426.765190672822,996
2024-09-20 11:33:39.991,426.79668375930487,100
2024-09-20 11:33:40.042,426.8572453522748,14
2024-09-20 11:33:40.112,426.82907217450185,1001
2024-09-20 11:33:40.172,426.8354781165156,13
2024-09-20 11:33:40.202,426.8228850069157,1001
2024-09-20 11:33:40.271,426.8519063943584,5
2024-09-20 11:33:40.286,426.83197269124366,99
2024-09-20 11:33:40.346,426.9062499451601,9
2024-09-20 11:33:40.389,426.8381444845794,13
2024-09-20 11:33:40.425,426.8871338046133,11
2024-09-20 11:33:40.583,426.8438342975657,998
2024-09-20 11:33:40.585,426.8687328623049,7
2024-09-20 11:33:40.652,426.8452494464362,997
2024-09-20 11:33:40.726,426.8655864470962,97
2024-09-20 11:33:40.773,426.8128136716612,14
2024-09-20 11:33:40.885,426.8375286932195,1005
2024-09-20 11:33:40.886,426.8169061939943,9
2024-09-20 11:33:40.919,426.8549314575918,997
2024-09-20 11:33:41.015,426.9953324766941,9
2024-09-20 11:33:41.102,426.9228419470967,10
2024-09-20 11:33:41.112,426.9667891014735,95
2024-09-20 11:33:41.130,426.9768580122019,103
2024-09-20 11:33:41.246,426.9471739225049,5
2024-09-20 11:33:41.350,426.9587326620539,1002
2024-09-20 11:33:41.351,426.9549318813879,6
2024-09-20 11:33:41.431,426.9600245434036,1002
2024-09-20 11:33:41.473,426.942454976545,98
2024-09-20 11:33:41.548,426.95415941573935,102
2024-09-20 11:33:41.555,426.9490393007882,997
2024-09-20 11:33:41.560,426.95625364157473,12
2024-09-20 11:33:41.562,426.9458240158963,5
2024-09-20 11:33:41.585,426.9558005664362,100
2024-09-20 11:33:41.604,426.9136643692409,96
2024-09-20 11:33:41.663,426.9506566969712,105
2024-09-20 11:33:41.669,427.0327473871769,7
2024-09-20 11:33:41.738,426.9031775950451,96
2024-09-20 11:33:41.742,426.97069957096414,996
2024-09-20 11:33:41.805,426.92729946592976,103
2024-09-20 11:33:41.814,426.9835493139565,998
2024-09-20 11:33:41.927,426.9278394805903,997
2024-09-20 11:33:41.950,426.9416190723842,15
2024-09-20 11:33:41.957,426.9207703261255,1001
2024-09-20 11:33:41.989,426.9341775878527,11
2024-09-20 11:33:42.020,427.0039185907125,101
2024-09-20 11:33:42.027,427.0647438112158,98
2024-09-20 11:33:42.072,426.99426947175056,98
2024-09-20 11:33:42.138,427.0212927134889,15
2024-09-20 11:33:42.205,427.0116050596019,1002
2024-09-20 11:33:42.224,427.0476660982835,100
2024-09-20 11:33:42.268,427.0140604628161,13
2024-09-20 11:33:42.306,427.0280682002164,999
2024-09-20 11:33:42.315,427.01854577355465,1004
2024-09-20 11:33:42.346,427.0268486586842,6
2024-09-20 11:33:42.357,427.0170401993364,1004
2024-09-20 11:33:42.363,427.0068567273364,101
2024-09-20 11:33:42.642,427.0323040844314,998
2024-09-20 11:33:42.691,427.0143610712147,99
2024-09-20 11:33:42.815,427.026735829642,7
2024-09-20 11:33:43.088,427.0996423071995,105
2024-09-20 11:33:43.205,427.0398246843795,995
2024-09-20 11:33:43.280,427.0914939985658,996
2024-09-20 11:33:43.285,427.0587842391832,105
2024-09-20 11:33:43.291,427.0944913474024,10
2024-09-20 11:33:43.376,427.0830143549497,15
2024-09-20 11:33:43.549,427.0708024616858,995
2024-09-20 11:33:43.632,,105
2024-09-20 11:33:43.734,427.04821089841215,13
2024-09-20 11:33:43.850,427.07632261840206,997
2024-09-20 11:33:44.558,427.05745158999866,1005
2024-09-20 11:33:44.802,427.0502415275857,998
2024-09-20 11:33:45.084,427.0355012612391,104
2024-09-20 11:33:45.146,427.0272840653268,96
2024-09-20 11:33:45.223,427.0636487227988,10
2024-09-20 11:33:45.282,,105
2024-09-20 11:33:45.286,427.04509638309145,12
2024-09-20 11:33:45.320,427.0597936019169,104
2024-09-20 11:33:45.552,427.0370633541056,11
2024-09-20 11:33:45.865,427.0529229815009,8
2024-09-20 11:33:45.884,427.0555506523603,997
2024-09-20 11:33:46.077,427.0490636196415,12
2024-09-20 11:33:46.180,427.0390097639392,101
2024-09-20 11:33:46.271,427.02205982926216,98
2024-09-20 11:33:46.310,427.0229707293433,104
2024-09-20 11:33:46.328,427.03633052467575,7
2024-09-20 11:33:46.396,427.041682040854,6
2024-09-20 11:33:46.463,427.025356667648,997
2024-09-20 11:33:46.514,427.0459991477968,11
2024-09-20 11:33:46.554,427.0489810951627,95
2024-09-20 11:33:46.557,427.04228529280965,8
2024-09-20 11:33:46.578,427.0341612537151,103
2024-09-20 11:33:46.613,427.0528515259268,1000
2024-09-20 11:33:46.632,427.0321948867365,996
2024-09-20 11:33:46.800,427.0488701026826,995
2024-09-20 11:33:46.883,427.03575347199904,99
2024-09-20 11:33:46.886,427.03886763933167,97
2024-09-20 11:33:46.922,427.0470342739788,1001
2024-09-20 11:33:47.009,427.0093097570349,12
2024-09-20 11:33:47.116,427.03963262235874,1003
2024-09-20 11:33:47.122,427.0435585060224,996
2024-09-20 11:33:47.201,427.00776921837206,997
2024-09-20 11:33:47.315,427.0386127017323,103
2024-09-20 11:33:47.416,427.0136706021704,1002
2024-09-20 11:33:47.450,427.037167446184,5
2024-09-20 11:33:47.535,427.0258084435704,15
2024-09-20 11:33:47.537,427.00621809079706,1005
2024-09-20 11:33:47.573,427.0349898930638,100
2024-09-20 11:33:47.645,427.04037673420686,101
2024-09-20 11:33:47.696,427.0405601688668,101
2024-09-20 11:33:47.775,427.036287345445,11
2024-09-20 11:33:47.781,427.0511413482578,997
2024-09-20 11:33:47.867,427.0231053057043,97
2024-09-20 11:33:48.208,427.0176009573421,102
2024-09-20 11:33:48.285,427.0216351573661,101
2024-09-20 11:33:48.324,427.0179462141472,7
2024-09-20 11:33:48.435,427.046889331873,998
2024-09-20 11:33:48.714,427.0369162174007,1003
2024-09-20 11:33:48.735,427.0325489817416,10
2024-09-20 11:33:48.890,427.0210228629235,1000
2024-09-20 11:33:48.975,427.04081341033935,7
2024-09-20 11:33:49.037,427.022716425648,101
2024-09-20 11:33:49.092,427.0332120064453,97
2024-09-20 11:33:49.154,427.00972621701646,100
2024-09-20 11:33:49.164,427.0060641880359,103
2024-09-20 11:33:49.168,427.01183764876464,1005
2024-09-20 11:33:49.289,427.0168478162982,98
2024-09-20 11:33:49.361,427.0285682912005,96
2024-09-20 11:33:49.373,427.0151179124036,999
2024-09-20 11:33:49.378,427.01122348614456,1005
2024-09-20 11:33:49.456,427.0188599490431,996
2024-09-20 11:33:49.533,427.04171021060506,13
2024-09-20 11:33:49.563,427.0235226937719,95
2024-09-20 11:33:49.572,427.0189562158885,995
2024-09-20 11:33:49.621,426.9933521028666,12
2024-09-20 11:33:49.659,427.023441618579,101
2024-09-20 11:33:49.799,427.0015864521581,10
2024-09-20 11:33:49.820,427.028128025222,101
2024-09-20 11:33:49.831,427.0019933815869,996
2024-09-20 11:33:49.930,427.0029744759214,1003
2024-09-20 11:33:49.960,-427.0206413809442,999
2024-09-20 11:33:51.141,427.0181882298463,105
2024-09-20 11:33:51.173,427.011602600971,996
2024-09-20 11:33:51.206,427.00034071149776,103
2024-09-20 11:33:51.252,427.0295562680942,10
2024-09-20 11:33:51.607,426.9960945665263,1001
2024-09-20 11:33:51.616,427.0096552117356,95
2024-09-20 11:33:51.650,427.01235010958624,1004
2024-09-20 11:33:51.835,426.9818400990417,1001
2024-09-20 11:33:51.872,427.02070277045664,100
2024-09-20 11:33:51.968,427.0243616536781,99
2024-09-20 11:33:52.060,427.06980088547056,96
2024-09-20 11:33:52.212,427.0677365357336,103
2024-09-20 11:33:52.215,427.0477785630196,104
2024-09-20 11:33:52.234,42.70536080236483,7
2024-09-20 11:33:52.309,427.0787195827512,103
2024-09-20 11:33:52.763,427.06074436907727,99
2024-09-20 11:33:52.770,427.0842642011218,1005
2024-09-20 11:33:52.796,427.0338218620527,102
2024-09-20 11:33:52.890,427.0180021428748,98
2024-09-20 11:33:52.935,427.07297603202,7
2024-09-20 11:33:53.028,427.12810388214456,5
2024-09-20 11:33:53.037,427.12359303896267,97
2024-09-20 11:33:53.067,427.1021446728578,104
2024-09-20 11:33:53.074,427.080027775161,95
2024-09-20 11:33:53.103,427.0557837329733,9
2024-09-20 11:33:53.218,427.14417028449327,995
2024-09-20 11:33:53.267,427.0743097424563,1005
2024-09-20 11:33:53.276,427.1197070303831,14
2024-09-20 11:33:53.296,427.038699210652,7
2024-09-20 11:33:53.297,427.110677313616,1001
2024-09-20 11:33:53.320,427.0643490390915,1004
2024-09-20 11:33:53.326,427.1337098360476,13
2024-09-20 11:33:53.399,427.0809913052182,1000
2024-09-20 11:33:53.445,427.0525351166185,95
2024-09-20 11:33:53.449,427.1155024351712,6
2024-09-20 11:33:53.490,427.1219133585823,5
2024-09-20 11:33:53.490,427.1454295170629,14
2024-09-20 11:33:53.529,427.1203032007149,14
2024-09-20 11:33:53.642,427.09694377864304,8
2024-09-20 11:33:53.688,427.11406220381735,11
2024-09-20 11:33:53.765,427.0868269630914,15
2024-09-20 11:33:53.805,427.1431308621145,5
2024-09-20 11:33:53.818,427.1094775410931,1000
2024-09-20 11:33:53.875,427.1099384813415,102
2024-09-20 11:33:53.890,427.1257727772208,104
2024-09-20 11:33:53.933,427.08667090083264,14
2024-09-20 11:33:54.029,427.0665507664023,6
2024-09-20 11:33:54.100,427.0079876329857,1002
2024-09-20 11:33:54.161,426.97073976830217,15
2024-09-20 11:33:54.221,427.0135366435836,103
2024-09-20 11:33:54.230,426.9420581072173,13
2024-09-20 11:33:54.244,427.0124467992114,997
2024-09-20 11:33:54.254,427.0204722858532,5
2024-09-20 11:33:54.265,427.024309781872,97
2024-09-20 11:33:54.295,427.0117399655073,6
2024-09-20 11:33:54.331,427.0612446953271,99
2024-09-20 11:33:54.334,426.9333250161639,104
2024-09-20 11:33:54.337,427.0154310172896,13
2024-09-20 11:33:54.377,426.9229866786582,995
2024-09-20 11:33:54.411,427.0665616136818,9
2024-09-20 11:33:54.486,427.0665125971958,105
2024-09-20 11:33:54.563,427.0767675901646,15
2024-09-20 11:33:54.648,426.95887673745966,12
2024-09-20 11:33:54.676,427.0227380949888,995
2024-09-20 11:33:54.709,427.0660383689651,999
2024-09-20 11:33:54.719,426.941595071458,99
2024-09-20 11:33:54.723,426.99767475670143,97
2024-09-20 11:33:54.749,426.9532415836242,105
2024-09-20 11:33:54.751,427.0948923297165,8
2024-09-20 11:33:54.802,427.0366355495784,101
2024-09-20 11:33:54.844,426.9893677756512,1001
2024-09-20 11:33:54.859,427.0170222906469,999
2024-09-20 11:33:54.862,-427.0224417517945,1001
2024-09-20 11:33:54.873,427.0293832757169,102
2024-09-20 11:33:54.922,426.9506116230493,999
2024-09-20 11:33:54.973,426.92610033724736,995
2024-09-20 11:33:55.044,426.9349644369552,96
2024-09-20 11:33:55.174,426.9485847794701,13
2024-09-20 11:33:55.300,426.92736999234336,102
2024-09-20 11:33:55.384,426.9591367558897,96
2024-09-20 11:33:55.437,426.91935315766005,96
2024-09-20 11:33:55.483,426.9282590644612,998
2024-09-20 11:33:55.513,426.9210909839775,10
2024-09-20 11:33:55.646,426.9475141816657,13
2024-09-20 11:33:55.745,426.9109739892109,1000
2024-09-20 11:33:55.765,426.9535259598735,1001
2024-09-20 11:33:55.905,426.9334755156541,102
2024-09-20 11:33:55.986,426.937894973222,1004
2024-09-20 11:33:56.022,426.954531015234,10
2024-09-20 11:33:56.027,426.9900762817002,14
2024-09-20 11:33:56.032,426.9912552549913,96
2024-09-20 11:33:56.057,426.9799181949656,97
2024-09-20 11:33:56.071,427.00008273417313,1002
2024-09-20 11:33:56.080,426.91266913204953,105
2024-09-20 11:33:56.118,426.9530758068431,97
2024-09-20 11:33:56.158,426.960727918185,1002
2024-09-20 11:33:56.196,426.9642309339536,12
2024-09-20 11:33:56.255,427.0082963373707,6
2024-09-20 11:33:56.277,426.9893422180576,97
2024-09-20 11:33:56.280,426.94802368393255,11
2024-09-20 11:33:56.312,426.9266774014759,10
2024-09-20 11:33:56.384,427.0180952518581,1002
2024-09-20 11:33:56.477,426.99933896794806,1002
2024-09-20 11:33:56.505,426.9306149455881,98
2024-09-20 11:33:56.625,426.9393107897295,100
2024-09-20 11:33:56.638,426.9245725767474,103
2024-09-20 11:33:56.710,426.9104678443077,96
2024-09-20 11:33:56.742,426.9590474899588,7
2024-09-20 11:33:56.769,426.9308926487703,102
2024-09-20 11:33:56.853,426.9362095729327,999
2024-09-20 11:33:56.856,42.697630225278594,11
2024-09-20 11:33:56.905,426.9742839702688,997
2024-09-20 11:33:56.908,427.0318833802421,14
2024-09-20 11:33:56.943,426.9849005388304,95
2024-09-20 11:33:56.996,426.9681156083692,998
2024-09-20 11:33:57.240,426.9766749132456,103
2024-09-20 11:33:57.269,426.9344765935101,998
2024-09-20 11:33:57.472,426.9198535759987,97
2024-09-20 11:33:57.492,426.9553749782036,104
2024-09-20 11:33:57.591,426.9853456559398,102
2024-09-20 11:33:57.932,426.99178245992033,999
2024-09-20 11:33:57.954,426.9697522183421,1004
2024-09-20 11:33:58.055,426.899059072494,101
2024-09-20 11:33:58.132,426.824654215614,7
2024-09-20 11:33:58.216,426.82034638452745,100
2024-09-20 11:33:58.358,426.9090994552803,102
2024-09-20 11:33:58.529,426.81479028248543,100
2024-09-20 11:33:58.554,426.8532709274609,6
2024-09-20 11:33:58.555,426.8732046659742,105
2024-09-20 11:33:58.630,426.82621103527856,103
2024-09-20 11:33:58.640,426.80089484144526,98
2024-09-20 11:33:58.676,426.8072467491186,998
2024-09-20 11:33:58.720,426.80410438069725,1003
2024-09-20 11:33:58.762,426.9030220242001,1005
2024-09-20 11:33:58.770,426.8591395390773,1005
2024-09-20 11:33:58.777,426.88380846526536,11
2024-09-20 11:33:58.831,426.9034820897705,8
2024-09-20 11:33:58.962,426.9046444277477,10
2024-09-20 11:33:58.964,426.81356227640185,12
2024-09-20 11:33:58.999,426.8291630734947,7
2024-09-20 11:33:59.009,426.7973400228227,96
2024-09-20 11:33:59.062,426.817355126278,100
2024-09-20 11:33:59.065,426.7861689419283,13
2024-09-20 11:33:59.084,426.7901589025679,1004
2024-09-20 11:33:59.124,426.82725236439103,97
2024-09-20 11:33:59.270,426.8005633776044,101
2024-09-20 11:33:59.310,426.78462785216016,6
2024-09-20 11:33:59.393,426.7982256198708,1004
2024-09-20 11:33:59.469,426.7955831848177,105
2024-09-20 11:33:59.472,426.7851485056387,999
2024-09-20 11:33:59.486,426.80420748181103,97
2024-09-20 11:33:59.521,426.7993071645721,9
2024-09-20 11:33:59.549,426.8153413523359,999
2024-09-20 11:33:59.581,426.8189039483894,102
2024-09-20 11:33:59.655,426.80379221885977,1003
2024-09-20 11:33:59.666,426.8387874620952,96
2024-09-20 11:33:59.671,426.7922176704848,99
2024-09-20 11:33:59.694,426.8188290140727,1002
2024-09-20 11:33:59.698,426.7724228037965,14
2024-09-20 11:33:59.715,426.7924421399428,10
2024-09-20 11:33:59.766,426.7978341780262,100
2024-09-20 11:33:59.804,,6
2024-09-20 11:33:59.897,426.7758934487099,1003
2024-09-20 11:33:59.906,426.80656880864166,12
2024-09-20 11:33:59.978,426.8072447147511,996
