Timestamp,Price,Size
2024-09-19 12:59:00.007,423.3720858385775,1002
2024-09-19 12:59:00.104,423.39597773345423,996
2024-09-19 12:59:00.177,423.3767785163556,996
2024-09-19 12:59:00.296,423.37519408582176,98
2024-09-19 12:59:00.362,423.3579719353129,1004
2024-09-19 12:59:00.872,423.3770314543088,995
2024-09-19 12:59:00.930,423.3714440769324,98
2024-09-19 12:59:01.091,423.4018766186538,995
2024-09-19 12:59:01.157,423.3959527020733,1002
2024-09-19 12:59:01.194,423.39852692707296,5
2024-09-19 12:59:01.238,423.3977400921535,96
2024-09-19 12:59:01.279,423.37517250226153,95
2024-09-19 12:59:01.282,423.3740444100016,103
2024-09-19 12:59:01.346,423.40709485952624,999
2024-09-19 12:59:01.351,423.3870630173651,10
2024-09-19 12:59:01.606,423.3942804620589,98
2024-09-19 12:59:01.642,423.3951677150602,1004
2024-09-19 12:59:01.823,423.40529880333554,9
2024-09-19 12:59:01.983,423.4038131569552,11
2024-09-19 12:59:02.053,423.3347458859268,95
2024-09-19 12:59:02.069,423.3380109932253,1005
2024-09-19 12:59:02.191,423.3793126018674,997
2024-09-19 12:59:02.203,423.3949524542603,105
2024-09-19 12:59:02.204,423.38814554808,97
2024-09-19 12:59:02.293,423.3874344364002,105
2024-09-19 12:59:02.339,423.4195865078394,1003
2024-09-19 12:59:02.347,423.33391847020926,103
2024-09-19 12:59:02.357,423.3337879757966,103
2024-09-19 12:59:02.362,423.35867019788793,6
2024-09-19 12:59:02.427,423.3942415791888,996
2024-09-19 12:59:02.464,423.3213391781125,997
2024-09-19 12:59:02.483,423.3949239731895,1004
2024-09-19 12:59:02.498,423.3346921336966,1003
2024-09-19 12:59:02.567,423.3298863423606,102
2024-09-19 12:59:02.603,423.3364526371634,104
2024-09-19 12:59:02.655,423.2949042895322,999
2024-09-19 12:59:02.734,423.3939540596169,7
2024-09-19 12:59:02.775,423.2864394183717,997
2024-09-19 12:59:02.797,423.3377212872552,104
2024-09-19 12:59:02.856,423.35205942406986,1005
2024-09-19 12:59:02.860,423.3711648618433,102
2024-09-19 12:59:02.889,423.3180188058882,999
2024-09-19 12:59:02.896,423.3391104484863,9
2024-09-19 12:59:02.918,423.2563668253828,1002
2024-09-19 12:59:02.918,423.3821362427012,8
2024-09-19 12:59:02.933,423.33058471099065,102
2024-09-19 12:59:02.943,423.39582388321,99
2024-09-19 12:59:02.985,423.269743580524,11
2024-09-19 12:59:02.990,423.3583521857704,96
2024-09-19 12:59:03.008,423.1303791406371,11
2024-09-19 12:59:03.034,423.2683024529823,12
2024-09-19 12:59:03.166,423.1563140907694,996
2024-09-19 12:59:03.202,423.16095778686014,11
2024-09-19 12:59:03.212,423.1680600739806,101
2024-09-19 12:59:03.260,,1004
2024-09-19 12:59:03.420,423.12319549910166,995
2024-09-19 12:59:03.432,423.2407302378789,14
2024-09-19 12:59:03.586,423.14362835554647,996
2024-09-19 12:59:03.638,423.1195959080792,996
2024-09-19 12:59:03.696,423.226274824838,998
2024-09-19 12:59:03.696,423.14450661161766,1001
2024-09-19 12:59:03.698,423.17249063457,15
2024-09-19 12:59:03.717,423.1736049966207,14
2024-09-19 12:59:03.753,423.2161819138376,100
2024-09-19 12:59:03.808,423.14270939043286,5
2024-09-19 12:59:03.824,423.2292214995208,100
2024-09-19 12:59:03.825,423.2072698327446,11
2024-09-19 12:59:03.827,423.13849717424193,1005
2024-09-19 12:59:03.848,423.167004371598,98
2024-09-19 12:59:03.860,423.15635929761294,95
2024-09-19 12:59:03.869,423.1240887094479,7
2024-09-19 12:59:03.879,423.2342061112415,1003
2024-09-19 12:59:03.935,423.1289173257852,1000
2024-09-19 12:59:03.999,423.1182940182406,99
2024-09-19 12:59:04.041,423.1746475589186,104
2024-09-19 12:59:04.043,423.1818503647439,1005
2024-09-19 12:59:04.078,423.156804752043,96
2024-09-19 12:59:04.094,,12
2024-09-19 12:59:04.111,423.1441392760751,98
2024-09-19 12:59:04.329,423.15700285817553,95
2024-09-19 12:59:04.335,423.1453933584392,1004
2024-09-19 12:59:04.360,423.15723699248383,1002
2024-09-19 12:59:04.418,-423.1604129216499,9
2024-09-19 12:59:04.484,423.17591537823023,995
2024-09-19 12:59:04.497,423.1487797326735,1001
2024-09-19 12:59:04.513,423.16270101705055,999
2024-09-19 12:59:04.586,423.17893730757487,100
2024-09-19 12:59:04.633,423.15026867977696,9
2024-09-19 12:59:04.654,423.15773337358536,101
2024-09-19 12:59:04.677,423.1364726712549,103
2024-09-19 12:59:04.690,423.1516651582784,9
2024-09-19 12:59:04.695,423.18399786435424,14
2024-09-19 12:59:04.711,423.1705426033197,998
2024-09-19 12:59:04.751,423.1599568945589,102
2024-09-19 12:59:04.761,423.155192952166,95
2024-09-19 12:59:04.823,423.1328729269168,1002
2024-09-19 12:59:04.835,423.1461175514224,9
2024-09-19 12:59:04.843,423.1584869580585,105
2024-09-19 12:59:04.866,423.14917514556,14
2024-09-19 12:59:04.882,423.174809229504,96
2024-09-19 12:59:04.937,423.1634756599745,998
2024-09-19 12:59:04.940,423.1660454846406,997
2024-09-19 12:59:04.943,423.17246192467337,1005
2024-09-19 12:59:05.015,423.1531652482645,5
2024-09-19 12:59:05.148,423.1489018690574,6
2024-09-19 12:59:05.420,423.1119370997081,104
2024-09-19 12:59:05.530,423.1301495849853,1005
2024-09-19 12:59:05.764,423.1681046016913,8
2024-09-19 12:59:05.795,423.11344185379096,101
2024-09-19 12:59:05.806,423.1113475716985,5
2024-09-19 12:59:05.924,423.1341012577917,11
2024-09-19 12:59:05.940,423.1309045091748,100
2024-09-19 12:59:05.980,423.1597215128219,105
2024-09-19 12:59:05.980,-423.1287351375109,997
2024-09-19 12:59:06.318,423.1032188722728,14
2024-09-19 12:59:06.329,423.1362427815494,95
2024-09-19 12:59:06.333,423.13561583670753,96
2024-09-19 12:59:06.422,423.1077062358994,999
2024-09-19 12:59:06.868,423.1189354616935,1003
2024-09-19 12:59:06.925,423.1055225450056,102
2024-09-19 12:59:06.926,423.1194800975465,96
2024-09-19 12:59:06.998,423.1226762828646,13
2024-09-19 12:59:07.072,423.23244893591294,7
2024-09-19 12:59:07.204,423.1908703820299,1000
2024-09-19 12:59:07.263,423.1304600914277,998
2024-09-19 12:59:07.294,423.18100291877664,1004
2024-09-19 12:59:07.340,423.22362429796215,1003
2024-09-19 12:59:07.397,423.2122898825194,5
2024-09-19 12:59:07.419,423.1883286118975,13
2024-09-19 12:59:07.498,423.1414136978677,1004
2024-09-19 12:59:07.599,423.1403700745916,1004
2024-09-19 12:59:07.609,423.1599929385927,96
2024-09-19 12:59:07.657,423.2386021967531,97
2024-09-19 12:59:07.689,423.1795881336408,1004
2024-09-19 12:59:07.786,423.1721234451354,10
2024-09-19 12:59:07.999,423.2543875266514,99
2024-09-19 12:59:08.095,42.32367259274686,999
2024-09-19 12:59:08.185,423.2462256442511,999
2024-09-19 12:59:08.743,423.23075975908,1001
2024-09-19 12:59:08.802,423.2368002896363,9
2024-09-19 12:59:09.102,423.2017630824644,7
2024-09-19 12:59:09.153,423.21317681450097,11
2024-09-19 12:59:09.218,423.2067393214104,102
2024-09-19 12:59:09.270,423.227256249184,102
2024-09-19 12:59:09.323,-423.2206032766448,103
2024-09-19 12:59:09.376,423.2103318019986,96
2024-09-19 12:59:09.420,423.2039347843251,96
2024-09-19 12:59:09.452,423.22763738142254,98
2024-09-19 12:59:09.598,423.22168090661154,15
2024-09-19 12:59:09.653,423.1887593181277,6
2024-09-19 12:59:09.754,423.2371946772852,9
2024-09-19 12:59:09.797,423.2295306828421,995
2024-09-19 12:59:09.845,423.2321927431509,98
2024-09-19 12:59:09.914,423.2240830963586,103
2024-09-19 12:59:10.578,423.2132263258181,103
2024-09-19 12:59:11.145,423.1863492349731,9
2024-09-19 12:59:11.190,423.12101722669104,6
2024-09-19 12:59:11.225,423.14163288092726,10
2024-09-19 12:59:11.324,423.2131326708039,995
2024-09-19 12:59:11.336,423.11137744650046,103
2024-09-19 12:59:11.338,423.1109778740504,7
2024-09-19 12:59:11.437,423.1658156559246,96
2024-09-19 12:59:11.468,423.1402610985687,15
2024-09-19 12:59:11.524,423.2121641337047,996
2024-09-19 12:59:11.664,423.104009046633,999
2024-09-19 12:59:11.689,423.1999705065575,102
2024-09-19 12:59:11.713,423.12299758438985,997
2024-09-19 12:59:11.853,423.1547144727164,1002
2024-09-19 12:59:11.937,423.16723447006416,104
2024-09-19 12:59:12.038,423.07059066379975,996
2024-09-19 12:59:12.080,423.1274337407494,996
2024-09-19 12:59:12.093,423.123038466255,99
2024-09-19 12:59:12.095,423.0681369423041,102
2024-09-19 12:59:12.109,423.12449090783,102
2024-09-19 12:59:12.124,423.0984290201032,996
2024-09-19 12:59:12.160,423.1122360203296,101
2024-09-19 12:59:12.237,423.0709525506731,1000
2024-09-19 12:59:12.397,423.0775369911191,7
2024-09-19 12:59:12.440,423.1520461581257,98
2024-09-19 12:59:12.455,423.0752611406764,1001
2024-09-19 12:59:12.525,423.0789352792607,95
2024-09-19 12:59:12.531,423.0710446789657,5
2024-09-19 12:59:12.539,423.1003952574896,97
2024-09-19 12:59:12.577,423.0680953671087,1005
2024-09-19 12:59:12.672,423.1025389568652,7
2024-09-19 12:59:12.702,423.1225381512088,8
2024-09-19 12:59:12.742,423.13761456208766,1003
2024-09-19 12:59:12.767,423.1475276191434,5
2024-09-19 12:59:12.776,423.1065984024543,1004
2024-09-19 12:59:12.778,-423.1470991462237,1000
2024-09-19 12:59:12.793,423.1212917483136,1000
2024-09-19 12:59:12.796,423.148050740304,1000
2024-09-19 12:59:12.800,423.0591971997964,102
2024-09-19 12:59:12.830,423.1303315571616,998
2024-09-19 12:59:12.927,423.1383295930977,13
2024-09-19 12:59:12.947,423.1534051242669,10
2024-09-19 12:59:12.986,423.0929942512894,1001
2024-09-19 12:59:12.998,423.13719227317927,11
2024-09-19 12:59:13.009,423.06985342911486,15
2024-09-19 12:59:13.025,423.07722088411145,103
2024-09-19 12:59:13.042,423.07915356414185,999
2024-09-19 12:59:13.056,423.09187265354245,100
2024-09-19 12:59:13.139,423.08603734977663,1003
2024-09-19 12:59:13.220,423.0799560862738,10
2024-09-19 12:59:13.278,423.0867298909111,15
2024-09-19 12:59:13.292,423.0932095125097,9
2024-09-19 12:59:13.334,423.0682685009887,10
2024-09-19 12:59:13.340,423.07015641819686,999
2024-09-19 12:59:13.362,423.0910270167192,1000
2024-09-19 12:59:13.423,423.0852023777084,1003
2024-09-19 12:59:13.470,423.0732837573933,102
2024-09-19 12:59:13.571,423.0527947084049,1000
2024-09-19 12:59:13.717,423.075403117083,14
2024-09-19 12:59:13.730,423.0648043313794,999
2024-09-19 12:59:13.763,423.0681279713063,8
2024-09-19 12:59:13.779,423.06664271718944,1001
2024-09-19 12:59:13.900,423.0799140171821,995
2024-09-19 12:59:14.446,423.0904045107638,999
2024-09-19 12:59:14.706,423.0826708995734,14
2024-09-19 12:59:15.164,-423.0744770915268,98
2024-09-19 12:59:15.258,423.05365345321945,995
2024-09-19 12:59:15.299,423.0480011872351,7
2024-09-19 12:59:15.419,423.0588051670296,15
2024-09-19 12:59:15.706,423.07806589947216,96
2024-09-19 12:59:15.773,423.0518363806841,1003
2024-09-19 12:59:15.811,423.0695046000975,97
2024-09-19 12:59:15.942,423.07877397058166,10
2024-09-19 12:59:16.063,423.0438723058261,13
2024-09-19 12:59:16.701,423.049444361149,1003
2024-09-19 12:59:16.723,423.0507534511471,9
2024-09-19 12:59:16.755,423.0494023537838,100
2024-09-19 12:59:16.924,423.0732609787082,103
2024-09-19 12:59:16.977,,1001
2024-09-19 12:59:17.117,423.0385473943455,97
2024-09-19 12:59:17.124,423.0311598359939,9
2024-09-19 12:59:17.262,423.0364928471903,99
2024-09-19 12:59:17.285,423.0033925009457,1004
2024-09-19 12:59:17.617,423.0590918082792,1004
2024-09-19 12:59:17.623,422.9870673105666,10
2024-09-19 12:59:17.680,422.9992986541397,96
2024-09-19 12:59:17.940,423.0080920550698,102
2024-09-19 12:59:17.957,423.05327100389934,103
2024-09-19 12:59:18.002,422.9507965092884,9
2024-09-19 12:59:18.042,422.9160909028188,13
2024-09-19 12:59:18.098,422.9702270442171,5
2024-09-19 12:59:18.113,422.9122972875121,9
2024-09-19 12:59:18.123,422.912906225878,1004
2024-09-19 12:59:18.165,422.9603729111366,95
2024-09-19 12:59:18.186,422.8932767679137,7
2024-09-19 12:59:18.243,422.9575012180501,996
2024-09-19 12:59:18.290,422.9977207102436,104
2024-09-19 12:59:18.390,422.8950855963942,8
2024-09-19 12:59:18.393,422.8988618184637,104
2024-09-19 12:59:18.409,,1002
2024-09-19 12:59:18.413,422.8845765193501,1001
2024-09-19 12:59:18.525,422.90557300511085,13
2024-09-19 12:59:18.536,422.9609406969927,104
2024-09-19 12:59:18.567,422.940223325073,1000
2024-09-19 12:59:18.597,422.964661446978,12
2024-09-19 12:59:18.652,422.90269358161765,98
2024-09-19 12:59:18.716,422.9028865836971,13
2024-09-19 12:59:18.734,422.908070258578,97
2024-09-19 12:59:18.771,422.90533936696266,96
2024-09-19 12:59:18.833,422.8870449669429,96
2024-09-19 12:59:18.836,422.9350365101296,1002
2024-09-19 12:59:18.859,422.9097969343823,95
2024-09-19 12:59:19.113,422.95624569525927,104
2024-09-19 12:59:19.290,422.9596408636425,14
2024-09-19 12:59:19.320,422.9580931562801,104
2024-09-19 12:59:19.404,422.963098646828,8
2024-09-19 12:59:19.625,422.9723328127752,1001
2024-09-19 12:59:19.741,422.97088879638704,10
2024-09-19 12:59:19.830,422.9489615192168,95
2024-09-19 12:59:19.927,422.9572573703677,12
2024-09-19 12:59:19.957,422.9679375954505,1004
2024-09-19 12:59:20.127,422.9555628021697,95
2024-09-19 12:59:20.208,422.9471571984224,998
2024-09-19 12:59:20.365,422.97546404535234,14
2024-09-19 12:59:20.772,,98
2024-09-19 12:59:20.904,42.294122892049714,8
2024-09-19 12:59:20.909,422.9376365054932,6
2024-09-19 12:59:20.969,42.29643341705324,104
2024-09-19 12:59:21.016,422.9625449516276,1002
2024-09-19 12:59:21.127,422.93808339402136,99
2024-09-19 12:59:21.202,422.9430520844557,1000
2024-09-19 12:59:21.246,422.9537704778066,995
2024-09-19 12:59:21.372,422.928981659643,105
2024-09-19 12:59:21.483,-422.9252572205053,96
2024-09-19 12:59:21.489,422.9552273418721,99
2024-09-19 12:59:21.492,422.9494742539801,15
2024-09-19 12:59:21.699,422.9483428982967,98
2024-09-19 12:59:21.969,422.92813634252025,1001
2024-09-19 12:59:21.986,422.9553970318351,999
2024-09-19 12:59:21.996,422.9272578981785,97
2024-09-19 12:59:22.002,422.8997159823669,98
2024-09-19 12:59:22.087,422.94866982195015,9
2024-09-19 12:59:22.267,422.9079485354149,1002
2024-09-19 12:59:22.336,422.94412265241976,102
2024-09-19 12:59:22.352,422.921056525408,996
2024-09-19 12:59:22.404,422.9390037373108,8
2024-09-19 12:59:22.468,422.8935715768002,996
2024-09-19 12:59:22.469,422.93327913110585,101
2024-09-19 12:59:22.469,422.937428640174,1000
2024-09-19 12:59:22.490,422.9171749698422,11
2024-09-19 12:59:22.598,422.91919556266487,8
2024-09-19 12:59:22.616,422.8968390842167,997
2024-09-19 12:59:22.628,422.9735369885996,98
2024-09-19 12:59:22.649,422.8972802564829,1003
2024-09-19 12:59:22.703,42.29691360275275,10
2024-09-19 12:59:22.721,422.9471523365029,15
2024-09-19 12:59:22.785,422.955075744897,996
2024-09-19 12:59:22.892,422.9298234554979,101
2024-09-19 12:59:22.893,422.91013695138446,996
2024-09-19 12:59:22.898,422.9519517811066,100
2024-09-19 12:59:23.027,422.9737109490432,1000
2024-09-19 12:59:24.103,-422.9496586814827,99
2024-09-19 12:59:24.162,422.98888416974427,100
2024-09-19 12:59:24.187,422.9904742241332,1004
2024-09-19 12:59:24.329,422.96354670031945,103
2024-09-19 12:59:24.373,422.96754055994586,11
2024-09-19 12:59:24.407,422.9379061099836,10
2024-09-19 12:59:24.432,422.95862698083073,999
2024-09-19 12:59:24.446,422.95107459027946,1005
2024-09-19 12:59:24.467,422.9579866114528,7
2024-09-19 12:59:24.632,422.9514088187803,10
2024-09-19 12:59:24.728,422.945076603583,97
2024-09-19 12:59:25.150,422.9497242567557,96
2024-09-19 12:59:25.153,422.9460828434665,7
2024-09-19 12:59:25.196,422.9293920211037,7
2024-09-19 12:59:25.372,422.9534121766804,1000
2024-09-19 12:59:25.398,422.9430854161882,15
2024-09-19 12:59:25.402,422.9435508326941,999
2024-09-19 12:59:25.879,422.9595792613846,1001
2024-09-19 12:59:25.995,422.9395551842962,102
2024-09-19 12:59:26.008,422.9493748316595,14
2024-09-19 12:59:26.019,423.00283371630337,99
2024-09-19 12:59:26.065,423.00535564038927,104
2024-09-19 12:59:26.103,422.96008015974223,6
2024-09-19 12:59:26.125,423.0522882135944,9
2024-09-19 12:59:26.178,423.0197347434942,6
2024-09-19 12:59:26.185,422.98842431019256,95
2024-09-19 12:59:26.207,422.9847677951004,1005
2024-09-19 12:59:26.239,423.01331752291446,12
2024-09-19 12:59:26.332,422.9621568484646,100
2024-09-19 12:59:26.390,423.00439088309975,11
2024-09-19 12:59:26.395,423.0039409658915,10
2024-09-19 12:59:26.440,422.9961010762269,6
2024-09-19 12:59:26.510,423.0060033361899,103
2024-09-19 12:59:26.526,423.0145204685031,101
2024-09-19 12:59:26.541,423.0343724055472,6
2024-09-19 12:59:26.553,422.99429099436855,13
2024-09-19 12:59:26.613,422.9773222415709,5
2024-09-19 12:59:26.644,423.01734024790494,105
2024-09-19 12:59:26.668,423.0146270508336,1004
2024-09-19 12:59:26.672,423.009327594812,15
2024-09-19 12:59:26.712,423.0155366592135,13
2024-09-19 12:59:26.716,423.03830588413007,11
2024-09-19 12:59:26.781,422.9900830322952,1003
2024-09-19 12:59:26.851,422.9534013237274,8
2024-09-19 12:59:26.897,422.96672565449785,104
2024-09-19 12:59:26.925,422.9965712480302,997
2024-09-19 12:59:26.957,422.9824850664706,104
2024-09-19 12:59:26.986,423.0019769531176,95
2024-09-19 12:59:28.017,423.0211333530647,1000
2024-09-19 12:59:28.022,422.9982112733411,102
2024-09-19 12:59:28.103,422.990611441898,7
2024-09-19 12:59:28.134,423.0249955084272,7
2024-09-19 12:59:28.182,422.981120718903,15
2024-09-19 12:59:28.246,423.0184610868816,9
2024-09-19 12:59:28.256,423.0393454558393,1001
2024-09-19 12:59:28.371,422.995724437408,101
2024-09-19 12:59:28.409,423.052661524052,6
2024-09-19 12:59:28.450,422.9950960347316,103
2024-09-19 12:59:28.464,422.9605888741101,15
2024-09-19 12:59:28.578,423.0276321613099,97
2024-09-19 12:59:28.579,423.0082422804816,12
2024-09-19 12:59:28.613,422.9793174666303,101
2024-09-19 12:59:28.711,423.0060081160652,997
2024-09-19 12:59:28.831,423.0415322074686,9
2024-09-19 12:59:28.832,423.0085647989842,997
2024-09-19 12:59:28.878,,13
2024-09-19 12:59:28.895,423.00065907791736,5
2024-09-19 12:59:28.966,423.0619610198516,105
2024-09-19 12:59:29.041,423.0145623185302,102
2024-09-19 12:59:29.202,423.0104392270156,10
2024-09-19 12:59:29.340,423.00610268531386,998
2024-09-19 12:59:29.357,422.96375769940096,10
2024-09-19 12:59:29.457,423.0271240988841,103
2024-09-19 12:59:29.576,423.0058295838923,104
2024-09-19 12:59:29.726,423.0028090649538,102
2024-09-19 12:59:29.729,422.9911878717471,15
2024-09-19 12:59:29.787,422.9994476844273,105
2024-09-19 12:59:29.828,422.9883268491068,1002
2024-09-19 12:59:29.895,422.9763413958031,10
2024-09-19 12:59:30.047,423.03252878236384,15
2024-09-19 12:59:30.196,423.0441466668086,99
2024-09-19 12:59:30.233,423.02959829753655,998
2024-09-19 12:59:30.241,423.0303807878998,1000
2024-09-19 12:59:30.290,423.02209951142544,99
2024-09-19 12:59:30.320,423.035547189939,6
2024-09-19 12:59:30.361,423.0290550141941,996
2024-09-19 12:59:30.389,423.0245905544976,14
2024-09-19 12:59:30.666,423.024274589444,14
2024-09-19 12:59:30.740,423.0337880503169,997
2024-09-19 12:59:30.785,423.0364439127426,13
2024-09-19 12:59:31.497,423.0171828033302,995
2024-09-19 12:59:31.776,423.0296323784116,1001
2024-09-19 12:59:32.011,423.1139817639543,12
2024-09-19 12:59:32.017,423.0326093205626,100
2024-09-19 12:59:32.024,423.1076223418068,996
2024-09-19 12:59:32.075,423.07759240750136,97
2024-09-19 12:59:32.077,423.0882585104336,9
2024-09-19 12:59:32.094,423.0778432635684,1004
2024-09-19 12:59:32.149,423.019335461897,95
2024-09-19 12:59:32.197,423.0323453746856,9
2024-09-19 12:59:32.217,423.0729705380899,997
2024-09-19 12:59:32.265,423.03615931076666,98
2024-09-19 12:59:32.328,423.1193186362789,7
2024-09-19 12:59:32.401,423.1025278538037,1002
2024-09-19 12:59:32.521,423.0851277994675,12
2024-09-19 12:59:32.609,423.07925392437807,97
2024-09-19 12:59:32.674,423.0270566220641,996
2024-09-19 12:59:32.674,423.0464501187107,1005
2024-09-19 12:59:32.706,423.0761089819418,1002
2024-09-19 12:59:32.734,423.124076107694,98
2024-09-19 12:59:32.786,423.06186686001047,101
2024-09-19 12:59:32.820,423.1012034680983,6
2024-09-19 12:59:32.927,423.0916723203021,97
2024-09-19 12:59:32.997,423.0628944013561,999
2024-09-19 12:59:32.999,423.0583133211752,1005
2024-09-19 12:59:33.016,423.1263973296777,7
2024-09-19 12:59:33.120,423.1159043856696,10
2024-09-19 12:59:33.140,423.1232023168844,101
2024-09-19 12:59:33.345,423.1137115238031,998
2024-09-19 12:59:33.546,423.1082969389896,6
2024-09-19 12:59:33.778,423.1043900472511,996
2024-09-19 12:59:33.809,423.1196877480162,996
2024-09-19 12:59:34.184,423.16776887537816,97
2024-09-19 12:59:34.292,423.1276735167736,14
2024-09-19 12:59:34.441,423.1261623121407,104
2024-09-19 12:59:34.442,423.1159627970801,103
2024-09-19 12:59:34.453,423.1360539897223,15
2024-09-19 12:59:34.574,423.1492797130478,101
2024-09-19 12:59:34.623,423.1305732007113,1004
2024-09-19 12:59:34.733,423.1540896077097,102
2024-09-19 12:59:34.754,423.1400598815664,6
2024-09-19 12:59:34.876,423.13847505603394,1004
2024-09-19 12:59:34.971,423.1597394179869,102
2024-09-19 12:59:34.991,423.15353202672975,98
2024-09-19 12:59:35.013,423.1724317521464,1005
2024-09-19 12:59:35.018,423.161589276095,101
2024-09-19 12:59:35.024,423.0986055623065,102
2024-09-19 12:59:35.190,423.09528924180734,996
2024-09-19 12:59:35.203,423.1671817691253,99
2024-09-19 12:59:35.218,423.06562702810027,8
2024-09-19 12:59:35.250,423.0622688112823,5
2024-09-19 12:59:35.253,423.0741678630165,97
2024-09-19 12:59:35.258,423.0855676622695,12
2024-09-19 12:59:35.268,423.1061070206767,101
2024-09-19 12:59:35.373,423.0957503515267,1000
2024-09-19 12:59:35.392,423.1509487497744,15
2024-09-19 12:59:35.402,423.0748412605372,1002
2024-09-19 12:59:35.405,423.0700154085888,997
2024-09-19 12:59:35.447,423.11317454209455,1001
2024-09-19 12:59:35.447,423.08921746667033,100
2024-09-19 12:59:35.540,423.099419602163,12
2024-09-19 12:59:35.542,423.0675566262987,10
2024-09-19 12:59:35.649,423.10495919765344,104
2024-09-19 12:59:35.662,423.1377356773583,998
2024-09-19 12:59:35.743,423.1101829418406,8
2024-09-19 12:59:35.764,423.09787121400063,97
2024-09-19 12:59:35.791,423.0646651939752,1001
2024-09-19 12:59:35.800,423.1038264283723,101
2024-09-19 12:59:35.819,423.094477356887,1001
2024-09-19 12:59:35.826,423.0902501206694,997
2024-09-19 12:59:35.997,423.087442502041,96
2024-09-19 12:59:36.000,423.109608954102,105
2024-09-19 12:59:36.045,423.0373771409728,10
2024-09-19 12:59:36.132,423.0374768880276,11
2024-09-19 12:59:36.132,422.99096320015695,13
2024-09-19 12:59:36.151,423.07244528423325,103
2024-09-19 12:59:36.185,423.0563029526426,1005
2024-09-19 12:59:36.298,423.0408205201632,98
2024-09-19 12:59:36.315,423.069862332899,101
2024-09-19 12:59:36.390,423.0396132437663,1004
2024-09-19 12:59:36.414,423.0499178334104,11
2024-09-19 12:59:36.439,423.06032417796433,99
2024-09-19 12:59:36.446,423.0293543998477,105
2024-09-19 12:59:36.507,423.0782790202247,1005
2024-09-19 12:59:36.512,423.0126532091136,5
2024-09-19 12:59:36.538,423.0355285477244,95
2024-09-19 12:59:36.540,423.0242525527695,96
2024-09-19 12:59:36.591,423.1009323157976,100
2024-09-19 12:59:36.632,423.0734356026148,1005
2024-09-19 12:59:36.654,423.04765449643793,101
2024-09-19 12:59:36.659,423.06504079630463,999
2024-09-19 12:59:36.719,423.0566397768546,15
2024-09-19 12:59:36.731,423.0203450817355,96
2024-09-19 12:59:36.741,423.1036747876865,98
2024-09-19 12:59:36.799,423.05787933316736,13
2024-09-19 12:59:36.850,423.0534895435151,98
2024-09-19 12:59:36.912,423.0578226563832,1001
2024-09-19 12:59:37.047,423.1582234348776,10
2024-09-19 12:59:37.077,423.1221326502046,997
2024-09-19 12:59:37.151,423.1366915970662,97
2024-09-19 12:59:37.162,423.1316115382376,996
2024-09-19 12:59:37.167,423.1491623905207,99
2024-09-19 12:59:37.231,-423.1536225852528,11
2024-09-19 12:59:37.354,423.1559520822007,1001
2024-09-19 12:59:37.446,423.1478943220805,95
2024-09-19 12:59:37.501,423.13584091817694,7
2024-09-19 12:59:37.524,423.1701207127132,15
2024-09-19 12:59:37.661,423.1490132491699,1001
2024-09-19 12:59:37.666,423.1861564919081,102
2024-09-19 12:59:37.681,,8
2024-09-19 12:59:37.950,-423.1216847960547,13
2024-09-19 12:59:37.970,423.14628060214073,105
2024-09-19 12:59:38.180,423.1474537024163,95
2024-09-19 12:59:38.246,423.19146508095855,996
2024-09-19 12:59:38.282,423.19465979757246,1001
2024-09-19 12:59:38.329,423.1450109444944,95
2024-09-19 12:59:38.356,423.1662568927511,105
2024-09-19 12:59:38.358,423.1358987594099,998
2024-09-19 12:59:38.473,423.1666117393665,1004
2024-09-19 12:59:38.509,423.16239838726506,997
2024-09-19 12:59:38.590,423.1250054001696,99
2024-09-19 12:59:38.610,423.1557818836095,996
2024-09-19 12:59:38.674,423.1791691542087,1000
2024-09-19 12:59:38.687,423.1320229131264,1002
2024-09-19 12:59:38.756,423.1972981411212,1000
2024-09-19 12:59:38.818,423.1418629849268,997
2024-09-19 12:59:38.822,423.1523383780919,99
2024-09-19 12:59:38.842,423.1422591462313,95
2024-09-19 12:59:38.855,423.1663161998659,996
2024-09-19 12:59:38.876,423.18342817947314,8
2024-09-19 12:59:38.879,423.13747394171537,1000
2024-09-19 12:59:39.049,423.1898799354166,12
2024-09-19 12:59:39.092,423.16328950890176,1002
2024-09-19 12:59:39.152,423.1500593983028,105
2024-09-19 12:59:39.166,423.2003532085706,7
2024-09-19 12:59:39.287,423.16782560630793,104
2024-09-19 12:59:39.314,423.1892957346528,13
2024-09-19 12:59:39.326,,95
2024-09-19 12:59:39.329,423.1838862944007,105
2024-09-19 12:59:39.341,423.170304524627,101
2024-09-19 12:59:39.372,423.2021001725609,8
2024-09-19 12:59:39.445,423.1715600889381,10
2024-09-19 12:59:39.449,423.1691604224843,8
2024-09-19 12:59:39.469,423.1767087191362,997
2024-09-19 12:59:39.550,423.1791959639052,95
2024-09-19 12:59:39.572,423.1741384403497,103
2024-09-19 12:59:39.595,423.1697965501192,12
2024-09-19 12:59:39.637,423.14050538894656,96
2024-09-19 12:59:39.666,423.15035895561937,100
2024-09-19 12:59:39.675,423.1611889730921,1004
2024-09-19 12:59:39.699,423.1802899722878,5
2024-09-19 12:59:39.729,423.1600530744635,10
2024-09-19 12:59:39.741,423.17352631561175,95
2024-09-19 12:59:39.759,423.1703147288012,11
2024-09-19 12:59:39.848,423.18892358685486,6
2024-09-19 12:59:39.865,423.1775999930965,5
2024-09-19 12:59:39.923,423.15779702186944,104
2024-09-19 12:59:39.944,423.1533415644422,8
2024-09-19 12:59:40.087,423.1483158026331,10
2024-09-19 12:59:40.145,423.19672491556366,100
2024-09-19 12:59:40.151,423.1088742832509,998
2024-09-19 12:59:40.172,423.1589009115286,98
2024-09-19 12:59:40.197,423.1635281145943,102
2024-09-19 12:59:40.203,423.1465275128943,13
2024-09-19 12:59:40.207,423.194921753695,8
2024-09-19 12:59:40.227,423.1306291331536,97
2024-09-19 12:59:40.239,423.15890807089255,101
2024-09-19 12:59:40.247,423.1605952178877,97
2024-09-19 12:59:40.259,423.1604931110094,1004
2024-09-19 12:59:40.295,423.16322625237024,999
2024-09-19 12:59:40.337,423.1577260229866,8
2024-09-19 12:59:40.461,423.1505413045041,1004
2024-09-19 12:59:40.472,423.2042318997106,12
2024-09-19 12:59:40.494,423.1682068525458,14
2024-09-19 12:59:40.556,423.1310122232143,100
2024-09-19 12:59:40.567,423.1780991159519,14
2024-09-19 12:59:40.584,423.1578828461054,996
2024-09-19 12:59:40.635,423.11971385417854,996
2024-09-19 12:59:40.649,423.17067471548427,103
2024-09-19 12:59:40.687,423.2018114331491,1004
2024-09-19 12:59:40.715,423.2006561645521,11
2024-09-19 12:59:40.746,423.1871018838655,101
2024-09-19 12:59:40.758,423.1252810521483,105
2024-09-19 12:59:40.788,423.127616474666,96
2024-09-19 12:59:40.837,423.1312148338175,9
2024-09-19 12:59:40.853,423.210323213332,103
2024-09-19 12:59:40.909,423.17431030644553,9
2024-09-19 12:59:40.992,423.1143508295029,1004
2024-09-19 12:59:41.119,423.2160392367871,104
2024-09-19 12:59:41.189,423.2097728322071,996
2024-09-19 12:59:41.358,423.19006750495146,1002
2024-09-19 12:59:41.392,423.1929775992338,9
2024-09-19 12:59:41.484,423.2113126973804,996
2024-09-19 12:59:41.536,423.2247686723573,13
2024-09-19 12:59:41.619,423.1973613597068,102
2024-09-19 12:59:41.720,423.1925929579766,14
2024-09-19 12:59:41.944,423.2040516891957,9
2024-09-19 12:59:42.019,423.2043225793717,95
2024-09-19 12:59:42.060,423.26296745107385,13
2024-09-19 12:59:42.121,423.2004531908915,99
2024-09-19 12:59:42.157,423.2656998625511,95
2024-09-19 12:59:42.227,423.26728610001874,8
2024-09-19 12:59:42.228,423.26740026357726,99
2024-09-19 12:59:42.234,423.2674378260402,5
2024-09-19 12:59:42.268,423.251188798612,105
2024-09-19 12:59:42.381,423.2613547641911,15
2024-09-19 12:59:42.478,423.2343101292504,1003
2024-09-19 12:59:42.545,423.26023864264914,5
2024-09-19 12:59:42.846,423.2496266415164,14
2024-09-19 12:59:42.847,423.20294224865165,12
2024-09-19 12:59:42.950,423.2504829031784,101
2024-09-19 12:59:43.003,423.2386307464101,10
2024-09-19 12:59:43.027,423.2960202465239,14
2024-09-19 12:59:43.036,423.2530681963724,1001
2024-09-19 12:59:43.111,423.2579787163832,95
2024-09-19 12:59:43.168,423.2602605409015,997
2024-09-19 12:59:43.345,423.2841218415041,13
2024-09-19 12:59:43.397,423.2824778937712,105
2024-09-19 12:59:43.397,,996
2024-09-19 12:59:43.499,423.284224857173,100
2024-09-19 12:59:43.521,423.2903925981148,14
2024-09-19 12:59:43.596,423.2839850706064,97
2024-09-19 12:59:43.613,423.2484758873284,9
2024-09-19 12:59:43.634,423.2274091428673,1005
2024-09-19 12:59:43.673,423.2481766101059,105
2024-09-19 12:59:43.709,423.2721862848646,7
2024-09-19 12:59:43.763,423.2452814909026,101
2024-09-19 12:59:43.799,423.2300252351839,98
2024-09-19 12:59:43.871,423.23354939038194,105
2024-09-19 12:59:43.887,423.22557398992166,100
2024-09-19 12:59:43.907,423.1905905409381,1001
2024-09-19 12:59:43.958,423.1791946892675,999
2024-09-19 12:59:43.997,423.2399738202546,103
2024-09-19 12:59:44.032,423.23557493008815,13
2024-09-19 12:59:44.049,423.19489554895625,97
2024-09-19 12:59:44.082,423.1904072102519,1005
2024-09-19 12:59:44.101,423.19883294271136,1000
2024-09-19 12:59:44.238,423.2433671322448,15
2024-09-19 12:59:44.239,423.1928642396218,996
2024-09-19 12:59:44.329,423.1977489184296,1004
2024-09-19 12:59:44.355,423.187547898414,100
2024-09-19 12:59:44.459,423.2196573704896,1002
2024-09-19 12:59:44.478,423.2341533089979,95
2024-09-19 12:59:44.635,423.1981337217668,996
2024-09-19 12:59:44.726,423.2040376007165,102
2024-09-19 12:59:44.767,423.1959910954928,6
2024-09-19 12:59:44.771,423.1895992836406,13
2024-09-19 12:59:44.785,423.2279504528694,9
2024-09-19 12:59:44.810,423.1925322734136,15
2024-09-19 12:59:44.838,423.2345640384117,10
2024-09-19 12:59:44.852,423.2017254800695,14
2024-09-19 12:59:44.853,423.21027033135965,13
2024-09-19 12:59:44.874,423.249081907518,1000
2024-09-19 12:59:44.877,423.2096005832195,9
2024-09-19 12:59:44.945,423.2055031354205,98
2024-09-19 12:59:44.968,423.1812772749797,9
2024-09-19 12:59:44.971,423.1901535898194,5
2024-09-19 12:59:45.029,423.23814200521895,998
2024-09-19 12:59:45.097,423.2651693663877,997
2024-09-19 12:59:45.228,423.267703987035,1000
2024-09-19 12:59:45.272,423.2691894750794,999
2024-09-19 12:59:45.298,423.2456163447622,103
2024-09-19 12:59:45.598,42.32284833626803,1001
2024-09-19 12:59:45.718,423.2324606743461,1004
2024-09-19 12:59:45.916,423.24320614512857,11
2024-09-19 12:59:46.014,423.29231465313273,101
2024-09-19 12:59:46.027,423.28795804537424,999
2024-09-19 12:59:46.044,423.31116949689925,7
2024-09-19 12:59:46.080,423.2864737107803,1002
2024-09-19 12:59:46.085,423.2785671136096,1004
2024-09-19 12:59:46.386,423.3172954472247,1000
2024-09-19 12:59:46.400,423.30383551783535,6
2024-09-19 12:59:46.484,423.30644366505607,996
2024-09-19 12:59:46.510,423.2564693345905,1004
2024-09-19 12:59:46.730,423.3041746743024,1003
2024-09-19 12:59:46.767,423.2919317744045,13
2024-09-19 12:59:46.826,423.3009282202904,10
2024-09-19 12:59:46.864,423.3030159023248,8
2024-09-19 12:59:46.867,423.3126524337366,5
2024-09-19 12:59:46.895,423.28880950465526,9
2024-09-19 12:59:46.912,423.2848302672363,7
2024-09-19 12:59:46.963,423.28454027284965,999
2024-09-19 12:59:47.093,423.319653681096,99
2024-09-19 12:59:47.095,423.3005322245156,1003
2024-09-19 12:59:47.112,423.3123161039329,99
2024-09-19 12:59:47.117,423.34546197718623,96
2024-09-19 12:59:47.128,423.3074431343271,104
2024-09-19 12:59:47.145,423.30414826063753,1005
2024-09-19 12:59:47.145,423.29021902889247,13
2024-09-19 12:59:47.263,423.3455965890548,997
2024-09-19 12:59:47.272,423.312204503506,98
2024-09-19 12:59:47.291,423.3738578080847,10
2024-09-19 12:59:47.339,423.3235382805998,7
2024-09-19 12:59:47.442,423.3051837674207,99
2024-09-19 12:59:47.470,423.3419399211354,996
2024-09-19 12:59:47.482,423.3748841339616,5
2024-09-19 12:59:47.487,423.32418850713566,1005
2024-09-19 12:59:47.561,423.29235596945966,1000
2024-09-19 12:59:47.579,423.3053607886086,101
2024-09-19 12:59:47.613,423.3197749359613,998
2024-09-19 12:59:47.667,,997
2024-09-19 12:59:47.691,423.31951106128025,997
2024-09-19 12:59:47.759,423.300335690841,997
2024-09-19 12:59:47.868,423.31923831103705,95
2024-09-19 12:59:47.885,423.304498607056,98
2024-09-19 12:59:48.109,423.306404399814,5
2024-09-19 12:59:48.574,423.3182670770787,104
2024-09-19 12:59:48.609,423.31006315617833,7
2024-09-19 12:59:48.795,423.2946265644577,99
2024-09-19 12:59:48.797,423.2875486554118,9
2024-09-19 12:59:48.847,423.3141392470956,95
2024-09-19 12:59:48.888,423.2840030762849,997
2024-09-19 12:59:49.021,423.2909847300532,995
2024-09-19 12:59:49.021,423.3080837411597,101
2024-09-19 12:59:49.046,423.2680868022722,1004
2024-09-19 12:59:49.273,423.2575884215611,11
2024-09-19 12:59:49.279,423.27268342018544,100
2024-09-19 12:59:49.289,423.2706569940131,95
2024-09-19 12:59:49.315,423.2610167984953,12
2024-09-19 12:59:49.317,423.2746092690887,104
2024-09-19 12:59:49.332,423.2804492958346,1001
2024-09-19 12:59:49.336,423.2702649251659,999
2024-09-19 12:59:49.365,423.291868859223,99
2024-09-19 12:59:49.366,423.2758999652981,999
2024-09-19 12:59:49.426,423.2507367326551,7
2024-09-19 12:59:49.448,423.26049174695953,997
2024-09-19 12:59:49.488,423.2519676454917,1003
2024-09-19 12:59:49.497,423.3080529511287,7
2024-09-19 12:59:49.538,423.3050087079996,5
2024-09-19 12:59:49.591,423.29304837364,95
2024-09-19 12:59:49.662,423.256479422173,11
2024-09-19 12:59:49.725,423.2487865032556,97
2024-09-19 12:59:49.803,423.24337135421626,995
2024-09-19 12:59:49.929,423.2543063266148,10
2024-09-19 12:59:49.965,423.25446987646455,1005
2024-09-19 12:59:49.983,423.3028967505544,12
2024-09-19 12:59:49.986,423.2826228399271,5
2024-09-19 12:59:49.991,423.2557608529796,995
2024-09-19 12:59:50.154,423.2807875041454,1001
2024-09-19 12:59:50.165,423.27668189745606,996
2024-09-19 12:59:50.178,423.29393996835336,995
2024-09-19 12:59:50.224,423.2804570447765,105
2024-09-19 12:59:50.248,423.2748895914944,995
2024-09-19 12:59:50.275,423.28864066638135,999
2024-09-19 12:59:50.291,423.27413109846407,1002
2024-09-19 12:59:50.446,423.2837693843101,995
2024-09-19 12:59:50.460,423.2759093772871,8
2024-09-19 12:59:50.664,423.295380447628,1003
2024-09-19 12:59:50.736,423.2896844842751,98
2024-09-19 12:59:50.753,423.2798766394797,15
2024-09-19 12:59:50.932,423.285927566248,11
2024-09-19 12:59:51.047,423.2675693551235,102
2024-09-19 12:59:51.051,423.2607815159773,1002
2024-09-19 12:59:51.142,423.2746261510655,1005
2024-09-19 12:59:51.215,423.2789629178149,103
2024-09-19 12:59:51.224,,97
2024-09-19 12:59:51.274,423.2915653872533,15
2024-09-19 12:59:51.319,423.2847659568556,1002
2024-09-19 12:59:51.435,423.26406553853104,997
2024-09-19 12:59:51.657,423.2624972492407,99
2024-09-19 12:59:51.997,423.2849883775397,99
2024-09-19 12:59:52.007,423.2903691466569,14
2024-09-19 12:59:52.060,423.3044680538819,95
2024-09-19 12:59:52.158,423.3330601019541,95
2024-09-19 12:59:52.175,423.29998050256455,102
2024-09-19 12:59:52.205,423.3354596772269,103
2024-09-19 12:59:52.283,423.3016744570826,1002
2024-09-19 12:59:52.327,423.319672321252,6
2024-09-19 12:59:52.506,423.3017843615677,98
2024-09-19 12:59:52.556,423.3064279018309,105
2024-09-19 12:59:52.804,423.3115388634286,998
2024-09-19 12:59:52.853,423.3266404255807,11
2024-09-19 12:59:52.961,423.28748390127504,15
2024-09-19 12:59:53.029,423.3018649702461,998
2024-09-19 12:59:53.036,423.3174208659253,8
2024-09-19 12:59:53.038,423.29599741228895,1004
2024-09-19 12:59:53.110,423.3176323801178,101
2024-09-19 12:59:53.166,423.3466383854084,5
2024-09-19 12:59:53.180,,102
2024-09-19 12:59:53.227,423.3210154599113,9
2024-09-19 12:59:53.268,423.376132853106,6
2024-09-19 12:59:53.427,,105
2024-09-19 12:59:53.467,423.355773202734,11
2024-09-19 12:59:53.630,423.3125730227615,103
2024-09-19 12:59:53.637,423.366850908152,102
2024-09-19 12:59:53.691,423.3727241105266,10
2024-09-19 12:59:53.741,423.3432251150294,104
2024-09-19 12:59:53.793,42.33754180292114,104
2024-09-19 12:59:54.048,42.33091978908486,7
2024-09-19 12:59:54.068,423.335115578088,99
2024-09-19 12:59:54.084,423.32272971175416,10
2024-09-19 12:59:54.158,423.3285517872818,7
2024-09-19 12:59:54.323,423.3211191475969,1005
2024-09-19 12:59:54.366,423.31976241137545,102
2024-09-19 12:59:54.392,423.3375664663031,98
2024-09-19 12:59:54.515,423.333655114902,1000
2024-09-19 12:59:54.560,423.31601788967225,1000
2024-09-19 12:59:54.661,42.332599021690655,15
2024-09-19 12:59:54.665,423.3267409007762,997
2024-09-19 12:59:54.684,423.31467938261056,1001
2024-09-19 12:59:54.849,,100
2024-09-19 12:59:55.041,423.274701627984,7
2024-09-19 12:59:55.385,423.2699170008357,102
2024-09-19 12:59:55.495,423.3046326510405,103
2024-09-19 12:59:55.514,423.26808450975625,10
2024-09-19 12:59:55.702,423.27216490725874,13
2024-09-19 12:59:55.768,423.31138530316485,13
2024-09-19 12:59:55.790,423.3165211391416,998
2024-09-19 12:59:55.867,423.2968701998725,8
2024-09-19 12:59:56.020,423.2811751976756,14
2024-09-19 12:59:56.291,423.2743206244976,999
2024-09-19 12:59:56.524,423.2676811575864,104
2024-09-19 12:59:56.602,423.2855065416077,103
2024-09-19 12:59:56.693,423.2541344565345,7
2024-09-19 12:59:56.729,423.291489487205,104
2024-09-19 12:59:56.789,423.26594520838455,8
2024-09-19 12:59:56.792,,15
2024-09-19 12:59:57.079,42.32439036150819,7
2024-09-19 12:59:57.109,423.22322661217015,997
2024-09-19 12:59:57.144,423.2355738875224,6
2024-09-19 12:59:57.170,423.2038261144309,15
2024-09-19 12:59:57.202,423.2304110906269,7
2024-09-19 12:59:57.216,423.1979930437332,99
2024-09-19 12:59:57.267,423.1919475492671,1003
2024-09-19 12:59:57.302,423.2248317230519,1000
2024-09-19 12:59:57.411,423.2630484676101,15
2024-09-19 12:59:57.433,423.2091577910463,997
2024-09-19 12:59:57.630,423.2029415647988,5
2024-09-19 12:59:57.640,423.1897467495887,101
2024-09-19 12:59:57.796,423.21014709906456,996
2024-09-19 12:59:57.832,423.22732204356726,1002
2024-09-19 12:59:57.858,423.2289726976612,999
2024-09-19 12:59:57.880,423.2549240345367,102
2024-09-19 12:59:57.891,423.2158016220249,96
2024-09-19 12:59:57.936,423.21251557470265,97
2024-09-19 12:59:58.274,423.20805914846216,1001
2024-09-19 12:59:58.565,423.1983574069472,96
2024-09-19 12:59:58.781,423.2119177873727,96
2024-09-19 12:59:58.824,423.2172711583507,1004
2024-09-19 12:59:59.004,423.097510723755,1004
2024-09-19 12:59:59.107,423.1368866517267,102
2024-09-19 12:59:59.206,423.1808430839999,999
2024-09-19 12:59:59.228,423.0853474416734,101
2024-09-19 12:59:59.287,423.1058424484774,15
2024-09-19 12:59:59.458,423.1579040531324,101
2024-09-19 12:59:59.479,423.1398378131652,995
2024-09-19 12:59:59.507,423.1497437005474,8
2024-09-19 12:59:59.575,423.1916092107476,996
2024-09-19 12:59:59.604,423.2324418776512,105
2024-09-19 12:59:59.606,423.22068092627234,1004
2024-09-19 12:59:59.682,423.2243563822393,999
2024-09-19 12:59:59.766,423.0938464067847,105
2024-09-19 12:59:59.895,42.31751668419247,15
