Timestamp,Price,Size
2024-09-17 14:41:00.042,407.8759325453805,998
2024-09-17 14:41:00.048,407.8109287861955,1005
2024-09-17 14:41:00.070,407.7993801611186,11
2024-09-17 14:41:00.132,407.8300030961423,11
2024-09-17 14:41:00.153,407.8529144313727,998
2024-09-17 14:41:00.218,407.82600139164776,10
2024-09-17 14:41:00.303,407.8399060531605,13
2024-09-17 14:41:00.305,407.8637879677047,13
2024-09-17 14:41:00.327,407.85196517393626,1001
2024-09-17 14:41:00.357,407.8863928526308,101
2024-09-17 14:41:00.371,407.8451040857185,7
2024-09-17 14:41:00.371,407.8497582575957,13
2024-09-17 14:41:00.406,407.87634756163175,1002
2024-09-17 14:41:00.480,407.832368704394,998
2024-09-17 14:41:00.483,407.83713945081416,11
2024-09-17 14:41:00.530,407.8467297734859,1005
2024-09-17 14:41:00.553,407.8404057662088,999
2024-09-17 14:41:00.593,40.78187232020567,100
2024-09-17 14:41:00.675,407.8036169273969,10
2024-09-17 14:41:00.694,407.8707403224536,97
2024-09-17 14:41:00.716,407.838323041196,995
2024-09-17 14:41:00.723,407.8703752899184,14
2024-09-17 14:41:00.744,407.83791830919387,8
2024-09-17 14:41:00.778,407.8188100707099,95
2024-09-17 14:41:00.819,407.7901504661456,9
2024-09-17 14:41:00.903,407.82286110962895,997
2024-09-17 14:41:00.935,407.8745463860671,1004
2024-09-17 14:41:01.141,407.7864396970536,105
2024-09-17 14:41:01.160,407.78020914011296,99
2024-09-17 14:41:01.208,407.85200638656926,12
2024-09-17 14:41:01.322,407.78399170646895,1005
2024-09-17 14:41:01.340,407.7662383333632,7
2024-09-17 14:41:01.361,407.8524869593974,95
2024-09-17 14:41:01.434,407.7934731515397,103
2024-09-17 14:41:01.438,407.7745799044913,11
2024-09-17 14:41:01.489,407.8288918471835,10
2024-09-17 14:41:01.506,407.80835349236014,8
2024-09-17 14:41:01.526,407.8493270304088,101
2024-09-17 14:41:01.619,407.88166701206455,14
2024-09-17 14:41:01.740,407.8612151528467,1004
2024-09-17 14:41:01.812,407.85640655998907,96
2024-09-17 14:41:01.834,407.8144410089735,98
2024-09-17 14:41:01.924,407.7713309602009,12
2024-09-17 14:41:01.937,407.76659825208895,8
2024-09-17 14:41:02.191,407.87662270412346,97
2024-09-17 14:41:02.231,407.880153872728,103
2024-09-17 14:41:02.355,407.8796919546984,103
2024-09-17 14:41:02.543,407.8762920107473,998
2024-09-17 14:41:02.585,407.8795306833243,100
2024-09-17 14:41:02.598,407.876607925482,102
2024-09-17 14:41:02.658,407.86965176668303,8
2024-09-17 14:41:02.724,407.8776111092479,15
2024-09-17 14:41:02.823,407.87283927473,104
2024-09-17 14:41:02.846,407.895468633138,15
2024-09-17 14:41:02.855,407.9039604569356,998
2024-09-17 14:41:02.861,407.89260599986034,12
2024-09-17 14:41:02.893,407.9102108606571,5
2024-09-17 14:41:02.907,407.8702684079784,105
2024-09-17 14:41:03.129,407.8976091985832,100
2024-09-17 14:41:03.356,407.8860130884198,996
2024-09-17 14:41:03.435,407.89480160218926,102
2024-09-17 14:41:03.737,407.88580593547744,9
2024-09-17 14:41:03.863,407.8906990122828,995
2024-09-17 14:41:03.957,407.8799152471437,97
2024-09-17 14:41:04.042,,98
2024-09-17 14:41:04.085,407.8758927747597,8
2024-09-17 14:41:04.179,407.8920262474785,13
2024-09-17 14:41:04.284,407.8865694088433,15
2024-09-17 14:41:04.301,407.9000138093492,102
2024-09-17 14:41:04.544,407.8747086795293,1001
2024-09-17 14:41:04.606,407.8501129196505,1004
2024-09-17 14:41:04.842,407.87534689069247,1001
2024-09-17 14:41:04.935,407.865158550959,998
2024-09-17 14:41:05.048,407.8409232231063,100
2024-09-17 14:41:05.063,407.8352170159759,1004
2024-09-17 14:41:05.067,407.8560703940116,102
2024-09-17 14:41:05.158,407.8550614126703,96
2024-09-17 14:41:05.186,407.8806780137881,101
2024-09-17 14:41:05.187,407.8833793568188,96
2024-09-17 14:41:05.199,407.8693891641103,96
2024-09-17 14:41:05.261,407.8682330239455,98
2024-09-17 14:41:05.274,407.8290395495396,1004
2024-09-17 14:41:05.278,407.8444348331005,14
2024-09-17 14:41:05.390,407.8348359788026,105
2024-09-17 14:41:05.427,407.8665920203159,7
2024-09-17 14:41:05.448,407.8822206128524,997
2024-09-17 14:41:05.471,407.854640015743,99
2024-09-17 14:41:05.502,407.8979719078243,96
2024-09-17 14:41:05.585,407.85654014342,14
2024-09-17 14:41:05.601,407.8665036697643,12
2024-09-17 14:41:05.616,407.849533694918,7
2024-09-17 14:41:05.629,407.8371021290407,99
2024-09-17 14:41:05.656,407.8374990706805,11
2024-09-17 14:41:05.693,407.8467755861654,1003
2024-09-17 14:41:05.788,407.8749069467647,102
2024-09-17 14:41:05.801,407.8347363224331,996
2024-09-17 14:41:05.879,407.8734693345992,8
2024-09-17 14:41:05.940,407.8944161232594,95
2024-09-17 14:41:05.970,407.8438604658464,998
2024-09-17 14:41:05.975,407.81900075749775,1003
2024-09-17 14:41:05.984,407.8588226177473,1003
2024-09-17 14:41:06.089,407.8501461839832,95
2024-09-17 14:41:06.284,407.8571244590608,998
2024-09-17 14:41:06.415,407.858187061065,9
2024-09-17 14:41:07.045,407.8984265944367,1004
2024-09-17 14:41:07.122,407.9087335324437,103
2024-09-17 14:41:07.129,407.8851976108551,96
2024-09-17 14:41:07.212,407.888058074639,996
2024-09-17 14:41:07.219,407.8984384984368,14
2024-09-17 14:41:07.247,407.90445038380585,11
2024-09-17 14:41:07.269,407.91044777203416,6
2024-09-17 14:41:07.269,407.8660308686094,96
2024-09-17 14:41:07.385,407.88439703433954,100
2024-09-17 14:41:07.403,407.8761013944058,5
2024-09-17 14:41:07.442,407.89012577859,104
2024-09-17 14:41:07.482,407.9073586888883,12
2024-09-17 14:41:07.502,407.8710050169896,1003
2024-09-17 14:41:07.518,407.90700995813046,14
2024-09-17 14:41:07.596,407.86735666743215,996
2024-09-17 14:41:07.658,407.898481767064,95
2024-09-17 14:41:07.680,407.8963004625609,101
2024-09-17 14:41:07.738,407.84707902055607,7
2024-09-17 14:41:07.767,407.8974592883578,1003
2024-09-17 14:41:07.775,407.9164057350031,100
2024-09-17 14:41:07.800,407.9058145333349,1000
2024-09-17 14:41:07.850,407.8774905530007,103
2024-09-17 14:41:07.906,407.9167977682934,999
2024-09-17 14:41:08.800,407.8664663728665,97
2024-09-17 14:41:08.910,407.8716246611999,6
2024-09-17 14:41:09.280,407.8417658479638,13
2024-09-17 14:41:09.324,407.84980606721626,1001
2024-09-17 14:41:09.345,407.8638219130845,104
2024-09-17 14:41:09.386,407.8782703935096,10
2024-09-17 14:41:09.387,407.84438294777726,996
2024-09-17 14:41:09.404,407.8617872292588,996
2024-09-17 14:41:09.584,407.8303199477603,98
2024-09-17 14:41:09.737,407.8570145496557,99
2024-09-17 14:41:09.753,407.860278496264,14
2024-09-17 14:41:09.774,407.875222527709,96
2024-09-17 14:41:09.789,407.85981172621393,95
2024-09-17 14:41:09.823,407.860176932909,99
2024-09-17 14:41:09.858,407.8379764943448,5
2024-09-17 14:41:09.864,407.8543950690572,15
2024-09-17 14:41:09.869,407.8725715306597,103
2024-09-17 14:41:09.885,407.84570890009263,100
2024-09-17 14:41:11.017,407.7851136821441,5
2024-09-17 14:41:11.032,407.8320511920437,15
2024-09-17 14:41:11.085,407.85906141476966,97
2024-09-17 14:41:11.150,407.85297643411553,96
2024-09-17 14:41:11.174,407.84311477968913,1004
2024-09-17 14:41:11.176,407.8335111773613,10
2024-09-17 14:41:11.181,407.834195532441,995
2024-09-17 14:41:11.219,407.8441920004892,105
2024-09-17 14:41:11.241,407.8439898946544,1004
2024-09-17 14:41:11.270,407.7840001747174,997
2024-09-17 14:41:11.280,407.7853079831696,100
2024-09-17 14:41:11.301,407.7712197816589,996
2024-09-17 14:41:11.343,407.8185399220328,998
2024-09-17 14:41:11.492,407.79039381010864,998
2024-09-17 14:41:11.512,407.8330948556318,998
2024-09-17 14:41:11.531,407.8470933483969,13
2024-09-17 14:41:11.603,407.85816051211526,103
2024-09-17 14:41:11.656,407.8508063871204,1003
2024-09-17 14:41:11.666,407.777355658818,999
2024-09-17 14:41:11.692,407.8439523020608,998
2024-09-17 14:41:11.708,407.8416759247715,95
2024-09-17 14:41:11.732,407.8570031624608,6
2024-09-17 14:41:11.742,407.8464297659569,9
2024-09-17 14:41:11.907,407.82178265865593,7
2024-09-17 14:41:11.932,407.8444116553082,12
2024-09-17 14:41:11.933,407.8318626681007,105
2024-09-17 14:41:11.955,407.7702050849937,1002
2024-09-17 14:41:11.963,407.7954820856372,5
2024-09-17 14:41:11.982,407.791344082574,101
2024-09-17 14:41:12.135,407.8467715528423,1004
2024-09-17 14:41:12.145,407.855201446893,1005
2024-09-17 14:41:12.210,407.8723623683803,997
2024-09-17 14:41:12.256,407.8279043736737,105
2024-09-17 14:41:12.466,407.8277776756711,998
2024-09-17 14:41:12.510,407.828193776724,15
2024-09-17 14:41:12.582,407.8343177005705,9
2024-09-17 14:41:12.617,407.853227729265,99
2024-09-17 14:41:12.742,407.8557269282534,103
2024-09-17 14:41:12.754,407.8531694204533,15
2024-09-17 14:41:12.815,407.8560951852247,1000
2024-09-17 14:41:12.910,407.8442221709654,1000
2024-09-17 14:41:13.025,407.7412203279957,13
2024-09-17 14:41:13.034,407.7970520754566,1002
2024-09-17 14:41:13.064,407.80922970987086,99
2024-09-17 14:41:13.070,407.79609061867785,14
2024-09-17 14:41:13.213,407.7674496973188,101
2024-09-17 14:41:13.289,407.7400373214689,1004
2024-09-17 14:41:13.359,407.744200047808,1001
2024-09-17 14:41:13.386,407.7481105926691,1001
2024-09-17 14:41:13.470,407.77906730366016,102
2024-09-17 14:41:13.504,407.8201949727765,15
2024-09-17 14:41:13.549,407.74343119353534,1005
2024-09-17 14:41:13.606,407.7576682218885,5
2024-09-17 14:41:13.734,407.7444471106512,104
2024-09-17 14:41:13.738,407.79524553425705,6
2024-09-17 14:41:13.798,407.71860170453954,10
2024-09-17 14:41:13.813,407.7784911491469,996
2024-09-17 14:41:13.827,407.8006681016055,105
2024-09-17 14:41:13.851,407.7701244635334,995
2024-09-17 14:41:13.882,407.7716421435682,14
2024-09-17 14:41:13.975,407.76022570471935,999
2024-09-17 14:41:13.990,407.8087905410901,10
2024-09-17 14:41:14.006,407.8181299498992,11
2024-09-17 14:41:14.017,407.744141570802,100
2024-09-17 14:41:14.077,407.76355967702,97
2024-09-17 14:41:14.206,407.7465763812,1005
2024-09-17 14:41:14.237,407.76459245750016,996
2024-09-17 14:41:14.246,407.749322985225,1002
2024-09-17 14:41:14.289,-407.74803167283903,12
2024-09-17 14:41:14.326,407.76623965246927,97
2024-09-17 14:41:14.360,407.7823729342067,1003
2024-09-17 14:41:14.398,407.76213017420935,13
2024-09-17 14:41:14.401,407.7742526243691,995
2024-09-17 14:41:14.446,407.730804287147,100
2024-09-17 14:41:14.558,407.7428743998005,1001
2024-09-17 14:41:14.613,407.81371140542257,96
2024-09-17 14:41:14.790,407.7533134575476,995
2024-09-17 14:41:14.844,407.7454061563979,100
2024-09-17 14:41:14.924,407.80500533518136,105
2024-09-17 14:41:15.454,407.7360457917233,10
2024-09-17 14:41:15.507,407.7544796839395,995
2024-09-17 14:41:15.542,407.7440541614458,96
2024-09-17 14:41:15.677,407.7526896258898,101
2024-09-17 14:41:15.742,407.74046325609146,9
2024-09-17 14:41:15.751,407.7417193888128,11
2024-09-17 14:41:16.095,407.73194285292135,15
2024-09-17 14:41:16.148,407.7147485057232,100
2024-09-17 14:41:16.149,407.7089080010462,1002
2024-09-17 14:41:16.150,407.7204446357592,997
2024-09-17 14:41:16.160,407.7049926149052,5
2024-09-17 14:41:16.257,407.79552218473503,996
2024-09-17 14:41:16.352,407.7256802517946,12
2024-09-17 14:41:16.357,407.78202112965874,1001
2024-09-17 14:41:16.398,407.76050330144255,13
2024-09-17 14:41:16.426,407.7109189264509,100
2024-09-17 14:41:16.521,407.707775330795,1000
2024-09-17 14:41:16.535,407.7205353095582,1000
2024-09-17 14:41:16.546,407.7657486865342,96
2024-09-17 14:41:16.572,407.7152282419321,11
2024-09-17 14:41:16.589,407.7348401233175,997
2024-09-17 14:41:16.646,407.7801785672395,10
2024-09-17 14:41:16.661,407.784784241033,995
2024-09-17 14:41:16.687,407.73455127072015,105
2024-09-17 14:41:16.736,407.7346788506418,96
2024-09-17 14:41:16.765,407.7337312811832,101
2024-09-17 14:41:16.770,407.7450014823559,102
2024-09-17 14:41:16.776,407.7216473192773,1005
2024-09-17 14:41:16.834,407.7135408701918,996
2024-09-17 14:41:16.863,407.7057211967745,99
2024-09-17 14:41:16.867,407.7350369743735,999
2024-09-17 14:41:16.877,407.71297727059977,12
2024-09-17 14:41:16.894,407.716709863772,11
2024-09-17 14:41:16.986,407.79405794534784,1000
2024-09-17 14:41:17.244,40.776836980511305,7
2024-09-17 14:41:17.250,407.7826492210462,5
2024-09-17 14:41:17.251,-407.78654983727256,95
2024-09-17 14:41:17.315,407.75614341064073,102
2024-09-17 14:41:17.362,407.76144115739214,102
2024-09-17 14:41:17.555,407.7549450821083,6
2024-09-17 14:41:17.556,407.7450278779923,9
2024-09-17 14:41:17.599,407.770736122471,1000
2024-09-17 14:41:17.606,407.7649383118989,5
2024-09-17 14:41:17.869,407.7865286642083,1004
2024-09-17 14:41:18.034,407.72439256537314,1000
2024-09-17 14:41:18.313,407.7321064238651,995
2024-09-17 14:41:18.495,407.7582512487948,1001
2024-09-17 14:41:18.518,407.7266193757193,9
2024-09-17 14:41:18.590,407.7127214180418,104
2024-09-17 14:41:18.886,407.7158143370403,95
2024-09-17 14:41:18.965,407.7256309958028,105
2024-09-17 14:41:19.011,407.7662157367101,98
2024-09-17 14:41:19.066,407.7480612263008,11
2024-09-17 14:41:19.073,407.7595204415407,1005
2024-09-17 14:41:19.074,407.79539704190535,1000
2024-09-17 14:41:19.082,-407.78520052569417,995
2024-09-17 14:41:19.118,,6
2024-09-17 14:41:19.148,407.7674564658415,1003
2024-09-17 14:41:19.182,407.7168607074312,1003
2024-09-17 14:41:19.213,407.7638809016653,11
2024-09-17 14:41:19.213,407.7375120900875,11
2024-09-17 14:41:19.309,407.76735381511935,1003
2024-09-17 14:41:19.382,407.7813203340301,105
2024-09-17 14:41:19.382,407.7663482074742,5
2024-09-17 14:41:19.384,407.7709607965488,998
2024-09-17 14:41:19.386,407.7590974572621,1003
2024-09-17 14:41:19.428,407.7889236757987,11
2024-09-17 14:41:19.497,407.7859677336203,98
2024-09-17 14:41:19.498,407.746823318342,995
2024-09-17 14:41:19.512,407.7796383664132,9
2024-09-17 14:41:19.597,407.7650611329627,999
2024-09-17 14:41:19.617,407.78738122731073,105
2024-09-17 14:41:19.645,407.750887639559,1001
2024-09-17 14:41:19.709,407.7513228420356,102
2024-09-17 14:41:19.736,-407.7691862817018,14
2024-09-17 14:41:19.776,407.7319214513815,97
2024-09-17 14:41:19.930,407.7701183694312,97
2024-09-17 14:41:19.967,407.782087494812,96
2024-09-17 14:41:20.550,407.772101416447,999
2024-09-17 14:41:20.618,407.7791046190485,98
2024-09-17 14:41:20.887,407.7799062294984,999
2024-09-17 14:41:21.013,407.7382137479491,6
2024-09-17 14:41:21.033,407.7855377941134,998
2024-09-17 14:41:21.050,407.762359860747,7
2024-09-17 14:41:21.051,407.7827918608555,9
2024-09-17 14:41:21.068,407.7478125940402,6
2024-09-17 14:41:21.089,407.7771829061609,7
2024-09-17 14:41:21.121,407.7813746663817,1000
2024-09-17 14:41:21.158,407.7970574557209,1002
2024-09-17 14:41:21.168,407.7751467751354,99
2024-09-17 14:41:21.175,407.7818906232958,9
2024-09-17 14:41:21.400,407.7864439062159,12
2024-09-17 14:41:21.401,407.7351398541198,96
2024-09-17 14:41:21.409,407.7452352959584,1005
2024-09-17 14:41:21.439,407.75693561296754,8
2024-09-17 14:41:21.466,407.78916847238463,11
2024-09-17 14:41:21.488,407.77650805500673,10
2024-09-17 14:41:21.577,407.7803191315894,104
2024-09-17 14:41:21.695,407.7631143479168,104
2024-09-17 14:41:21.722,407.78501838428303,999
2024-09-17 14:41:21.765,407.76306795079824,1001
2024-09-17 14:41:21.784,407.769774839823,996
2024-09-17 14:41:21.834,407.7793198292083,95
2024-09-17 14:41:21.901,407.7874549755292,98
2024-09-17 14:41:21.992,407.7909172421084,99
2024-09-17 14:41:22.373,407.7820553891733,996
2024-09-17 14:41:22.811,407.79023912276745,995
2024-09-17 14:41:22.890,407.8012751571277,98
2024-09-17 14:41:23.275,407.80925486931966,95
2024-09-17 14:41:23.649,407.788111400149,999
2024-09-17 14:41:23.744,407.79305596818944,9
2024-09-17 14:41:24.000,407.8220224404898,996
2024-09-17 14:41:24.130,407.7928931518972,98
2024-09-17 14:41:24.133,407.7826099304858,99
2024-09-17 14:41:24.136,407.7981463817064,999
2024-09-17 14:41:24.146,407.8306839911583,997
2024-09-17 14:41:24.177,407.80150427798543,996
2024-09-17 14:41:24.183,407.8561615711205,13
2024-09-17 14:41:24.193,407.80178374877534,105
2024-09-17 14:41:24.278,407.8238408117904,103
2024-09-17 14:41:24.290,407.8454016447324,6
2024-09-17 14:41:24.331,407.84622373625007,1002
2024-09-17 14:41:24.349,407.8128456167619,5
2024-09-17 14:41:24.363,407.82461014021305,100
2024-09-17 14:41:24.373,407.7932187029627,102
2024-09-17 14:41:24.381,407.7918451280756,6
2024-09-17 14:41:24.459,407.8218429944531,1005
2024-09-17 14:41:24.524,407.802490731352,998
2024-09-17 14:41:24.533,407.83117183050615,10
2024-09-17 14:41:24.538,407.7886688134577,13
2024-09-17 14:41:24.542,407.827397069613,997
2024-09-17 14:41:24.563,407.81837629495175,5
2024-09-17 14:41:24.583,407.7835871758744,97
2024-09-17 14:41:24.587,407.8254492596552,101
2024-09-17 14:41:24.659,407.8151536280727,97
2024-09-17 14:41:24.716,407.77941262148255,995
2024-09-17 14:41:24.726,407.8265107239273,14
2024-09-17 14:41:24.792,407.81630399077136,102
2024-09-17 14:41:24.803,407.8496890173816,10
2024-09-17 14:41:25.162,407.8657382673461,8
2024-09-17 14:41:25.202,407.8454678902357,8
2024-09-17 14:41:25.231,407.8323492827812,100
2024-09-17 14:41:25.279,407.8660603246236,997
2024-09-17 14:41:25.280,407.8066971932868,104
2024-09-17 14:41:25.347,407.80918207758856,105
2024-09-17 14:41:25.561,407.872418187241,1001
2024-09-17 14:41:25.616,407.8585751343351,12
2024-09-17 14:41:25.660,407.81493255244806,998
2024-09-17 14:41:25.752,407.7951875648384,96
2024-09-17 14:41:25.945,407.86373554888,997
2024-09-17 14:41:26.190,407.7871252553477,13
2024-09-17 14:41:26.231,407.7621091942604,1003
2024-09-17 14:41:26.243,407.7712733107592,1004
2024-09-17 14:41:26.303,407.76564903282,10
2024-09-17 14:41:26.341,407.7831148990713,1000
2024-09-17 14:41:26.755,407.7892889219706,13
2024-09-17 14:41:26.838,407.75166889670953,1003
2024-09-17 14:41:27.008,407.6833171599103,999
2024-09-17 14:41:27.067,407.6845426170149,95
2024-09-17 14:41:27.094,407.693116819855,1005
2024-09-17 14:41:27.116,407.7003176160823,95
2024-09-17 14:41:27.118,407.7210556347135,13
2024-09-17 14:41:27.123,407.7023209389532,96
2024-09-17 14:41:27.146,407.6854784563474,95
2024-09-17 14:41:27.147,407.6936048058803,13
2024-09-17 14:41:27.209,407.7120919060697,12
2024-09-17 14:41:27.246,407.7199567221735,7
2024-09-17 14:41:27.318,407.766305791018,104
2024-09-17 14:41:27.343,407.67590406748224,7
2024-09-17 14:41:27.357,407.6893788248152,1001
2024-09-17 14:41:27.465,407.7290063848536,99
2024-09-17 14:41:27.541,407.6963227954676,1002
2024-09-17 14:41:27.628,407.6688567798697,1003
2024-09-17 14:41:27.643,,8
2024-09-17 14:41:27.715,407.7046503392554,99
2024-09-17 14:41:27.719,40.77336035960417,1001
2024-09-17 14:41:27.720,407.6669207717272,96
2024-09-17 14:41:27.792,407.7487914528866,10
2024-09-17 14:41:27.838,407.6992055430994,1004
2024-09-17 14:41:27.843,407.72537374365135,98
2024-09-17 14:41:27.856,407.7039907712968,1002
2024-09-17 14:41:27.887,407.6962258077047,100
2024-09-17 14:41:27.970,407.6977940543754,8
2024-09-17 14:41:28.113,407.695588449197,104
2024-09-17 14:41:28.127,407.6859317861948,996
2024-09-17 14:41:28.145,407.6734275134749,5
2024-09-17 14:41:28.335,407.68134656252784,996
2024-09-17 14:41:28.362,407.7044232848162,102
2024-09-17 14:41:28.462,407.67009503430006,102
2024-09-17 14:41:28.565,407.71365928449495,96
2024-09-17 14:41:28.814,407.660705954069,998
2024-09-17 14:41:28.843,407.6619047069096,999
2024-09-17 14:41:28.933,407.6636848141172,12
2024-09-17 14:41:28.957,407.6857561847231,101
2024-09-17 14:41:28.971,407.666587934376,13
2024-09-17 14:41:29.024,407.6809153549052,998
2024-09-17 14:41:29.257,407.6177836532043,11
2024-09-17 14:41:29.423,407.6317499787645,996
2024-09-17 14:41:29.656,407.66331291797405,1004
2024-09-17 14:41:29.717,407.624471462032,98
2024-09-17 14:41:29.826,407.681161051646,1005
2024-09-17 14:41:29.883,-407.6891994611082,97
2024-09-17 14:41:30.044,407.5715340654797,98
2024-09-17 14:41:30.054,407.58724503862607,8
2024-09-17 14:41:30.074,407.5951733328689,10
2024-09-17 14:41:30.108,407.5632506920176,10
2024-09-17 14:41:30.188,407.6243096155703,95
2024-09-17 14:41:30.204,407.57905182692514,1001
2024-09-17 14:41:30.257,407.59258260206167,1000
2024-09-17 14:41:30.347,407.5930107084959,7
2024-09-17 14:41:30.359,407.57080050093606,996
2024-09-17 14:41:30.424,407.5845355174683,1001
2024-09-17 14:41:30.530,407.6258311864756,1000
2024-09-17 14:41:30.533,407.5799563835861,8
2024-09-17 14:41:30.619,407.5916311309933,103
2024-09-17 14:41:30.626,407.62265945790193,6
2024-09-17 14:41:30.674,407.5681824183464,8
2024-09-17 14:41:30.679,407.5794853658583,8
2024-09-17 14:41:30.717,407.6056249159755,103
2024-09-17 14:41:30.740,407.5722268945782,997
2024-09-17 14:41:30.878,407.5734244373122,8
2024-09-17 14:41:30.943,407.5729782509629,13
2024-09-17 14:41:31.055,40.75786643806161,96
2024-09-17 14:41:31.738,407.5542205046887,1001
2024-09-17 14:41:32.029,407.58041947713207,1003
2024-09-17 14:41:32.072,407.5880373130854,1004
2024-09-17 14:41:32.085,407.5884667586972,98
2024-09-17 14:41:32.327,407.5728767074981,6
2024-09-17 14:41:32.364,407.5883171041045,1003
2024-09-17 14:41:32.458,407.5560633673624,99
2024-09-17 14:41:32.484,407.5873778983761,1005
2024-09-17 14:41:32.768,407.5793933074122,1003
2024-09-17 14:41:32.901,407.5978803651888,1003
2024-09-17 14:41:32.943,407.58377362484896,13
2024-09-17 14:41:32.979,407.5931082647222,7
2024-09-17 14:41:33.041,407.5813329941839,102
2024-09-17 14:41:33.127,407.57726114223306,103
2024-09-17 14:41:33.197,407.5622311072016,7
2024-09-17 14:41:33.283,407.5827678127759,1001
2024-09-17 14:41:33.314,407.5668720357445,998
2024-09-17 14:41:33.330,407.5372102205329,995
2024-09-17 14:41:33.377,407.5693352565708,96
2024-09-17 14:41:33.402,407.539344246828,995
2024-09-17 14:41:33.414,407.5525212446622,5
2024-09-17 14:41:33.504,407.5809825851958,14
2024-09-17 14:41:33.508,407.5744765919733,98
2024-09-17 14:41:33.523,407.565450211784,9
2024-09-17 14:41:33.528,-407.5908858369335,6
2024-09-17 14:41:33.581,407.5629828457822,996
2024-09-17 14:41:33.829,407.5808584680036,7
2024-09-17 14:41:33.852,407.5890285837735,1005
2024-09-17 14:41:33.955,407.5860442592118,8
2024-09-17 14:41:34.031,407.5612015339788,9
2024-09-17 14:41:34.054,40.7536235938859,998
2024-09-17 14:41:34.096,407.5466259665329,995
2024-09-17 14:41:34.120,407.54349437605765,1001
2024-09-17 14:41:34.314,407.54668470113336,996
2024-09-17 14:41:34.399,407.5459195268102,105
2024-09-17 14:41:34.406,407.53550945460967,1001
2024-09-17 14:41:34.479,407.53717281871815,1003
2024-09-17 14:41:34.481,407.5501592272094,99
2024-09-17 14:41:34.716,407.5387497413952,1002
2024-09-17 14:41:34.777,-407.5473816248662,997
2024-09-17 14:41:34.796,407.5568345364307,10
2024-09-17 14:41:34.810,407.5688955995859,104
2024-09-17 14:41:34.844,407.53575834088167,1001
2024-09-17 14:41:35.035,407.553178077288,12
2024-09-17 14:41:35.060,407.5542386319718,7
2024-09-17 14:41:35.160,407.5688201686543,996
2024-09-17 14:41:35.184,407.5541263379326,1002
2024-09-17 14:41:35.209,407.5441055057253,96
2024-09-17 14:41:35.228,407.5401241212524,6
2024-09-17 14:41:35.235,407.5707554900476,95
2024-09-17 14:41:35.300,407.5624813553839,7
2024-09-17 14:41:35.308,407.5609192569833,97
2024-09-17 14:41:35.313,407.5584854391777,14
2024-09-17 14:41:35.376,407.5579206086229,104
2024-09-17 14:41:35.407,407.5535137118498,102
2024-09-17 14:41:35.556,407.5499159907543,5
2024-09-17 14:41:35.591,407.5497935533122,105
2024-09-17 14:41:35.624,407.58211189986633,105
2024-09-17 14:41:35.668,407.56843904535936,5
2024-09-17 14:41:35.748,407.5724680693877,1003
2024-09-17 14:41:35.785,407.5439772897268,104
2024-09-17 14:41:35.785,407.5578165498116,100
2024-09-17 14:41:35.829,407.56883738990655,7
2024-09-17 14:41:35.856,407.5495519431546,10
2024-09-17 14:41:35.899,407.5684223188484,1003
2024-09-17 14:41:35.903,407.5727514103679,15
2024-09-17 14:41:35.935,407.5468923743713,996
2024-09-17 14:41:36.104,407.54995299347735,997
2024-09-17 14:41:36.117,407.5359422246214,102
2024-09-17 14:41:36.240,407.5312910639994,95
2024-09-17 14:41:36.261,407.50424251927376,5
2024-09-17 14:41:36.361,407.5017840719723,997
2024-09-17 14:41:36.369,407.5510740344607,997
2024-09-17 14:41:36.441,407.5550104858791,1003
2024-09-17 14:41:36.537,407.519396503489,13
2024-09-17 14:41:36.607,-407.53159370830633,998
2024-09-17 14:41:36.664,407.53847337018726,998
2024-09-17 14:41:36.677,407.5032958212116,14
2024-09-17 14:41:36.833,407.5259753765866,10
2024-09-17 14:41:36.928,407.5270055568077,999
2024-09-17 14:41:37.209,407.4991790961119,995
2024-09-17 14:41:37.231,407.4721922574787,95
2024-09-17 14:41:37.444,407.4791443295112,99
2024-09-17 14:41:37.454,407.48403371271706,97
2024-09-17 14:41:37.511,407.5047137548802,1001
2024-09-17 14:41:37.558,407.5125136967504,6
2024-09-17 14:41:37.753,407.4701567850952,9
2024-09-17 14:41:37.935,407.47850725707696,995
2024-09-17 14:41:38.159,407.497539282605,995
2024-09-17 14:41:38.250,407.4882084399079,1000
2024-09-17 14:41:38.472,407.49829587635406,998
2024-09-17 14:41:38.619,407.4918677193316,1004
2024-09-17 14:41:39.019,407.4972616889862,6
2024-09-17 14:41:39.041,407.5037191257424,1004
2024-09-17 14:41:39.078,407.4913910255514,98
2024-09-17 14:41:39.083,407.5064272131701,102
2024-09-17 14:41:39.091,407.5165371253669,9
2024-09-17 14:41:39.094,407.5268928788013,98
2024-09-17 14:41:39.110,407.5191769871296,105
2024-09-17 14:41:39.203,407.520037585977,11
2024-09-17 14:41:39.233,407.4853025173571,11
2024-09-17 14:41:39.249,407.51446972786886,995
2024-09-17 14:41:39.286,407.5059735324618,998
2024-09-17 14:41:39.286,407.4901111025405,15
2024-09-17 14:41:39.293,407.4975192227554,13
2024-09-17 14:41:39.325,407.5241766405675,103
2024-09-17 14:41:39.333,407.50139051014975,8
2024-09-17 14:41:39.343,407.48834098550657,101
2024-09-17 14:41:39.472,407.493008603514,6
2024-09-17 14:41:39.483,407.500419104028,98
2024-09-17 14:41:39.495,407.50827551819566,98
2024-09-17 14:41:39.532,407.533235131948,97
2024-09-17 14:41:39.532,407.5039245532144,10
2024-09-17 14:41:39.536,407.504525370694,99
2024-09-17 14:41:39.679,407.4792786739564,1005
2024-09-17 14:41:39.809,407.5106245015276,100
2024-09-17 14:41:39.864,407.5295294961575,100
2024-09-17 14:41:39.872,407.51169582087095,102
2024-09-17 14:41:39.907,407.5045095276773,1000
2024-09-17 14:41:39.982,407.50834044485634,98
2024-09-17 14:41:39.999,407.49067130497895,8
2024-09-17 14:41:40.096,407.5388313476591,97
2024-09-17 14:41:40.100,407.6424283190877,1001
2024-09-17 14:41:40.168,407.6042681207839,997
2024-09-17 14:41:40.177,407.5348355950029,100
2024-09-17 14:41:40.213,407.5198105524486,12
2024-09-17 14:41:40.245,407.55753909917513,98
2024-09-17 14:41:40.310,407.63161593836304,103
2024-09-17 14:41:40.319,407.5929346560419,1005
2024-09-17 14:41:40.338,407.5426164744815,5
2024-09-17 14:41:40.362,-407.641250811654,11
2024-09-17 14:41:40.373,407.6307355465411,1002
2024-09-17 14:41:40.454,407.6183865794895,7
2024-09-17 14:41:40.524,407.5995619949618,96
2024-09-17 14:41:40.589,407.6289160451312,996
2024-09-17 14:41:40.622,407.6043128962619,7
2024-09-17 14:41:40.627,407.5874689686639,998
2024-09-17 14:41:40.663,407.5929365264897,13
2024-09-17 14:41:40.678,407.6141082854238,1001
2024-09-17 14:41:40.695,407.6093012532796,14
2024-09-17 14:41:40.716,407.5402847896167,999
2024-09-17 14:41:40.752,407.6441185216228,10
2024-09-17 14:41:40.803,407.6306338433583,10
2024-09-17 14:41:40.807,407.5934447250552,99
2024-09-17 14:41:40.853,407.6297755444261,101
2024-09-17 14:41:40.873,407.59488166849707,1005
2024-09-17 14:41:40.902,407.6116606307996,12
2024-09-17 14:41:40.921,407.60894448746114,99
2024-09-17 14:41:40.956,407.54399373281535,95
2024-09-17 14:41:41.094,407.6119512877808,100
2024-09-17 14:41:41.269,407.63035504391047,12
2024-09-17 14:41:41.468,407.6238751609314,1001
2024-09-17 14:41:41.475,407.61383836418736,99
2024-09-17 14:41:41.541,407.673449136512,997
2024-09-17 14:41:41.652,407.5932592546578,1002
2024-09-17 14:41:41.689,407.6472231486383,1003
2024-09-17 14:41:41.696,407.6420484440863,1002
2024-09-17 14:41:41.710,407.6217827915882,102
2024-09-17 14:41:41.765,407.62020909656286,1000
2024-09-17 14:41:41.766,407.6336035416245,9
2024-09-17 14:41:41.790,407.6449075045929,1001
2024-09-17 14:41:41.833,407.6366510044209,99
2024-09-17 14:41:41.937,407.6242873598341,99
2024-09-17 14:41:42.045,407.6763593762692,96
2024-09-17 14:41:42.303,407.6772763860776,997
2024-09-17 14:41:42.324,407.6672162941122,101
2024-09-17 14:41:42.467,407.6781504996466,97
2024-09-17 14:41:42.831,407.682974478408,1001
2024-09-17 14:41:42.873,407.6741558438296,104
2024-09-17 14:41:42.952,407.6736458358209,15
2024-09-17 14:41:43.068,407.7437078342062,102
2024-09-17 14:41:43.172,407.7369965521141,1002
2024-09-17 14:41:43.333,407.7573063826783,101
2024-09-17 14:41:43.349,407.7373677526589,96
2024-09-17 14:41:43.404,407.744279424734,104
2024-09-17 14:41:43.409,407.74905038497855,9
2024-09-17 14:41:43.418,407.760993385808,97
2024-09-17 14:41:43.443,407.73348816255424,7
2024-09-17 14:41:43.462,407.6965086159924,1005
2024-09-17 14:41:43.463,407.7155942545116,9
2024-09-17 14:41:43.492,407.7447898185048,99
2024-09-17 14:41:43.520,407.7457076578663,5
2024-09-17 14:41:43.593,407.7073416357243,101
2024-09-17 14:41:43.687,407.7561753472616,105
2024-09-17 14:41:43.766,407.74194533999713,1003
2024-09-17 14:41:43.810,407.703943111576,999
2024-09-17 14:41:43.900,407.7308620353981,996
2024-09-17 14:41:43.914,407.7576521387606,998
2024-09-17 14:41:43.961,407.698328570933,105
2024-09-17 14:41:43.966,407.7519510520394,100
2024-09-17 14:41:43.970,407.7345751854832,97
2024-09-17 14:41:43.973,407.75845478033966,11
2024-09-17 14:41:44.495,407.7346284922899,97
2024-09-17 14:41:45.231,407.727306935179,15
2024-09-17 14:41:45.319,407.7227867049926,105
2024-09-17 14:41:45.490,407.7300652789622,1000
2024-09-17 14:41:45.645,407.7177651904445,10
2024-09-17 14:41:45.686,407.7292447666719,103
2024-09-17 14:41:45.701,407.7131101498117,7
2024-09-17 14:41:45.705,-407.7471998803912,1004
2024-09-17 14:41:45.710,407.7463780199736,1001
2024-09-17 14:41:45.746,407.73269244689374,15
2024-09-17 14:41:45.894,407.71571725064416,100
2024-09-17 14:41:45.937,407.7154691281915,1002
2024-09-17 14:41:46.167,407.71042122798303,11
2024-09-17 14:41:46.182,407.70255107380063,104
2024-09-17 14:41:46.676,407.7074434333183,1001
2024-09-17 14:41:46.966,407.7116761273812,11
2024-09-17 14:41:47.004,407.6764181956086,996
2024-09-17 14:41:47.101,407.655728852601,1001
2024-09-17 14:41:47.146,407.6789468593146,1000
2024-09-17 14:41:47.151,407.6940856811021,105
2024-09-17 14:41:47.153,407.7043968557978,11
2024-09-17 14:41:47.167,407.70429295042345,1004
2024-09-17 14:41:47.253,407.6541794604166,11
2024-09-17 14:41:47.274,407.66634116384506,1002
2024-09-17 14:41:47.327,407.6871764629571,1001
2024-09-17 14:41:47.351,407.6499331232399,102
2024-09-17 14:41:47.390,407.6761280696049,1001
2024-09-17 14:41:47.404,407.6803951452626,1001
2024-09-17 14:41:47.505,407.6652426540103,1001
2024-09-17 14:41:47.519,407.7165306980093,105
2024-09-17 14:41:47.524,407.6422224877259,14
2024-09-17 14:41:47.556,407.6502497513736,999
2024-09-17 14:41:47.557,407.6962047832702,98
2024-09-17 14:41:47.567,407.66218433087,97
2024-09-17 14:41:47.581,407.66161941167326,96
2024-09-17 14:41:47.635,407.6668183935728,9
2024-09-17 14:41:47.641,407.70164620163655,11
2024-09-17 14:41:47.705,407.65949050152153,997
2024-09-17 14:41:47.723,407.6486695933257,1004
2024-09-17 14:41:47.726,407.6581729112248,104
2024-09-17 14:41:47.765,407.72427124631184,1002
2024-09-17 14:41:47.775,407.6867920004141,1004
2024-09-17 14:41:47.849,407.672172691225,105
2024-09-17 14:41:47.865,407.6518708699029,103
2024-09-17 14:41:47.888,407.7059595486925,14
2024-09-17 14:41:47.940,407.6775383108106,997
2024-09-17 14:41:48.064,407.7649499653447,6
2024-09-17 14:41:48.077,407.75593844650007,997
2024-09-17 14:41:48.083,407.76506877229207,1005
2024-09-17 14:41:48.092,407.71064802314106,103
2024-09-17 14:41:48.132,407.7488528408392,9
2024-09-17 14:41:48.134,407.762004306824,96
2024-09-17 14:41:48.137,407.7655678491175,99
2024-09-17 14:41:48.229,407.7212871764598,97
2024-09-17 14:41:48.251,407.7436755788077,12
2024-09-17 14:41:48.352,407.7458954639978,14
2024-09-17 14:41:48.420,407.6870427175765,102
2024-09-17 14:41:48.425,407.7150885838693,98
2024-09-17 14:41:48.477,407.7323968583283,100
2024-09-17 14:41:48.493,407.6763744763963,6
2024-09-17 14:41:48.502,407.7542414540569,99
2024-09-17 14:41:48.559,407.7395759265553,999
2024-09-17 14:41:48.564,407.7178627078882,8
2024-09-17 14:41:48.584,407.7043639268001,11
2024-09-17 14:41:48.633,407.7532723292482,999
2024-09-17 14:41:48.746,,1005
2024-09-17 14:41:48.788,407.7408783431218,1000
2024-09-17 14:41:48.881,407.7492691120463,15
2024-09-17 14:41:48.904,407.6789800299983,995
2024-09-17 14:41:48.917,407.7672902692584,1000
2024-09-17 14:41:48.960,407.7737728822245,9
2024-09-17 14:41:48.966,407.74984535087134,7
2024-09-17 14:41:48.978,407.7243554882354,1001
2024-09-17 14:41:48.993,407.7586169194736,103
2024-09-17 14:41:49.044,407.7334182351696,12
2024-09-17 14:41:49.045,407.7617149017409,15
2024-09-17 14:41:49.096,407.72566213923454,1003
2024-09-17 14:41:49.155,407.73022845646966,995
2024-09-17 14:41:49.233,407.7402989571908,1000
2024-09-17 14:41:49.504,407.7369765518429,97
2024-09-17 14:41:49.898,407.7504808362687,13
2024-09-17 14:41:49.973,407.7512367286392,998
2024-09-17 14:41:50.151,407.7568827476882,10
2024-09-17 14:41:50.153,407.7662190641613,1002
2024-09-17 14:41:50.153,407.76463944955066,1003
2024-09-17 14:41:50.199,407.7955924326519,12
2024-09-17 14:41:50.234,407.76417658430734,1003
2024-09-17 14:41:50.238,407.814287331935,8
2024-09-17 14:41:50.320,407.7850633662988,102
2024-09-17 14:41:50.382,407.8465195679794,996
2024-09-17 14:41:50.440,407.7898973368875,15
2024-09-17 14:41:50.491,407.8295161357748,9
2024-09-17 14:41:50.542,407.8161511326616,97
2024-09-17 14:41:50.560,407.7744625231669,15
2024-09-17 14:41:50.584,407.7651699711265,999
2024-09-17 14:41:50.713,407.8247617261344,104
2024-09-17 14:41:50.723,407.815804995006,97
2024-09-17 14:41:50.741,407.8379082160857,995
2024-09-17 14:41:50.846,407.8153460420581,9
2024-09-17 14:41:50.853,407.7759596632291,102
2024-09-17 14:41:50.896,407.83926107337095,101
2024-09-17 14:41:51.950,407.8062664146962,8
2024-09-17 14:41:51.957,407.7993918670031,102
2024-09-17 14:41:52.014,407.83448995378086,11
2024-09-17 14:41:52.091,407.8205459993898,995
2024-09-17 14:41:52.147,407.8858339161868,100
2024-09-17 14:41:52.165,407.8711762222677,97
2024-09-17 14:41:52.182,407.792219917173,98
2024-09-17 14:41:52.194,407.9080877901622,99
2024-09-17 14:41:52.221,407.8534235300336,13
2024-09-17 14:41:52.274,407.8320789115946,1003
2024-09-17 14:41:52.316,407.883971328904,105
2024-09-17 14:41:52.337,407.8043206052095,6
2024-09-17 14:41:52.349,407.88544993616944,1001
2024-09-17 14:41:52.412,407.8233755538122,997
2024-09-17 14:41:52.427,407.8495406363234,100
2024-09-17 14:41:52.446,407.8939346769622,104
2024-09-17 14:41:52.459,407.86762347562586,6
2024-09-17 14:41:52.552,407.87264443420594,1001
2024-09-17 14:41:52.626,407.8071858000472,996
2024-09-17 14:41:52.627,407.8766109096118,6
2024-09-17 14:41:52.657,407.8930246975928,96
2024-09-17 14:41:52.691,407.8528592686473,14
2024-09-17 14:41:52.947,407.8217232621064,11
2024-09-17 14:41:52.990,407.85043819178304,102
2024-09-17 14:41:53.148,407.9007080963433,995
2024-09-17 14:41:53.296,407.9281733056279,1003
2024-09-17 14:41:53.454,407.9113468704041,11
2024-09-17 14:41:53.469,407.9500306584288,997
2024-09-17 14:41:53.746,407.9525027644265,995
2024-09-17 14:41:53.822,407.9407611997746,103
2024-09-17 14:41:53.888,407.8961314022127,997
2024-09-17 14:41:54.012,407.9378929495912,15
2024-09-17 14:41:54.038,407.9159462080872,102
2024-09-17 14:41:54.097,407.95326365014296,12
2024-09-17 14:41:54.136,407.9019409604407,1000
2024-09-17 14:41:54.153,407.93294242857087,101
2024-09-17 14:41:54.211,407.94232230974274,96
2024-09-17 14:41:54.224,407.92754727404326,104
2024-09-17 14:41:54.237,407.9092073342699,997
2024-09-17 14:41:54.389,407.9152895313741,95
2024-09-17 14:41:54.419,407.9232560191476,998
2024-09-17 14:41:54.457,407.94424131293965,104
2024-09-17 14:41:54.493,407.9419046003305,8
2024-09-17 14:41:54.503,407.9336289334198,6
2024-09-17 14:41:54.509,407.931008215974,8
2024-09-17 14:41:54.513,407.9426420150247,13
2024-09-17 14:41:54.552,407.9130142109526,1002
2024-09-17 14:41:54.575,407.9435527347222,998
2024-09-17 14:41:54.670,407.910604097979,97
2024-09-17 14:41:54.745,407.92784610045015,1000
2024-09-17 14:41:54.903,407.9044680362698,9
2024-09-17 14:41:55.099,407.960733265036,102
2024-09-17 14:41:55.119,407.9139221628676,97
2024-09-17 14:41:55.134,407.9273272685186,1002
2024-09-17 14:41:55.268,407.9300487404866,102
2024-09-17 14:41:55.374,407.9274642361976,998
2024-09-17 14:41:55.505,407.9476257366191,11
2024-09-17 14:41:55.612,407.9397157236415,998
2024-09-17 14:41:55.707,407.9639129675878,6
2024-09-17 14:41:55.713,407.9517675319965,998
2024-09-17 14:41:55.782,407.9254976172977,12
2024-09-17 14:41:55.805,407.9633919334541,105
2024-09-17 14:41:55.999,407.9485623284346,1001
2024-09-17 14:41:56.313,407.9375397867282,101
2024-09-17 14:41:56.313,407.9514707621889,12
2024-09-17 14:41:56.584,407.963662136637,1004
2024-09-17 14:41:56.644,407.95287574856167,1005
2024-09-17 14:41:56.896,407.96303224540617,9
2024-09-17 14:41:56.942,407.96273515155326,8
2024-09-17 14:41:56.997,407.9705930599707,1003
2024-09-17 14:41:57.079,407.9898575958544,997
2024-09-17 14:41:57.494,40.79809767147526,1000
2024-09-17 14:41:57.534,407.9763384161095,104
2024-09-17 14:41:57.558,407.9690244335612,105
2024-09-17 14:41:58.097,408.00050794991927,104
2024-09-17 14:41:58.104,408.0090634840819,104
2024-09-17 14:41:58.140,408.01160660987983,5
2024-09-17 14:41:58.142,408.0140261219423,98
2024-09-17 14:41:58.177,408.0085249186986,12
2024-09-17 14:41:58.228,408.0177517986568,102
2024-09-17 14:41:58.291,408.00416299928185,98
2024-09-17 14:41:58.303,407.9959697894644,96
2024-09-17 14:41:58.307,408.0736057053954,100
2024-09-17 14:41:58.315,-408.0257497300581,15
2024-09-17 14:41:58.383,408.0103928237827,7
2024-09-17 14:41:58.441,408.0296858515951,1002
2024-09-17 14:41:58.645,408.0040737590799,997
2024-09-17 14:41:58.670,407.9955079621173,96
2024-09-17 14:41:58.684,408.07589377886734,11
2024-09-17 14:41:58.686,408.00143962032666,10
2024-09-17 14:41:58.750,408.0678933532961,1002
2024-09-17 14:41:58.873,408.07430479449,99
2024-09-17 14:41:58.894,408.0856659032912,104
2024-09-17 14:41:58.901,408.0440726883411,6
2024-09-17 14:41:58.961,408.0761052972044,1003
2024-09-17 14:41:58.967,408.0539318718732,95
2024-09-17 14:41:58.972,408.00216187309087,95
2024-09-17 14:41:58.981,408.0235772330697,6
2024-09-17 14:41:59.137,408.09816193748935,7
2024-09-17 14:41:59.170,415.5813719303948,9
2024-09-17 14:41:59.489,408.0567069727613,15
2024-09-17 14:41:59.532,408.0849659712693,98
2024-09-17 14:41:59.641,408.0964363026008,103
2024-09-17 14:41:59.918,408.0846127937105,1001
