Timestamp,Price,Size
2024-09-20 15:02:00.010,-431.2662076556436,1000
2024-09-20 15:02:00.043,431.3019927689426,104
2024-09-20 15:02:00.069,431.32303559770975,5
2024-09-20 15:02:00.070,431.29073699022337,1001
2024-09-20 15:02:00.163,431.3301701784845,1004
2024-09-20 15:02:00.238,431.3122587999264,102
2024-09-20 15:02:00.277,431.2853415915318,101
2024-09-20 15:02:00.425,431.32356276411895,995
2024-09-20 15:02:00.552,431.3220168798063,1003
2024-09-20 15:02:00.647,431.2685190107325,1000
2024-09-20 15:02:00.724,431.32417462662977,14
2024-09-20 15:02:00.776,431.2771657132792,98
2024-09-20 15:02:00.820,431.2813271589748,101
2024-09-20 15:02:00.842,431.3159816378559,9
2024-09-20 15:02:00.892,431.2864806980315,995
2024-09-20 15:02:00.941,431.3077807335032,14
2024-09-20 15:02:00.983,431.3306288768817,99
2024-09-20 15:02:01.003,431.3195770543742,8
2024-09-20 15:02:01.047,431.3285251675977,95
2024-09-20 15:02:01.205,431.3145995234397,1001
2024-09-20 15:02:01.416,431.3141428025216,7
2024-09-20 15:02:01.444,431.33211950402494,6
2024-09-20 15:02:01.482,431.3122246298344,1005
2024-09-20 15:02:01.522,431.32730916068175,996
2024-09-20 15:02:01.550,431.3071452640906,96
2024-09-20 15:02:01.575,431.3415621836093,13
2024-09-20 15:02:01.614,431.3232842910242,96
2024-09-20 15:02:01.716,431.3326172900833,1002
2024-09-20 15:02:01.918,431.3047292587145,8
2024-09-20 15:02:02.005,431.33282989968336,11
2024-09-20 15:02:02.029,431.2657535172039,12
2024-09-20 15:02:02.188,431.28592436394126,1003
2024-09-20 15:02:02.209,431.31136977256114,1004
2024-09-20 15:02:02.250,431.3145429435236,1001
2024-09-20 15:02:02.289,431.2856178072662,1001
2024-09-20 15:02:02.400,431.33455883654057,995
2024-09-20 15:02:02.519,431.3370806676177,104
2024-09-20 15:02:02.720,431.3331079679603,102
2024-09-20 15:02:02.814,431.3135440033724,97
2024-09-20 15:02:02.881,431.2388889727959,995
2024-09-20 15:02:02.981,431.33624447175015,99
2024-09-20 15:02:03.030,431.2194937697957,1001
2024-09-20 15:02:03.046,431.1402625538789,1001
2024-09-20 15:02:03.051,,104
2024-09-20 15:02:03.086,431.1558651941019,6
2024-09-20 15:02:03.094,431.16113965194,997
2024-09-20 15:02:03.155,431.23077537308575,7
2024-09-20 15:02:03.251,431.233658490737,102
2024-09-20 15:02:03.336,431.20443055267305,996
2024-09-20 15:02:03.364,431.1999284976561,6
2024-09-20 15:02:03.452,431.20647525800473,98
2024-09-20 15:02:03.570,431.1214764499064,7
2024-09-20 15:02:03.747,431.2086474208166,1005
2024-09-20 15:02:03.770,431.2365837613757,102
2024-09-20 15:02:03.788,431.1908234549229,1001
2024-09-20 15:02:03.815,43.11248526825836,1005
2024-09-20 15:02:03.830,431.1980242574828,102
2024-09-20 15:02:03.835,431.106377472588,9
2024-09-20 15:02:03.900,431.11484498463307,104
2024-09-20 15:02:03.943,431.2254357932748,102
2024-09-20 15:02:03.978,431.2283157456833,104
2024-09-20 15:02:03.981,431.1072855343094,10
2024-09-20 15:02:04.084,431.1564753780164,99
2024-09-20 15:02:04.211,431.034974403784,100
2024-09-20 15:02:04.266,431.15280669854656,1003
2024-09-20 15:02:04.363,431.1400773288504,1005
2024-09-20 15:02:04.383,431.06271200123257,8
2024-09-20 15:02:04.398,431.15180828386144,104
2024-09-20 15:02:04.462,431.0851374722336,7
2024-09-20 15:02:04.484,431.0826152666928,995
2024-09-20 15:02:04.562,431.0679410562474,13
2024-09-20 15:02:04.594,431.11326257417625,1005
2024-09-20 15:02:04.603,431.1450110391529,99
2024-09-20 15:02:04.695,431.1288034222913,9
2024-09-20 15:02:04.712,431.15155655283695,5
2024-09-20 15:02:04.770,431.11516151457664,101
2024-09-20 15:02:04.784,431.1603440461623,996
2024-09-20 15:02:04.810,431.0337232362782,100
2024-09-20 15:02:04.845,431.01182202805927,995
2024-09-20 15:02:04.880,431.1078040737144,5
2024-09-20 15:02:04.921,431.1201403580381,11
2024-09-20 15:02:04.936,431.13718585514266,5
2024-09-20 15:02:05.056,431.0364329668348,12
2024-09-20 15:02:05.098,431.0683951246021,9
2024-09-20 15:02:05.109,431.0885856277983,102
2024-09-20 15:02:05.151,431.04333688776967,1004
2024-09-20 15:02:05.326,431.0830453361716,1005
2024-09-20 15:02:05.363,431.01132286135817,96
2024-09-20 15:02:05.385,431.0182476100142,11
2024-09-20 15:02:05.436,431.0326012812536,99
2024-09-20 15:02:05.488,,1001
2024-09-20 15:02:05.557,431.03623464388414,9
2024-09-20 15:02:06.091,431.085755985894,99
2024-09-20 15:02:06.145,431.09914826797353,10
2024-09-20 15:02:06.151,431.1032501471113,1005
2024-09-20 15:02:06.192,431.0981689750452,5
2024-09-20 15:02:06.670,431.1022463782388,998
2024-09-20 15:02:06.687,431.089414790334,9
2024-09-20 15:02:06.730,431.0870486668284,8
2024-09-20 15:02:06.774,431.0840707973394,102
2024-09-20 15:02:06.862,431.0909351204395,101
2024-09-20 15:02:06.901,431.086864549593,10
2024-09-20 15:02:07.003,431.0067976140256,10
2024-09-20 15:02:07.012,431.00769701757855,10
2024-09-20 15:02:07.044,430.9986000275429,99
2024-09-20 15:02:07.091,430.99898770045536,101
2024-09-20 15:02:07.109,431.0619631834135,104
2024-09-20 15:02:07.118,431.1217195887944,98
2024-09-20 15:02:07.152,431.0820519414472,1002
2024-09-20 15:02:07.225,431.0083536795295,101
2024-09-20 15:02:07.256,431.1015869100212,14
2024-09-20 15:02:07.301,431.1031868998446,6
2024-09-20 15:02:07.321,431.0692258880167,1005
2024-09-20 15:02:07.448,430.9703295326124,10
2024-09-20 15:02:07.450,431.0001948898298,104
2024-09-20 15:02:07.521,431.0844541346826,998
2024-09-20 15:02:07.549,431.099055622993,1001
2024-09-20 15:02:07.724,431.0989425442899,102
2024-09-20 15:02:07.799,431.0106583209819,1002
2024-09-20 15:02:07.824,431.1031742545237,98
2024-09-20 15:02:07.896,431.0833801076631,95
2024-09-20 15:02:07.979,431.1084177082789,996
2024-09-20 15:02:08.012,430.9273235454238,101
2024-09-20 15:02:08.115,430.9433885594023,1001
2024-09-20 15:02:08.128,430.9351180770022,1002
2024-09-20 15:02:08.159,430.8981964668251,8
2024-09-20 15:02:08.169,430.8972513364327,102
2024-09-20 15:02:08.228,,95
2024-09-20 15:02:08.248,430.87226441511,8
2024-09-20 15:02:08.307,430.9800003232742,9
2024-09-20 15:02:08.307,430.920679649244,997
2024-09-20 15:02:08.340,430.9725054516017,1004
2024-09-20 15:02:08.347,430.89568999862456,95
2024-09-20 15:02:08.362,430.90888654931416,102
2024-09-20 15:02:08.368,430.9973544860423,95
2024-09-20 15:02:08.373,430.9756970068504,99
2024-09-20 15:02:08.403,430.8987032196762,105
2024-09-20 15:02:08.581,430.9651427843309,1004
2024-09-20 15:02:08.583,430.9993035305613,1002
2024-09-20 15:02:08.620,430.884776037532,1005
2024-09-20 15:02:08.665,430.8901036677354,1004
2024-09-20 15:02:08.681,430.9791049940148,996
2024-09-20 15:02:08.698,430.8706198707865,9
2024-09-20 15:02:08.840,430.8802932626795,1000
2024-09-20 15:02:08.864,430.9672513153472,14
2024-09-20 15:02:08.927,430.909861570718,1005
2024-09-20 15:02:08.933,430.96513468494953,15
2024-09-20 15:02:08.992,430.9822569835309,6
2024-09-20 15:02:08.995,430.9035876149261,103
2024-09-20 15:02:09.000,430.91570849236433,105
2024-09-20 15:02:09.023,431.0016651634528,5
2024-09-20 15:02:09.037,430.9151494041138,6
2024-09-20 15:02:09.075,430.9969492670311,11
2024-09-20 15:02:09.084,430.8735569180972,13
2024-09-20 15:02:09.091,430.9756736186871,5
2024-09-20 15:02:09.107,43.09782288197708,9
2024-09-20 15:02:09.115,430.9194182584328,14
2024-09-20 15:02:09.131,430.9628587131306,99
2024-09-20 15:02:09.132,430.990424462782,97
2024-09-20 15:02:09.132,430.95846880621417,997
2024-09-20 15:02:09.213,430.9292228651324,13
2024-09-20 15:02:09.229,430.9575036841919,14
2024-09-20 15:02:09.253,430.97297359752656,13
2024-09-20 15:02:09.370,430.9740295623136,104
2024-09-20 15:02:09.376,423.6961261021351,100
2024-09-20 15:02:09.502,430.8947892080944,15
2024-09-20 15:02:09.533,-430.9784443580032,6
2024-09-20 15:02:09.542,430.9961852083465,95
2024-09-20 15:02:09.567,430.9301383600465,5
2024-09-20 15:02:09.674,430.94293037049385,96
2024-09-20 15:02:09.679,430.9895459303308,998
2024-09-20 15:02:09.758,430.9983629935108,1003
2024-09-20 15:02:09.788,430.9481925194085,1004
2024-09-20 15:02:09.790,430.8780492426625,100
2024-09-20 15:02:09.892,431.0048678141995,13
2024-09-20 15:02:09.894,430.9989636850944,104
2024-09-20 15:02:09.912,430.98074227552434,104
2024-09-20 15:02:09.953,430.9328869489621,103
2024-09-20 15:02:09.982,430.975644276736,14
2024-09-20 15:02:10.300,430.970852563193,100
2024-09-20 15:02:10.313,430.9677588867041,1001
2024-09-20 15:02:10.381,430.97400605698334,100
2024-09-20 15:02:10.392,430.96748098691256,98
2024-09-20 15:02:10.564,430.9718379316083,10
2024-09-20 15:02:10.628,430.9821823219547,997
2024-09-20 15:02:10.701,430.9641084217243,11
2024-09-20 15:02:11.020,430.9453019915458,101
2024-09-20 15:02:11.047,430.9405812881578,101
2024-09-20 15:02:11.238,430.9423574778034,7
2024-09-20 15:02:11.238,430.9526270660811,1001
2024-09-20 15:02:11.360,430.9642316663051,12
2024-09-20 15:02:11.370,430.9465967077648,100
2024-09-20 15:02:11.487,430.9504498322813,101
2024-09-20 15:02:11.516,430.944707525495,6
2024-09-20 15:02:11.633,430.9680892782937,101
2024-09-20 15:02:11.638,430.96338792506265,1002
2024-09-20 15:02:11.880,430.97389233654826,5
2024-09-20 15:02:12.091,430.961236399036,97
2024-09-20 15:02:12.252,430.94960683554336,996
2024-09-20 15:02:12.261,430.9730141835372,15
2024-09-20 15:02:12.294,430.96366480555895,7
2024-09-20 15:02:12.301,430.9519967914869,10
2024-09-20 15:02:12.320,430.9755816352229,15
2024-09-20 15:02:12.333,430.9619254295872,15
2024-09-20 15:02:12.351,430.9868912747293,97
2024-09-20 15:02:12.354,430.98496118510303,5
2024-09-20 15:02:12.360,430.9644248311018,999
2024-09-20 15:02:12.424,,14
2024-09-20 15:02:12.426,430.9504212559216,999
2024-09-20 15:02:12.427,430.97306565027367,5
2024-09-20 15:02:12.455,430.9550499160476,13
2024-09-20 15:02:12.469,430.9702852404839,12
2024-09-20 15:02:12.484,430.9760203160961,95
2024-09-20 15:02:12.576,430.9719944029457,7
2024-09-20 15:02:12.594,430.9629946213266,15
2024-09-20 15:02:12.594,430.9438877555688,10
2024-09-20 15:02:12.732,430.96568359745226,1001
2024-09-20 15:02:12.750,430.9737683624507,997
2024-09-20 15:02:12.814,430.9673898261093,1002
2024-09-20 15:02:12.859,430.9686964020964,5
2024-09-20 15:02:12.873,430.9641134707165,9
2024-09-20 15:02:12.890,430.9809787916991,5
2024-09-20 15:02:12.910,430.9634794794137,14
2024-09-20 15:02:12.942,430.9566082701164,98
2024-09-20 15:02:12.980,430.97352872766913,15
2024-09-20 15:02:14.048,430.9874872814849,5
2024-09-20 15:02:14.102,430.8463291270759,99
2024-09-20 15:02:14.189,430.87524583507377,101
2024-09-20 15:02:14.203,430.9673921187339,97
2024-09-20 15:02:14.214,430.8755429248345,9
2024-09-20 15:02:14.217,430.9516134495298,995
2024-09-20 15:02:14.260,430.90324907429977,95
2024-09-20 15:02:14.283,430.9521368171564,103
2024-09-20 15:02:14.299,430.9848252179339,1001
2024-09-20 15:02:14.390,430.9438573690496,13
2024-09-20 15:02:14.441,430.8446296111949,6
2024-09-20 15:02:14.491,430.9922955314059,98
2024-09-20 15:02:14.491,430.9934506287292,998
2024-09-20 15:02:14.592,430.8366735949777,1000
2024-09-20 15:02:14.651,430.983903416384,98
2024-09-20 15:02:14.661,430.9802794506957,104
2024-09-20 15:02:14.683,430.9211490634622,10
2024-09-20 15:02:14.717,430.9887677193729,104
2024-09-20 15:02:14.764,430.8963621214566,1000
2024-09-20 15:02:14.812,430.8376968683908,100
2024-09-20 15:02:14.839,430.9219923940786,15
2024-09-20 15:02:14.846,43.08603069407316,13
2024-09-20 15:02:14.937,430.9908424882989,996
2024-09-20 15:02:14.993,430.9336938225028,995
2024-09-20 15:02:15.138,430.7689193283383,7
2024-09-20 15:02:15.144,430.7837186754188,1003
2024-09-20 15:02:15.155,430.75992348940247,95
2024-09-20 15:02:15.160,430.7846653632613,95
2024-09-20 15:02:15.248,430.7504767685848,1002
2024-09-20 15:02:15.262,430.79041610933865,1003
2024-09-20 15:02:15.434,430.7663418525047,1003
2024-09-20 15:02:15.523,430.75990340380406,1002
2024-09-20 15:02:15.567,430.7471717229963,10
2024-09-20 15:02:15.611,430.769722907549,5
2024-09-20 15:02:15.792,430.7892747514304,1005
2024-09-20 15:02:15.808,430.7341786953874,1000
2024-09-20 15:02:15.862,430.7917340962375,98
2024-09-20 15:02:15.866,430.7921551561488,105
2024-09-20 15:02:15.934,430.8146149886703,102
2024-09-20 15:02:16.146,430.79919308628735,10
2024-09-20 15:02:16.153,430.7562502746241,13
2024-09-20 15:02:16.156,430.7261098981138,1005
2024-09-20 15:02:16.157,430.7932660467247,1000
2024-09-20 15:02:16.169,430.7940654097874,1005
2024-09-20 15:02:16.229,430.8009434283799,10
2024-09-20 15:02:16.303,430.7577462571553,1001
2024-09-20 15:02:16.304,430.7979510228012,99
2024-09-20 15:02:16.305,430.7785415283325,1005
2024-09-20 15:02:16.323,430.7550218992334,996
2024-09-20 15:02:16.330,430.7855248219124,1004
2024-09-20 15:02:16.380,430.77943774268215,6
2024-09-20 15:02:16.564,430.78192015565065,96
2024-09-20 15:02:16.681,430.7853163594609,996
2024-09-20 15:02:16.880,430.7854717358041,105
2024-09-20 15:02:16.993,430.750036898227,998
2024-09-20 15:02:16.994,430.79986927428297,103
2024-09-20 15:02:18.022,430.75021137394816,1004
2024-09-20 15:02:18.046,430.79188940847,103
2024-09-20 15:02:18.096,430.8319306254046,1005
2024-09-20 15:02:18.168,430.7791411140777,9
2024-09-20 15:02:18.256,430.78993052811774,12
2024-09-20 15:02:18.430,430.7949779132396,998
2024-09-20 15:02:18.466,430.8446249035351,102
2024-09-20 15:02:18.527,430.8432450896668,1003
2024-09-20 15:02:18.561,430.7842986797647,13
2024-09-20 15:02:18.604,430.7936977844278,5
2024-09-20 15:02:18.614,430.7728048133378,1003
2024-09-20 15:02:18.614,430.8216132137426,1005
2024-09-20 15:02:18.830,430.8158112252611,996
2024-09-20 15:02:18.844,430.7943142566822,97
2024-09-20 15:02:18.847,430.77433567895497,996
2024-09-20 15:02:18.889,430.8374484226512,9
2024-09-20 15:02:18.921,430.8475200533252,6
2024-09-20 15:02:18.931,,99
2024-09-20 15:02:18.971,430.8617341089689,103
2024-09-20 15:02:19.020,430.8674860238522,96
2024-09-20 15:02:19.024,430.8900228630303,5
2024-09-20 15:02:19.093,430.86588956783527,7
2024-09-20 15:02:19.108,430.851751337094,1003
2024-09-20 15:02:19.122,430.81835610266376,996
2024-09-20 15:02:19.139,430.8304562518137,7
2024-09-20 15:02:19.185,-430.8738782074606,97
2024-09-20 15:02:19.367,430.87478979059256,1000
2024-09-20 15:02:19.404,430.8470924955213,103
2024-09-20 15:02:19.504,430.85181752198326,102
2024-09-20 15:02:19.522,430.8519542376412,1003
2024-09-20 15:02:19.669,430.8604303906328,15
2024-09-20 15:02:19.688,430.8568646520986,102
2024-09-20 15:02:19.711,430.8371248222019,8
2024-09-20 15:02:19.752,430.904494968053,1000
2024-09-20 15:02:19.858,430.8988199845612,9
2024-09-20 15:02:19.927,430.8445664302986,102
2024-09-20 15:02:20.104,430.914222340876,10
2024-09-20 15:02:20.261,430.9208773420012,1001
2024-09-20 15:02:20.565,430.9014241837663,14
2024-09-20 15:02:20.611,430.9062502889209,12
2024-09-20 15:02:20.653,430.9542563974532,1003
2024-09-20 15:02:20.739,430.93344102315245,1001
2024-09-20 15:02:20.749,430.9162962992563,10
2024-09-20 15:02:20.837,430.9431177603804,1002
2024-09-20 15:02:20.983,430.9128054460796,1004
2024-09-20 15:02:21.068,430.920354302552,103
2024-09-20 15:02:21.144,430.9272998325522,997
2024-09-20 15:02:21.223,430.9720841488537,1001
2024-09-20 15:02:21.299,430.9713637085387,100
2024-09-20 15:02:21.377,430.92920429176144,103
2024-09-20 15:02:21.449,430.9407023802061,97
2024-09-20 15:02:21.555,430.9754023818414,101
2024-09-20 15:02:21.710,430.9477027757462,995
2024-09-20 15:02:21.721,423.7770089541969,104
2024-09-20 15:02:21.821,43.09293055330468,96
2024-09-20 15:02:21.907,430.94986406737206,8
2024-09-20 15:02:22.012,430.9027058839332,14
2024-09-20 15:02:22.018,430.9201384517313,102
2024-09-20 15:02:22.195,430.8751466498033,103
2024-09-20 15:02:22.205,430.9799507758608,1002
2024-09-20 15:02:22.250,430.9143582575587,1002
2024-09-20 15:02:22.386,430.87871117305593,97
2024-09-20 15:02:22.389,430.9309529347819,11
2024-09-20 15:02:22.398,430.9382685760295,97
2024-09-20 15:02:22.481,430.9387569888578,9
2024-09-20 15:02:22.500,423.7036971735454,96
2024-09-20 15:02:22.541,430.9370748693682,100
2024-09-20 15:02:22.643,430.9291995311884,104
2024-09-20 15:02:22.669,430.9384723163983,10
2024-09-20 15:02:22.776,430.8839105867249,103
2024-09-20 15:02:22.782,430.87941062438045,102
2024-09-20 15:02:22.796,430.9633821115276,995
2024-09-20 15:02:22.820,430.9387884013986,5
2024-09-20 15:02:22.891,430.9534908983248,12
2024-09-20 15:02:22.901,430.9636337888165,98
2024-09-20 15:02:22.909,430.9409538145255,996
2024-09-20 15:02:22.954,430.9303985482838,103
2024-09-20 15:02:22.981,430.91425612508607,95
2024-09-20 15:02:23.005,430.8532848027804,103
2024-09-20 15:02:23.017,430.8471967802149,1004
2024-09-20 15:02:23.041,430.8602578004189,14
2024-09-20 15:02:23.204,430.8614166889553,100
2024-09-20 15:02:23.249,423.703828790904,1004
2024-09-20 15:02:23.322,430.8576662717773,5
2024-09-20 15:02:23.420,430.8417545793666,97
2024-09-20 15:02:23.530,430.83143936216817,5
2024-09-20 15:02:23.566,430.8654162657775,1003
2024-09-20 15:02:23.566,430.8557754851864,95
2024-09-20 15:02:23.635,430.85961888483433,7
2024-09-20 15:02:23.685,430.8510535445172,995
2024-09-20 15:02:23.764,430.8624603720237,6
2024-09-20 15:02:23.772,430.8588843696102,99
2024-09-20 15:02:23.813,430.8509975205386,10
2024-09-20 15:02:23.938,430.8473721680253,1004
2024-09-20 15:02:24.038,430.9115717084944,97
2024-09-20 15:02:24.051,430.9412336132484,997
2024-09-20 15:02:24.061,430.8615197432408,98
2024-09-20 15:02:24.072,430.874162309664,995
2024-09-20 15:02:24.203,430.87556751175583,13
2024-09-20 15:02:24.282,430.9300290033151,14
2024-09-20 15:02:24.378,430.8819743545114,7
2024-09-20 15:02:24.404,430.8792705229592,102
2024-09-20 15:02:24.423,430.9448798580213,1001
2024-09-20 15:02:24.486,430.8786128954577,998
2024-09-20 15:02:24.514,430.87899723736746,101
2024-09-20 15:02:24.516,430.8947894821633,1000
2024-09-20 15:02:24.547,430.8773415776668,100
2024-09-20 15:02:24.549,430.86857981725154,1000
2024-09-20 15:02:24.588,430.89397021668975,1003
2024-09-20 15:02:24.700,430.9114052149832,95
2024-09-20 15:02:24.716,430.9472114510738,99
2024-09-20 15:02:24.728,430.8818173909701,9
2024-09-20 15:02:24.728,430.88866265477,7
2024-09-20 15:02:24.733,430.9136674366922,1002
2024-09-20 15:02:24.741,430.8835628542336,12
2024-09-20 15:02:24.836,430.85799222846174,98
2024-09-20 15:02:24.920,430.9179184454256,1005
2024-09-20 15:02:24.936,430.9115415514236,1003
2024-09-20 15:02:24.961,430.87981197857096,1005
2024-09-20 15:02:24.982,430.8974663097612,11
2024-09-20 15:02:24.992,430.9347306386901,98
2024-09-20 15:02:25.006,430.8961916161911,101
2024-09-20 15:02:25.725,430.92224160051785,7
2024-09-20 15:02:25.839,430.9097038007194,102
2024-09-20 15:02:25.898,430.8997552091863,100
2024-09-20 15:02:26.071,430.8833686074103,1001
2024-09-20 15:02:26.077,430.88421549439215,98
2024-09-20 15:02:26.141,430.9724845752066,1003
2024-09-20 15:02:26.196,430.8641296011711,96
2024-09-20 15:02:26.271,430.9747729190989,1002
2024-09-20 15:02:26.321,43.09641440767517,11
2024-09-20 15:02:26.374,430.8700944264983,15
2024-09-20 15:02:26.388,430.9675890866931,1004
2024-09-20 15:02:26.482,430.86013097368783,98
2024-09-20 15:02:26.518,430.9442023809548,5
2024-09-20 15:02:26.522,430.9255139678518,102
2024-09-20 15:02:26.549,430.9551218177344,100
2024-09-20 15:02:26.589,430.9562387292851,999
2024-09-20 15:02:26.599,430.9725572758922,98
2024-09-20 15:02:26.611,430.8693618109105,10
2024-09-20 15:02:26.663,430.8789287364149,13
2024-09-20 15:02:26.761,430.9376405524576,6
2024-09-20 15:02:26.879,430.9582220142726,95
2024-09-20 15:02:26.926,430.87207756650224,1002
2024-09-20 15:02:26.962,430.8610877870897,997
2024-09-20 15:02:28.001,430.9125724373303,1003
2024-09-20 15:02:28.055,430.9297750458934,11
2024-09-20 15:02:28.089,430.9040070603151,15
2024-09-20 15:02:28.125,430.91322830305495,104
2024-09-20 15:02:28.143,430.945440625862,14
2024-09-20 15:02:28.155,430.9350817577895,1005
2024-09-20 15:02:28.159,430.9288476491515,1002
2024-09-20 15:02:28.200,430.9228487449764,105
2024-09-20 15:02:28.230,430.9070064967895,6
2024-09-20 15:02:28.273,430.9745919243624,5
2024-09-20 15:02:28.388,430.940727026834,96
2024-09-20 15:02:28.393,430.96163881193866,102
2024-09-20 15:02:28.435,43.08826408963175,9
2024-09-20 15:02:28.445,430.94446841916607,12
2024-09-20 15:02:28.514,430.9641005606319,103
2024-09-20 15:02:28.638,430.9436868620299,1002
2024-09-20 15:02:28.666,430.9068499576832,96
2024-09-20 15:02:28.693,430.9697690676302,104
2024-09-20 15:02:28.730,430.93946726002594,1003
2024-09-20 15:02:28.773,430.9253128695017,5
2024-09-20 15:02:28.782,430.9351351251099,95
2024-09-20 15:02:28.784,430.9549610981937,1000
2024-09-20 15:02:28.805,430.88377135731866,96
2024-09-20 15:02:28.808,430.9317835688499,998
2024-09-20 15:02:28.829,430.9355063373813,6
2024-09-20 15:02:28.847,430.9250253091892,1005
2024-09-20 15:02:28.852,430.9286591210155,96
2024-09-20 15:02:28.895,430.92530264639,9
2024-09-20 15:02:28.986,430.9092423577593,995
2024-09-20 15:02:28.995,430.9303290398786,9
2024-09-20 15:02:29.295,430.87556033742914,103
2024-09-20 15:02:29.338,430.9046840368523,995
2024-09-20 15:02:29.366,430.8783440489936,97
2024-09-20 15:02:29.417,430.93882674342535,8
2024-09-20 15:02:29.445,430.9067200949854,1002
2024-09-20 15:02:29.521,430.944423671766,999
2024-09-20 15:02:29.638,430.9137297516559,5
2024-09-20 15:02:29.648,430.9142360081093,997
2024-09-20 15:02:29.697,430.9300557866307,6
2024-09-20 15:02:29.707,430.88919938386726,9
2024-09-20 15:02:29.717,430.9492013694513,99
2024-09-20 15:02:29.738,430.8821447549442,10
2024-09-20 15:02:29.820,430.9318619854861,102
2024-09-20 15:02:29.910,430.8838807846836,999
2024-09-20 15:02:29.963,430.9033278246819,6
2024-09-20 15:02:29.970,430.922009839411,997
2024-09-20 15:02:30.126,430.9114827066445,1004
2024-09-20 15:02:30.154,430.910631329068,98
2024-09-20 15:02:30.299,,101
2024-09-20 15:02:30.302,430.8847000557373,97
2024-09-20 15:02:30.331,,5
2024-09-20 15:02:30.427,430.9376551998469,1001
2024-09-20 15:02:30.466,430.95263232721993,995
2024-09-20 15:02:30.487,430.9471489823163,95
2024-09-20 15:02:30.488,430.9284690547749,103
2024-09-20 15:02:30.524,430.9285934869112,996
2024-09-20 15:02:30.525,430.9165821697373,103
2024-09-20 15:02:30.611,430.8921812916215,97
2024-09-20 15:02:30.635,430.96708973968407,98
2024-09-20 15:02:30.663,430.911616595981,99
2024-09-20 15:02:30.678,430.92146320871353,100
2024-09-20 15:02:30.834,430.9467060526677,101
2024-09-20 15:02:30.835,430.940561472825,10
2024-09-20 15:02:30.893,430.9143735817301,1003
2024-09-20 15:02:30.935,430.9313175208642,105
2024-09-20 15:02:30.948,430.9195930380743,104
2024-09-20 15:02:31.066,430.8956679835605,1002
2024-09-20 15:02:31.150,430.8972039849851,104
2024-09-20 15:02:31.279,430.8908245942711,6
2024-09-20 15:02:31.329,430.9149380371556,1003
2024-09-20 15:02:31.527,430.9168365329624,14
2024-09-20 15:02:31.940,430.9099318716069,15
2024-09-20 15:02:33.000,430.8984099881176,13
2024-09-20 15:02:33.011,430.92786410390727,7
2024-09-20 15:02:33.053,430.8852532147277,95
2024-09-20 15:02:33.237,430.9079115106888,99
2024-09-20 15:02:33.328,430.8836099570009,1004
2024-09-20 15:02:33.356,430.9122011898336,5
2024-09-20 15:02:33.372,430.9393636971152,1004
2024-09-20 15:02:33.482,430.8734306840177,95
2024-09-20 15:02:33.527,430.9050383285094,12
2024-09-20 15:02:33.534,430.87300701880434,1005
2024-09-20 15:02:33.556,430.8729456866883,5
2024-09-20 15:02:33.661,430.9287065970246,12
2024-09-20 15:02:33.664,430.9078514057961,100
2024-09-20 15:02:33.676,430.9004668779998,14
2024-09-20 15:02:33.739,430.9207976949524,6
2024-09-20 15:02:33.769,430.9405344133384,13
2024-09-20 15:02:33.783,430.9070460771446,101
2024-09-20 15:02:33.817,43.09256917712337,998
2024-09-20 15:02:33.832,430.90214729375697,8
2024-09-20 15:02:33.852,430.92339711018144,96
2024-09-20 15:02:33.891,430.86778140720094,999
2024-09-20 15:02:33.916,430.87931825662656,1003
2024-09-20 15:02:34.014,430.8613841061343,1005
2024-09-20 15:02:34.066,430.92452403250087,15
2024-09-20 15:02:34.070,430.8750594062222,103
2024-09-20 15:02:34.136,430.8708495473781,98
2024-09-20 15:02:34.154,430.9159377514214,10
2024-09-20 15:02:34.216,430.8772969164623,104
2024-09-20 15:02:34.329,430.8994534942909,102
2024-09-20 15:02:34.355,430.8813174064395,11
2024-09-20 15:02:34.446,430.9230472423527,11
2024-09-20 15:02:34.474,423.50257157510185,104
2024-09-20 15:02:34.573,430.8967166630175,104
2024-09-20 15:02:34.575,430.9305107751824,14
2024-09-20 15:02:34.620,430.9101311727523,96
2024-09-20 15:02:34.643,430.8610415276784,997
2024-09-20 15:02:34.716,430.9152142512343,102
2024-09-20 15:02:34.717,430.8852724794919,997
2024-09-20 15:02:34.742,-430.9079547378399,8
2024-09-20 15:02:34.762,430.8678577015378,997
2024-09-20 15:02:34.776,430.8861935464324,15
2024-09-20 15:02:34.777,430.858617097216,99
2024-09-20 15:02:34.782,430.8808869723816,1000
2024-09-20 15:02:34.789,430.88161891074697,9
2024-09-20 15:02:34.818,430.9106518425775,995
2024-09-20 15:02:34.826,430.8942620480969,9
2024-09-20 15:02:34.880,430.91038366776144,1001
2024-09-20 15:02:34.905,430.8990571970156,11
2024-09-20 15:02:34.945,430.8943711665556,9
2024-09-20 15:02:35.008,430.9968518574659,7
2024-09-20 15:02:35.016,430.95563098142486,14
2024-09-20 15:02:35.129,430.9769583397213,97
2024-09-20 15:02:35.137,430.9194849148087,8
2024-09-20 15:02:35.167,430.9533059183088,95
2024-09-20 15:02:35.174,430.9316059317732,1005
2024-09-20 15:02:35.238,430.97279869033525,998
2024-09-20 15:02:35.334,431.0179330725095,10
2024-09-20 15:02:35.341,430.94291180744335,7
2024-09-20 15:02:35.360,430.9437206722352,103
2024-09-20 15:02:35.370,430.9780917305423,6
2024-09-20 15:02:35.429,430.9371640378721,998
2024-09-20 15:02:35.499,430.98078656038376,14
2024-09-20 15:02:35.500,430.9834496124031,1002
2024-09-20 15:02:35.512,430.9756867917109,1004
2024-09-20 15:02:35.560,430.9811030953646,1001
2024-09-20 15:02:35.684,430.9835997129506,995
2024-09-20 15:02:35.715,430.9832664708073,999
2024-09-20 15:02:35.728,430.94284263175336,997
2024-09-20 15:02:35.765,430.9708140568501,99
2024-09-20 15:02:35.778,430.9342270713484,1001
2024-09-20 15:02:35.792,430.9604537179079,6
2024-09-20 15:02:35.859,430.95075108869,995
2024-09-20 15:02:35.862,430.9543412449308,9
2024-09-20 15:02:35.944,430.9718448277928,98
2024-09-20 15:02:35.956,430.9581054462389,1000
2024-09-20 15:02:35.986,430.9837017584592,14
2024-09-20 15:02:36.620,431.0336589977581,14
2024-09-20 15:02:37.054,431.0355719097832,995
2024-09-20 15:02:37.070,431.03795921446135,104
2024-09-20 15:02:37.083,431.003192517095,11
2024-09-20 15:02:37.107,431.0279812429245,12
2024-09-20 15:02:37.244,431.0380182251626,1003
2024-09-20 15:02:37.358,431.0231883641373,101
2024-09-20 15:02:37.377,431.03090752410446,1001
2024-09-20 15:02:37.396,431.04413226948935,1005
2024-09-20 15:02:37.540,431.0150952050967,997
2024-09-20 15:02:37.600,431.0203253092761,95
2024-09-20 15:02:37.685,431.01294397327496,12
2024-09-20 15:02:37.729,431.0063280851542,996
2024-09-20 15:02:37.738,431.0317618910305,998
2024-09-20 15:02:37.793,431.021106816689,100
2024-09-20 15:02:37.799,431.0324190915845,101
2024-09-20 15:02:37.810,431.03904757241554,9
2024-09-20 15:02:37.810,43.10278380472757,97
2024-09-20 15:02:37.818,431.0055031584923,996
2024-09-20 15:02:37.829,431.020676962359,1000
2024-09-20 15:02:37.865,431.043634127597,1002
2024-09-20 15:02:37.885,431.0442702025649,99
2024-09-20 15:02:37.892,431.0171648796875,998
2024-09-20 15:02:37.893,431.02693053735766,10
2024-09-20 15:02:37.903,-431.0186426766745,1001
2024-09-20 15:02:37.910,431.0331199247491,96
2024-09-20 15:02:37.918,431.0389597870396,12
2024-09-20 15:02:37.923,431.0168347859167,103
2024-09-20 15:02:37.947,431.03526855596175,997
2024-09-20 15:02:37.988,431.0304618388956,10
2024-09-20 15:02:38.390,423.3767353757564,99
2024-09-20 15:02:38.463,431.0251748991293,14
2024-09-20 15:02:39.014,431.1336823601384,95
2024-09-20 15:02:39.029,431.13396807218174,5
2024-09-20 15:02:39.033,431.12368654638567,104
2024-09-20 15:02:39.041,431.1162865979048,105
2024-09-20 15:02:39.163,431.12200782554567,997
2024-09-20 15:02:39.164,431.1332153730816,1004
2024-09-20 15:02:39.186,431.0433435358652,1004
2024-09-20 15:02:39.264,431.1329541697013,5
2024-09-20 15:02:39.298,431.0483220500408,14
2024-09-20 15:02:39.414,431.1434014812037,104
2024-09-20 15:02:39.434,431.1330889992394,11
2024-09-20 15:02:39.446,431.13479838097584,1002
2024-09-20 15:02:39.604,431.10721996460745,13
2024-09-20 15:02:39.606,431.0952838395673,14
2024-09-20 15:02:39.678,431.107752772681,98
2024-09-20 15:02:39.690,431.0920197108694,99
2024-09-20 15:02:39.719,431.11092570043047,1001
2024-09-20 15:02:39.743,431.0578059135958,998
2024-09-20 15:02:39.768,431.1331152610441,8
2024-09-20 15:02:39.768,431.1144169534392,103
2024-09-20 15:02:39.806,,9
2024-09-20 15:02:39.874,431.13027870089286,996
2024-09-20 15:02:39.921,431.1374190053168,1001
2024-09-20 15:02:39.968,431.1360793942895,995
2024-09-20 15:02:40.016,431.1490796070441,995
2024-09-20 15:02:40.025,431.1561818700441,97
2024-09-20 15:02:40.063,431.13940125896033,104
2024-09-20 15:02:40.088,431.1794573945229,5
2024-09-20 15:02:40.105,431.18811821102895,999
2024-09-20 15:02:40.228,431.1914320618621,1004
2024-09-20 15:02:40.275,423.3843151341107,11
2024-09-20 15:02:40.306,431.18365809596406,105
2024-09-20 15:02:40.314,431.20364528079847,95
2024-09-20 15:02:40.371,431.1770151484505,102
2024-09-20 15:02:40.464,431.2129402925332,1005
2024-09-20 15:02:40.504,431.1803903167877,995
2024-09-20 15:02:40.591,431.2173210166743,1000
2024-09-20 15:02:40.595,431.1722340701004,15
2024-09-20 15:02:40.651,431.2112133999049,998
2024-09-20 15:02:40.690,431.15332062475824,1005
2024-09-20 15:02:41.041,431.1937863118093,103
2024-09-20 15:02:41.065,431.1647764732453,1005
2024-09-20 15:02:41.136,431.16588603833526,9
2024-09-20 15:02:41.206,431.1756956208333,1005
2024-09-20 15:02:41.656,423.36473977560274,1001
2024-09-20 15:02:41.667,431.2107188173767,1000
2024-09-20 15:02:41.751,431.1563506104096,95
2024-09-20 15:02:41.958,431.180524992887,95
2024-09-20 15:02:42.012,431.163307634946,105
2024-09-20 15:02:42.036,431.1720783699082,13
2024-09-20 15:02:42.161,431.1622128105207,96
2024-09-20 15:02:42.302,431.1494467271913,6
2024-09-20 15:02:42.434,431.1485642986996,103
2024-09-20 15:02:42.604,431.1591344996289,996
2024-09-20 15:02:42.722,431.1371895131055,6
2024-09-20 15:02:42.938,431.1385604681709,100
2024-09-20 15:02:42.956,431.1601335179444,98
2024-09-20 15:02:43.016,431.1562061289384,98
2024-09-20 15:02:43.088,431.1845710265042,100
2024-09-20 15:02:43.144,431.1484129425906,5
2024-09-20 15:02:43.218,431.1656963729287,8
2024-09-20 15:02:43.289,431.1630732390989,6
2024-09-20 15:02:43.316,431.1439441327231,1001
2024-09-20 15:02:43.320,431.19075222869736,997
2024-09-20 15:02:43.331,431.18694796033776,95
2024-09-20 15:02:43.375,431.1636526216223,1002
2024-09-20 15:02:43.392,431.1669630305212,995
2024-09-20 15:02:43.440,,13
2024-09-20 15:02:43.507,431.16679316397136,14
2024-09-20 15:02:43.619,431.1700930810214,5
2024-09-20 15:02:43.671,431.16764799480336,14
2024-09-20 15:02:43.703,431.1776379984402,11
2024-09-20 15:02:43.737,431.1444713657333,12
2024-09-20 15:02:43.904,431.1545420937077,104
2024-09-20 15:02:43.943,431.1835808735784,101
2024-09-20 15:02:43.989,431.18304449145626,96
2024-09-20 15:02:44.145,431.1598675102256,995
2024-09-20 15:02:44.235,431.1530451996395,98
2024-09-20 15:02:44.241,431.17659145087066,105
2024-09-20 15:02:44.318,431.15202811945153,1005
2024-09-20 15:02:44.360,431.1534974567262,10
2024-09-20 15:02:44.379,431.12106295696617,13
2024-09-20 15:02:44.383,431.1421647695103,13
2024-09-20 15:02:44.394,431.1339528180287,95
2024-09-20 15:02:44.409,431.1331665341423,97
2024-09-20 15:02:44.510,431.1526444609228,13
2024-09-20 15:02:44.532,431.1340123349572,15
2024-09-20 15:02:44.649,431.1584146601512,100
2024-09-20 15:02:44.877,431.1702605537615,1001
2024-09-20 15:02:44.941,431.1515878539863,1004
2024-09-20 15:02:44.945,431.1321884077512,8
2024-09-20 15:02:45.212,431.0995340400975,9
2024-09-20 15:02:45.342,431.11318101593577,102
2024-09-20 15:02:45.771,431.08480697815054,997
2024-09-20 15:02:45.876,431.1292487799552,7
2024-09-20 15:02:46.111,431.08631566085546,99
2024-09-20 15:02:46.155,431.09122305495976,1005
2024-09-20 15:02:46.171,431.0349942669674,8
2024-09-20 15:02:46.177,431.0566185674294,99
2024-09-20 15:02:46.260,431.0755452591168,7
2024-09-20 15:02:46.397,431.0636547363834,11
2024-09-20 15:02:46.488,431.0899822926133,996
2024-09-20 15:02:46.505,431.06900872553007,101
2024-09-20 15:02:46.530,431.07262179093686,6
2024-09-20 15:02:46.549,431.08737810377625,1002
2024-09-20 15:02:46.552,431.0716466514449,100
2024-09-20 15:02:46.562,431.0423279468689,97
2024-09-20 15:02:46.575,431.0574022863751,9
2024-09-20 15:02:46.617,431.1039337825176,96
2024-09-20 15:02:46.636,431.0897129047751,1002
2024-09-20 15:02:46.643,431.07248843453294,104
2024-09-20 15:02:46.690,431.0669896240187,1001
2024-09-20 15:02:46.709,431.08262226857374,100
2024-09-20 15:02:46.711,431.06069531650354,1003
2024-09-20 15:02:46.824,431.0763632241235,1004
2024-09-20 15:02:46.912,431.072050597992,97
2024-09-20 15:02:46.951,431.060314321172,103
2024-09-20 15:02:46.975,431.0778616287215,97
2024-09-20 15:02:46.983,431.0929280464868,5
2024-09-20 15:02:47.033,431.1023011152494,14
2024-09-20 15:02:47.222,431.0826056914319,1003
2024-09-20 15:02:47.879,431.0950579172276,999
2024-09-20 15:02:48.053,431.1247745636176,5
2024-09-20 15:02:48.058,431.1179563921884,100
2024-09-20 15:02:48.154,431.1192884151636,14
2024-09-20 15:02:48.173,431.1113308144704,105
2024-09-20 15:02:48.203,431.1179830745893,101
2024-09-20 15:02:48.215,431.1267747815658,104
2024-09-20 15:02:48.368,431.1354726699541,105
2024-09-20 15:02:48.395,431.1198449757374,995
2024-09-20 15:02:48.398,431.12167192069023,1001
2024-09-20 15:02:48.480,431.1270383363864,9
2024-09-20 15:02:48.496,431.12523560333096,98
2024-09-20 15:02:48.520,431.0900071775269,97
2024-09-20 15:02:48.522,,1000
2024-09-20 15:02:48.552,431.09887944724215,101
2024-09-20 15:02:48.714,431.1093436983031,105
2024-09-20 15:02:48.796,431.11000820061895,95
2024-09-20 15:02:48.807,431.0937694265252,5
2024-09-20 15:02:48.815,431.1136746312424,13
2024-09-20 15:02:48.849,431.1301655646405,9
2024-09-20 15:02:48.876,431.1609286164089,6
2024-09-20 15:02:48.919,431.1306736281665,104
2024-09-20 15:02:48.936,431.10167916300594,96
2024-09-20 15:02:48.940,431.116408962304,96
2024-09-20 15:02:48.986,431.12880060982354,105
2024-09-20 15:02:48.996,431.127220620538,13
2024-09-20 15:02:49.021,431.1726950468144,998
2024-09-20 15:02:49.031,431.1595265939136,12
2024-09-20 15:02:49.064,431.1608031915545,102
2024-09-20 15:02:49.081,431.149433956318,14
2024-09-20 15:02:49.436,431.1578720789876,105
2024-09-20 15:02:49.459,431.1554159683238,998
2024-09-20 15:02:49.472,431.1314685425735,1002
2024-09-20 15:02:49.522,431.1354167384265,1005
2024-09-20 15:02:49.687,431.1658806484924,5
2024-09-20 15:02:49.690,,15
2024-09-20 15:02:49.698,431.15778406003886,104
2024-09-20 15:02:49.753,431.1554606322701,996
2024-09-20 15:02:50.008,431.0652367054882,1001
2024-09-20 15:02:50.036,431.0759103480543,1001
2024-09-20 15:02:50.065,431.1191488078814,997
2024-09-20 15:02:50.105,431.0360356183392,1000
2024-09-20 15:02:50.174,431.0827837411412,105
2024-09-20 15:02:50.200,431.10938767988057,95
2024-09-20 15:02:50.228,431.1078801936824,999
2024-09-20 15:02:50.264,431.07940962347584,998
2024-09-20 15:02:50.308,431.12043764790354,1002
2024-09-20 15:02:50.316,431.0572179237253,13
2024-09-20 15:02:50.322,431.106135461723,7
2024-09-20 15:02:50.402,431.1133667419992,6
2024-09-20 15:02:50.439,431.0289486502674,1001
2024-09-20 15:02:50.447,431.0491858065568,5
2024-09-20 15:02:50.458,431.08436348461737,100
2024-09-20 15:02:50.478,431.0784293647575,99
2024-09-20 15:02:50.561,431.0494383955934,12
2024-09-20 15:02:50.618,431.08154282910544,11
2024-09-20 15:02:50.646,431.0186076735577,1003
2024-09-20 15:02:50.743,431.1127004336948,12
2024-09-20 15:02:50.747,431.0861099204631,100
2024-09-20 15:02:50.761,431.09022197820127,998
2024-09-20 15:02:50.762,431.1019727133946,997
2024-09-20 15:02:50.776,431.0877672605464,5
2024-09-20 15:02:50.904,431.0598201797439,5
2024-09-20 15:02:50.927,431.0517903018135,6
2024-09-20 15:02:50.999,431.0895798812696,1002
2024-09-20 15:02:51.110,431.0343650185399,1002
2024-09-20 15:02:51.438,431.0645704886844,12
2024-09-20 15:02:51.440,431.0612005476679,5
2024-09-20 15:02:51.581,431.0337096339191,1004
2024-09-20 15:02:51.684,431.060184449492,1003
2024-09-20 15:02:51.797,431.06998375245394,100
2024-09-20 15:02:51.816,431.0240766021399,13
2024-09-20 15:02:52.236,431.0581778823852,998
2024-09-20 15:02:52.242,431.0669908622749,997
2024-09-20 15:02:52.371,431.0511551009889,14
2024-09-20 15:02:52.550,431.049586640846,102
2024-09-20 15:02:52.655,431.05693466880655,13
2024-09-20 15:02:52.795,,1003
2024-09-20 15:02:52.827,431.0695194198416,1004
2024-09-20 15:02:52.930,431.0608845107952,14
2024-09-20 15:02:52.957,431.07505525842936,96
2024-09-20 15:02:52.969,431.08232471825806,97
2024-09-20 15:02:52.976,431.0628659574378,101
2024-09-20 15:02:52.991,431.0595982019772,14
2024-09-20 15:02:53.096,431.0845438695269,105
2024-09-20 15:02:53.390,,1005
2024-09-20 15:02:53.587,431.1049345585792,9
2024-09-20 15:02:53.824,431.0783614875848,8
2024-09-20 15:02:54.131,431.060114548077,1004
2024-09-20 15:02:54.221,43.10756377651774,995
2024-09-20 15:02:54.333,431.063524376314,8
2024-09-20 15:02:54.524,-431.061790301643,1001
2024-09-20 15:02:54.554,431.0603739417858,1003
2024-09-20 15:02:54.572,431.06269495687206,9
2024-09-20 15:02:54.614,431.0498282621456,95
2024-09-20 15:02:54.644,431.0810425683347,998
2024-09-20 15:02:54.661,431.0490586716161,12
2024-09-20 15:02:54.670,431.0641561947584,1003
2024-09-20 15:02:54.720,431.0426643794343,9
2024-09-20 15:02:54.887,431.06031540477335,13
2024-09-20 15:02:54.918,431.0667094681505,97
2024-09-20 15:02:54.936,431.0700788913083,12
2024-09-20 15:02:54.939,431.0838432540709,9
2024-09-20 15:02:55.194,431.0187057265324,1005
2024-09-20 15:02:55.201,431.0401028940298,11
2024-09-20 15:02:55.274,431.0605250225009,1005
2024-09-20 15:02:55.326,431.017107490117,9
2024-09-20 15:02:55.329,431.07728378210896,100
2024-09-20 15:02:55.395,431.01177978437056,7
2024-09-20 15:02:55.403,431.0098034740745,105
2024-09-20 15:02:55.448,431.0106910731197,104
2024-09-20 15:02:55.611,431.02105795120906,14
2024-09-20 15:02:55.666,431.0387254199245,8
2024-09-20 15:02:55.740,431.0091949558106,102
2024-09-20 15:02:55.861,430.99563025599457,97
2024-09-20 15:02:55.911,431.0750828842648,14
2024-09-20 15:02:55.948,431.0196539036188,100
2024-09-20 15:02:56.047,431.0234514404317,101
2024-09-20 15:02:56.431,430.9906736829092,102
2024-09-20 15:02:56.534,431.0047647469252,97
2024-09-20 15:02:56.609,431.00189752928105,998
2024-09-20 15:02:56.613,431.015404914587,103
2024-09-20 15:02:56.700,431.02919101657966,15
2024-09-20 15:02:57.218,431.0310292868818,9
2024-09-20 15:02:57.305,431.0194983223867,98
2024-09-20 15:02:57.378,431.0131882753621,103
2024-09-20 15:02:57.442,431.0208780162476,1002
2024-09-20 15:02:57.546,431.0147113227385,105
2024-09-20 15:02:57.636,431.0047901251335,97
2024-09-20 15:02:57.761,431.0295954142426,96
2024-09-20 15:02:57.849,430.97321322164913,995
2024-09-20 15:02:57.968,431.0034591292344,14
2024-09-20 15:02:58.072,431.0466223581652,13
2024-09-20 15:02:58.118,431.0521975032512,11
2024-09-20 15:02:58.159,431.0405764142449,999
2024-09-20 15:02:58.168,431.06857269276367,997
2024-09-20 15:02:58.176,431.0675041055648,999
2024-09-20 15:02:58.188,431.0162981170082,100
2024-09-20 15:02:58.281,431.0286787883104,105
2024-09-20 15:02:58.393,431.0419500121805,12
2024-09-20 15:02:58.420,431.0444243014061,8
2024-09-20 15:02:58.459,431.0227793940514,96
2024-09-20 15:02:58.520,431.109849960562,98
2024-09-20 15:02:58.575,431.0376711887047,13
2024-09-20 15:02:58.578,431.10139204904215,1000
2024-09-20 15:02:58.606,431.0376128304772,9
2024-09-20 15:02:58.625,431.0174226901251,999
2024-09-20 15:02:58.671,431.0219178586326,98
2024-09-20 15:02:58.742,431.0426107951271,11
2024-09-20 15:02:58.755,431.0314668336071,8
2024-09-20 15:02:58.840,431.0517246809672,1002
2024-09-20 15:02:58.855,431.0634422614563,100
2024-09-20 15:02:58.876,431.0283468344008,995
2024-09-20 15:02:58.917,431.0089137170508,13
2024-09-20 15:02:58.918,431.04347803819707,15
2024-09-20 15:02:58.963,431.0794901006392,12
2024-09-20 15:02:58.969,431.0449533245288,101
2024-09-20 15:02:58.996,431.0518554868144,1005
2024-09-20 15:02:59.044,431.0646531633207,997
2024-09-20 15:02:59.056,431.070130231121,103
2024-09-20 15:02:59.102,431.0602175573492,5
2024-09-20 15:02:59.113,431.07245327427177,96
2024-09-20 15:02:59.138,431.0519664425643,99
2024-09-20 15:02:59.152,431.0571413425536,13
2024-09-20 15:02:59.174,431.0480574646648,13
2024-09-20 15:02:59.206,431.0603355226348,11
2024-09-20 15:02:59.211,431.0670642718121,103
2024-09-20 15:02:59.219,431.05345617153534,99
2024-09-20 15:02:59.224,431.07849342676985,5
2024-09-20 15:02:59.330,431.0593128825281,102
2024-09-20 15:02:59.394,431.0867351113804,97
2024-09-20 15:02:59.462,431.08772755887577,5
2024-09-20 15:02:59.464,431.1004435944028,101
2024-09-20 15:02:59.492,431.1020013200053,15
2024-09-20 15:02:59.516,431.0603023013375,10
2024-09-20 15:02:59.591,431.1035198235563,99
2024-09-20 15:02:59.613,431.0680859775128,13
2024-09-20 15:02:59.625,431.0712549416773,105
2024-09-20 15:02:59.651,431.062698249036,1004
2024-09-20 15:02:59.695,431.0510337936154,1005
2024-09-20 15:02:59.785,431.09659900332815,105
2024-09-20 15:02:59.802,431.0993897483773,13
2024-09-20 15:02:59.840,431.0844829547895,1002
2024-09-20 15:02:59.917,431.04815361954365,996
