Timestamp,Price,Size
2024-09-18 10:02:00.031,407.6465904740092,99
2024-09-18 10:02:00.070,407.68693500944767,103
2024-09-18 10:02:00.088,407.68438767711706,105
2024-09-18 10:02:00.152,407.6787128750814,102
2024-09-18 10:02:00.155,407.6776957262484,9
2024-09-18 10:02:00.158,407.6472587772999,1000
2024-09-18 10:02:00.186,407.70365400079953,102
2024-09-18 10:02:00.192,407.6401711155692,10
2024-09-18 10:02:00.235,407.6633528419928,11
2024-09-18 10:02:00.266,407.65432149286346,11
2024-09-18 10:02:00.297,407.6570188648965,995
2024-09-18 10:02:00.297,407.6538017890428,97
2024-09-18 10:02:00.383,407.64326208575727,996
2024-09-18 10:02:00.420,407.6537084952982,997
2024-09-18 10:02:00.470,407.6219691597757,98
2024-09-18 10:02:00.490,407.6563688731944,1005
2024-09-18 10:02:00.496,407.67282664294015,100
2024-09-18 10:02:00.560,407.6326407320488,99
2024-09-18 10:02:00.632,407.6611915406096,102
2024-09-18 10:02:00.672,407.67397572008895,14
2024-09-18 10:02:00.770,407.6231943666687,11
2024-09-18 10:02:00.773,407.66405596270295,105
2024-09-18 10:02:00.869,407.6469349649452,102
2024-09-18 10:02:00.885,407.66169024524726,96
2024-09-18 10:02:00.891,407.665789761289,996
2024-09-18 10:02:00.977,407.65582774266255,1001
2024-09-18 10:02:01.050,407.6692786005101,105
2024-09-18 10:02:01.080,407.7226052809297,1001
2024-09-18 10:02:01.100,407.6957460500941,15
2024-09-18 10:02:01.131,407.7607604003709,998
2024-09-18 10:02:01.170,407.712016012492,12
2024-09-18 10:02:01.228,407.689735657649,102
2024-09-18 10:02:01.263,407.7154897566212,1001
2024-09-18 10:02:01.285,407.71314581176966,105
2024-09-18 10:02:01.291,407.7327904900304,98
2024-09-18 10:02:01.344,407.6792902207288,15
2024-09-18 10:02:01.372,407.68677121346,14
2024-09-18 10:02:01.377,407.7079448019199,9
2024-09-18 10:02:01.407,407.6665267595111,15
2024-09-18 10:02:01.424,407.69259637038215,996
2024-09-18 10:02:01.498,407.7017003222622,6
2024-09-18 10:02:01.517,407.6738378606841,1002
2024-09-18 10:02:01.520,407.7232119708795,103
2024-09-18 10:02:01.541,407.71196657276926,11
2024-09-18 10:02:01.554,407.6875503166414,1002
2024-09-18 10:02:01.587,407.7048884687739,98
2024-09-18 10:02:01.625,407.74643609948384,97
2024-09-18 10:02:01.630,407.7060186166691,1001
2024-09-18 10:02:01.677,407.7296588213618,7
2024-09-18 10:02:01.811,407.7473161094335,99
2024-09-18 10:02:01.824,,12
2024-09-18 10:02:01.870,407.6924238660556,1002
2024-09-18 10:02:01.914,407.6929485050428,996
2024-09-18 10:02:01.927,407.67433077145154,8
2024-09-18 10:02:02.199,407.7704314052482,12
2024-09-18 10:02:02.348,407.7721045073463,12
2024-09-18 10:02:02.376,407.7738616212184,7
2024-09-18 10:02:02.497,407.7843804017081,102
2024-09-18 10:02:02.585,407.80295944874894,1002
2024-09-18 10:02:02.677,407.7439122356657,12
2024-09-18 10:02:02.714,407.75472249845336,1004
2024-09-18 10:02:02.881,407.777251612789,104
2024-09-18 10:02:03.078,407.758538634429,997
2024-09-18 10:02:03.092,407.80277766756245,10
2024-09-18 10:02:03.098,407.80343104190325,8
2024-09-18 10:02:03.174,407.7839269951207,1003
2024-09-18 10:02:03.206,407.7630496036786,7
2024-09-18 10:02:03.254,407.8017702409645,996
2024-09-18 10:02:03.259,407.7532501008642,98
2024-09-18 10:02:03.393,407.7948682656936,1003
2024-09-18 10:02:03.409,407.7960755728908,1001
2024-09-18 10:02:03.416,407.77988566203896,102
2024-09-18 10:02:03.424,407.7995033956439,101
2024-09-18 10:02:03.435,407.75298985916817,999
2024-09-18 10:02:03.441,407.8043699869862,9
2024-09-18 10:02:03.538,407.8135399658355,103
2024-09-18 10:02:03.637,407.7733167832675,105
2024-09-18 10:02:03.953,407.7926504483066,98
2024-09-18 10:02:04.066,407.7159606051289,100
2024-09-18 10:02:04.069,407.7245136071737,6
2024-09-18 10:02:04.136,407.7336972002258,97
2024-09-18 10:02:04.150,407.7344164434802,1001
2024-09-18 10:02:04.177,407.7730339473952,105
2024-09-18 10:02:04.246,407.7014124857931,6
2024-09-18 10:02:04.267,407.77211991926725,1004
2024-09-18 10:02:04.276,407.7864038127388,995
2024-09-18 10:02:04.300,407.7359127142877,10
2024-09-18 10:02:04.330,407.76841034942174,7
2024-09-18 10:02:04.372,407.7461495007293,15
2024-09-18 10:02:04.390,407.7373719743974,7
2024-09-18 10:02:04.420,407.7262491649627,997
2024-09-18 10:02:04.435,407.71209526653735,15
2024-09-18 10:02:04.458,407.7330351813864,997
2024-09-18 10:02:04.461,407.7249381264793,8
2024-09-18 10:02:04.501,407.7604473865599,1000
2024-09-18 10:02:04.702,407.76565762929545,999
2024-09-18 10:02:04.721,407.7373759309775,105
2024-09-18 10:02:04.769,407.768508170481,1002
2024-09-18 10:02:04.847,407.7329372926908,7
2024-09-18 10:02:04.932,407.77189151563647,103
2024-09-18 10:02:04.934,407.7640469854618,98
2024-09-18 10:02:04.935,407.727536357454,10
2024-09-18 10:02:04.975,407.75070948806393,100
2024-09-18 10:02:04.979,407.77363644279,6
2024-09-18 10:02:04.997,407.7772751529741,8
2024-09-18 10:02:05.353,407.7869403538698,999
2024-09-18 10:02:05.577,407.80824068305753,996
2024-09-18 10:02:05.840,407.827564209844,8
2024-09-18 10:02:05.950,407.7925483383726,12
2024-09-18 10:02:06.216,407.8441612867866,999
2024-09-18 10:02:06.240,407.8311656928432,1001
2024-09-18 10:02:06.452,407.8352366862828,104
2024-09-18 10:02:06.635,407.8511812058244,104
2024-09-18 10:02:06.637,407.8544686154965,1004
2024-09-18 10:02:06.665,407.8575284383229,1003
2024-09-18 10:02:06.690,407.826550377807,1004
2024-09-18 10:02:06.742,407.8333541820363,997
2024-09-18 10:02:06.875,407.8563683161437,11
2024-09-18 10:02:07.025,407.8222670433496,997
2024-09-18 10:02:07.108,407.9611314292845,15
2024-09-18 10:02:07.225,,15
2024-09-18 10:02:07.332,407.8830783237728,1001
2024-09-18 10:02:07.528,407.8350435840162,105
2024-09-18 10:02:07.556,407.8315499368672,99
2024-09-18 10:02:07.560,407.9046855054701,1001
2024-09-18 10:02:07.656,407.9623662592332,104
2024-09-18 10:02:07.683,407.9543123984048,998
2024-09-18 10:02:07.741,407.9432561690144,10
2024-09-18 10:02:07.805,407.8851809686999,10
2024-09-18 10:02:07.819,407.9344559157403,1003
2024-09-18 10:02:07.926,407.8582632255237,13
2024-09-18 10:02:07.979,407.9149803286959,995
2024-09-18 10:02:08.036,407.8838889614327,1001
2024-09-18 10:02:08.037,407.9068600964094,101
2024-09-18 10:02:08.085,407.9033617047891,995
2024-09-18 10:02:08.115,407.9428177107568,1001
2024-09-18 10:02:08.132,407.924572567973,7
2024-09-18 10:02:08.163,407.96089391763456,105
2024-09-18 10:02:08.167,407.8859643950378,1001
2024-09-18 10:02:08.168,407.9075333065372,1004
2024-09-18 10:02:08.179,407.93368523221966,10
2024-09-18 10:02:08.261,407.8931317433024,8
2024-09-18 10:02:08.273,407.89534108817713,10
2024-09-18 10:02:08.311,407.9360274896555,100
2024-09-18 10:02:08.317,407.9441628144543,103
2024-09-18 10:02:08.404,407.9192827326938,7
2024-09-18 10:02:08.446,407.9238251305292,10
2024-09-18 10:02:08.520,407.9340247263722,101
2024-09-18 10:02:08.594,407.957427345904,999
2024-09-18 10:02:08.620,407.9631209384914,101
2024-09-18 10:02:08.672,407.93583846176375,8
2024-09-18 10:02:08.711,407.9501269774997,100
2024-09-18 10:02:08.739,407.9245366247528,97
2024-09-18 10:02:08.758,407.9082582338409,1000
2024-09-18 10:02:08.767,407.9851516112928,1001
2024-09-18 10:02:08.945,40.787628858402094,997
2024-09-18 10:02:08.962,407.9527892436322,1004
2024-09-18 10:02:09.354,407.8700661708193,997
2024-09-18 10:02:09.511,407.8466470396877,6
2024-09-18 10:02:09.545,407.8529528271965,99
2024-09-18 10:02:09.659,407.8756795268828,996
2024-09-18 10:02:09.747,407.8508453718205,1002
2024-09-18 10:02:09.760,407.83695897687824,104
2024-09-18 10:02:09.797,407.8846458442176,1002
2024-09-18 10:02:09.826,407.8465407039331,15
2024-09-18 10:02:09.888,407.8704278054737,6
2024-09-18 10:02:10.086,407.8065673135562,95
2024-09-18 10:02:10.150,407.8030108548231,6
2024-09-18 10:02:10.170,407.8110880464225,102
2024-09-18 10:02:10.276,407.8517680156344,995
2024-09-18 10:02:10.287,407.8548642251839,103
2024-09-18 10:02:10.342,407.8073114459417,99
2024-09-18 10:02:10.417,407.811590994881,998
2024-09-18 10:02:10.507,407.84726726950834,104
2024-09-18 10:02:10.770,407.81439540582033,1002
2024-09-18 10:02:10.780,407.8436325895576,6
2024-09-18 10:02:10.814,407.8764500135428,996
2024-09-18 10:02:10.888,407.7997824218044,9
2024-09-18 10:02:10.941,407.8155789309506,5
2024-09-18 10:02:10.946,407.81761781621327,997
2024-09-18 10:02:10.989,407.7948291989297,7
2024-09-18 10:02:11.443,407.83290874648657,95
2024-09-18 10:02:11.704,407.84784720037646,96
2024-09-18 10:02:11.765,407.81636863876497,98
2024-09-18 10:02:12.180,407.8518548134693,15
2024-09-18 10:02:12.208,407.8524453314436,996
2024-09-18 10:02:12.948,407.8534648819346,100
2024-09-18 10:02:13.162,407.8677938797312,8
2024-09-18 10:02:13.256,407.8968334567384,15
2024-09-18 10:02:13.360,407.8939020429212,14
2024-09-18 10:02:13.531,407.855863186167,96
2024-09-18 10:02:13.689,407.8783333460384,1003
2024-09-18 10:02:13.807,407.9013903686621,103
2024-09-18 10:02:13.859,407.8929494037348,1004
2024-09-18 10:02:14.023,407.93718254930974,15
2024-09-18 10:02:14.058,407.9137552905908,1003
2024-09-18 10:02:14.087,407.9492079351555,8
2024-09-18 10:02:14.126,407.8959296420271,5
2024-09-18 10:02:14.166,407.89215363136304,105
2024-09-18 10:02:14.213,407.9148387439303,6
2024-09-18 10:02:14.235,407.92362601722,96
2024-09-18 10:02:14.246,407.9254190000369,1001
2024-09-18 10:02:14.286,407.8805812442295,7
2024-09-18 10:02:14.289,407.90324987585456,995
2024-09-18 10:02:14.290,407.9213038398527,998
2024-09-18 10:02:14.318,407.9283338224635,100
2024-09-18 10:02:14.347,407.90826253642166,999
2024-09-18 10:02:14.348,407.9085088339319,1005
2024-09-18 10:02:14.355,407.9269658166527,7
2024-09-18 10:02:14.385,407.90922927017584,103
2024-09-18 10:02:14.418,407.8840749959568,13
2024-09-18 10:02:14.476,407.9053923773643,1000
2024-09-18 10:02:14.520,407.9192387774922,9
2024-09-18 10:02:14.567,407.9320390100772,100
2024-09-18 10:02:14.693,407.9433984082971,104
2024-09-18 10:02:14.740,407.90873529343656,996
2024-09-18 10:02:14.861,407.9286362816526,999
2024-09-18 10:02:14.889,407.9126591186889,101
2024-09-18 10:02:14.947,407.9259315340892,99
2024-09-18 10:02:14.950,407.905649182988,103
2024-09-18 10:02:14.967,407.9220534893409,999
2024-09-18 10:02:14.984,407.910794270162,103
2024-09-18 10:02:14.996,407.9244690511837,96
2024-09-18 10:02:15.025,407.9241875188468,102
2024-09-18 10:02:15.340,407.9330497078419,100
2024-09-18 10:02:15.404,407.9190212712557,100
2024-09-18 10:02:15.481,407.921482105222,96
2024-09-18 10:02:15.783,-407.9405539848727,105
2024-09-18 10:02:16.009,407.98283044810034,999
2024-09-18 10:02:16.020,407.9202682459512,7
2024-09-18 10:02:16.052,407.9206442451208,96
2024-09-18 10:02:16.105,407.94587818256366,8
2024-09-18 10:02:16.166,407.9188082014908,12
2024-09-18 10:02:16.212,407.95217507834553,995
2024-09-18 10:02:16.217,407.9394939763027,102
2024-09-18 10:02:16.313,407.92153078112943,997
2024-09-18 10:02:16.424,407.9614877455805,5
2024-09-18 10:02:16.480,407.93953745790174,1004
2024-09-18 10:02:16.540,407.97208366160777,98
2024-09-18 10:02:16.554,407.9724685189214,6
2024-09-18 10:02:16.611,407.91106315979226,103
2024-09-18 10:02:16.640,407.9233877150755,102
2024-09-18 10:02:16.689,407.9298342081518,104
2024-09-18 10:02:16.697,407.94213908219314,103
2024-09-18 10:02:16.706,407.9551626017461,1001
2024-09-18 10:02:16.711,407.9165625511076,997
2024-09-18 10:02:16.714,407.9122679486168,11
2024-09-18 10:02:16.743,407.9344588557,1001
2024-09-18 10:02:16.778,407.9687560339784,1003
2024-09-18 10:02:16.891,407.97296252840783,8
2024-09-18 10:02:17.014,407.93098240393823,11
2024-09-18 10:02:17.230,407.9421005603664,105
2024-09-18 10:02:17.315,407.9226719132839,996
2024-09-18 10:02:17.451,407.9216613047846,97
2024-09-18 10:02:17.611,407.8946462232006,15
2024-09-18 10:02:17.812,407.90885327240335,14
2024-09-18 10:02:17.850,407.92622385638657,999
2024-09-18 10:02:17.913,407.93280509852445,103
2024-09-18 10:02:17.926,407.89085633617,95
2024-09-18 10:02:17.936,407.9124314679856,7
2024-09-18 10:02:18.004,407.9014644248607,8
2024-09-18 10:02:18.027,407.9163674476932,998
2024-09-18 10:02:18.065,407.90568030147625,99
2024-09-18 10:02:18.069,407.9044031253108,10
2024-09-18 10:02:18.136,407.9044892362464,995
2024-09-18 10:02:18.178,407.92791996531327,1005
2024-09-18 10:02:18.236,-40.7881468150975,1005
2024-09-18 10:02:18.275,407.8920210899664,104
2024-09-18 10:02:18.292,407.9198606695483,999
2024-09-18 10:02:18.317,407.9053095470992,1002
2024-09-18 10:02:18.333,407.87335906979376,10
2024-09-18 10:02:18.411,407.91733687453086,103
2024-09-18 10:02:18.443,407.9078655800603,15
2024-09-18 10:02:18.464,407.89942525662514,11
2024-09-18 10:02:18.469,407.9080029128739,5
2024-09-18 10:02:18.680,407.9193355127306,97
2024-09-18 10:02:18.692,407.9136111233613,104
2024-09-18 10:02:18.741,407.8901375017273,1001
2024-09-18 10:02:18.778,407.92116080731785,1005
2024-09-18 10:02:18.784,407.8932364625099,10
2024-09-18 10:02:18.851,407.9163607092315,13
2024-09-18 10:02:18.855,407.8998563706709,98
2024-09-18 10:02:18.860,407.9050611291311,12
2024-09-18 10:02:18.872,407.9020479837519,999
2024-09-18 10:02:18.879,407.8865736044636,95
2024-09-18 10:02:18.945,407.8875913166345,97
2024-09-18 10:02:19.012,407.90142171589787,1003
2024-09-18 10:02:19.047,407.9208791194674,95
2024-09-18 10:02:19.050,407.9030195519083,996
2024-09-18 10:02:19.133,407.9193851123217,997
2024-09-18 10:02:19.169,407.9249737599322,96
2024-09-18 10:02:19.217,407.90877903745945,96
2024-09-18 10:02:19.221,407.9057124857842,1005
2024-09-18 10:02:19.251,407.9069989137731,13
2024-09-18 10:02:19.297,407.9174294021594,999
2024-09-18 10:02:19.331,407.9129222322247,1004
2024-09-18 10:02:19.340,407.9113563885293,96
2024-09-18 10:02:19.361,407.8912951806432,995
2024-09-18 10:02:19.433,407.9075863512929,103
2024-09-18 10:02:19.438,407.8952087490069,999
2024-09-18 10:02:19.487,407.90260889727057,995
2024-09-18 10:02:19.540,407.89776619693725,98
2024-09-18 10:02:19.645,407.9030640609975,7
2024-09-18 10:02:19.698,407.9294408017362,102
2024-09-18 10:02:19.739,407.92904175193513,1003
2024-09-18 10:02:19.825,407.9095228813011,103
2024-09-18 10:02:19.827,407.9022042427078,1003
2024-09-18 10:02:19.854,407.90719862097177,102
2024-09-18 10:02:19.857,407.9251207366364,1005
2024-09-18 10:02:19.910,407.9263192125069,997
2024-09-18 10:02:20.089,407.962136002808,10
2024-09-18 10:02:20.155,-407.932482341809,15
2024-09-18 10:02:20.228,407.9317515147927,1005
2024-09-18 10:02:20.263,,98
2024-09-18 10:02:20.500,407.9688363216153,1004
2024-09-18 10:02:20.630,407.95584023248887,6
2024-09-18 10:02:20.759,407.95181341047567,996
2024-09-18 10:02:20.859,407.9535354329605,98
2024-09-18 10:02:20.936,407.920052395667,103
2024-09-18 10:02:20.946,407.9313580484438,13
2024-09-18 10:02:20.996,407.9519644647466,98
2024-09-18 10:02:20.999,407.9713379637535,99
2024-09-18 10:02:21.029,407.91878479424895,102
2024-09-18 10:02:21.044,407.94085417416,12
2024-09-18 10:02:21.148,407.9269499797928,7
2024-09-18 10:02:21.232,407.9276569551545,5
2024-09-18 10:02:21.240,407.91174334729766,96
2024-09-18 10:02:21.242,407.92956339141904,9
2024-09-18 10:02:21.263,407.933765576191,1005
2024-09-18 10:02:21.275,407.9210820164864,98
2024-09-18 10:02:21.345,407.9230210231034,11
2024-09-18 10:02:21.407,407.91654264973215,1003
2024-09-18 10:02:21.433,407.9423903035533,999
2024-09-18 10:02:21.456,407.9249806665498,10
2024-09-18 10:02:21.511,407.9147432451843,5
2024-09-18 10:02:21.606,407.942266552145,15
2024-09-18 10:02:21.651,407.94520197857474,1004
2024-09-18 10:02:21.753,407.8896916158263,103
2024-09-18 10:02:21.896,407.932109352076,995
2024-09-18 10:02:21.965,407.9255130251207,1003
2024-09-18 10:02:22.244,407.9088309303895,6
2024-09-18 10:02:22.278,407.9098058667757,1000
2024-09-18 10:02:22.326,407.8643056151455,12
2024-09-18 10:02:22.327,407.90448490539166,96
2024-09-18 10:02:22.369,407.8732797336392,14
2024-09-18 10:02:22.451,407.8878340725278,13
2024-09-18 10:02:22.617,407.8925521559539,5
2024-09-18 10:02:22.687,407.8961299009903,999
2024-09-18 10:02:22.835,407.8854816793233,100
2024-09-18 10:02:22.839,407.9036369766269,7
2024-09-18 10:02:23.588,407.8633382722154,14
2024-09-18 10:02:24.273,407.8613293350813,99
2024-09-18 10:02:24.530,407.865275026873,99
2024-09-18 10:02:25.000,407.8724685577548,7
2024-09-18 10:02:25.019,40.78797637126242,100
2024-09-18 10:02:25.022,407.8489365120547,1005
2024-09-18 10:02:25.119,407.8384981482205,10
2024-09-18 10:02:25.142,407.8352468813927,103
2024-09-18 10:02:25.242,407.83907332663233,999
2024-09-18 10:02:25.259,407.8683201830794,101
2024-09-18 10:02:25.350,407.8457931783277,996
2024-09-18 10:02:25.373,407.86012462860486,6
2024-09-18 10:02:25.417,407.8438516956269,9
2024-09-18 10:02:25.433,407.8611913992296,99
2024-09-18 10:02:25.600,407.8786396911641,95
2024-09-18 10:02:25.673,407.8688024176709,997
2024-09-18 10:02:25.875,407.8783781106534,7
2024-09-18 10:02:26.018,407.8465276419512,15
2024-09-18 10:02:26.130,407.86531001778593,7
2024-09-18 10:02:26.132,407.84252206661455,998
2024-09-18 10:02:26.139,407.823612452178,101
2024-09-18 10:02:26.185,407.8357525780587,96
2024-09-18 10:02:26.192,407.8593057194343,103
2024-09-18 10:02:26.256,40.78697568286572,14
2024-09-18 10:02:26.263,407.8656845143475,95
2024-09-18 10:02:26.293,-407.83315933112704,6
2024-09-18 10:02:26.330,407.921080140051,1001
2024-09-18 10:02:26.418,407.8638950268569,9
2024-09-18 10:02:26.423,407.8694758011476,98
2024-09-18 10:02:26.438,407.91129239758345,98
2024-09-18 10:02:26.477,407.8904099836794,1001
2024-09-18 10:02:26.549,407.8940662943392,15
2024-09-18 10:02:26.628,407.8239025442288,104
2024-09-18 10:02:26.733,407.8864487004063,13
2024-09-18 10:02:26.750,407.8669262849706,13
2024-09-18 10:02:26.776,407.8739447132587,15
2024-09-18 10:02:26.780,407.8773497190173,15
2024-09-18 10:02:26.805,407.8899003448404,105
2024-09-18 10:02:26.906,407.8307696846434,105
2024-09-18 10:02:26.952,407.82863201479046,8
2024-09-18 10:02:27.156,407.8301561363576,7
2024-09-18 10:02:27.239,407.8192704160989,995
2024-09-18 10:02:27.412,407.8395090703556,103
2024-09-18 10:02:27.434,407.85079176016177,7
2024-09-18 10:02:27.526,407.8488513985267,99
2024-09-18 10:02:27.574,407.8480443083737,998
2024-09-18 10:02:27.616,407.824146166312,10
2024-09-18 10:02:27.685,407.8200477234544,7
2024-09-18 10:02:27.736,407.83598084676703,103
2024-09-18 10:02:27.859,-407.8529734515728,1001
2024-09-18 10:02:27.869,407.8586137433236,100
2024-09-18 10:02:27.880,407.8212554604387,1002
2024-09-18 10:02:28.017,407.8340864945036,996
2024-09-18 10:02:28.103,407.8245633649304,996
2024-09-18 10:02:28.155,407.8279345880592,100
2024-09-18 10:02:28.267,407.8258028222436,15
2024-09-18 10:02:28.270,407.8358288212198,5
2024-09-18 10:02:28.302,407.81876374534966,96
2024-09-18 10:02:28.310,407.81707135063806,98
2024-09-18 10:02:28.321,407.83470216427,8
2024-09-18 10:02:28.323,407.84444281770425,997
2024-09-18 10:02:28.359,407.8317973839097,100
2024-09-18 10:02:28.372,407.8323590920348,6
2024-09-18 10:02:28.471,407.8211643277447,5
2024-09-18 10:02:28.508,407.8225514754352,99
2024-09-18 10:02:28.522,407.8325141903271,96
2024-09-18 10:02:28.597,407.8156449275071,7
2024-09-18 10:02:28.679,407.83544900065687,1002
2024-09-18 10:02:28.695,407.81656349738864,101
2024-09-18 10:02:28.719,407.84282037612246,12
2024-09-18 10:02:28.760,407.8371599944767,1002
2024-09-18 10:02:28.766,407.8294802802719,1001
2024-09-18 10:02:28.770,407.8297380261212,99
2024-09-18 10:02:28.846,407.8330150920742,995
2024-09-18 10:02:28.932,407.845217837332,1005
2024-09-18 10:02:28.938,407.821774622998,995
2024-09-18 10:02:29.230,407.7826656094999,9
2024-09-18 10:02:29.262,407.7932334744469,12
2024-09-18 10:02:29.273,407.8321210804127,103
2024-09-18 10:02:29.275,407.8359897495183,995
2024-09-18 10:02:29.665,407.8040538803752,1005
2024-09-18 10:02:29.733,407.81315113315605,997
2024-09-18 10:02:29.740,407.7784471385992,9
2024-09-18 10:02:29.960,407.7846363925895,999
2024-09-18 10:02:29.993,407.8378909631338,104
2024-09-18 10:02:30.412,407.8018899721203,8
2024-09-18 10:02:30.590,407.81136524543433,104
2024-09-18 10:02:30.684,407.7925020381203,14
2024-09-18 10:02:30.690,407.8033285208692,103
2024-09-18 10:02:31.138,407.8620298870304,996
2024-09-18 10:02:31.209,407.8538996067126,999
2024-09-18 10:02:31.262,407.82562689338647,14
2024-09-18 10:02:31.267,407.8789007072939,1001
2024-09-18 10:02:31.322,407.8548203669278,1002
2024-09-18 10:02:31.368,407.88045032871,12
2024-09-18 10:02:31.383,407.8907148935232,96
2024-09-18 10:02:31.420,407.84991661939085,95
2024-09-18 10:02:31.428,407.8234342786904,1000
2024-09-18 10:02:31.428,407.81484555289,1002
2024-09-18 10:02:31.443,407.866785014448,11
2024-09-18 10:02:31.482,407.8196991430747,100
2024-09-18 10:02:31.543,407.84308016247866,97
2024-09-18 10:02:31.562,407.8653693779745,13
2024-09-18 10:02:31.579,407.8732757335125,5
2024-09-18 10:02:31.664,407.8451329871007,1004
2024-09-18 10:02:31.730,407.8591491631201,998
2024-09-18 10:02:31.757,407.8568141724992,996
2024-09-18 10:02:31.794,407.8588651382573,12
2024-09-18 10:02:31.893,407.8498629893887,995
2024-09-18 10:02:31.944,407.8700053926372,103
2024-09-18 10:02:31.974,407.8451337993338,1000
2024-09-18 10:02:31.989,407.85866803898006,98
2024-09-18 10:02:32.002,407.8388604134206,14
2024-09-18 10:02:32.009,407.873753076468,15
2024-09-18 10:02:32.034,407.861191543045,101
2024-09-18 10:02:32.050,407.8331910060911,1002
2024-09-18 10:02:32.088,407.84280088040407,995
2024-09-18 10:02:32.122,407.8457913455975,998
2024-09-18 10:02:32.226,407.8337500445412,15
2024-09-18 10:02:32.228,407.8473939163113,100
2024-09-18 10:02:32.311,407.7989684154383,9
2024-09-18 10:02:32.338,407.8544867060832,1004
2024-09-18 10:02:32.370,407.84626518132194,15
2024-09-18 10:02:32.453,407.8288470760966,12
2024-09-18 10:02:32.460,407.836268305675,99
2024-09-18 10:02:32.512,407.8281237141578,99
2024-09-18 10:02:32.514,407.8741345795262,95
2024-09-18 10:02:32.538,407.826361147641,10
2024-09-18 10:02:32.557,407.8549974501413,8
2024-09-18 10:02:32.611,407.8367768091193,13
2024-09-18 10:02:32.613,407.813327203605,1003
2024-09-18 10:02:32.628,407.8193233396911,95
2024-09-18 10:02:32.636,407.84947060583806,10
2024-09-18 10:02:32.661,407.7852890911121,9
2024-09-18 10:02:32.681,407.791215799966,1003
2024-09-18 10:02:32.729,407.8402776538431,1000
2024-09-18 10:02:32.761,407.8452069933544,103
2024-09-18 10:02:32.828,407.8627190964533,995
2024-09-18 10:02:32.894,407.8220344550387,9
2024-09-18 10:02:32.949,407.7902868916043,1004
2024-09-18 10:02:32.954,407.84941947185774,1002
2024-09-18 10:02:33.002,407.79992347515264,103
2024-09-18 10:02:33.060,407.8148789051709,995
2024-09-18 10:02:33.101,407.8111666718132,7
2024-09-18 10:02:33.107,407.7933205454365,14
2024-09-18 10:02:33.127,407.79011494120107,998
2024-09-18 10:02:33.214,407.80270788213073,995
2024-09-18 10:02:33.289,407.7875701220297,11
2024-09-18 10:02:33.396,407.797581613132,95
2024-09-18 10:02:33.402,407.7986445648216,8
2024-09-18 10:02:33.814,407.78788983921527,11
2024-09-18 10:02:34.064,407.8598854785153,1001
2024-09-18 10:02:34.070,407.8246473817867,1001
2024-09-18 10:02:34.186,407.7986363828492,95
2024-09-18 10:02:34.204,407.8162805476624,1005
2024-09-18 10:02:34.250,407.82448449640833,96
2024-09-18 10:02:34.330,407.8406312067625,97
2024-09-18 10:02:34.420,407.8273931138823,99
2024-09-18 10:02:34.435,407.8328949866082,98
2024-09-18 10:02:34.438,407.80821179037486,998
2024-09-18 10:02:34.441,407.8467588806075,1002
2024-09-18 10:02:34.483,407.8155666927549,12
2024-09-18 10:02:34.589,407.8195377316616,999
2024-09-18 10:02:34.692,407.8165599032609,11
2024-09-18 10:02:34.706,407.8367029062218,13
2024-09-18 10:02:34.727,407.79433760118656,12
2024-09-18 10:02:34.805,407.8284329676205,996
2024-09-18 10:02:34.810,407.7940534459534,1001
2024-09-18 10:02:34.857,-407.8282602315068,10
2024-09-18 10:02:34.861,407.8333270964498,15
2024-09-18 10:02:34.909,407.8171536459286,1005
2024-09-18 10:02:34.929,407.771021139771,97
2024-09-18 10:02:34.961,407.8133953645475,11
2024-09-18 10:02:35.067,407.8719619493672,97
2024-09-18 10:02:35.079,407.8720446969919,1004
2024-09-18 10:02:35.095,407.7977980863735,8
2024-09-18 10:02:35.179,407.9264881858612,998
2024-09-18 10:02:35.203,407.8674239960673,1004
2024-09-18 10:02:35.209,407.92261096196125,995
2024-09-18 10:02:35.271,407.8274386373926,998
2024-09-18 10:02:35.271,407.9048148081233,96
2024-09-18 10:02:35.357,407.88764486218565,13
2024-09-18 10:02:35.369,407.8330485619677,9
2024-09-18 10:02:35.383,407.8512419373188,12
2024-09-18 10:02:35.397,407.8544466036692,103
2024-09-18 10:02:35.448,407.878760869112,99
2024-09-18 10:02:35.448,407.8489054779349,1001
2024-09-18 10:02:35.499,407.9308744982456,98
2024-09-18 10:02:35.504,407.8495093476259,1000
2024-09-18 10:02:35.518,407.88912661712106,15
2024-09-18 10:02:35.528,407.8530213596002,104
2024-09-18 10:02:35.564,407.8600542632613,101
2024-09-18 10:02:35.623,407.8835536004298,97
2024-09-18 10:02:35.628,407.8490069462676,101
2024-09-18 10:02:35.636,407.8567323862968,9
2024-09-18 10:02:35.722,407.9106624430008,13
2024-09-18 10:02:35.728,407.88269467512777,97
2024-09-18 10:02:35.762,407.8879518819036,8
2024-09-18 10:02:35.783,407.85131339774966,14
2024-09-18 10:02:35.982,407.8377141454032,1001
2024-09-18 10:02:36.004,407.93164699404485,98
2024-09-18 10:02:36.044,407.9248264733119,13
2024-09-18 10:02:36.141,407.9318574493862,14
2024-09-18 10:02:36.161,407.9544862410266,12
2024-09-18 10:02:36.267,407.9369897885728,1002
2024-09-18 10:02:36.342,407.9364445294317,11
2024-09-18 10:02:36.582,407.9191548314024,12
2024-09-18 10:02:36.664,407.94003920398967,102
2024-09-18 10:02:36.730,407.930450816864,105
2024-09-18 10:02:36.776,407.93928621069375,10
2024-09-18 10:02:36.853,407.9442544783557,14
2024-09-18 10:02:36.879,407.94365867256215,9
2024-09-18 10:02:36.910,407.9536641447461,99
2024-09-18 10:02:37.028,407.93648787473626,101
2024-09-18 10:02:37.052,407.9701825734856,1005
2024-09-18 10:02:37.081,407.979441925693,995
2024-09-18 10:02:37.083,408.0210857210111,95
2024-09-18 10:02:37.102,407.97764708121633,98
2024-09-18 10:02:37.234,408.03326950664274,13
2024-09-18 10:02:37.360,408.0154281781931,1004
2024-09-18 10:02:37.362,407.9773538897745,6
2024-09-18 10:02:37.452,407.9702151001223,1003
2024-09-18 10:02:37.459,408.02077361247166,1004
2024-09-18 10:02:37.529,407.92398232120536,997
2024-09-18 10:02:37.536,408.0213670751639,105
2024-09-18 10:02:37.556,407.9790489983526,6
2024-09-18 10:02:37.563,408.0320895983765,98
2024-09-18 10:02:37.594,407.9336825618007,1005
2024-09-18 10:02:37.623,407.9884486858776,1005
2024-09-18 10:02:37.639,407.9179983352725,105
2024-09-18 10:02:37.660,407.9588234101413,98
2024-09-18 10:02:37.706,407.9133071775,996
2024-09-18 10:02:37.735,408.0363470768445,10
2024-09-18 10:02:37.766,408.0123605643863,105
2024-09-18 10:02:37.771,407.9168488737036,102
2024-09-18 10:02:37.809,407.9548912968869,102
2024-09-18 10:02:37.901,407.9558422678658,99
2024-09-18 10:02:37.920,407.9569414080524,999
2024-09-18 10:02:37.931,407.9461273739111,999
2024-09-18 10:02:37.984,407.925790569303,95
2024-09-18 10:02:38.000,408.0020616209365,1002
2024-09-18 10:02:38.058,407.9603389213544,1004
2024-09-18 10:02:38.086,407.9882224106578,103
2024-09-18 10:02:38.090,407.99191810185295,102
2024-09-18 10:02:38.176,408.01056087538535,1005
2024-09-18 10:02:38.221,407.9499357970459,5
2024-09-18 10:02:38.231,407.9716793393789,1001
2024-09-18 10:02:38.238,407.9989071766337,97
2024-09-18 10:02:38.263,407.986114482368,1004
2024-09-18 10:02:38.319,408.00462862995806,9
2024-09-18 10:02:38.368,407.9415075592504,96
2024-09-18 10:02:38.371,407.9784725159631,103
2024-09-18 10:02:38.384,407.9524543129335,998
2024-09-18 10:02:38.419,407.98311387996864,1005
2024-09-18 10:02:38.515,407.95409841834527,996
2024-09-18 10:02:38.527,408.010023026637,103
2024-09-18 10:02:38.547,407.9830846889906,7
2024-09-18 10:02:38.563,408.0082655195581,8
2024-09-18 10:02:38.607,407.97515548143895,7
2024-09-18 10:02:38.618,407.9512265137269,97
2024-09-18 10:02:38.687,407.9742987803176,14
2024-09-18 10:02:38.689,407.951888433153,11
2024-09-18 10:02:38.716,408.00952155930736,1001
2024-09-18 10:02:38.727,407.9905836049942,100
2024-09-18 10:02:38.757,407.9939189410687,104
2024-09-18 10:02:38.827,407.9831941725768,9
2024-09-18 10:02:38.911,407.9597541753606,1002
2024-09-18 10:02:38.950,407.9892260549767,998
2024-09-18 10:02:39.109,407.9897888260889,97
2024-09-18 10:02:39.139,407.9810362385945,1001
2024-09-18 10:02:39.176,407.98167205976375,12
2024-09-18 10:02:39.270,407.9402028791053,13
2024-09-18 10:02:39.283,407.9480716700623,999
2024-09-18 10:02:39.285,407.999671797837,997
2024-09-18 10:02:39.287,407.9530555026534,1005
2024-09-18 10:02:39.321,407.99585751380033,996
2024-09-18 10:02:39.405,407.9501733880403,13
2024-09-18 10:02:39.445,,100
2024-09-18 10:02:39.483,407.99435541302216,8
2024-09-18 10:02:39.540,407.9850953597496,97
2024-09-18 10:02:39.561,407.991929439536,95
2024-09-18 10:02:39.574,407.9446294267239,998
2024-09-18 10:02:39.585,407.9720003963278,14
2024-09-18 10:02:39.597,407.9822808739676,105
2024-09-18 10:02:39.695,,101
2024-09-18 10:02:39.732,407.9666391817859,996
2024-09-18 10:02:39.858,408.0020603894425,15
2024-09-18 10:02:39.868,408.0088609895064,9
2024-09-18 10:02:39.920,407.99489855029776,13
2024-09-18 10:02:39.949,407.9993832313481,1002
2024-09-18 10:02:39.956,407.9792191712878,1000
2024-09-18 10:02:39.964,407.989820065529,14
2024-09-18 10:02:40.073,408.0520027075663,997
2024-09-18 10:02:40.120,-407.9941228382645,99
2024-09-18 10:02:40.140,407.9732713653675,96
2024-09-18 10:02:40.151,408.0243574788408,12
2024-09-18 10:02:40.229,408.0383459926945,12
2024-09-18 10:02:40.236,407.9987859455598,1004
2024-09-18 10:02:40.296,407.9930096236156,98
2024-09-18 10:02:40.320,407.9636448500274,7
2024-09-18 10:02:40.340,408.0150583109351,1005
2024-09-18 10:02:40.441,408.0200749348384,97
2024-09-18 10:02:40.475,407.9679963056908,995
2024-09-18 10:02:40.499,407.99368370960025,996
2024-09-18 10:02:40.560,408.007264457716,102
2024-09-18 10:02:40.574,408.06162875120026,95
2024-09-18 10:02:40.638,407.98721503828506,995
2024-09-18 10:02:40.829,407.9776132234468,1005
2024-09-18 10:02:40.950,408.0151531276703,14
2024-09-18 10:02:40.975,408.0217927419342,999
2024-09-18 10:02:41.064,,13
2024-09-18 10:02:41.069,407.9914421697693,98
2024-09-18 10:02:41.173,407.9795129376368,7
2024-09-18 10:02:41.176,407.99864470055854,1005
2024-09-18 10:02:41.273,408.0028567758501,12
2024-09-18 10:02:41.280,407.98483978975446,12
2024-09-18 10:02:41.389,407.987635516748,14
2024-09-18 10:02:41.504,408.0124843196144,96
2024-09-18 10:02:41.514,407.9935645092648,103
2024-09-18 10:02:41.515,407.9864689940755,8
2024-09-18 10:02:41.701,407.9810907953801,11
2024-09-18 10:02:41.790,407.98545226090334,7
2024-09-18 10:02:41.802,407.9883372141678,8
2024-09-18 10:02:41.992,407.96593254784057,14
2024-09-18 10:02:42.099,407.926320981814,998
2024-09-18 10:02:42.126,407.9023031477638,998
2024-09-18 10:02:42.238,407.9049140566,1004
2024-09-18 10:02:42.291,407.9293819327475,95
2024-09-18 10:02:42.399,407.9930329287947,98
2024-09-18 10:02:42.593,407.9368911523394,98
2024-09-18 10:02:42.635,407.9404338506142,995
2024-09-18 10:02:42.673,408.0026062392503,995
2024-09-18 10:02:42.746,407.9752341390518,103
2024-09-18 10:02:42.783,407.9385446181857,1005
2024-09-18 10:02:42.795,407.94550635941823,12
2024-09-18 10:02:42.811,407.9393662192626,7
2024-09-18 10:02:43.031,407.896257830713,997
2024-09-18 10:02:43.046,407.9524777856952,999
2024-09-18 10:02:43.073,407.9151096288899,1000
2024-09-18 10:02:43.100,407.9377196228275,10
2024-09-18 10:02:43.211,407.9514459512615,98
2024-09-18 10:02:43.218,407.9335293363381,103
2024-09-18 10:02:43.222,407.9124389885922,995
2024-09-18 10:02:43.254,407.8884831313059,95
2024-09-18 10:02:43.258,407.9046772409498,95
2024-09-18 10:02:43.294,407.9001447416677,8
2024-09-18 10:02:43.296,407.9472281357795,96
2024-09-18 10:02:43.307,407.8912334957506,101
2024-09-18 10:02:43.319,407.9325874490499,995
2024-09-18 10:02:43.320,407.885534706777,1002
2024-09-18 10:02:43.355,407.9493609486356,12
2024-09-18 10:02:43.461,407.91068388722937,14
2024-09-18 10:02:43.471,407.9556597830717,103
2024-09-18 10:02:43.491,407.9423008805177,6
2024-09-18 10:02:43.520,407.93494643510894,102
2024-09-18 10:02:43.663,407.9168805307188,5
2024-09-18 10:02:43.722,407.9245897317778,14
2024-09-18 10:02:43.736,407.968885170474,98
2024-09-18 10:02:43.804,407.88948503909,9
2024-09-18 10:02:43.889,407.9694770071797,1001
2024-09-18 10:02:43.920,407.92871916654497,995
2024-09-18 10:02:44.357,407.8895739029744,995
2024-09-18 10:02:44.493,407.8966786197093,995
2024-09-18 10:02:45.021,407.9076965449454,7
2024-09-18 10:02:45.134,407.91279038372073,1000
2024-09-18 10:02:45.267,407.9197581007728,996
2024-09-18 10:02:45.383,407.9217759272539,15
2024-09-18 10:02:45.598,407.9263358978986,15
2024-09-18 10:02:45.688,407.8984249702944,1001
2024-09-18 10:02:45.718,407.92163550379513,1000
2024-09-18 10:02:45.951,407.9068537945849,997
2024-09-18 10:02:46.057,407.9365746522412,97
2024-09-18 10:02:46.143,407.9380389631437,1002
2024-09-18 10:02:46.309,407.94682025362414,1001
2024-09-18 10:02:46.392,407.9336416753659,97
2024-09-18 10:02:46.611,407.9204705601173,102
2024-09-18 10:02:46.646,407.93177703593705,102
2024-09-18 10:02:46.804,407.9290242919095,14
2024-09-18 10:02:47.162,407.9749162437294,100
2024-09-18 10:02:47.304,-407.9515673283436,96
2024-09-18 10:02:47.310,407.975555744508,996
2024-09-18 10:02:47.431,407.972890248218,100
2024-09-18 10:02:47.482,407.94606792647744,15
2024-09-18 10:02:47.507,407.95207965548536,996
2024-09-18 10:02:47.512,407.97931408642654,997
2024-09-18 10:02:47.541,407.9716723809655,1000
2024-09-18 10:02:47.609,407.9714372557206,103
2024-09-18 10:02:47.776,407.9540935778664,100
2024-09-18 10:02:47.785,407.95862554518015,996
2024-09-18 10:02:47.797,407.9591256144786,101
2024-09-18 10:02:47.820,407.97077460193344,998
2024-09-18 10:02:47.983,407.9632466951793,102
2024-09-18 10:02:48.005,407.9144344349416,999
2024-09-18 10:02:48.011,407.91038671653376,100
2024-09-18 10:02:48.082,407.9711840470832,1005
2024-09-18 10:02:48.103,407.9106882289629,96
2024-09-18 10:02:48.132,407.8610971348687,97
2024-09-18 10:02:48.197,407.9227762362459,101
2024-09-18 10:02:48.217,407.903060374654,8
2024-09-18 10:02:48.297,407.8610499750726,1001
2024-09-18 10:02:48.408,407.8467032069118,103
2024-09-18 10:02:48.471,407.9218245817699,1005
2024-09-18 10:02:48.488,407.96112774696377,14
2024-09-18 10:02:48.490,407.9117215873607,104
2024-09-18 10:02:48.572,407.8800169472691,105
2024-09-18 10:02:48.589,407.9478984294909,1001
2024-09-18 10:02:48.716,407.8634797240236,1002
2024-09-18 10:02:48.777,407.9128004482112,99
2024-09-18 10:02:48.802,407.85654838042456,13
2024-09-18 10:02:48.857,407.9339120398266,13
2024-09-18 10:02:48.859,407.9259242057707,8
2024-09-18 10:02:48.897,407.85163377114907,1002
2024-09-18 10:02:48.954,407.9679158533789,996
2024-09-18 10:02:48.989,407.8978018864476,997
2024-09-18 10:02:50.182,407.8387753226325,102
2024-09-18 10:02:51.021,407.7822940081268,96
2024-09-18 10:02:51.056,407.8386680962072,1004
2024-09-18 10:02:51.321,407.7991595989417,97
2024-09-18 10:02:51.329,407.8116554215552,8
2024-09-18 10:02:51.397,407.8294252542996,97
2024-09-18 10:02:51.588,407.79175594609006,11
2024-09-18 10:02:51.635,407.838654643046,997
2024-09-18 10:02:51.750,-407.8141320340909,1001
2024-09-18 10:02:52.082,407.7704687042266,997
2024-09-18 10:02:52.117,407.770295719618,6
2024-09-18 10:02:52.138,407.7310893888231,100
2024-09-18 10:02:52.194,407.7556852360376,99
2024-09-18 10:02:52.334,407.76430237958783,1000
2024-09-18 10:02:52.419,407.7530012285397,1003
2024-09-18 10:02:52.421,407.7687273941361,14
2024-09-18 10:02:52.468,407.7486951496058,95
2024-09-18 10:02:52.492,407.7411037490124,12
2024-09-18 10:02:52.526,407.7299199902933,996
2024-09-18 10:02:52.608,407.7134234718167,1002
2024-09-18 10:02:52.628,407.7570475908794,102
2024-09-18 10:02:52.709,407.7275193931735,999
2024-09-18 10:02:52.751,407.7283825101962,10
2024-09-18 10:02:52.761,407.75589891701856,98
2024-09-18 10:02:52.813,-407.7642065790669,5
2024-09-18 10:02:52.838,407.7393171727553,1001
2024-09-18 10:02:52.852,407.71929910086567,996
2024-09-18 10:02:52.888,407.7430712464696,14
2024-09-18 10:02:52.908,407.73793592960703,1002
2024-09-18 10:02:53.011,407.77571977995785,104
2024-09-18 10:02:53.021,407.7775359338124,101
2024-09-18 10:02:53.087,407.7752684891396,7
2024-09-18 10:02:53.181,407.7673766231373,11
2024-09-18 10:02:53.309,407.76209392651566,1003
2024-09-18 10:02:53.340,407.7869757576119,999
2024-09-18 10:02:53.353,407.7916632491387,13
2024-09-18 10:02:53.377,407.7728448064639,98
2024-09-18 10:02:53.392,407.7820730614328,8
2024-09-18 10:02:53.486,407.7892334813904,104
2024-09-18 10:02:53.512,407.7686237392773,998
2024-09-18 10:02:53.644,-407.79006395892,98
2024-09-18 10:02:53.661,407.7760412293668,7
2024-09-18 10:02:53.739,407.7783595268926,95
2024-09-18 10:02:53.931,407.7899251657183,1002
2024-09-18 10:02:53.939,407.7917251692253,14
2024-09-18 10:02:54.089,407.7722633338828,1002
2024-09-18 10:02:54.408,407.720779659585,5
2024-09-18 10:02:54.416,407.7474410108147,100
2024-09-18 10:02:54.546,407.7418410639456,105
2024-09-18 10:02:54.705,407.76026312786,999
2024-09-18 10:02:54.732,407.7485355477313,101
2024-09-18 10:02:54.868,407.7405828800708,98
2024-09-18 10:02:54.875,407.7430246860499,997
2024-09-18 10:02:56.040,407.73787391695305,10
2024-09-18 10:02:56.143,407.7369905738359,98
2024-09-18 10:02:56.454,407.7380559113497,13
2024-09-18 10:02:56.599,407.7263909776432,1000
2024-09-18 10:02:56.667,407.7486576785641,14
2024-09-18 10:02:56.680,407.7270503402128,1003
2024-09-18 10:02:56.724,407.739478357106,1003
2024-09-18 10:02:57.287,407.746064705257,10
2024-09-18 10:02:57.501,407.7376284980212,12
2024-09-18 10:02:57.616,407.7465551314128,105
2024-09-18 10:02:57.711,407.7510353988104,10
2024-09-18 10:02:58.020,407.7551580628633,996
2024-09-18 10:02:58.086,407.7481033595781,7
2024-09-18 10:02:58.119,407.7585128511822,1003
2024-09-18 10:02:58.135,407.72224339384377,14
2024-09-18 10:02:58.159,407.748250522997,104
2024-09-18 10:02:58.244,407.72909787769066,15
2024-09-18 10:02:58.267,407.749302126487,99
2024-09-18 10:02:58.272,407.77660189430463,10
2024-09-18 10:02:58.309,40.776091517088645,100
2024-09-18 10:02:58.409,407.755742862036,5
2024-09-18 10:02:58.416,407.7309223418302,1001
2024-09-18 10:02:58.433,407.7924883234327,999
2024-09-18 10:02:58.505,407.7603650242222,14
2024-09-18 10:02:58.508,407.7463176018738,95
2024-09-18 10:02:58.543,407.752387817711,99
2024-09-18 10:02:58.564,407.7489405980755,1001
2024-09-18 10:02:58.628,407.7829654053961,95
2024-09-18 10:02:58.654,407.744816556862,1000
2024-09-18 10:02:58.663,407.7642305568693,1000
2024-09-18 10:02:58.804,407.7639322683559,1001
2024-09-18 10:02:58.804,407.72764709205353,1003
2024-09-18 10:02:58.831,407.74812868670034,1001
2024-09-18 10:02:58.897,407.7276288546007,5
2024-09-18 10:02:58.941,407.7586502975775,1003
2024-09-18 10:02:58.966,407.7524456238255,99
2024-09-18 10:02:58.977,407.8009562305337,6
2024-09-18 10:02:58.980,407.74997143763255,11
2024-09-18 10:02:58.991,407.7544509373104,1003
2024-09-18 10:02:59.085,407.8021056450141,998
2024-09-18 10:02:59.097,407.77142805091097,5
2024-09-18 10:02:59.111,407.7977730463544,996
2024-09-18 10:02:59.344,407.79454963042457,8
2024-09-18 10:02:59.393,407.7933915862721,99
2024-09-18 10:02:59.697,407.77654498968553,103
2024-09-18 10:02:59.702,407.76444444567954,1002
2024-09-18 10:02:59.766,407.7901081780093,9
2024-09-18 10:02:59.778,407.77339335139993,15
2024-09-18 10:02:59.816,407.7782013258428,1003
