Timestamp,Price,Size
2024-09-19 10:02:00.402,416.2545621660301,998
2024-09-19 10:02:00.908,416.2532385878552,96
2024-09-19 10:02:01.264,416.2550108811457,97
2024-09-19 10:02:01.435,416.2644842331206,104
2024-09-19 10:02:01.762,416.2456498693801,1002
2024-09-19 10:02:02.130,416.23385254034326,100
2024-09-19 10:02:02.152,416.2321588553039,998
2024-09-19 10:02:02.368,416.2307798934536,15
2024-09-19 10:02:02.370,416.2549963177884,11
2024-09-19 10:02:02.460,416.2412925544597,95
2024-09-19 10:02:02.537,416.2319784892099,102
2024-09-19 10:02:02.562,416.2177065208973,100
2024-09-19 10:02:02.576,416.2254970349482,13
2024-09-19 10:02:02.610,416.2230367811851,11
2024-09-19 10:02:02.730,416.26061916541306,1002
2024-09-19 10:02:02.860,416.2590565774907,11
2024-09-19 10:02:02.929,416.233167698603,1002
2024-09-19 10:02:03.051,416.2539093074597,98
2024-09-19 10:02:03.057,416.2424849934367,101
2024-09-19 10:02:03.084,416.2363243109541,12
2024-09-19 10:02:03.140,416.1890229603408,95
2024-09-19 10:02:03.168,416.256139885198,9
2024-09-19 10:02:03.178,416.205391829712,15
2024-09-19 10:02:03.211,416.2642881846054,15
2024-09-19 10:02:03.260,416.23076238116624,96
2024-09-19 10:02:03.324,416.2469062466054,103
2024-09-19 10:02:03.379,416.2254481960306,11
2024-09-19 10:02:03.445,416.192482589433,5
2024-09-19 10:02:03.476,416.2504577248872,995
2024-09-19 10:02:03.500,416.25483877941866,95
2024-09-19 10:02:03.567,416.268893484307,98
2024-09-19 10:02:03.618,416.1853996004218,104
2024-09-19 10:02:03.637,416.2428741821861,98
2024-09-19 10:02:03.679,41.62255710540467,15
2024-09-19 10:02:03.686,416.2285831406552,9
2024-09-19 10:02:03.702,416.2032605077182,103
2024-09-19 10:02:03.733,416.196439837876,1004
2024-09-19 10:02:03.734,416.2242325813949,1005
2024-09-19 10:02:03.785,416.2013714843154,998
2024-09-19 10:02:03.821,416.256430723517,1002
2024-09-19 10:02:03.859,416.1968930878332,105
2024-09-19 10:02:03.861,416.2213419389338,9
2024-09-19 10:02:03.862,416.2364054957919,99
2024-09-19 10:02:04.050,416.2021729685497,99
2024-09-19 10:02:04.051,416.3255321991636,8
2024-09-19 10:02:04.068,416.1814693448989,97
2024-09-19 10:02:04.071,416.1762599224636,995
2024-09-19 10:02:04.086,416.1862488982205,103
2024-09-19 10:02:04.115,416.2981699154761,8
2024-09-19 10:02:04.133,416.2788639793847,99
2024-09-19 10:02:04.265,416.1872335906984,102
2024-09-19 10:02:04.265,416.1793950462475,12
2024-09-19 10:02:04.298,416.30171655796016,105
2024-09-19 10:02:04.332,416.173227354992,998
2024-09-19 10:02:04.347,416.32617842693605,14
2024-09-19 10:02:04.357,416.2941001149656,1002
2024-09-19 10:02:04.360,416.3410477523572,7
2024-09-19 10:02:04.438,416.2241995129156,14
2024-09-19 10:02:04.455,416.3333304698496,12
2024-09-19 10:02:04.515,416.1900437138439,5
2024-09-19 10:02:04.605,416.169092523077,8
2024-09-19 10:02:04.627,416.1826436743132,96
2024-09-19 10:02:04.749,416.2729971057736,998
2024-09-19 10:02:04.859,416.17325578068807,1000
2024-09-19 10:02:04.872,416.1891483704633,997
2024-09-19 10:02:04.916,416.1764718761488,102
2024-09-19 10:02:04.971,416.2553569122058,997
2024-09-19 10:02:05.021,416.33127317575565,14
2024-09-19 10:02:05.059,416.3867631142712,1000
2024-09-19 10:02:05.080,416.3698354289241,1004
2024-09-19 10:02:05.143,416.3492924180089,11
2024-09-19 10:02:05.149,416.3727811148288,10
2024-09-19 10:02:05.173,,14
2024-09-19 10:02:05.197,416.3552905277748,997
2024-09-19 10:02:05.371,416.3802873848456,13
2024-09-19 10:02:05.395,416.37309476203706,99
2024-09-19 10:02:05.420,416.3291487516048,101
2024-09-19 10:02:05.451,416.3798333987749,14
2024-09-19 10:02:05.623,416.3641418517375,8
2024-09-19 10:02:05.654,416.39306498976026,8
2024-09-19 10:02:05.722,416.371795910923,10
2024-09-19 10:02:05.736,416.3971732013514,102
2024-09-19 10:02:05.742,416.3453686513112,14
2024-09-19 10:02:05.822,416.3447852075781,100
2024-09-19 10:02:05.852,-416.3968797599496,1005
2024-09-19 10:02:05.933,416.405308293489,999
2024-09-19 10:02:05.935,416.3617196103498,12
2024-09-19 10:02:05.939,416.3698652334044,998
2024-09-19 10:02:05.972,416.3951942824797,11
2024-09-19 10:02:06.000,416.4153822781813,102
2024-09-19 10:02:06.015,416.4086932888368,1000
2024-09-19 10:02:06.037,-416.4179663346036,102
2024-09-19 10:02:06.129,416.4115427982168,13
2024-09-19 10:02:06.416,416.43266565608553,12
2024-09-19 10:02:06.421,416.4132510881598,15
2024-09-19 10:02:06.437,416.4354473662684,996
2024-09-19 10:02:06.531,416.43845195111686,99
2024-09-19 10:02:06.833,416.4132792208988,105
2024-09-19 10:02:06.880,416.4149536879001,1000
2024-09-19 10:02:06.979,416.40967957563447,7
2024-09-19 10:02:07.083,416.4257467419325,8
2024-09-19 10:02:07.166,416.44086021590107,15
2024-09-19 10:02:07.224,416.44395602447776,998
2024-09-19 10:02:07.380,416.4438724097157,5
2024-09-19 10:02:07.423,416.4305123672023,9
2024-09-19 10:02:07.429,416.41625690742165,102
2024-09-19 10:02:07.440,416.4297993653296,7
2024-09-19 10:02:07.572,416.4370681767293,99
2024-09-19 10:02:07.633,416.4404061427858,7
2024-09-19 10:02:07.684,416.447426042758,8
2024-09-19 10:02:07.685,416.4244340713873,1002
2024-09-19 10:02:07.735,416.4312036138508,11
2024-09-19 10:02:07.758,416.4308442275443,995
2024-09-19 10:02:07.770,416.44053180112064,8
2024-09-19 10:02:07.784,416.42290886310735,95
2024-09-19 10:02:07.788,416.4235521224069,7
2024-09-19 10:02:07.805,416.4558006726904,105
2024-09-19 10:02:07.880,416.4298021734784,11
2024-09-19 10:02:07.976,416.42154528678975,14
2024-09-19 10:02:07.988,416.4290737268393,5
2024-09-19 10:02:08.127,416.4761265631255,996
2024-09-19 10:02:08.266,416.45058064310217,11
2024-09-19 10:02:08.457,416.4750664518727,5
2024-09-19 10:02:08.825,416.477490633985,9
2024-09-19 10:02:09.019,416.49670505282666,99
2024-09-19 10:02:09.029,416.4549099227896,15
2024-09-19 10:02:09.177,416.4373385217471,12
2024-09-19 10:02:09.190,416.4418134696201,5
2024-09-19 10:02:09.226,416.4303200963064,1002
2024-09-19 10:02:09.287,416.4400190561061,1005
2024-09-19 10:02:09.293,416.48647888451376,1000
2024-09-19 10:02:09.337,416.4721083740008,1005
2024-09-19 10:02:09.429,416.4953687595393,1002
2024-09-19 10:02:09.481,416.467171637339,7
2024-09-19 10:02:09.733,416.48904727284383,9
2024-09-19 10:02:09.764,416.5040550945885,998
2024-09-19 10:02:09.766,416.4881906074364,11
2024-09-19 10:02:10.243,416.4343918195405,102
2024-09-19 10:02:10.634,416.45498512621856,998
2024-09-19 10:02:10.727,416.4413083536108,1003
2024-09-19 10:02:10.949,416.4386885883032,998
2024-09-19 10:02:10.989,416.4560649500804,100
2024-09-19 10:02:12.101,416.4616129294958,998
2024-09-19 10:02:12.243,416.4656910279847,15
2024-09-19 10:02:12.258,416.4493382848696,1005
2024-09-19 10:02:12.361,416.4617636426085,15
2024-09-19 10:02:12.364,416.4467850161283,10
2024-09-19 10:02:12.384,416.4712669859604,99
2024-09-19 10:02:12.456,416.4587913161992,104
2024-09-19 10:02:12.491,416.4370039442948,102
2024-09-19 10:02:12.729,416.4713097780789,8
2024-09-19 10:02:12.755,416.44241455597904,1005
2024-09-19 10:02:12.802,,8
2024-09-19 10:02:12.812,416.4467763490029,13
2024-09-19 10:02:12.835,416.45641442206096,8
2024-09-19 10:02:12.936,416.4706475726731,1001
2024-09-19 10:02:12.996,416.4544776161064,14
2024-09-19 10:02:13.139,416.4220734052861,8
2024-09-19 10:02:13.231,416.4179039427294,100
2024-09-19 10:02:13.376,416.4265458934452,10
2024-09-19 10:02:13.564,416.4486591637868,1000
2024-09-19 10:02:13.999,416.44564866488383,8
2024-09-19 10:02:14.002,416.43026214422457,9
2024-09-19 10:02:14.237,416.4452936463673,1005
2024-09-19 10:02:14.258,416.4349134623085,13
2024-09-19 10:02:14.464,416.42477691201606,996
2024-09-19 10:02:14.472,416.4385780962575,995
2024-09-19 10:02:14.547,416.4043305776059,99
2024-09-19 10:02:14.557,,1002
2024-09-19 10:02:14.649,416.4123095131673,1000
2024-09-19 10:02:14.673,416.4157071658206,104
2024-09-19 10:02:14.763,416.42364033540514,5
2024-09-19 10:02:14.966,416.4163276991741,1001
2024-09-19 10:02:14.978,416.43163062230747,998
2024-09-19 10:02:15.247,416.3814754586848,998
2024-09-19 10:02:15.307,416.38399663600296,99
2024-09-19 10:02:15.498,416.4115603903599,1000
2024-09-19 10:02:15.576,416.3972447250184,14
2024-09-19 10:02:15.643,416.3683629421211,103
2024-09-19 10:02:15.723,416.3640586579748,995
2024-09-19 10:02:15.745,416.409934390538,101
2024-09-19 10:02:15.826,41.63818884040723,8
2024-09-19 10:02:15.833,41.63920654643627,103
2024-09-19 10:02:15.920,416.4080398300572,7
2024-09-19 10:02:15.976,41.6400486791664,13
2024-09-19 10:02:16.060,416.3830080404518,5
2024-09-19 10:02:16.110,416.3569546425415,1005
2024-09-19 10:02:16.396,416.3700190554773,1002
2024-09-19 10:02:16.417,416.3770580221343,1004
2024-09-19 10:02:16.516,416.36608057725016,10
2024-09-19 10:02:16.564,416.36642419667305,995
2024-09-19 10:02:16.631,416.3627855063632,95
2024-09-19 10:02:16.698,416.3787196941333,103
2024-09-19 10:02:16.771,416.3750443333318,1004
2024-09-19 10:02:16.808,416.37423504943774,105
2024-09-19 10:02:17.002,416.3970782663108,1005
2024-09-19 10:02:17.125,416.3792035464237,101
2024-09-19 10:02:17.243,416.34705327452576,10
2024-09-19 10:02:17.291,416.3630229685996,100
2024-09-19 10:02:17.338,416.393667912108,95
2024-09-19 10:02:17.375,416.3865963631788,1000
2024-09-19 10:02:17.430,416.38269081289445,9
2024-09-19 10:02:17.460,416.4003797312833,98
2024-09-19 10:02:17.490,416.4078712387927,104
2024-09-19 10:02:17.513,416.3708686477962,98
2024-09-19 10:02:17.626,416.3452398486744,8
2024-09-19 10:02:17.702,416.38325261110384,8
2024-09-19 10:02:17.713,416.37619253094334,1005
2024-09-19 10:02:17.759,416.38150003521054,14
2024-09-19 10:02:17.854,416.3744471667591,1003
2024-09-19 10:02:18.073,416.4002740237304,5
2024-09-19 10:02:18.082,416.4720048003791,14
2024-09-19 10:02:18.112,416.46718994088207,998
2024-09-19 10:02:18.153,416.4774437362071,7
2024-09-19 10:02:18.168,416.48818902195006,9
2024-09-19 10:02:18.242,416.4580231526585,997
2024-09-19 10:02:18.379,416.5085244872434,12
2024-09-19 10:02:18.460,416.4949079804625,12
2024-09-19 10:02:18.565,416.49484597394274,998
2024-09-19 10:02:18.575,416.4695383664012,14
2024-09-19 10:02:18.633,416.4446923193761,1000
2024-09-19 10:02:18.703,416.5065878993812,98
2024-09-19 10:02:18.713,416.433204941993,102
2024-09-19 10:02:18.716,416.39386873544527,99
2024-09-19 10:02:18.733,416.5124163863817,6
2024-09-19 10:02:18.814,416.48348340280495,12
2024-09-19 10:02:18.829,416.47246877020814,97
2024-09-19 10:02:18.924,416.495375792008,97
2024-09-19 10:02:18.925,416.4849869308218,1003
2024-09-19 10:02:18.965,416.4702566249359,8
2024-09-19 10:02:18.983,416.4972329132195,97
2024-09-19 10:02:19.151,416.5056621851164,95
2024-09-19 10:02:19.185,416.5185237718685,1002
2024-09-19 10:02:19.298,416.5247122679341,95
2024-09-19 10:02:19.459,416.5275876965477,14
2024-09-19 10:02:19.475,416.4898765678957,10
2024-09-19 10:02:19.500,416.5044775030058,14
2024-09-19 10:02:19.502,416.5090214019325,98
2024-09-19 10:02:19.538,416.51247541699496,1003
2024-09-19 10:02:19.715,416.5309724541413,9
2024-09-19 10:02:19.762,416.5254952477808,1001
2024-09-19 10:02:19.762,416.5254999658514,5
2024-09-19 10:02:19.980,,15
2024-09-19 10:02:19.997,416.5318254803393,995
2024-09-19 10:02:20.031,416.4979196518916,10
2024-09-19 10:02:20.036,416.5001309522417,99
2024-09-19 10:02:20.067,416.4852849951183,102
2024-09-19 10:02:20.092,416.5076487163164,1005
2024-09-19 10:02:20.107,416.508217093175,103
2024-09-19 10:02:20.244,416.5161904642673,8
2024-09-19 10:02:20.266,416.5067878891401,95
2024-09-19 10:02:20.293,416.51794096236574,997
2024-09-19 10:02:20.942,416.505322387515,104
2024-09-19 10:02:20.954,416.5041233177145,8
2024-09-19 10:02:21.366,416.528772195429,10
2024-09-19 10:02:21.539,416.5139590578328,1002
2024-09-19 10:02:21.913,416.5197835503422,1005
2024-09-19 10:02:21.960,416.5298904423899,6
2024-09-19 10:02:22.019,416.5544462299415,95
2024-09-19 10:02:22.085,416.5585221989592,10
2024-09-19 10:02:22.115,416.5519181273588,12
2024-09-19 10:02:22.137,416.5668194021628,96
2024-09-19 10:02:22.159,416.5618111614392,10
2024-09-19 10:02:22.195,416.5475994087219,13
2024-09-19 10:02:22.200,416.54820497040544,1000
2024-09-19 10:02:22.262,416.5559788863511,1000
2024-09-19 10:02:22.357,416.5311734072608,7
2024-09-19 10:02:22.379,416.5473178315744,998
2024-09-19 10:02:22.402,416.54906362573087,1002
2024-09-19 10:02:22.442,416.55778696226696,1005
2024-09-19 10:02:22.476,416.5636590913148,12
2024-09-19 10:02:22.584,416.5747390018158,999
2024-09-19 10:02:22.588,416.5283533472511,6
2024-09-19 10:02:22.600,416.5371217077558,998
2024-09-19 10:02:22.628,416.56164258499047,11
2024-09-19 10:02:22.665,416.558277318132,997
2024-09-19 10:02:22.749,416.5691587349128,104
2024-09-19 10:02:22.768,416.5526672658417,5
2024-09-19 10:02:22.799,416.5353171481784,5
2024-09-19 10:02:22.946,416.5469013819125,9
2024-09-19 10:02:22.949,416.5466492381199,9
2024-09-19 10:02:22.971,416.5582266162133,104
2024-09-19 10:02:22.981,416.5490426364338,14
2024-09-19 10:02:23.021,416.52160666804144,997
2024-09-19 10:02:23.036,416.5468732956409,9
2024-09-19 10:02:23.131,416.519524062137,5
2024-09-19 10:02:23.196,416.5602080424235,1000
2024-09-19 10:02:23.239,416.5611365541867,104
2024-09-19 10:02:23.242,416.5413376337542,101
2024-09-19 10:02:23.245,416.56449398920887,995
2024-09-19 10:02:23.266,416.5509453865717,999
2024-09-19 10:02:23.296,416.52314591214673,13
2024-09-19 10:02:23.315,416.5372307476101,95
2024-09-19 10:02:23.352,416.5495232271475,997
2024-09-19 10:02:23.423,416.5362480641601,98
2024-09-19 10:02:23.425,416.5530383432073,15
2024-09-19 10:02:23.443,416.5700495100669,8
2024-09-19 10:02:23.461,416.52087386686856,6
2024-09-19 10:02:23.661,416.53949596941214,100
2024-09-19 10:02:23.670,416.5514955356773,102
2024-09-19 10:02:23.788,416.5379426605893,103
2024-09-19 10:02:23.799,416.5525739083973,8
2024-09-19 10:02:23.838,416.5301976330129,101
2024-09-19 10:02:23.890,416.55805791522073,15
2024-09-19 10:02:23.891,416.57120555907113,105
2024-09-19 10:02:23.896,416.5487317344712,14
2024-09-19 10:02:23.918,416.5312022669402,996
2024-09-19 10:02:24.036,416.6402507581749,13
2024-09-19 10:02:24.045,416.6134479936391,5
2024-09-19 10:02:24.118,416.59959872544414,1002
2024-09-19 10:02:24.174,416.6387532236572,101
2024-09-19 10:02:24.218,416.6467259051274,12
2024-09-19 10:02:24.224,416.6224605953827,101
2024-09-19 10:02:24.246,416.5792790917152,14
2024-09-19 10:02:24.250,416.56951436035314,14
2024-09-19 10:02:24.285,416.5710425573324,15
2024-09-19 10:02:24.285,416.5535299405618,96
2024-09-19 10:02:24.287,416.5673389254927,7
2024-09-19 10:02:24.365,416.5730492248657,104
2024-09-19 10:02:24.412,416.6111676137445,104
2024-09-19 10:02:24.490,416.6373337082575,1000
2024-09-19 10:02:24.609,416.5841320753848,1001
2024-09-19 10:02:24.655,416.6350491641143,97
2024-09-19 10:02:24.739,416.6222681218112,995
2024-09-19 10:02:24.744,416.6236376276059,996
2024-09-19 10:02:24.766,416.6278967573992,102
2024-09-19 10:02:24.783,416.5596701587356,1004
2024-09-19 10:02:24.845,416.5707661946426,105
2024-09-19 10:02:24.939,416.5647056228896,995
2024-09-19 10:02:24.966,416.6045136528036,7
2024-09-19 10:02:24.981,416.6255252405968,8
2024-09-19 10:02:25.111,416.64374045611424,103
2024-09-19 10:02:25.177,416.64689988718703,99
2024-09-19 10:02:25.293,416.63149769410495,997
2024-09-19 10:02:25.554,416.6375662258191,14
2024-09-19 10:02:25.624,416.62646876756617,95
2024-09-19 10:02:25.785,416.6501323326007,1005
2024-09-19 10:02:25.786,416.6398853348989,9
2024-09-19 10:02:25.802,416.6422417933566,1003
2024-09-19 10:02:25.922,416.6479580191434,5
2024-09-19 10:02:26.000,416.6051375634895,97
2024-09-19 10:02:26.016,416.6064557201142,103
2024-09-19 10:02:26.023,416.62192073416907,1003
2024-09-19 10:02:26.043,416.6193626276077,95
2024-09-19 10:02:26.112,416.5872997636109,13
2024-09-19 10:02:26.186,416.6072687054706,13
2024-09-19 10:02:26.198,416.5940277745194,6
2024-09-19 10:02:26.200,416.6259195362495,105
2024-09-19 10:02:26.209,416.6024325177217,14
2024-09-19 10:02:26.232,416.58080000662665,12
2024-09-19 10:02:26.282,416.59827541031785,1003
2024-09-19 10:02:26.366,416.58181644184185,97
2024-09-19 10:02:26.371,416.5865597473557,100
2024-09-19 10:02:26.471,416.5795540774032,96
2024-09-19 10:02:26.616,416.6080631279452,13
2024-09-19 10:02:26.644,416.6103800566893,8
2024-09-19 10:02:26.644,416.61146636672913,1003
2024-09-19 10:02:26.662,416.6185284210242,7
2024-09-19 10:02:26.778,416.5906863330106,995
2024-09-19 10:02:26.785,416.6202804825662,5
2024-09-19 10:02:27.005,416.645585603222,7
2024-09-19 10:02:27.011,416.5880279900619,96
2024-09-19 10:02:27.032,416.6184880580397,1000
2024-09-19 10:02:27.074,416.5813859291936,998
2024-09-19 10:02:27.076,416.63165029469246,101
2024-09-19 10:02:27.165,416.5873925904344,997
2024-09-19 10:02:27.186,416.5552325234571,1001
2024-09-19 10:02:27.216,416.6607085830829,1004
2024-09-19 10:02:27.305,416.57155703541184,999
2024-09-19 10:02:27.407,416.64803357282415,1001
2024-09-19 10:02:27.507,416.61316683971313,105
2024-09-19 10:02:27.510,416.5949706565326,101
2024-09-19 10:02:27.525,416.6673817755344,99
2024-09-19 10:02:27.553,416.6024665402684,999
2024-09-19 10:02:27.586,416.6493054162725,97
2024-09-19 10:02:27.592,416.55466331424265,12
2024-09-19 10:02:27.684,416.6240675355622,1000
2024-09-19 10:02:27.705,416.6286844092023,1000
2024-09-19 10:02:27.801,416.58166073533096,12
2024-09-19 10:02:27.854,416.6337770233529,996
2024-09-19 10:02:27.865,416.6497969068416,10
2024-09-19 10:02:27.883,416.6389230559534,996
2024-09-19 10:02:27.944,416.6333375655607,10
2024-09-19 10:02:27.997,416.59181478733046,998
2024-09-19 10:02:28.014,416.54402156969024,10
2024-09-19 10:02:28.037,416.5699867438548,100
2024-09-19 10:02:28.095,416.572358034638,1003
2024-09-19 10:02:28.099,41.65359151638359,1003
2024-09-19 10:02:28.137,416.527558118922,101
2024-09-19 10:02:28.167,416.5721987739186,6
2024-09-19 10:02:28.209,416.5742780284243,103
2024-09-19 10:02:28.279,416.5293605342761,102
2024-09-19 10:02:28.297,416.52833303938417,10
2024-09-19 10:02:28.366,416.5056840211468,104
2024-09-19 10:02:28.371,416.5334112317207,8
2024-09-19 10:02:28.377,416.5438206080614,12
2024-09-19 10:02:28.497,416.5692888132277,997
2024-09-19 10:02:28.498,416.5534291619113,99
2024-09-19 10:02:28.522,416.5020588873832,97
2024-09-19 10:02:28.530,416.5128246253064,14
2024-09-19 10:02:28.607,,995
2024-09-19 10:02:28.660,416.5596839489259,997
2024-09-19 10:02:28.774,416.5473794567032,101
2024-09-19 10:02:28.828,416.54588489201353,15
2024-09-19 10:02:28.883,416.491530856753,996
2024-09-19 10:02:28.893,416.5653378250479,98
2024-09-19 10:02:28.934,416.545368453152,14
2024-09-19 10:02:28.947,416.5632642968626,996
2024-09-19 10:02:28.962,416.5646104022279,98
2024-09-19 10:02:29.055,416.56026485244297,995
2024-09-19 10:02:29.105,416.55346542453947,10
2024-09-19 10:02:29.118,416.558123179961,10
2024-09-19 10:02:29.184,416.5580090314424,101
2024-09-19 10:02:29.265,416.5311351990656,8
2024-09-19 10:02:29.274,416.55448610743207,7
2024-09-19 10:02:29.586,416.5202161865016,6
2024-09-19 10:02:29.605,416.5403078583677,1005
2024-09-19 10:02:29.615,416.5523449660813,999
2024-09-19 10:02:29.626,-416.5461482539099,1001
2024-09-19 10:02:29.684,416.53385107300966,103
2024-09-19 10:02:29.832,416.54836307943305,95
2024-09-19 10:02:29.855,416.5401623804374,1004
2024-09-19 10:02:29.910,416.530928301737,1003
2024-09-19 10:02:30.045,416.5466626256623,995
2024-09-19 10:02:30.092,416.5486351134376,1001
2024-09-19 10:02:30.215,416.5415656605385,1000
2024-09-19 10:02:30.308,416.5570646321559,999
2024-09-19 10:02:30.635,416.5380171093789,13
2024-09-19 10:02:30.687,416.5451876427112,98
2024-09-19 10:02:31.058,416.5000096086558,104
2024-09-19 10:02:31.067,416.490640184476,8
2024-09-19 10:02:31.086,416.4826171234828,8
2024-09-19 10:02:31.099,416.5153506388743,10
2024-09-19 10:02:31.131,416.4769542589576,10
2024-09-19 10:02:31.131,416.4885055461498,10
2024-09-19 10:02:31.157,416.4819514326377,100
2024-09-19 10:02:31.212,416.4718684706607,96
2024-09-19 10:02:31.265,416.52571732939145,8
2024-09-19 10:02:31.286,416.55798631197337,99
2024-09-19 10:02:31.324,416.4602762200506,10
2024-09-19 10:02:31.329,416.4634545089881,8
2024-09-19 10:02:31.335,416.46017145260686,98
2024-09-19 10:02:31.357,416.5493122991488,96
2024-09-19 10:02:31.438,416.5088576113871,97
2024-09-19 10:02:31.490,416.46485869297294,1001
2024-09-19 10:02:31.505,416.4834805644383,105
2024-09-19 10:02:31.511,416.4488366874786,996
2024-09-19 10:02:31.533,416.5216958808986,8
2024-09-19 10:02:31.587,416.5103389151629,996
2024-09-19 10:02:31.613,416.5093364041683,7
2024-09-19 10:02:31.634,416.55883874419777,996
2024-09-19 10:02:31.650,416.5476886078788,101
2024-09-19 10:02:31.668,416.47730899726247,999
2024-09-19 10:02:31.769,416.5574153437845,1005
2024-09-19 10:02:31.772,416.4761585143594,7
2024-09-19 10:02:31.891,416.5661922671192,1004
2024-09-19 10:02:31.904,416.4523393484925,1002
2024-09-19 10:02:31.953,416.5453462736017,8
2024-09-19 10:02:31.990,416.56066685526383,8
2024-09-19 10:02:32.538,416.5144623900322,1002
2024-09-19 10:02:32.604,416.5393754971319,96
2024-09-19 10:02:33.002,416.576379817267,99
2024-09-19 10:02:33.052,416.53483112124974,998
2024-09-19 10:02:33.232,416.56712772502885,105
2024-09-19 10:02:33.358,416.5297453365352,103
2024-09-19 10:02:33.630,416.5331315689903,103
2024-09-19 10:02:33.746,416.5881255507383,105
2024-09-19 10:02:33.849,416.54801484165375,8
2024-09-19 10:02:33.957,416.531104433,1002
2024-09-19 10:02:33.984,,999
2024-09-19 10:02:33.997,416.5258746061283,104
2024-09-19 10:02:34.018,416.5950520294909,12
2024-09-19 10:02:34.204,416.5595591134826,996
2024-09-19 10:02:34.537,416.5798294476261,1002
2024-09-19 10:02:34.753,416.5756986112374,96
2024-09-19 10:02:34.805,416.5771395010941,1002
2024-09-19 10:02:34.865,416.5998101888495,997
2024-09-19 10:02:34.924,416.6059534699194,97
2024-09-19 10:02:34.957,416.6123568486911,1002
2024-09-19 10:02:35.090,416.51061052235787,98
2024-09-19 10:02:35.171,416.5691959692907,98
2024-09-19 10:02:35.281,416.520255987294,10
2024-09-19 10:02:35.326,416.5216149572384,14
2024-09-19 10:02:35.601,416.5155710783778,96
2024-09-19 10:02:35.624,416.5528286848088,104
2024-09-19 10:02:35.651,416.5213296291104,1005
2024-09-19 10:02:35.708,416.5651299555084,96
2024-09-19 10:02:35.934,416.5364341743231,997
2024-09-19 10:02:36.021,416.544060590495,102
2024-09-19 10:02:36.050,416.5032642058753,6
2024-09-19 10:02:36.057,416.5063342701976,1000
2024-09-19 10:02:36.247,416.48713832004654,14
2024-09-19 10:02:36.289,416.4906306548919,996
2024-09-19 10:02:36.301,416.5022762416637,100
2024-09-19 10:02:36.351,416.51480666584575,7
2024-09-19 10:02:36.378,416.5216021480205,96
2024-09-19 10:02:36.422,416.5159350752128,1003
2024-09-19 10:02:36.455,416.481887634034,1003
2024-09-19 10:02:36.476,416.5065019089989,96
2024-09-19 10:02:36.493,416.54247127624944,9
2024-09-19 10:02:36.540,416.5052283320566,5
2024-09-19 10:02:36.553,416.5178486563202,100
2024-09-19 10:02:36.599,416.51320828187,9
2024-09-19 10:02:36.604,416.53901111006087,1005
2024-09-19 10:02:36.697,416.51052713405,997
2024-09-19 10:02:36.700,416.51359577134514,100
2024-09-19 10:02:36.750,416.4803996059151,104
2024-09-19 10:02:36.769,416.5262240166061,996
2024-09-19 10:02:36.912,416.5225243505722,997
2024-09-19 10:02:36.922,,97
2024-09-19 10:02:37.159,416.4868267734342,95
2024-09-19 10:02:37.386,416.4768237964324,1004
2024-09-19 10:02:37.766,416.4968407700009,100
2024-09-19 10:02:38.064,416.5658894163786,9
2024-09-19 10:02:38.085,416.5860919432552,101
2024-09-19 10:02:38.194,416.4916612135914,103
2024-09-19 10:02:38.196,416.5012439546417,97
2024-09-19 10:02:38.202,416.5094153280189,99
2024-09-19 10:02:38.248,416.5051958968099,12
2024-09-19 10:02:38.303,416.49322754928863,104
2024-09-19 10:02:38.313,416.487710449332,11
2024-09-19 10:02:38.406,416.551372123603,105
2024-09-19 10:02:38.441,416.4952911753197,10
2024-09-19 10:02:38.446,416.5050553018537,13
2024-09-19 10:02:38.477,416.4957086366318,1002
2024-09-19 10:02:38.497,416.5395243008968,996
2024-09-19 10:02:38.554,416.50939496334223,97
2024-09-19 10:02:38.603,416.5172156229298,9
2024-09-19 10:02:38.710,416.5627496009651,7
2024-09-19 10:02:38.711,416.4794449241149,11
2024-09-19 10:02:38.727,,1000
2024-09-19 10:02:38.741,416.5073354447224,100
2024-09-19 10:02:38.766,416.5067947388001,1003
2024-09-19 10:02:38.777,416.5034886948932,1005
2024-09-19 10:02:38.790,416.5328109937925,6
2024-09-19 10:02:38.797,416.50869190176354,5
2024-09-19 10:02:38.827,416.496936262473,1005
2024-09-19 10:02:38.847,416.5231073276723,8
2024-09-19 10:02:38.857,416.5069331364434,102
2024-09-19 10:02:38.894,416.507939360074,97
2024-09-19 10:02:38.897,416.479791289362,995
2024-09-19 10:02:38.984,416.50111837468825,998
2024-09-19 10:02:39.080,416.5990631741234,7
2024-09-19 10:02:39.089,416.6964687262951,1002
2024-09-19 10:02:39.099,416.6894730794914,10
2024-09-19 10:02:39.111,,9
2024-09-19 10:02:39.171,416.7107960275201,7
2024-09-19 10:02:39.173,416.7192005915877,1002
2024-09-19 10:02:39.217,416.6949122238378,105
2024-09-19 10:02:39.222,416.6856846793645,998
2024-09-19 10:02:39.233,416.6918704018595,6
2024-09-19 10:02:39.308,416.6989157917564,999
2024-09-19 10:02:39.317,416.7073811509698,1004
2024-09-19 10:02:39.323,416.7038958552988,1000
2024-09-19 10:02:39.324,416.6065175484397,997
2024-09-19 10:02:39.367,416.6219549030732,15
2024-09-19 10:02:39.371,416.7030612703959,15
2024-09-19 10:02:39.373,416.69271952560587,1001
2024-09-19 10:02:39.442,416.63169303294575,98
2024-09-19 10:02:39.506,416.7044043239629,1005
2024-09-19 10:02:39.539,416.6893215123943,7
2024-09-19 10:02:39.568,416.677992822963,995
2024-09-19 10:02:39.586,,101
2024-09-19 10:02:39.778,416.70600039694943,10
2024-09-19 10:02:39.820,416.6655431106012,104
2024-09-19 10:02:39.826,416.71661494427246,996
2024-09-19 10:02:39.861,416.5900352186589,9
2024-09-19 10:02:39.981,416.6010060109011,1005
2024-09-19 10:02:40.040,416.66795128425366,96
2024-09-19 10:02:40.055,416.6614393137112,12
2024-09-19 10:02:40.074,416.6487541213491,99
2024-09-19 10:02:40.164,416.6871730011615,105
2024-09-19 10:02:40.205,416.7055895397817,1002
2024-09-19 10:02:40.208,416.6524554141158,15
2024-09-19 10:02:40.292,416.7107559038377,10
2024-09-19 10:02:40.293,416.6686784298474,102
2024-09-19 10:02:40.307,416.6788081668951,9
2024-09-19 10:02:40.320,416.68099638099807,6
2024-09-19 10:02:40.324,41.671130864074655,13
2024-09-19 10:02:40.404,416.6630937084124,98
2024-09-19 10:02:40.460,416.66629145434376,1005
2024-09-19 10:02:40.526,416.6689620423329,95
2024-09-19 10:02:40.580,416.6911521491799,12
2024-09-19 10:02:40.583,416.71096105455854,95
2024-09-19 10:02:40.607,416.6633944796544,11
2024-09-19 10:02:40.629,416.634521307173,97
2024-09-19 10:02:40.716,416.71236532916487,100
2024-09-19 10:02:40.758,416.6701925450333,12
2024-09-19 10:02:40.828,416.6570927248951,1000
2024-09-19 10:02:40.942,416.6667159308341,1003
2024-09-19 10:02:40.968,416.6926659086199,99
2024-09-19 10:02:41.039,416.72260341038174,1001
2024-09-19 10:02:41.051,416.72325822495947,12
2024-09-19 10:02:41.093,416.6886757429945,100
2024-09-19 10:02:41.134,416.6875711431256,998
2024-09-19 10:02:41.212,416.71504526323287,7
2024-09-19 10:02:41.249,416.7315117556059,98
2024-09-19 10:02:41.306,416.716602527126,105
2024-09-19 10:02:41.325,416.7494445432759,104
2024-09-19 10:02:41.326,416.6823794562776,10
2024-09-19 10:02:41.404,416.71193920955153,99
2024-09-19 10:02:41.446,416.6837394455743,105
2024-09-19 10:02:41.495,416.6795541921752,1003
2024-09-19 10:02:41.496,416.72266194776944,7
2024-09-19 10:02:41.515,416.72291056328544,105
2024-09-19 10:02:41.537,416.6872477902722,102
2024-09-19 10:02:41.601,416.7163721294406,96
2024-09-19 10:02:41.718,416.6906115383349,997
2024-09-19 10:02:41.758,416.7059476219114,995
2024-09-19 10:02:41.790,416.7162882032933,6
2024-09-19 10:02:41.807,416.73048014267954,13
2024-09-19 10:02:41.809,416.7057290600684,97
2024-09-19 10:02:42.029,416.6159835450202,101
2024-09-19 10:02:42.147,416.72617364026553,1005
2024-09-19 10:02:42.147,416.770581454241,15
2024-09-19 10:02:42.151,416.6985196554913,13
2024-09-19 10:02:42.286,,1004
2024-09-19 10:02:42.310,416.77236521842656,11
2024-09-19 10:02:42.316,416.64329358530176,8
2024-09-19 10:02:42.341,416.6404710641138,101
2024-09-19 10:02:42.346,416.7861731268735,100
2024-09-19 10:02:42.395,416.73867006452434,8
2024-09-19 10:02:42.424,416.6418004312274,8
2024-09-19 10:02:42.457,416.6097005933949,5
2024-09-19 10:02:42.508,416.75835972274194,11
2024-09-19 10:02:42.575,416.6173340182312,999
2024-09-19 10:02:42.642,416.66506871301016,104
2024-09-19 10:02:42.647,416.7009509641026,101
2024-09-19 10:02:42.666,416.767179391947,6
2024-09-19 10:02:42.833,416.6834245247885,101
2024-09-19 10:02:42.835,416.6178034071388,12
2024-09-19 10:02:42.898,416.7482642285768,98
2024-09-19 10:02:42.900,416.6169216924621,103
2024-09-19 10:02:42.927,416.7612091390376,999
2024-09-19 10:02:42.942,416.69383814315023,15
2024-09-19 10:02:42.949,416.7720656794652,96
2024-09-19 10:02:43.007,416.62239717113806,1000
2024-09-19 10:02:43.013,416.601043108912,102
2024-09-19 10:02:43.064,416.61351697161126,8
2024-09-19 10:02:43.077,416.6386467708812,11
2024-09-19 10:02:43.097,416.6032457848747,1001
2024-09-19 10:02:43.127,416.6032077077787,105
2024-09-19 10:02:43.272,416.6105132743153,1001
2024-09-19 10:02:43.311,416.63784450833606,105
2024-09-19 10:02:43.321,41.65999564975548,6
2024-09-19 10:02:43.454,416.6174026685815,999
2024-09-19 10:02:43.476,416.5960398753525,99
2024-09-19 10:02:43.494,416.62542539800063,100
2024-09-19 10:02:43.745,416.5900860863343,15
2024-09-19 10:02:43.755,416.6007776689732,95
2024-09-19 10:02:43.796,416.5970478102519,999
2024-09-19 10:02:43.813,416.6061057480886,15
2024-09-19 10:02:43.827,416.5990270233008,13
2024-09-19 10:02:43.887,416.63237882940456,104
2024-09-19 10:02:43.965,416.6305174925939,1000
2024-09-19 10:02:44.136,416.6256781384607,1001
2024-09-19 10:02:44.139,416.6654991504985,98
2024-09-19 10:02:44.201,416.60051669233707,1003
2024-09-19 10:02:44.245,416.6093284735872,99
2024-09-19 10:02:44.321,416.6336612796118,105
2024-09-19 10:02:44.324,416.6823923828951,998
2024-09-19 10:02:44.344,416.65027364488384,5
2024-09-19 10:02:44.345,416.6730085018344,14
2024-09-19 10:02:44.430,416.6128149377264,95
2024-09-19 10:02:44.467,416.672101178746,96
2024-09-19 10:02:44.484,416.6770473456724,1004
2024-09-19 10:02:44.500,416.6029217445207,7
2024-09-19 10:02:44.515,416.6192965803146,96
2024-09-19 10:02:44.518,416.6779083069036,7
2024-09-19 10:02:44.586,416.6800611947369,105
2024-09-19 10:02:44.613,416.6125174769921,1003
2024-09-19 10:02:44.637,416.6937764856306,995
2024-09-19 10:02:44.676,416.62741197827296,99
2024-09-19 10:02:44.810,416.6319173375847,8
2024-09-19 10:02:44.863,416.6393667950612,96
2024-09-19 10:02:44.883,416.631613558596,97
2024-09-19 10:02:44.921,416.6788541637376,8
2024-09-19 10:02:44.927,416.6718202130063,7
2024-09-19 10:02:44.945,416.67540379980704,1000
2024-09-19 10:02:44.964,416.67261767370127,8
2024-09-19 10:02:45.021,416.71068704043176,13
2024-09-19 10:02:45.119,416.6715634385546,96
2024-09-19 10:02:45.148,416.7063942176253,995
2024-09-19 10:02:45.154,416.6677246828485,14
2024-09-19 10:02:45.254,416.6761327716006,1003
2024-09-19 10:02:45.404,416.7034156108786,999
2024-09-19 10:02:45.480,416.7138002573727,7
2024-09-19 10:02:45.501,416.7146222589127,998
2024-09-19 10:02:45.659,416.6764900475758,1001
2024-09-19 10:02:45.706,416.6542492094063,1001
2024-09-19 10:02:45.722,416.674390192769,13
2024-09-19 10:02:45.744,416.6464029473756,101
2024-09-19 10:02:45.823,416.6926923304803,101
2024-09-19 10:02:45.836,416.676902774296,995
2024-09-19 10:02:45.861,416.7219535780206,9
2024-09-19 10:02:45.966,416.6526688023674,1001
2024-09-19 10:02:45.975,416.6512210362483,999
2024-09-19 10:02:46.041,416.62520930114914,6
2024-09-19 10:02:46.066,416.6508159951272,7
2024-09-19 10:02:46.083,416.6526838597173,1001
2024-09-19 10:02:46.083,416.6071356170393,102
2024-09-19 10:02:46.137,416.641034904686,102
2024-09-19 10:02:46.144,416.6604802826215,14
2024-09-19 10:02:46.161,416.6010064519144,12
2024-09-19 10:02:46.219,416.60453001415794,97
2024-09-19 10:02:46.265,416.62908826847934,999
2024-09-19 10:02:46.281,416.6250357140932,8
2024-09-19 10:02:46.304,416.6575041875812,8
2024-09-19 10:02:46.312,416.6742668115167,97
2024-09-19 10:02:46.317,416.6513688705688,103
2024-09-19 10:02:46.417,416.6330066286385,98
2024-09-19 10:02:46.443,416.6469502828614,100
2024-09-19 10:02:46.501,416.60216439271,95
2024-09-19 10:02:46.512,416.6357251479682,999
2024-09-19 10:02:46.537,416.6498977544767,14
2024-09-19 10:02:46.558,416.6545675480807,995
2024-09-19 10:02:46.622,416.62387070947096,5
2024-09-19 10:02:46.660,416.7069536710973,996
2024-09-19 10:02:46.730,416.6103085426712,996
2024-09-19 10:02:46.769,416.6206955507535,998
2024-09-19 10:02:46.815,416.6237534731905,995
2024-09-19 10:02:46.820,416.6493439008026,1003
2024-09-19 10:02:46.909,416.6244074989081,1004
2024-09-19 10:02:46.976,416.6250128610925,5
2024-09-19 10:02:46.977,416.615793027112,98
2024-09-19 10:02:47.000,416.7059100409806,996
2024-09-19 10:02:47.164,416.69950786962687,100
2024-09-19 10:02:47.238,416.7037171225726,95
2024-09-19 10:02:47.384,416.7156023434415,1004
2024-09-19 10:02:47.531,416.70820258230265,1004
2024-09-19 10:02:47.672,416.7097919795615,103
2024-09-19 10:02:47.714,416.6964149850604,102
2024-09-19 10:02:47.724,416.72180494052674,7
2024-09-19 10:02:47.766,416.6806083060045,104
2024-09-19 10:02:47.767,416.71460167087554,1005
2024-09-19 10:02:47.834,416.7066679746808,14
2024-09-19 10:02:47.841,416.7025968412513,15
2024-09-19 10:02:47.994,416.71024081587535,104
2024-09-19 10:02:48.045,416.7242594919488,10
2024-09-19 10:02:48.386,416.7499053461164,997
2024-09-19 10:02:48.458,416.7572177069648,97
2024-09-19 10:02:48.646,416.7253643495752,104
2024-09-19 10:02:48.736,416.7365787947936,7
2024-09-19 10:02:48.782,416.73689629388815,101
2024-09-19 10:02:48.890,416.7397288270116,1003
2024-09-19 10:02:48.926,416.75281933844354,998
2024-09-19 10:02:49.012,416.63321589958576,96
2024-09-19 10:02:49.037,416.6446338399016,1005
2024-09-19 10:02:49.083,416.687894311003,101
2024-09-19 10:02:49.143,416.7572506825365,1002
2024-09-19 10:02:49.151,416.71821732239925,12
2024-09-19 10:02:49.166,416.68933691313896,1002
2024-09-19 10:02:49.168,416.70327642725607,996
2024-09-19 10:02:49.198,416.7618708257575,5
2024-09-19 10:02:49.279,,101
2024-09-19 10:02:49.286,416.7196708650407,14
2024-09-19 10:02:49.340,416.7145608484942,999
2024-09-19 10:02:49.345,416.7604871555147,9
2024-09-19 10:02:49.368,416.7618494253579,995
2024-09-19 10:02:49.442,416.7374423083009,101
2024-09-19 10:02:49.470,416.6894838872113,996
2024-09-19 10:02:49.520,416.7338863241406,7
2024-09-19 10:02:49.562,416.70394947229255,997
2024-09-19 10:02:49.563,416.7036058915654,7
2024-09-19 10:02:49.706,416.65798883761926,13
2024-09-19 10:02:49.774,416.6841700751321,12
2024-09-19 10:02:49.776,416.76252740526286,103
2024-09-19 10:02:49.885,416.7104133232408,1005
2024-09-19 10:02:49.889,416.6968676503816,95
2024-09-19 10:02:49.903,416.72816258745576,103
2024-09-19 10:02:49.993,416.7049460671193,95
2024-09-19 10:02:50.041,416.6160805708065,995
2024-09-19 10:02:50.103,416.63642736233874,1005
2024-09-19 10:02:50.108,416.604882572601,7
2024-09-19 10:02:50.113,416.65785157929673,1005
2024-09-19 10:02:50.234,,1000
2024-09-19 10:02:50.300,416.5803693891372,5
2024-09-19 10:02:50.307,416.6557007078576,101
2024-09-19 10:02:50.331,416.6325743426053,997
2024-09-19 10:02:50.363,416.5913255693928,11
2024-09-19 10:02:50.392,416.6195235993117,12
2024-09-19 10:02:50.428,416.6160603617652,997
2024-09-19 10:02:50.448,416.63310321706666,1005
2024-09-19 10:02:50.494,416.693040572402,999
2024-09-19 10:02:50.501,416.6307533051537,96
2024-09-19 10:02:50.518,416.6511279952719,998
2024-09-19 10:02:50.628,416.5864942659844,1005
2024-09-19 10:02:50.670,416.5951342704284,98
2024-09-19 10:02:50.791,416.6550397259252,99
2024-09-19 10:02:50.808,416.56077522903706,1000
2024-09-19 10:02:50.843,416.6741377357466,13
2024-09-19 10:02:50.890,416.5902035352587,13
2024-09-19 10:02:50.895,416.6340141859169,996
2024-09-19 10:02:50.904,416.64738282382825,97
2024-09-19 10:02:50.961,416.6233359443812,1004
2024-09-19 10:02:50.964,416.55996016745047,10
2024-09-19 10:02:51.046,416.6459970961345,12
2024-09-19 10:02:51.104,416.63199989410987,97
2024-09-19 10:02:51.108,416.64294747828495,1005
2024-09-19 10:02:51.230,416.6796787638543,99
2024-09-19 10:02:51.234,416.6321373691556,13
2024-09-19 10:02:51.293,416.6259764111291,997
2024-09-19 10:02:51.302,416.634799042828,97
2024-09-19 10:02:51.321,416.639839417307,96
2024-09-19 10:02:51.321,416.6879696517864,1005
2024-09-19 10:02:51.337,416.71594829468535,5
2024-09-19 10:02:51.385,41.67125013975591,999
2024-09-19 10:02:51.404,416.7224101568715,995
2024-09-19 10:02:51.450,416.6370721189485,995
2024-09-19 10:02:51.492,416.6615892475325,998
2024-09-19 10:02:51.503,416.6769131630135,998
2024-09-19 10:02:51.549,-416.68905285981975,13
2024-09-19 10:02:51.578,416.738775502332,996
2024-09-19 10:02:51.588,416.6943403837017,99
2024-09-19 10:02:51.648,416.6628295228476,1001
2024-09-19 10:02:51.658,416.6404335405604,12
2024-09-19 10:02:51.713,416.693536386955,999
2024-09-19 10:02:51.733,416.6396850011889,13
2024-09-19 10:02:51.737,416.6986069097413,105
2024-09-19 10:02:51.757,416.6509468433444,11
2024-09-19 10:02:51.768,41.66349052385232,1001
2024-09-19 10:02:51.818,416.6502376261875,104
2024-09-19 10:02:51.874,416.70113128912806,1005
2024-09-19 10:02:51.927,416.674058342072,6
2024-09-19 10:02:51.947,416.681364982931,15
2024-09-19 10:02:52.025,416.6728238993395,101
2024-09-19 10:02:52.093,416.6385661243642,105
2024-09-19 10:02:52.182,416.6539527153562,99
2024-09-19 10:02:52.222,416.6575602117479,96
2024-09-19 10:02:52.226,416.62870259866327,1004
2024-09-19 10:02:52.242,416.71421289984784,7
2024-09-19 10:02:52.262,416.6311981925129,103
2024-09-19 10:02:52.280,416.640961400152,96
2024-09-19 10:02:52.340,416.7076159532591,7
2024-09-19 10:02:52.430,416.663469132078,998
2024-09-19 10:02:52.447,416.7039411519504,102
2024-09-19 10:02:52.482,416.6372157863504,96
2024-09-19 10:02:52.627,416.6058828444761,102
2024-09-19 10:02:52.722,416.69456485680894,1000
2024-09-19 10:02:52.816,416.6293197034557,102
2024-09-19 10:02:52.856,416.6577957595224,7
2024-09-19 10:02:52.882,416.6867306229061,5
2024-09-19 10:02:52.905,416.69178773017023,7
2024-09-19 10:02:52.960,416.6555084683426,1004
2024-09-19 10:02:53.076,416.6381343751826,1005
2024-09-19 10:02:53.141,416.67297482878666,10
2024-09-19 10:02:53.167,416.6461268536914,100
2024-09-19 10:02:53.175,416.6787003593885,15
2024-09-19 10:02:53.202,416.6661990830471,14
2024-09-19 10:02:53.231,416.6795978304571,12
2024-09-19 10:02:53.279,416.68119585882766,101
2024-09-19 10:02:53.488,416.6745124774464,1004
2024-09-19 10:02:53.492,416.6582152541583,1005
2024-09-19 10:02:53.532,416.6625455196561,103
2024-09-19 10:02:53.592,416.61881982425257,97
2024-09-19 10:02:53.627,416.638093274514,995
2024-09-19 10:02:53.636,416.6397325961332,998
2024-09-19 10:02:53.790,416.6860695620453,1003
2024-09-19 10:02:53.888,416.64856461404617,1002
2024-09-19 10:02:54.021,416.73327354954887,1005
2024-09-19 10:02:54.119,416.71089480255125,103
2024-09-19 10:02:54.190,416.7514031932233,99
2024-09-19 10:02:54.210,416.79152735462446,1001
2024-09-19 10:02:54.221,416.7334808577856,103
2024-09-19 10:02:54.253,416.7903844435298,105
2024-09-19 10:02:54.300,,1004
2024-09-19 10:02:54.333,416.7609225869709,102
2024-09-19 10:02:54.337,416.7275854317595,998
2024-09-19 10:02:54.351,416.7617705947838,997
2024-09-19 10:02:54.370,416.7540148271213,105
2024-09-19 10:02:54.371,416.7571248830094,6
2024-09-19 10:02:54.440,416.7876556059183,999
2024-09-19 10:02:54.597,416.7403272701136,1002
2024-09-19 10:02:54.598,416.7474987280925,14
2024-09-19 10:02:54.605,416.7443716010319,103
2024-09-19 10:02:54.642,416.7543231498015,104
2024-09-19 10:02:54.689,416.7704380388423,12
2024-09-19 10:02:54.711,416.7346151536476,10
2024-09-19 10:02:54.771,416.7809364433572,998
2024-09-19 10:02:54.815,416.7298625616608,1001
2024-09-19 10:02:54.869,416.77108080977854,996
2024-09-19 10:02:54.876,416.77730045200246,6
2024-09-19 10:02:54.885,416.75083240605727,100
2024-09-19 10:02:54.887,416.7379105156618,100
2024-09-19 10:02:55.672,416.7849787157583,11
2024-09-19 10:02:56.048,416.7049066037394,95
2024-09-19 10:02:56.086,416.75909938147134,1000
2024-09-19 10:02:56.098,416.7741928089133,15
2024-09-19 10:02:56.130,416.75832710663343,97
2024-09-19 10:02:56.139,416.7598841568121,1001
2024-09-19 10:02:56.198,416.7592730263656,999
2024-09-19 10:02:56.208,416.7397664218058,1003
2024-09-19 10:02:56.221,416.74704625963824,103
2024-09-19 10:02:56.224,416.77457530144267,1002
2024-09-19 10:02:56.261,416.6999673786763,9
2024-09-19 10:02:56.358,416.6949323560389,96
2024-09-19 10:02:56.395,416.71897707155534,10
2024-09-19 10:02:56.423,416.75236544037256,6
2024-09-19 10:02:56.457,416.6776405622484,998
2024-09-19 10:02:56.492,416.7792015110836,13
2024-09-19 10:02:56.497,416.72214242197606,6
2024-09-19 10:02:56.520,416.7805585354076,1002
2024-09-19 10:02:56.530,416.7546408590935,97
2024-09-19 10:02:56.577,416.76816476144495,100
2024-09-19 10:02:56.860,416.73506196100345,997
2024-09-19 10:02:56.933,416.7765168700976,10
2024-09-19 10:02:57.359,416.73328404808,997
2024-09-19 10:02:57.415,416.7392916744593,11
2024-09-19 10:02:57.544,416.72170146881706,97
2024-09-19 10:02:57.889,416.7051118926213,1000
2024-09-19 10:02:57.896,416.7048654414248,1002
2024-09-19 10:02:57.915,416.7157738308186,1002
2024-09-19 10:02:58.463,416.6927408354406,1005
2024-09-19 10:02:58.762,416.68921787344505,105
2024-09-19 10:02:58.932,416.6956745291997,998
2024-09-19 10:02:58.992,416.70069440810994,99
2024-09-19 10:02:59.024,416.70399659284817,1001
2024-09-19 10:02:59.034,416.6628455284392,12
2024-09-19 10:02:59.126,416.6903182888098,999
2024-09-19 10:02:59.150,416.72087109412223,103
2024-09-19 10:02:59.169,41.66608630843236,103
2024-09-19 10:02:59.179,416.708902549773,104
2024-09-19 10:02:59.319,416.7085297375498,996
2024-09-19 10:02:59.402,416.69485345231,1004
2024-09-19 10:02:59.430,416.71940660175005,1005
2024-09-19 10:02:59.572,416.70292020911774,98
2024-09-19 10:02:59.572,416.676346520026,1004
2024-09-19 10:02:59.608,416.7179577104327,7
2024-09-19 10:02:59.653,416.691455119847,96
2024-09-19 10:02:59.665,416.7272942266804,997
2024-09-19 10:02:59.691,416.7103075904104,10
2024-09-19 10:02:59.843,416.7012716955781,1005
2024-09-19 10:02:59.865,416.680856421476,1000
2024-09-19 10:02:59.867,416.72433646376106,1004
2024-09-19 10:02:59.891,416.6473366289754,8
2024-09-19 10:02:59.902,416.69359362487546,999
