Timestamp,Price,Size
2024-09-19 10:49:00.091,419.01116573612256,97
2024-09-19 10:49:00.107,419.0223498499567,100
2024-09-19 10:49:00.147,418.9989926957039,1005
2024-09-19 10:49:00.166,418.9963777020265,6
2024-09-19 10:49:00.172,419.0167011090052,104
2024-09-19 10:49:00.334,419.0366477867993,1000
2024-09-19 10:49:00.438,419.0178747362286,103
2024-09-19 10:49:00.474,419.0414415010015,98
2024-09-19 10:49:00.511,419.0200439648608,98
2024-09-19 10:49:00.521,418.9990455792845,97
2024-09-19 10:49:00.527,419.0352786878461,6
2024-09-19 10:49:00.551,418.9973743921367,104
2024-09-19 10:49:00.575,419.01822148882695,102
2024-09-19 10:49:00.586,419.0327028419197,97
2024-09-19 10:49:00.657,419.0068060958729,1004
2024-09-19 10:49:00.790,419.0376818545775,999
2024-09-19 10:49:00.831,419.0128857414,999
2024-09-19 10:49:00.863,419.0399891894334,8
2024-09-19 10:49:00.909,419.0119971448119,1001
2024-09-19 10:49:01.000,419.0058063250236,1003
2024-09-19 10:49:01.063,418.9972124719285,13
2024-09-19 10:49:01.136,418.99109676776897,104
2024-09-19 10:49:01.212,-418.949757366198,11
2024-09-19 10:49:01.218,418.9806821342253,1004
2024-09-19 10:49:01.269,418.9861970919202,995
2024-09-19 10:49:01.294,418.95416627499526,12
2024-09-19 10:49:01.324,418.95716244325166,1005
2024-09-19 10:49:01.413,418.9637616371323,1005
2024-09-19 10:49:01.448,418.9738657159824,98
2024-09-19 10:49:01.584,418.998826630812,100
2024-09-19 10:49:01.588,418.9559065660382,99
2024-09-19 10:49:01.905,419.0078925289176,1000
2024-09-19 10:49:02.068,418.9044423635262,11
2024-09-19 10:49:02.078,418.9366462372169,1005
2024-09-19 10:49:02.115,418.9124996034267,15
2024-09-19 10:49:02.212,418.9001632907403,104
2024-09-19 10:49:02.289,418.926335644692,8
2024-09-19 10:49:02.325,418.9585023061316,1005
2024-09-19 10:49:02.326,418.9029138252468,998
2024-09-19 10:49:02.601,418.94418393669264,1003
2024-09-19 10:49:02.846,418.9217086620765,15
2024-09-19 10:49:03.169,418.9135359002096,995
2024-09-19 10:49:03.290,418.95085715988233,999
2024-09-19 10:49:03.399,418.9119503660173,9
2024-09-19 10:49:03.533,418.9317239234372,998
2024-09-19 10:49:03.861,418.9431303225225,100
2024-09-19 10:49:04.077,418.9036802325029,1004
2024-09-19 10:49:04.158,418.9155800180396,15
2024-09-19 10:49:04.335,-418.92164572895416,102
2024-09-19 10:49:04.373,418.92915205441017,102
2024-09-19 10:49:04.410,418.9044030093973,103
2024-09-19 10:49:04.426,418.9311265727332,96
2024-09-19 10:49:04.590,418.9051077192962,15
2024-09-19 10:49:04.682,418.89291005517424,103
2024-09-19 10:49:04.841,418.9334456908536,13
2024-09-19 10:49:05.062,418.9043578314583,998
2024-09-19 10:49:05.097,418.8583436702942,998
2024-09-19 10:49:05.137,418.8610309807677,1002
2024-09-19 10:49:05.152,418.8679078682909,95
2024-09-19 10:49:05.255,418.8879208189314,98
2024-09-19 10:49:05.286,418.93088104991966,10
2024-09-19 10:49:05.328,418.9275179372172,101
2024-09-19 10:49:05.349,418.8929974514184,11
2024-09-19 10:49:05.438,418.9272839745243,105
2024-09-19 10:49:05.442,418.8747520498656,1005
2024-09-19 10:49:05.475,418.88328517095175,1005
2024-09-19 10:49:05.508,418.8665889098513,105
2024-09-19 10:49:05.560,418.8857858281697,105
2024-09-19 10:49:05.655,418.86809165473767,97
2024-09-19 10:49:05.700,418.8597595024237,13
2024-09-19 10:49:05.773,418.8607552270655,8
2024-09-19 10:49:05.836,418.9177122116071,1005
2024-09-19 10:49:05.842,418.85494339727705,11
2024-09-19 10:49:05.870,418.8551771357755,1005
2024-09-19 10:49:05.964,418.9439833652107,1005
2024-09-19 10:49:05.982,418.8640513470372,98
2024-09-19 10:49:06.114,418.8676971434812,996
2024-09-19 10:49:06.142,418.8830245793192,9
2024-09-19 10:49:06.251,418.8810779830294,15
2024-09-19 10:49:06.255,418.8700171064659,12
2024-09-19 10:49:06.264,418.8377742759528,996
2024-09-19 10:49:06.286,418.8745704732856,11
2024-09-19 10:49:06.362,418.8832098156359,99
2024-09-19 10:49:06.365,418.8809498832208,5
2024-09-19 10:49:06.513,418.8756034489769,995
2024-09-19 10:49:06.570,418.8589240016808,9
2024-09-19 10:49:06.649,418.8553174958032,10
2024-09-19 10:49:06.705,418.8842819925335,13
2024-09-19 10:49:06.727,418.87315877993495,1001
2024-09-19 10:49:06.746,418.90274251018025,102
2024-09-19 10:49:06.783,418.8469828285277,1000
2024-09-19 10:49:06.797,418.8705898686566,13
2024-09-19 10:49:06.807,418.86166632395816,1005
2024-09-19 10:49:06.875,418.87310811804537,1000
2024-09-19 10:49:06.899,418.8547844305911,996
2024-09-19 10:49:07.065,418.9326061807135,1005
2024-09-19 10:49:07.133,418.873152900763,9
2024-09-19 10:49:07.151,418.9015849193437,105
2024-09-19 10:49:07.239,418.9126338834805,12
2024-09-19 10:49:07.252,418.87892627764506,13
2024-09-19 10:49:07.264,418.8472372084132,100
2024-09-19 10:49:07.299,418.9271146840862,1005
2024-09-19 10:49:07.310,418.8912371450427,12
2024-09-19 10:49:07.498,418.9126274351034,7
2024-09-19 10:49:07.540,418.9090940508947,105
2024-09-19 10:49:07.551,418.87529217447326,15
2024-09-19 10:49:07.588,418.8693694393359,995
2024-09-19 10:49:07.593,418.8663974233658,1002
2024-09-19 10:49:07.621,418.91117534593536,1000
2024-09-19 10:49:07.643,418.91456602990286,13
2024-09-19 10:49:07.645,418.8867446935743,15
2024-09-19 10:49:07.681,418.86841801073473,105
2024-09-19 10:49:07.683,418.9049799547706,101
2024-09-19 10:49:07.805,418.93591231298666,8
2024-09-19 10:49:07.833,418.8561959594044,5
2024-09-19 10:49:07.836,418.8606700151055,996
2024-09-19 10:49:07.933,418.86425119368334,13
2024-09-19 10:49:07.942,418.9080143002274,8
2024-09-19 10:49:07.964,418.8660101671742,5
2024-09-19 10:49:07.987,418.9136712266935,1004
2024-09-19 10:49:07.993,418.867351275065,1001
2024-09-19 10:49:08.097,418.9615330809684,10
2024-09-19 10:49:08.140,418.9273231043816,99
2024-09-19 10:49:08.671,418.94894965652986,96
2024-09-19 10:49:08.697,418.9608669262733,12
2024-09-19 10:49:08.732,418.9290060151451,7
2024-09-19 10:49:08.762,418.9328462265697,104
2024-09-19 10:49:08.884,418.945825973821,1005
2024-09-19 10:49:08.915,418.91706425368415,11
2024-09-19 10:49:09.010,418.978661557828,1001
2024-09-19 10:49:09.054,418.9618675494353,14
2024-09-19 10:49:09.150,418.93406791136505,1005
2024-09-19 10:49:09.152,418.9887336452625,11
2024-09-19 10:49:09.214,418.9638692090953,7
2024-09-19 10:49:09.258,418.9590035422211,996
2024-09-19 10:49:09.266,418.928162057486,1003
2024-09-19 10:49:09.338,418.9560622630963,12
2024-09-19 10:49:09.482,418.9517904562238,7
2024-09-19 10:49:09.551,418.94693452936457,995
2024-09-19 10:49:09.626,418.95355221752624,97
2024-09-19 10:49:09.884,418.9384849008495,9
2024-09-19 10:49:10.023,418.99146429298025,995
2024-09-19 10:49:10.046,418.9308047882541,13
2024-09-19 10:49:10.060,418.94045978267286,13
2024-09-19 10:49:10.087,418.9449250778171,998
2024-09-19 10:49:10.180,418.96965547980295,102
2024-09-19 10:49:10.332,418.98591547091394,103
2024-09-19 10:49:10.438,418.9342026468615,11
2024-09-19 10:49:10.447,418.98069868831135,13
2024-09-19 10:49:10.466,418.9441708217893,95
2024-09-19 10:49:10.683,418.94801590583376,9
2024-09-19 10:49:10.708,418.9467618521738,1001
2024-09-19 10:49:10.750,418.95794909199736,998
2024-09-19 10:49:10.805,418.98848211365606,11
2024-09-19 10:49:13.100,419.02476591107927,7
2024-09-19 10:49:13.111,419.0022443993364,13
2024-09-19 10:49:13.147,418.93652608084926,6
2024-09-19 10:49:13.194,418.9450976217789,5
2024-09-19 10:49:13.219,418.9594507051833,998
2024-09-19 10:49:13.219,418.9507619489365,97
2024-09-19 10:49:13.276,418.954569810885,5
2024-09-19 10:49:13.311,419.00345160688,1002
2024-09-19 10:49:13.348,418.93345594361887,6
2024-09-19 10:49:13.422,418.94326855842144,103
2024-09-19 10:49:13.504,418.93665504852646,15
2024-09-19 10:49:13.649,419.02781130431697,996
2024-09-19 10:49:13.672,41.894887197711846,102
2024-09-19 10:49:13.747,418.9576795765325,1002
2024-09-19 10:49:13.749,418.9312750916565,104
2024-09-19 10:49:13.840,418.92627618994425,104
2024-09-19 10:49:13.868,419.0315957371285,98
2024-09-19 10:49:13.956,418.9856176078186,104
2024-09-19 10:49:14.092,419.0305219041415,998
2024-09-19 10:49:14.158,418.9799326554896,100
2024-09-19 10:49:14.159,418.9938149712383,996
2024-09-19 10:49:14.512,419.00490683175616,997
2024-09-19 10:49:14.587,418.9912554175318,100
2024-09-19 10:49:14.619,418.98661149391984,5
2024-09-19 10:49:14.622,419.0128777467393,100
2024-09-19 10:49:14.990,418.9969124296404,5
2024-09-19 10:49:15.087,419.0137640776874,998
2024-09-19 10:49:15.251,419.00952516730246,104
2024-09-19 10:49:15.292,419.00586345499113,11
2024-09-19 10:49:15.894,419.00245190850654,1002
2024-09-19 10:49:16.108,419.0105675900927,7
2024-09-19 10:49:16.123,419.0101141582214,104
2024-09-19 10:49:16.138,418.9773292367592,1003
2024-09-19 10:49:16.189,418.99410403023984,11
2024-09-19 10:49:16.324,418.9714512671935,13
2024-09-19 10:49:16.328,418.99891692095593,103
2024-09-19 10:49:16.457,419.0008315155424,996
2024-09-19 10:49:16.463,418.97733904399473,999
2024-09-19 10:49:16.463,419.0123445478283,996
2024-09-19 10:49:16.562,418.9880153345859,95
2024-09-19 10:49:16.609,418.9615042381811,99
2024-09-19 10:49:16.812,418.9970821156069,13
2024-09-19 10:49:16.823,418.98648559887226,103
2024-09-19 10:49:16.859,419.0035236749691,999
2024-09-19 10:49:16.935,418.9873211568652,5
2024-09-19 10:49:16.944,419.00814503392274,1003
2024-09-19 10:49:17.022,419.00902711711257,9
2024-09-19 10:49:17.102,419.0220354079092,6
2024-09-19 10:49:17.148,418.97722792235487,99
2024-09-19 10:49:17.302,418.9731514404365,101
2024-09-19 10:49:17.394,418.98466023054607,98
2024-09-19 10:49:17.468,419.0096779752418,95
2024-09-19 10:49:17.486,418.996852556612,102
2024-09-19 10:49:17.508,419.0169058500012,8
2024-09-19 10:49:17.561,418.96393657660593,1002
2024-09-19 10:49:17.573,418.9830910272799,97
2024-09-19 10:49:17.620,419.0205401965334,105
2024-09-19 10:49:17.838,419.01621481912736,13
2024-09-19 10:49:17.875,419.0147208920924,1001
2024-09-19 10:49:17.891,419.00486337201335,12
2024-09-19 10:49:17.997,419.00094470548527,95
2024-09-19 10:49:18.068,419.0235962210057,5
2024-09-19 10:49:18.080,418.97291186003633,995
2024-09-19 10:49:18.145,418.9626948808808,999
2024-09-19 10:49:18.158,418.9363019015736,104
2024-09-19 10:49:18.434,418.9723000745869,6
2024-09-19 10:49:18.443,419.0082817034565,97
2024-09-19 10:49:18.523,418.93744979104304,9
2024-09-19 10:49:18.727,418.9985903708112,102
2024-09-19 10:49:18.804,418.9811429816257,10
2024-09-19 10:49:18.947,418.9631025077493,12
2024-09-19 10:49:18.977,418.9525524769141,7
2024-09-19 10:49:19.198,418.9257239253656,100
2024-09-19 10:49:19.330,418.9363686009695,97
2024-09-19 10:49:19.509,418.93231307476486,10
2024-09-19 10:49:19.985,418.9373899441531,1004
2024-09-19 10:49:20.184,418.8947436152477,999
2024-09-19 10:49:20.413,418.9161780901581,13
2024-09-19 10:49:20.427,418.9103726265223,96
2024-09-19 10:49:20.794,418.9183744669261,103
2024-09-19 10:49:20.957,418.9221509511776,1005
2024-09-19 10:49:21.028,418.8817930365808,15
2024-09-19 10:49:21.160,418.89439518517776,7
2024-09-19 10:49:21.181,418.8932008438912,8
2024-09-19 10:49:21.279,418.916777571594,995
2024-09-19 10:49:21.339,418.9293210663197,1003
2024-09-19 10:49:21.342,418.9079395093927,98
2024-09-19 10:49:21.361,418.92642117772505,1004
2024-09-19 10:49:21.363,418.9427212536488,999
2024-09-19 10:49:21.471,418.8715028283912,995
2024-09-19 10:49:21.499,418.9372603808052,96
2024-09-19 10:49:21.510,418.9223965320063,11
2024-09-19 10:49:21.521,418.8749811314677,998
2024-09-19 10:49:21.571,418.89340365970673,1002
2024-09-19 10:49:21.643,418.8932218845015,95
2024-09-19 10:49:21.644,418.95196349654407,8
2024-09-19 10:49:21.650,418.876160465806,999
2024-09-19 10:49:21.720,418.927563182925,14
2024-09-19 10:49:21.839,418.9201882146944,7
2024-09-19 10:49:21.983,418.9498952389773,7
2024-09-19 10:49:22.009,418.89664751433486,15
2024-09-19 10:49:22.013,418.8983949291231,101
2024-09-19 10:49:22.096,418.8912853783943,1003
2024-09-19 10:49:22.186,418.9132916155798,7
2024-09-19 10:49:22.192,418.9262361979419,1005
2024-09-19 10:49:22.201,418.8987082546528,6
2024-09-19 10:49:22.208,418.9429742439404,13
2024-09-19 10:49:22.305,,98
2024-09-19 10:49:22.343,418.90058002566616,14
2024-09-19 10:49:22.385,418.9061501872029,1000
2024-09-19 10:49:22.393,418.9102963175077,1004
2024-09-19 10:49:22.402,418.8751707244401,5
2024-09-19 10:49:22.456,418.94427896606055,995
2024-09-19 10:49:22.626,418.9047130997652,10
2024-09-19 10:49:22.658,418.9057912454441,99
2024-09-19 10:49:22.660,418.8980892277952,14
2024-09-19 10:49:22.694,418.9413332715184,1004
2024-09-19 10:49:22.711,418.95620078891415,95
2024-09-19 10:49:22.753,418.95394483674215,8
2024-09-19 10:49:22.892,418.9210010801079,1000
2024-09-19 10:49:22.908,418.8921211539064,7
2024-09-19 10:49:22.989,418.8986616219812,14
2024-09-19 10:49:23.028,418.8832267232804,8
2024-09-19 10:49:23.182,418.8927458503344,6
2024-09-19 10:49:23.249,418.8917131293329,14
2024-09-19 10:49:23.394,418.87789167586016,997
2024-09-19 10:49:23.581,418.8869086047836,15
2024-09-19 10:49:23.590,418.8925307011083,5
2024-09-19 10:49:23.810,418.8826141465148,101
2024-09-19 10:49:23.811,418.8798325537404,105
2024-09-19 10:49:23.816,418.86606401162544,8
2024-09-19 10:49:23.837,418.8945507571727,98
2024-09-19 10:49:24.051,418.89335842416045,6
2024-09-19 10:49:24.317,418.8573653457407,1001
2024-09-19 10:49:24.333,418.8815485558478,8
2024-09-19 10:49:24.354,418.8728444123715,1003
2024-09-19 10:49:24.362,418.8429106037688,9
2024-09-19 10:49:24.400,41.89116826898996,1003
2024-09-19 10:49:24.461,418.9081933725469,100
2024-09-19 10:49:24.548,418.9009395080348,1001
2024-09-19 10:49:24.563,418.8906789515065,100
2024-09-19 10:49:24.594,418.91689785826185,1004
2024-09-19 10:49:24.638,418.8955261341973,999
2024-09-19 10:49:24.689,418.86235271174775,1004
2024-09-19 10:49:24.709,418.853457536942,997
2024-09-19 10:49:24.801,418.90923700029055,13
2024-09-19 10:49:24.822,418.8952599206201,100
2024-09-19 10:49:24.856,418.8584952092952,105
2024-09-19 10:49:24.869,418.8911804326329,97
2024-09-19 10:49:24.914,418.87274644821343,996
2024-09-19 10:49:25.033,418.89647603584257,99
2024-09-19 10:49:25.105,418.8880995199144,12
2024-09-19 10:49:25.156,418.8352989155421,104
2024-09-19 10:49:25.264,418.846671146346,7
2024-09-19 10:49:25.276,418.8920287927208,6
2024-09-19 10:49:25.299,418.8592208562885,8
2024-09-19 10:49:25.367,418.9298997361446,104
2024-09-19 10:49:25.380,418.8538402557102,998
2024-09-19 10:49:25.395,418.8535650174864,13
2024-09-19 10:49:25.419,418.88049836461136,7
2024-09-19 10:49:25.510,418.8778988716573,102
2024-09-19 10:49:25.547,418.8651593773671,10
2024-09-19 10:49:25.558,418.89291516260806,10
2024-09-19 10:49:25.564,418.87004335705865,995
2024-09-19 10:49:25.596,,999
2024-09-19 10:49:25.735,418.8814912315464,7
2024-09-19 10:49:25.796,418.895018893017,7
2024-09-19 10:49:25.863,418.8770896540349,10
2024-09-19 10:49:25.945,418.8513908366975,14
2024-09-19 10:49:25.984,418.8982791137444,8
2024-09-19 10:49:26.032,418.85339496099687,5
2024-09-19 10:49:26.249,418.84982654521775,95
2024-09-19 10:49:26.322,418.8628558971066,97
2024-09-19 10:49:26.461,418.8546848736061,13
2024-09-19 10:49:26.679,418.8501546783789,14
2024-09-19 10:49:27.072,418.8842635123546,5
2024-09-19 10:49:27.100,418.8565670606248,1005
2024-09-19 10:49:27.117,418.85140541334295,13
2024-09-19 10:49:27.135,418.8745153857838,15
2024-09-19 10:49:27.155,418.85367777325314,101
2024-09-19 10:49:27.180,418.8324018840548,1001
2024-09-19 10:49:27.209,418.880500982569,10
2024-09-19 10:49:27.216,418.91817947948726,101
2024-09-19 10:49:27.246,-418.9037638067565,95
2024-09-19 10:49:27.262,418.8454094520108,95
2024-09-19 10:49:27.313,418.8614051423792,100
2024-09-19 10:49:27.441,418.83405116865526,1005
2024-09-19 10:49:27.498,418.9104798367024,101
2024-09-19 10:49:27.525,418.8880845327326,996
2024-09-19 10:49:27.525,418.8900193734362,1000
2024-09-19 10:49:27.602,418.8418511681356,1002
2024-09-19 10:49:27.619,418.8689457846662,100
2024-09-19 10:49:27.716,418.8477123677226,8
2024-09-19 10:49:27.778,418.9139583836267,6
2024-09-19 10:49:27.857,418.8361308054904,7
2024-09-19 10:49:27.888,418.8693658004116,8
2024-09-19 10:49:27.889,418.8605888484409,13
2024-09-19 10:49:28.405,418.8409678353792,1001
2024-09-19 10:49:28.451,418.85504489724826,998
2024-09-19 10:49:28.461,418.8580592541975,105
2024-09-19 10:49:28.523,418.84696891999874,997
2024-09-19 10:49:28.556,418.87440507273726,10
2024-09-19 10:49:28.698,418.8399273862744,95
2024-09-19 10:49:28.828,418.8605354343004,996
2024-09-19 10:49:28.909,418.848757824638,98
2024-09-19 10:49:28.916,418.8550231186218,12
2024-09-19 10:49:29.089,418.8933381005037,1002
2024-09-19 10:49:29.209,418.89170592519207,1001
2024-09-19 10:49:29.231,418.8693793842794,1000
2024-09-19 10:49:29.240,418.92047136267416,1003
2024-09-19 10:49:29.332,418.84133429686506,5
2024-09-19 10:49:29.448,418.923502255399,7
2024-09-19 10:49:29.476,418.8729523471472,995
2024-09-19 10:49:29.480,418.9212930803741,1001
2024-09-19 10:49:29.519,418.90082225636905,7
2024-09-19 10:49:29.715,418.8463883603059,9
2024-09-19 10:49:29.879,418.90109520219625,99
2024-09-19 10:49:29.918,418.9132108479535,11
2024-09-19 10:49:29.985,418.8930786897875,995
2024-09-19 10:49:29.986,418.8943211638144,99
2024-09-19 10:49:30.045,418.9151523779684,6
2024-09-19 10:49:30.064,418.8879245042584,102
2024-09-19 10:49:30.126,418.9405196371413,7
2024-09-19 10:49:30.186,418.910704262211,14
2024-09-19 10:49:30.196,418.87591433003234,8
2024-09-19 10:49:30.366,418.9023945108094,98
2024-09-19 10:49:30.505,418.9207840790989,995
2024-09-19 10:49:30.508,418.9309232059368,101
2024-09-19 10:49:30.660,418.9090254133267,95
2024-09-19 10:49:30.668,418.9232686576997,97
2024-09-19 10:49:30.669,418.8866418929378,103
2024-09-19 10:49:30.728,418.9118954740866,98
2024-09-19 10:49:30.879,418.8615764599782,10
2024-09-19 10:49:30.890,418.9251419307613,997
2024-09-19 10:49:30.921,418.89571189698165,6
2024-09-19 10:49:30.950,418.88825513757087,100
2024-09-19 10:49:30.974,418.9280922345857,1002
2024-09-19 10:49:31.000,418.9029920018377,997
2024-09-19 10:49:31.004,418.9212646719811,1004
2024-09-19 10:49:31.010,418.9204225989016,997
2024-09-19 10:49:31.012,418.9133329352828,7
2024-09-19 10:49:31.039,418.893856795354,104
2024-09-19 10:49:31.129,418.90672709636726,1004
2024-09-19 10:49:31.142,418.91614637885954,996
2024-09-19 10:49:31.274,418.91409727954976,1002
2024-09-19 10:49:31.366,418.9146146050856,1004
2024-09-19 10:49:31.379,418.9073453683484,998
2024-09-19 10:49:31.393,418.9245459720872,15
2024-09-19 10:49:31.666,418.9089788695826,15
2024-09-19 10:49:31.735,418.8828499492329,999
2024-09-19 10:49:31.773,418.89984227301983,1004
2024-09-19 10:49:31.797,418.9325220934052,996
2024-09-19 10:49:31.805,418.9082680670637,1004
2024-09-19 10:49:31.822,418.9054967931229,99
2024-09-19 10:49:31.829,418.8911906087716,103
2024-09-19 10:49:32.014,418.9154293045671,11
2024-09-19 10:49:32.022,418.9472466171837,8
2024-09-19 10:49:32.056,418.9414720897767,98
2024-09-19 10:49:32.062,418.920121798445,97
2024-09-19 10:49:32.104,418.95159439134176,95
2024-09-19 10:49:32.159,418.9567019155282,97
2024-09-19 10:49:32.200,418.9806481803184,12
2024-09-19 10:49:32.276,418.9536662622773,999
2024-09-19 10:49:32.288,418.9761192538203,105
2024-09-19 10:49:32.306,418.9820414658967,999
2024-09-19 10:49:32.315,418.95420434615727,1005
2024-09-19 10:49:32.337,418.9233989527262,1002
2024-09-19 10:49:32.376,418.95232154853824,997
2024-09-19 10:49:32.448,418.98062484548205,99
2024-09-19 10:49:32.451,418.9891186251172,8
2024-09-19 10:49:32.461,418.9480477338921,104
2024-09-19 10:49:32.476,418.9507815113015,97
2024-09-19 10:49:32.478,418.9218837820917,10
2024-09-19 10:49:32.491,418.95247020724486,995
2024-09-19 10:49:32.550,418.92689682469967,105
2024-09-19 10:49:32.705,41.89323796278949,101
2024-09-19 10:49:32.783,418.9931423969522,12
2024-09-19 10:49:32.795,418.9838815814295,100
2024-09-19 10:49:32.800,418.9339223623544,7
2024-09-19 10:49:32.845,418.9199412019024,12
2024-09-19 10:49:32.860,419.006832542429,999
2024-09-19 10:49:32.872,418.9773925029667,104
2024-09-19 10:49:32.969,418.9422447522591,997
2024-09-19 10:49:33.088,419.0164595029454,100
2024-09-19 10:49:33.376,418.9656850830365,99
2024-09-19 10:49:33.428,418.9937919681261,1001
2024-09-19 10:49:33.444,418.9994147111411,5
2024-09-19 10:49:33.476,418.9855995627289,98
2024-09-19 10:49:33.483,418.98452622086575,101
2024-09-19 10:49:34.012,419.1302896753526,13
2024-09-19 10:49:34.130,419.0620935369437,101
2024-09-19 10:49:34.216,419.0627939010666,10
2024-09-19 10:49:34.224,419.1200265053849,995
2024-09-19 10:49:34.302,419.0429318733198,1004
2024-09-19 10:49:34.332,419.0886698873892,10
2024-09-19 10:49:34.356,419.1234799073204,14
2024-09-19 10:49:34.386,419.0345889545629,1005
2024-09-19 10:49:34.400,419.02877666800754,12
2024-09-19 10:49:34.415,419.1488381841762,97
2024-09-19 10:49:34.418,419.09461977586415,101
2024-09-19 10:49:34.449,419.0375636196264,104
2024-09-19 10:49:34.451,419.0444733579308,100
2024-09-19 10:49:34.474,419.0271508177955,95
2024-09-19 10:49:34.495,419.03171981470734,105
2024-09-19 10:49:34.543,419.0330033470864,1004
2024-09-19 10:49:34.713,419.0432164795836,997
2024-09-19 10:49:34.728,419.0346474531229,1004
2024-09-19 10:49:34.787,419.0469544313411,1000
2024-09-19 10:49:34.850,419.0566708993054,105
2024-09-19 10:49:35.001,419.1125112675304,100
2024-09-19 10:49:35.022,419.1637189298556,12
2024-09-19 10:49:35.080,419.1358461656862,1003
2024-09-19 10:49:35.103,419.1592461339368,1005
2024-09-19 10:49:35.203,419.1631803227106,1002
2024-09-19 10:49:35.282,419.12043335274814,1002
2024-09-19 10:49:35.296,419.1163227056272,99
2024-09-19 10:49:35.325,419.1046869169783,98
2024-09-19 10:49:35.354,419.16318603691417,1001
2024-09-19 10:49:35.359,419.16383521871,1003
2024-09-19 10:49:35.395,419.162899160425,1001
2024-09-19 10:49:35.397,419.1385192447903,998
2024-09-19 10:49:35.409,419.1144213928413,101
2024-09-19 10:49:35.456,419.1234532016364,6
2024-09-19 10:49:35.473,419.1277273801725,13
2024-09-19 10:49:35.527,419.1764294093797,996
2024-09-19 10:49:35.551,419.13036679743794,99
2024-09-19 10:49:35.562,419.1164221892194,1005
2024-09-19 10:49:35.573,419.1435931436907,95
2024-09-19 10:49:35.595,419.1026946594242,6
2024-09-19 10:49:35.650,419.16513799872376,5
2024-09-19 10:49:35.664,419.14136175344487,15
2024-09-19 10:49:35.676,419.152551132811,97
2024-09-19 10:49:35.696,419.1186957297239,99
2024-09-19 10:49:35.731,419.1151477395058,96
2024-09-19 10:49:35.748,419.1391248332569,104
2024-09-19 10:49:35.868,419.1314446482834,5
2024-09-19 10:49:36.534,419.12580500776977,99
2024-09-19 10:49:36.659,419.1281787346823,97
2024-09-19 10:49:37.000,,1003
2024-09-19 10:49:37.041,419.0948576131341,1002
2024-09-19 10:49:37.177,419.1144732252724,996
2024-09-19 10:49:37.200,419.1019339658828,1003
2024-09-19 10:49:37.257,419.1133888185102,1003
2024-09-19 10:49:37.301,419.094495511692,996
2024-09-19 10:49:37.386,419.1160882302237,97
2024-09-19 10:49:37.450,419.1223462717609,15
2024-09-19 10:49:37.483,419.100263480643,1001
2024-09-19 10:49:37.499,419.1002697996973,100
2024-09-19 10:49:37.502,419.1143978280784,996
2024-09-19 10:49:37.522,419.1115718788639,14
2024-09-19 10:49:37.523,419.0994193644467,9
2024-09-19 10:49:37.530,419.08919803015095,97
2024-09-19 10:49:37.575,419.12533508868194,99
2024-09-19 10:49:37.646,419.0811418921795,999
2024-09-19 10:49:37.681,419.0843416927966,15
2024-09-19 10:49:37.700,419.0965198479379,102
2024-09-19 10:49:37.775,419.111362479362,99
2024-09-19 10:49:37.788,419.1030929065877,98
2024-09-19 10:49:37.855,419.1047670041806,95
2024-09-19 10:49:37.899,419.1029701357493,12
2024-09-19 10:49:37.902,419.1235087639808,99
2024-09-19 10:49:38.049,419.098349544061,102
2024-09-19 10:49:38.071,419.1055150586536,995
2024-09-19 10:49:38.085,419.1072044282466,1002
2024-09-19 10:49:38.138,419.12229195772426,98
2024-09-19 10:49:38.143,419.1036664068521,102
2024-09-19 10:49:38.187,419.0927648609462,996
2024-09-19 10:49:38.278,419.1281725844554,101
2024-09-19 10:49:38.352,419.10819576473153,101
2024-09-19 10:49:38.356,419.11624195341017,100
2024-09-19 10:49:38.518,419.1175285208072,96
2024-09-19 10:49:38.554,419.1097578931721,14
2024-09-19 10:49:38.601,419.1269237099181,998
2024-09-19 10:49:38.644,419.1112276718232,10
2024-09-19 10:49:38.921,419.11199295701056,5
2024-09-19 10:49:38.929,419.09504903252525,103
2024-09-19 10:49:39.044,419.1109459182523,12
2024-09-19 10:49:39.099,419.0663940781076,98
2024-09-19 10:49:39.119,419.1067601323355,105
2024-09-19 10:49:39.333,419.1288319939801,1005
2024-09-19 10:49:39.548,419.0842170993576,9
2024-09-19 10:49:39.640,419.1188939687022,105
2024-09-19 10:49:39.647,419.10752166959287,104
2024-09-19 10:49:39.677,419.0890419006497,102
2024-09-19 10:49:39.691,419.0913109152937,8
2024-09-19 10:49:39.699,419.12498324876486,6
2024-09-19 10:49:39.783,419.0833844469346,5
2024-09-19 10:49:39.791,419.1004999221334,5
2024-09-19 10:49:40.100,419.06643662461744,105
2024-09-19 10:49:40.214,419.0421701827632,96
2024-09-19 10:49:40.451,419.0381415289224,9
2024-09-19 10:49:40.471,419.07990226674417,103
2024-09-19 10:49:40.479,419.0314352825809,11
2024-09-19 10:49:40.482,419.0348727951596,98
2024-09-19 10:49:40.531,419.0772787281634,15
2024-09-19 10:49:40.771,419.0521774450418,1001
2024-09-19 10:49:40.794,419.0409950587641,99
2024-09-19 10:49:40.799,419.04804475817787,1005
2024-09-19 10:49:40.825,419.0693355318477,998
2024-09-19 10:49:40.948,419.07967580938,99
2024-09-19 10:49:40.977,419.03513634340817,1001
2024-09-19 10:49:40.989,-419.0613100573744,13
2024-09-19 10:49:40.989,419.0558532335895,14
2024-09-19 10:49:40.995,419.0634667925523,13
2024-09-19 10:49:41.337,419.0435751056687,97
2024-09-19 10:49:41.719,419.01679445186033,10
2024-09-19 10:49:41.836,419.0439738771967,8
2024-09-19 10:49:42.050,419.0245834004047,1003
2024-09-19 10:49:42.272,419.0025462187178,95
2024-09-19 10:49:42.288,419.00986082657073,105
2024-09-19 10:49:42.289,419.0195472489089,995
2024-09-19 10:49:42.470,419.0271428537263,1005
2024-09-19 10:49:42.478,418.9794309020081,102
2024-09-19 10:49:42.497,418.9936181063795,14
2024-09-19 10:49:42.504,419.01643060423567,1002
2024-09-19 10:49:42.550,419.0210338727938,96
2024-09-19 10:49:42.581,418.99902728653245,13
2024-09-19 10:49:42.600,419.00028722232736,99
2024-09-19 10:49:42.752,419.0053431281112,10
2024-09-19 10:49:42.823,419.02555142172656,14
2024-09-19 10:49:42.834,419.0247062382251,999
2024-09-19 10:49:42.845,418.9858152474617,12
2024-09-19 10:49:42.939,,6
2024-09-19 10:49:42.965,,1002
2024-09-19 10:49:42.976,419.0079655464661,14
2024-09-19 10:49:43.409,419.0211011377139,13
2024-09-19 10:49:43.948,419.01243657151,105
2024-09-19 10:49:43.973,419.0024785985983,997
2024-09-19 10:49:44.010,418.98788084473216,14
2024-09-19 10:49:44.059,419.0283306257996,103
2024-09-19 10:49:44.075,419.0137553098648,101
2024-09-19 10:49:44.088,419.0112337829007,100
2024-09-19 10:49:44.119,419.0132842536798,13
2024-09-19 10:49:44.164,419.0126470236601,9
2024-09-19 10:49:44.165,418.99293828761927,995
2024-09-19 10:49:44.202,419.00942931414914,1000
2024-09-19 10:49:44.209,419.03062447442807,105
2024-09-19 10:49:44.211,418.9945214360236,95
2024-09-19 10:49:44.219,419.0029680210503,995
2024-09-19 10:49:44.221,419.00835456991024,102
2024-09-19 10:49:44.241,419.03384533656777,105
2024-09-19 10:49:44.312,419.0204891722961,103
2024-09-19 10:49:44.318,419.02045755898286,105
2024-09-19 10:49:44.350,419.0318671170244,103
2024-09-19 10:49:44.448,419.00452043076695,101
2024-09-19 10:49:44.457,419.0092091304486,5
2024-09-19 10:49:44.459,419.0095647177751,8
2024-09-19 10:49:44.535,419.0134893541433,95
2024-09-19 10:49:44.579,418.9839917026959,996
2024-09-19 10:49:44.784,419.0257976181519,1000
2024-09-19 10:49:44.799,418.9883175834414,996
2024-09-19 10:49:44.800,419.0383081578348,15
2024-09-19 10:49:44.942,419.01481763660667,6
2024-09-19 10:49:44.953,419.0275576626323,8
2024-09-19 10:49:45.096,419.01590457214905,100
2024-09-19 10:49:45.102,419.0054302365459,100
2024-09-19 10:49:45.108,419.00653906931024,1002
2024-09-19 10:49:45.111,418.9880979999581,1000
2024-09-19 10:49:45.152,418.993646494957,1002
2024-09-19 10:49:45.155,418.9842260064314,97
2024-09-19 10:49:45.156,418.99476882436335,11
2024-09-19 10:49:45.400,418.9993034918933,9
2024-09-19 10:49:45.419,418.9964339408792,6
2024-09-19 10:49:45.521,418.9775928273395,104
2024-09-19 10:49:45.535,419.006655320352,103
2024-09-19 10:49:45.558,419.0029583406396,1001
2024-09-19 10:49:45.574,419.0040048159467,1000
2024-09-19 10:49:45.626,418.98083153225394,999
2024-09-19 10:49:45.642,418.99730168717286,8
2024-09-19 10:49:45.701,419.0119877944057,1005
2024-09-19 10:49:45.742,419.0005413448061,13
2024-09-19 10:49:45.751,419.0108507388846,999
2024-09-19 10:49:45.757,419.0125501837818,96
2024-09-19 10:49:45.801,419.00951792050336,6
2024-09-19 10:49:45.841,419.00057322439545,13
2024-09-19 10:49:45.879,419.0027218492741,101
2024-09-19 10:49:45.899,419.01207622751815,1004
2024-09-19 10:49:46.020,418.94582858113296,105
2024-09-19 10:49:46.025,418.9480114470581,1000
2024-09-19 10:49:46.037,,99
2024-09-19 10:49:46.043,418.96188699927023,10
2024-09-19 10:49:46.128,418.9746482301261,11
2024-09-19 10:49:46.153,418.9861301990416,98
2024-09-19 10:49:46.260,418.9790025178396,101
2024-09-19 10:49:46.355,418.9874176923019,12
2024-09-19 10:49:46.371,418.9660030711223,11
2024-09-19 10:49:46.386,418.9908204225855,8
2024-09-19 10:49:46.402,418.98225070620447,8
2024-09-19 10:49:46.422,418.9974073222339,13
2024-09-19 10:49:46.498,418.96526233516335,1001
2024-09-19 10:49:46.512,41.898547832491104,1002
2024-09-19 10:49:46.541,418.9795847703939,98
2024-09-19 10:49:46.635,418.9927131249023,6
2024-09-19 10:49:46.650,418.9639064450688,996
2024-09-19 10:49:46.652,418.9697691323818,15
2024-09-19 10:49:46.704,418.9459973271534,998
2024-09-19 10:49:46.724,419.0070220064922,1000
2024-09-19 10:49:46.753,418.98640447971775,15
2024-09-19 10:49:46.804,418.9793274723758,98
2024-09-19 10:49:46.916,419.0031164509625,1000
2024-09-19 10:49:46.924,418.9753381860446,10
2024-09-19 10:49:46.933,418.9749371332324,1000
2024-09-19 10:49:46.991,418.9917540415266,101
2024-09-19 10:49:47.143,419.0011392768698,100
2024-09-19 10:49:47.161,418.9712441321852,11
2024-09-19 10:49:47.235,418.97614912783865,98
2024-09-19 10:49:47.244,418.9854971008071,95
2024-09-19 10:49:47.372,418.9567795583155,100
2024-09-19 10:49:47.381,418.9698493727674,100
2024-09-19 10:49:47.463,418.9652304955542,105
2024-09-19 10:49:47.702,418.9555120962215,5
2024-09-19 10:49:47.711,418.9695700427214,995
2024-09-19 10:49:47.901,419.0167255580421,998
2024-09-19 10:49:47.914,419.01791569314526,104
2024-09-19 10:49:48.000,418.991105515089,14
2024-09-19 10:49:48.063,-419.0156128905294,105
2024-09-19 10:49:48.076,418.999166055088,15
2024-09-19 10:49:48.119,419.0708830881748,13
2024-09-19 10:49:48.141,418.99724940734114,15
2024-09-19 10:49:48.199,419.0272985080243,95
2024-09-19 10:49:48.238,418.98948688996046,12
2024-09-19 10:49:48.342,418.9922602631276,12
2024-09-19 10:49:48.403,418.9903190433057,101
2024-09-19 10:49:48.411,418.99339560396993,6
2024-09-19 10:49:48.511,418.9923910185252,103
2024-09-19 10:49:48.521,419.0560327355175,100
2024-09-19 10:49:48.528,418.9998700937068,12
2024-09-19 10:49:48.557,419.0104769951546,1001
2024-09-19 10:49:48.610,418.99332739356026,9
2024-09-19 10:49:48.623,418.99715120520966,8
2024-09-19 10:49:48.643,419.00947534135895,10
2024-09-19 10:49:48.706,419.015104654512,1003
2024-09-19 10:49:48.737,419.0775701104075,99
2024-09-19 10:49:48.839,419.00905484168726,1000
2024-09-19 10:49:48.854,419.0722113066821,8
2024-09-19 10:49:48.874,418.9860270742079,1002
2024-09-19 10:49:48.886,419.0127164469208,1005
2024-09-19 10:49:48.896,418.989402363296,95
2024-09-19 10:49:48.898,419.0561251608781,5
2024-09-19 10:49:48.899,419.0139120741297,5
2024-09-19 10:49:48.915,419.01495899220265,998
2024-09-19 10:49:48.923,419.06476664689615,14
2024-09-19 10:49:48.977,419.06195634692926,6
2024-09-19 10:49:49.012,419.1052552414329,12
2024-09-19 10:49:49.205,419.1090996113718,1000
2024-09-19 10:49:49.218,419.10168866869583,995
2024-09-19 10:49:49.222,419.1128143626577,10
2024-09-19 10:49:49.230,419.05667314435937,998
2024-09-19 10:49:49.235,419.1157955471527,5
2024-09-19 10:49:49.307,419.08153167780927,6
2024-09-19 10:49:49.364,419.1180830900106,15
2024-09-19 10:49:49.424,419.073228504866,99
2024-09-19 10:49:49.532,419.0857022321157,99
2024-09-19 10:49:49.541,419.1305401722993,96
2024-09-19 10:49:49.623,-419.0871223143673,100
2024-09-19 10:49:49.643,419.0771433153254,102
2024-09-19 10:49:49.648,419.0999556526575,996
2024-09-19 10:49:49.668,419.1058379083221,98
2024-09-19 10:49:49.681,419.1142152972328,95
2024-09-19 10:49:49.729,419.09521034771296,14
2024-09-19 10:49:49.762,419.1011931771341,7
2024-09-19 10:49:49.778,419.08233119471504,7
2024-09-19 10:49:49.791,419.09719717870655,1003
2024-09-19 10:49:49.834,419.0776648910871,995
2024-09-19 10:49:49.853,419.1025455770278,102
2024-09-19 10:49:49.864,419.1000926468282,999
2024-09-19 10:49:50.019,419.08661646751824,1004
2024-09-19 10:49:50.026,419.0165611111056,996
2024-09-19 10:49:50.041,419.1208547777821,95
2024-09-19 10:49:50.086,419.0577766110815,995
2024-09-19 10:49:50.090,419.0882955961526,10
2024-09-19 10:49:50.162,419.0459702192212,105
2024-09-19 10:49:50.171,419.0727855072663,14
2024-09-19 10:49:50.207,419.0195737219591,105
2024-09-19 10:49:50.250,419.049420365102,98
2024-09-19 10:49:50.260,419.0407816355684,996
2024-09-19 10:49:50.320,419.0768659720192,6
2024-09-19 10:49:50.322,419.0247235139667,104
2024-09-19 10:49:50.351,419.08713459934313,102
2024-09-19 10:49:50.372,419.0503737590703,5
2024-09-19 10:49:50.430,419.0665423603835,101
2024-09-19 10:49:50.467,419.0221868755156,995
2024-09-19 10:49:50.471,419.0247380309557,96
2024-09-19 10:49:50.500,419.0373677169614,8
2024-09-19 10:49:50.508,419.0682797357032,13
2024-09-19 10:49:50.509,419.07034145377935,104
2024-09-19 10:49:50.515,419.1001084992717,11
2024-09-19 10:49:50.529,419.05340963383856,8
2024-09-19 10:49:50.608,419.0510387887218,12
2024-09-19 10:49:50.636,419.0522740833542,105
2024-09-19 10:49:50.737,419.0953302253596,999
2024-09-19 10:49:50.749,419.0791029425789,96
2024-09-19 10:49:51.109,419.05347735541545,105
2024-09-19 10:49:51.207,419.0702493397425,5
2024-09-19 10:49:51.736,419.0487337166911,7
2024-09-19 10:49:52.058,419.25022914895743,1001
2024-09-19 10:49:52.104,419.086477187254,1000
2024-09-19 10:49:52.112,419.2281654690478,1005
2024-09-19 10:49:52.120,419.2072219013007,13
2024-09-19 10:49:52.126,419.1648772315912,101
2024-09-19 10:49:52.191,419.2427846069512,97
2024-09-19 10:49:52.230,419.2993314409017,99
2024-09-19 10:49:52.329,419.0927667424405,15
2024-09-19 10:49:52.351,419.0981196410493,1005
2024-09-19 10:49:52.353,419.2387708825745,1005
2024-09-19 10:49:52.355,419.2047151029817,1001
2024-09-19 10:49:52.382,419.2395318970413,9
2024-09-19 10:49:52.540,419.1884203820082,5
2024-09-19 10:49:52.575,419.236610264429,8
2024-09-19 10:49:52.608,419.1268651626957,10
2024-09-19 10:49:52.618,419.2591834350684,104
2024-09-19 10:49:52.623,419.184645981107,97
2024-09-19 10:49:52.680,419.2363848656908,1004
2024-09-19 10:49:52.681,419.2652975586019,99
2024-09-19 10:49:52.687,419.23719098819606,104
2024-09-19 10:49:52.752,419.30182771832114,95
2024-09-19 10:49:52.816,419.2084740207239,102
2024-09-19 10:49:52.852,419.21875231185686,1001
2024-09-19 10:49:52.870,419.1916851054533,95
2024-09-19 10:49:52.887,419.2684689289293,997
2024-09-19 10:49:52.911,419.2831507146901,10
2024-09-19 10:49:52.964,419.1416418208207,96
2024-09-19 10:49:52.975,419.2434829722062,99
2024-09-19 10:49:53.022,419.36425682866246,9
2024-09-19 10:49:53.027,419.2942942919908,1005
2024-09-19 10:49:53.105,419.3686387681378,105
2024-09-19 10:49:53.148,419.37476023686673,96
2024-09-19 10:49:53.155,419.36859399123927,995
2024-09-19 10:49:53.199,419.3444283658444,100
2024-09-19 10:49:53.217,419.3277995321318,100
2024-09-19 10:49:53.300,419.3241717396293,103
2024-09-19 10:49:53.343,419.3566557648086,14
2024-09-19 10:49:53.356,419.32085958171496,97
2024-09-19 10:49:53.443,419.382106740342,11
2024-09-19 10:49:53.463,419.3603830390765,95
2024-09-19 10:49:53.476,419.3723357226437,103
2024-09-19 10:49:53.535,419.38657501537045,101
2024-09-19 10:49:53.616,419.3784937941987,99
2024-09-19 10:49:53.653,419.3856717507181,105
2024-09-19 10:49:53.657,419.3890084026115,103
2024-09-19 10:49:53.661,419.36603535220087,5
2024-09-19 10:49:53.745,419.30695122994007,10
2024-09-19 10:49:53.805,419.3197991924053,10
2024-09-19 10:49:53.874,419.3732213926071,96
2024-09-19 10:49:53.915,419.3475149806272,999
2024-09-19 10:49:53.990,419.34135100564407,12
2024-09-19 10:49:54.036,41.93463544099384,15
2024-09-19 10:49:54.157,419.3794200710709,13
2024-09-19 10:49:54.256,419.3704763411285,99
2024-09-19 10:49:54.312,419.3597904079119,103
2024-09-19 10:49:54.321,419.34773409415527,104
2024-09-19 10:49:54.487,419.3460992806394,996
2024-09-19 10:49:54.509,419.35699059575705,98
2024-09-19 10:49:54.573,419.349561689423,99
2024-09-19 10:49:54.678,419.3875393738487,98
2024-09-19 10:49:54.724,419.3596202892279,1002
2024-09-19 10:49:54.761,419.3816298785363,997
2024-09-19 10:49:54.811,419.3818324096313,1001
2024-09-19 10:49:54.849,419.3659826357053,1001
2024-09-19 10:49:54.876,,1001
2024-09-19 10:49:54.910,419.37729829326815,105
2024-09-19 10:49:54.961,419.36287471030937,997
2024-09-19 10:49:55.004,419.4152129711878,6
2024-09-19 10:49:55.121,419.4518830667376,99
2024-09-19 10:49:55.163,419.4652040211884,1004
2024-09-19 10:49:55.184,419.4367203291976,8
2024-09-19 10:49:55.232,419.3973068829698,104
2024-09-19 10:49:55.279,419.43484143488456,996
2024-09-19 10:49:55.292,419.4451418628039,102
2024-09-19 10:49:55.342,419.42511205734894,7
2024-09-19 10:49:55.356,419.3768662045525,1004
2024-09-19 10:49:55.428,419.43419824006577,11
2024-09-19 10:49:55.482,419.4212136212103,99
2024-09-19 10:49:55.488,419.4605373327191,101
2024-09-19 10:49:55.501,419.4416246853973,98
2024-09-19 10:49:55.562,419.4045669640213,1000
2024-09-19 10:49:55.615,419.4044090506607,12
2024-09-19 10:49:55.701,419.43819139741794,95
2024-09-19 10:49:55.717,419.4170691387784,105
2024-09-19 10:49:55.725,419.46583477656367,102
2024-09-19 10:49:55.752,419.4266322832222,997
2024-09-19 10:49:55.757,419.467114316766,97
2024-09-19 10:49:55.854,419.41729238428513,1003
2024-09-19 10:49:55.883,419.4085840105743,997
2024-09-19 10:49:55.914,419.4660797704808,96
2024-09-19 10:49:55.915,419.4429458194116,100
2024-09-19 10:49:55.927,419.3776474410492,11
2024-09-19 10:49:55.963,419.4539926157957,14
2024-09-19 10:49:56.070,419.4015038510691,97
2024-09-19 10:49:56.092,419.3927301481009,7
2024-09-19 10:49:56.173,419.39598206650805,6
2024-09-19 10:49:56.198,419.4453180602681,15
2024-09-19 10:49:56.250,419.3996502533549,996
2024-09-19 10:49:56.260,419.4183980220439,98
2024-09-19 10:49:56.343,419.4087254417483,9
2024-09-19 10:49:56.381,419.4633584981648,15
2024-09-19 10:49:56.408,419.454346739805,101
2024-09-19 10:49:56.424,419.4032405600485,95
2024-09-19 10:49:56.436,419.41261947798375,7
2024-09-19 10:49:56.446,419.4576484872497,1005
2024-09-19 10:49:56.479,419.3721362779977,996
2024-09-19 10:49:56.552,419.4029093406346,11
2024-09-19 10:49:56.559,419.4626800594872,101
2024-09-19 10:49:56.615,419.4584403526719,14
2024-09-19 10:49:56.674,419.4505558842771,96
2024-09-19 10:49:56.703,419.4154429601029,102
2024-09-19 10:49:56.743,,97
2024-09-19 10:49:56.748,419.4015895013288,15
2024-09-19 10:49:56.912,419.3958587352383,98
2024-09-19 10:49:56.987,419.4196987198096,7
2024-09-19 10:49:56.996,419.4214706448688,1003
2024-09-19 10:49:57.186,419.3796142447876,11
2024-09-19 10:49:57.243,419.4116697174084,98
2024-09-19 10:49:57.281,419.3530993714515,8
2024-09-19 10:49:57.297,419.3629110199628,98
2024-09-19 10:49:57.331,419.35732135250817,100
2024-09-19 10:49:57.331,419.3783424057184,100
2024-09-19 10:49:57.442,419.3497142724991,998
2024-09-19 10:49:57.494,419.39012620064426,9
2024-09-19 10:49:57.520,419.3517918362536,8
2024-09-19 10:49:57.533,419.385583197148,98
2024-09-19 10:49:57.589,419.413822841333,95
2024-09-19 10:49:57.609,419.32831164556586,104
2024-09-19 10:49:57.617,419.33536703037447,7
2024-09-19 10:49:57.654,419.3865561539738,996
2024-09-19 10:49:57.739,419.3913293547615,97
2024-09-19 10:49:57.751,419.409827508262,7
2024-09-19 10:49:57.845,419.35145495880647,105
2024-09-19 10:49:57.846,419.4009565168354,999
2024-09-19 10:49:57.853,419.37569355451416,9
2024-09-19 10:49:57.866,419.4075392547884,7
2024-09-19 10:49:57.868,419.372215819453,995
2024-09-19 10:49:57.880,419.3826523006648,101
2024-09-19 10:49:57.923,419.3557370026904,101
2024-09-19 10:49:57.939,419.4054508202144,100
2024-09-19 10:49:57.954,419.3736869753928,1004
2024-09-19 10:49:58.081,419.2931882680887,103
2024-09-19 10:49:58.165,419.29346406863937,14
2024-09-19 10:49:58.213,419.3318321296885,98
2024-09-19 10:49:58.218,419.32878645349314,1002
2024-09-19 10:49:58.240,419.2896602531533,7
2024-09-19 10:49:58.242,419.2996882784509,98
2024-09-19 10:49:58.288,419.3112968416503,1004
2024-09-19 10:49:58.333,419.2870834848223,101
2024-09-19 10:49:58.352,419.2946396401797,1002
2024-09-19 10:49:58.358,419.3108561693618,100
2024-09-19 10:49:58.366,419.3006848350445,996
2024-09-19 10:49:58.439,419.2951538393661,10
2024-09-19 10:49:58.756,419.2823342915779,9
2024-09-19 10:49:58.810,419.296043827246,5
2024-09-19 10:49:58.834,419.3038219083917,9
2024-09-19 10:49:58.871,419.2790526616975,103
2024-09-19 10:49:58.879,419.2904365501062,99
2024-09-19 10:49:59.007,419.3039900159121,15
2024-09-19 10:49:59.009,419.2989682977327,102
2024-09-19 10:49:59.076,419.2957078623631,13
2024-09-19 10:49:59.153,419.3080468929387,13
2024-09-19 10:49:59.165,419.274599922829,1003
2024-09-19 10:49:59.214,419.27476363481526,9
2024-09-19 10:49:59.230,419.3014396180711,98
2024-09-19 10:49:59.248,419.2618039565276,11
2024-09-19 10:49:59.256,419.28976175739984,9
2024-09-19 10:49:59.512,419.3116840060843,105
2024-09-19 10:49:59.514,419.2708020133277,100
2024-09-19 10:49:59.625,419.2432022987943,105
2024-09-19 10:49:59.643,419.2324531558273,5
2024-09-19 10:49:59.772,419.2717088366824,101
2024-09-19 10:49:59.823,419.2157559458744,14
2024-09-19 10:49:59.954,419.299610309992,97
2024-09-19 10:49:59.956,419.2230844102106,997
2024-09-19 10:49:59.960,419.25368205360047,96
2024-09-19 10:49:59.994,419.19380832186937,9
2024-09-19 10:49:59.998,419.2466193345365,97
