Timestamp,Price,Size
2024-09-19 10:39:00.039,419.5906341295548,15
2024-09-19 10:39:00.260,419.5476725075133,996
2024-09-19 10:39:00.263,419.52141594464143,11
2024-09-19 10:39:00.303,419.54283851380967,998
2024-09-19 10:39:00.349,419.544298021888,1002
2024-09-19 10:39:00.402,419.6037629359983,1005
2024-09-19 10:39:00.452,419.5823024524209,5
2024-09-19 10:39:00.454,419.5317753508925,995
2024-09-19 10:39:00.473,419.59824218025904,1005
2024-09-19 10:39:00.511,419.61845052098016,100
2024-09-19 10:39:00.568,419.60098555715336,14
2024-09-19 10:39:00.581,419.5863881964417,96
2024-09-19 10:39:00.645,419.589701480718,11
2024-09-19 10:39:00.667,419.51964767750445,104
2024-09-19 10:39:00.706,419.5617166410231,12
2024-09-19 10:39:00.787,419.5615444438709,7
2024-09-19 10:39:00.846,419.5627842420305,5
2024-09-19 10:39:00.877,419.5866941301512,1000
2024-09-19 10:39:00.890,419.5568427136858,996
2024-09-19 10:39:00.901,419.54648172036616,997
2024-09-19 10:39:00.909,419.6096219324161,15
2024-09-19 10:39:00.915,419.6012080717022,101
2024-09-19 10:39:00.918,419.5422099728503,1004
2024-09-19 10:39:00.921,419.5549222647992,1003
2024-09-19 10:39:00.926,419.5560338518902,101
2024-09-19 10:39:00.961,419.6114315400917,1004
2024-09-19 10:39:00.980,419.5491468824121,997
2024-09-19 10:39:00.997,419.6050219524598,96
2024-09-19 10:39:01.087,419.5879678561844,95
2024-09-19 10:39:01.100,419.5547741667787,1002
2024-09-19 10:39:01.146,419.5747458638047,96
2024-09-19 10:39:01.281,419.5670969968166,9
2024-09-19 10:39:01.294,419.56845640585874,104
2024-09-19 10:39:01.318,419.5852751098846,1003
2024-09-19 10:39:01.402,419.5889215056642,105
2024-09-19 10:39:01.445,419.563849128212,1003
2024-09-19 10:39:01.476,419.5546938161491,1005
2024-09-19 10:39:01.491,419.5735209094568,103
2024-09-19 10:39:01.544,419.57261702224304,1001
2024-09-19 10:39:01.552,419.569630170766,1002
2024-09-19 10:39:01.568,419.57087799168585,13
2024-09-19 10:39:01.590,419.5798233787641,1004
2024-09-19 10:39:01.591,419.5717045770928,1004
2024-09-19 10:39:01.594,419.57516419800425,97
2024-09-19 10:39:01.602,419.55719226319366,997
2024-09-19 10:39:01.615,419.55426018833856,11
2024-09-19 10:39:01.652,419.5595758836577,14
2024-09-19 10:39:01.662,419.57674837388623,8
2024-09-19 10:39:01.682,419.5566436247007,12
2024-09-19 10:39:01.700,419.5789443898689,999
2024-09-19 10:39:01.715,419.57309392169134,8
2024-09-19 10:39:01.733,419.56699599439,1003
2024-09-19 10:39:01.740,419.5974544001927,15
2024-09-19 10:39:01.830,419.568892152694,997
2024-09-19 10:39:01.861,419.5866279567956,100
2024-09-19 10:39:01.920,419.5641940353345,14
2024-09-19 10:39:01.950,419.5639935146757,102
2024-09-19 10:39:01.962,419.52605361128457,998
2024-09-19 10:39:02.095,419.578979157172,6
2024-09-19 10:39:02.200,419.53129572695474,100
2024-09-19 10:39:02.309,419.5711139602265,96
2024-09-19 10:39:02.351,419.5641889339472,104
2024-09-19 10:39:02.431,419.5789157113949,13
2024-09-19 10:39:02.487,419.6338293788032,8
2024-09-19 10:39:02.602,419.5692419988393,995
2024-09-19 10:39:02.603,,1001
2024-09-19 10:39:02.639,419.6356222664436,104
2024-09-19 10:39:02.707,419.5686220360037,13
2024-09-19 10:39:02.717,419.6311454755307,105
2024-09-19 10:39:02.724,419.546280716021,7
2024-09-19 10:39:02.918,419.5447572278208,997
2024-09-19 10:39:02.958,419.59969435792647,15
2024-09-19 10:39:02.996,419.57428046766415,1001
2024-09-19 10:39:03.092,419.6519816192756,14
2024-09-19 10:39:03.212,419.6660348949517,10
2024-09-19 10:39:03.331,419.66012738727545,98
2024-09-19 10:39:03.366,419.6613206524337,99
2024-09-19 10:39:03.479,419.6528277360168,996
2024-09-19 10:39:03.594,419.6326048394668,102
2024-09-19 10:39:03.615,419.6549271361045,995
2024-09-19 10:39:03.810,419.6476609856117,99
2024-09-19 10:39:03.866,419.6506074569815,10
2024-09-19 10:39:03.970,419.6171028652939,8
2024-09-19 10:39:03.970,419.6711956130361,995
2024-09-19 10:39:03.977,419.6385974531283,104
2024-09-19 10:39:04.008,-419.6477861366849,9
2024-09-19 10:39:04.070,419.6403507664656,104
2024-09-19 10:39:04.104,419.6042321897472,15
2024-09-19 10:39:04.140,419.5893896200792,998
2024-09-19 10:39:04.178,419.623824850783,12
2024-09-19 10:39:04.199,419.6293942680176,997
2024-09-19 10:39:04.326,419.5863075926627,12
2024-09-19 10:39:04.392,419.5983875507076,11
2024-09-19 10:39:04.405,419.6183709605146,997
2024-09-19 10:39:04.474,419.6080796078264,1004
2024-09-19 10:39:04.529,419.6454842394474,998
2024-09-19 10:39:04.546,419.625570347813,12
2024-09-19 10:39:04.600,419.6259900225612,13
2024-09-19 10:39:04.664,419.6366895016869,5
2024-09-19 10:39:04.679,419.6165025607847,12
2024-09-19 10:39:04.689,419.6496576394508,1000
2024-09-19 10:39:04.720,419.6449315677986,998
2024-09-19 10:39:04.777,419.6294429533337,999
2024-09-19 10:39:04.814,419.6512699639583,11
2024-09-19 10:39:04.837,419.6123231291896,100
2024-09-19 10:39:04.850,419.6378659120403,96
2024-09-19 10:39:04.850,419.62922176453753,99
2024-09-19 10:39:04.894,419.613817611172,8
2024-09-19 10:39:04.917,419.6009543573311,1002
2024-09-19 10:39:04.929,419.5924106356597,11
2024-09-19 10:39:04.981,419.64301870680833,11
2024-09-19 10:39:05.007,419.632923195463,100
2024-09-19 10:39:05.138,419.6672768445204,105
2024-09-19 10:39:05.172,419.6855499789434,1003
2024-09-19 10:39:05.187,419.6587580099739,1001
2024-09-19 10:39:05.236,,95
2024-09-19 10:39:05.264,419.6613614070313,9
2024-09-19 10:39:05.293,419.6763781407695,14
2024-09-19 10:39:05.402,419.6723166063573,1001
2024-09-19 10:39:05.406,419.6527331757729,95
2024-09-19 10:39:05.434,419.6599810524448,12
2024-09-19 10:39:05.619,419.6599445491349,15
2024-09-19 10:39:05.644,419.6776916979984,7
2024-09-19 10:39:05.724,419.6600430845405,996
2024-09-19 10:39:05.770,419.6570028318061,13
2024-09-19 10:39:05.795,419.6693853916737,96
2024-09-19 10:39:05.967,41.96743282928795,1001
2024-09-19 10:39:06.056,419.64314369481593,9
2024-09-19 10:39:06.079,419.65093702028247,1002
2024-09-19 10:39:06.089,419.6602368280657,1004
2024-09-19 10:39:06.115,419.6420353332658,13
2024-09-19 10:39:06.144,419.6957206214187,996
2024-09-19 10:39:06.202,419.6481882085993,1000
2024-09-19 10:39:06.212,419.67951707395343,9
2024-09-19 10:39:06.287,419.7458973826005,1003
2024-09-19 10:39:06.303,419.6652756081536,998
2024-09-19 10:39:06.359,419.6849954878127,96
2024-09-19 10:39:06.362,41.96493933900626,1000
2024-09-19 10:39:06.491,419.6518389727968,102
2024-09-19 10:39:06.500,419.6460223136701,995
2024-09-19 10:39:06.504,419.6259128606187,1001
2024-09-19 10:39:06.517,419.6754581295394,1003
2024-09-19 10:39:06.527,419.747413533166,7
2024-09-19 10:39:06.529,419.74797992007234,1000
2024-09-19 10:39:06.590,419.6523320119156,11
2024-09-19 10:39:06.611,419.7013823775741,104
2024-09-19 10:39:06.627,419.7316787616774,9
2024-09-19 10:39:06.632,419.68715000223824,98
2024-09-19 10:39:06.770,419.6473829140615,998
2024-09-19 10:39:06.808,419.61626007328704,1000
2024-09-19 10:39:06.851,419.656708026777,97
2024-09-19 10:39:06.858,419.6410645973118,997
2024-09-19 10:39:06.889,419.6727427890939,105
2024-09-19 10:39:06.902,419.721060575764,1000
2024-09-19 10:39:06.935,419.6311507444644,1005
2024-09-19 10:39:06.962,419.6682660945919,97
2024-09-19 10:39:07.047,419.72605113695016,1000
2024-09-19 10:39:07.120,419.7079775280967,13
2024-09-19 10:39:07.308,419.7305902420068,5
2024-09-19 10:39:07.457,419.7238472905586,13
2024-09-19 10:39:07.473,419.71110687277167,998
2024-09-19 10:39:07.737,419.7375567840196,95
2024-09-19 10:39:07.769,419.72161136388434,97
2024-09-19 10:39:07.897,419.7077376437353,998
2024-09-19 10:39:07.967,419.7200237395573,97
2024-09-19 10:39:08.074,419.70683817513606,95
2024-09-19 10:39:08.109,419.7158228899061,105
2024-09-19 10:39:08.142,419.71746903701336,102
2024-09-19 10:39:08.183,419.6878747046072,995
2024-09-19 10:39:08.185,419.7043054702059,1002
2024-09-19 10:39:08.205,419.72812585523207,11
2024-09-19 10:39:08.279,419.7053338925736,13
2024-09-19 10:39:08.344,419.7033786340968,98
2024-09-19 10:39:08.449,419.7088332342675,9
2024-09-19 10:39:08.502,419.7128409130757,101
2024-09-19 10:39:08.543,419.6878830420554,10
2024-09-19 10:39:08.561,419.70335116754063,1004
2024-09-19 10:39:08.568,419.6846222814643,6
2024-09-19 10:39:08.595,419.72722370623336,99
2024-09-19 10:39:08.602,419.7216010423198,998
2024-09-19 10:39:08.627,419.70855561718594,995
2024-09-19 10:39:08.719,419.7053738102983,6
2024-09-19 10:39:08.736,419.6883902033056,12
2024-09-19 10:39:08.754,419.70668808790464,999
2024-09-19 10:39:09.096,419.68986760522034,97
2024-09-19 10:39:09.138,419.6718201701116,1005
2024-09-19 10:39:09.225,419.6840544625844,96
2024-09-19 10:39:09.264,419.695624422525,7
2024-09-19 10:39:09.411,41.96911841326352,13
2024-09-19 10:39:09.434,419.6976559238456,995
2024-09-19 10:39:09.448,419.6593481457952,13
2024-09-19 10:39:09.480,419.7033740566508,98
2024-09-19 10:39:09.501,419.7089292650642,103
2024-09-19 10:39:09.536,419.71028585742334,1004
2024-09-19 10:39:09.543,419.68217631200025,1005
2024-09-19 10:39:09.566,419.6726129924785,13
2024-09-19 10:39:09.566,419.705426470027,8
2024-09-19 10:39:09.623,419.6980682652121,95
2024-09-19 10:39:09.650,419.66712687571805,105
2024-09-19 10:39:09.745,419.71007370924735,104
2024-09-19 10:39:09.768,419.68114315936816,96
2024-09-19 10:39:09.783,419.6997051289316,996
2024-09-19 10:39:09.891,419.70595091319126,11
2024-09-19 10:39:09.904,419.7108013422981,995
2024-09-19 10:39:10.103,419.66710855181896,1004
2024-09-19 10:39:10.166,419.6416303760655,101
2024-09-19 10:39:10.407,419.640810613987,14
2024-09-19 10:39:10.699,419.6595868742571,11
2024-09-19 10:39:10.924,419.6597082946252,999
2024-09-19 10:39:11.110,41.96616418337948,15
2024-09-19 10:39:11.171,419.74479499326,100
2024-09-19 10:39:11.186,419.73324532181175,1000
2024-09-19 10:39:11.215,419.65806731249097,102
2024-09-19 10:39:11.230,419.714476500181,998
2024-09-19 10:39:11.257,419.65521160146966,97
2024-09-19 10:39:11.301,419.6813837729848,5
2024-09-19 10:39:11.304,419.73951766411295,100
2024-09-19 10:39:11.435,419.7548926444907,103
2024-09-19 10:39:11.473,,103
2024-09-19 10:39:11.565,419.7422384776366,1005
2024-09-19 10:39:11.571,419.73830209302935,96
2024-09-19 10:39:11.631,419.7350605943618,1004
2024-09-19 10:39:11.767,419.6864004283375,5
2024-09-19 10:39:11.845,419.68272351239904,997
2024-09-19 10:39:11.845,419.7050168464868,98
2024-09-19 10:39:11.874,419.77241078507336,6
2024-09-19 10:39:11.891,419.7474840843647,14
2024-09-19 10:39:11.915,419.76507907584,7
2024-09-19 10:39:11.933,419.7981036133394,1003
2024-09-19 10:39:11.973,419.73836714637866,995
2024-09-19 10:39:12.412,419.7953516257818,105
2024-09-19 10:39:12.908,419.7921476549888,1003
2024-09-19 10:39:13.121,419.8145108902879,1000
2024-09-19 10:39:13.129,419.7815893101858,1003
2024-09-19 10:39:13.179,419.795838973277,998
2024-09-19 10:39:13.201,419.8060143675684,13
2024-09-19 10:39:13.211,419.8049618156788,995
2024-09-19 10:39:13.229,419.7931469311113,13
2024-09-19 10:39:13.253,419.8048137753516,1000
2024-09-19 10:39:13.351,419.791013327945,1004
2024-09-19 10:39:13.370,419.82071139953257,15
2024-09-19 10:39:13.384,419.8075045910067,997
2024-09-19 10:39:13.402,419.8279708500697,101
2024-09-19 10:39:13.424,419.7893201841197,103
2024-09-19 10:39:13.488,419.8214786187303,103
2024-09-19 10:39:13.501,419.8006386974844,997
2024-09-19 10:39:13.518,419.7990556053736,1003
2024-09-19 10:39:13.521,419.8111559880039,5
2024-09-19 10:39:13.549,419.7863071157887,9
2024-09-19 10:39:13.577,419.8003458550417,96
2024-09-19 10:39:13.582,419.7940186845537,95
2024-09-19 10:39:13.667,419.7932607339306,97
2024-09-19 10:39:13.722,419.8076391953572,995
2024-09-19 10:39:13.784,419.8128281009692,15
2024-09-19 10:39:13.813,419.83495996958027,15
2024-09-19 10:39:13.823,419.79926812643015,996
2024-09-19 10:39:13.930,419.80449686629794,1005
2024-09-19 10:39:13.956,419.795509213519,11
2024-09-19 10:39:14.178,419.80518812445246,1004
2024-09-19 10:39:14.289,419.80391844123005,999
2024-09-19 10:39:14.888,419.800304038628,105
2024-09-19 10:39:16.064,-419.8219215592663,998
2024-09-19 10:39:16.140,419.8266731603045,1002
2024-09-19 10:39:16.367,419.7986939919755,1003
2024-09-19 10:39:16.391,419.80577120834135,10
2024-09-19 10:39:16.433,419.79784464116665,1005
2024-09-19 10:39:16.480,419.8136432919483,98
2024-09-19 10:39:16.574,419.7936437519882,7
2024-09-19 10:39:16.704,419.8205545095617,1003
2024-09-19 10:39:16.777,419.78936405930943,100
2024-09-19 10:39:16.824,419.808255057668,7
2024-09-19 10:39:17.031,419.7100524896346,999
2024-09-19 10:39:17.241,419.70898012984384,97
2024-09-19 10:39:17.308,419.72564050447113,98
2024-09-19 10:39:17.320,-419.7177816946388,100
2024-09-19 10:39:17.371,419.7855920907936,7
2024-09-19 10:39:17.386,419.7204554661518,7
2024-09-19 10:39:17.412,419.7552775003074,996
2024-09-19 10:39:17.644,419.72928849132137,13
2024-09-19 10:39:17.664,419.7157849632121,1004
2024-09-19 10:39:17.717,419.7484001528214,100
2024-09-19 10:39:17.725,419.7267662989143,5
2024-09-19 10:39:17.771,419.7283738618828,13
2024-09-19 10:39:17.787,419.758995589525,100
2024-09-19 10:39:17.793,419.7013113812847,12
2024-09-19 10:39:17.837,419.73232091032463,101
2024-09-19 10:39:17.859,419.706775056144,998
2024-09-19 10:39:18.143,419.719676952192,96
2024-09-19 10:39:18.239,419.7259786181164,11
2024-09-19 10:39:18.347,419.6983859417391,12
2024-09-19 10:39:18.580,419.7022580291802,998
2024-09-19 10:39:19.165,419.7139034822415,12
2024-09-19 10:39:19.195,419.7177176101784,1001
2024-09-19 10:39:19.268,419.72346524593337,1002
2024-09-19 10:39:19.304,419.715226296718,11
2024-09-19 10:39:19.448,419.7372596335301,997
2024-09-19 10:39:19.475,419.7277284508704,99
2024-09-19 10:39:19.525,419.73407393255184,12
2024-09-19 10:39:19.701,419.7187376541089,1002
2024-09-19 10:39:19.811,419.7201503324607,103
2024-09-19 10:39:19.850,419.7294817093407,6
2024-09-19 10:39:19.980,419.71710640135086,6
2024-09-19 10:39:20.076,419.6883391123693,98
2024-09-19 10:39:20.244,419.700316118736,99
2024-09-19 10:39:20.258,419.73184525048526,1004
2024-09-19 10:39:20.293,419.7307816564318,96
2024-09-19 10:39:20.345,419.7340555817116,5
2024-09-19 10:39:20.366,419.7131104991485,102
2024-09-19 10:39:20.379,419.690830092099,105
2024-09-19 10:39:20.421,419.7277332529344,11
2024-09-19 10:39:20.425,419.6893056237128,6
2024-09-19 10:39:20.487,419.6719342696803,999
2024-09-19 10:39:20.494,419.7370069130544,11
2024-09-19 10:39:20.570,419.7252024626732,997
2024-09-19 10:39:20.624,419.6319320762095,15
2024-09-19 10:39:20.684,419.6902840445652,104
2024-09-19 10:39:20.814,419.6418182120544,10
2024-09-19 10:39:20.843,419.7196267030996,1002
2024-09-19 10:39:20.861,419.7171811629288,10
2024-09-19 10:39:20.876,419.7188247375812,102
2024-09-19 10:39:20.879,419.6850730792901,1003
2024-09-19 10:39:21.044,419.5583185988283,11
2024-09-19 10:39:21.125,419.6474293365473,995
2024-09-19 10:39:21.153,419.697636747208,998
2024-09-19 10:39:21.178,419.66252954762285,1000
2024-09-19 10:39:21.209,419.5740188050909,12
2024-09-19 10:39:21.215,419.7162426872706,105
2024-09-19 10:39:21.257,419.6945828049148,99
2024-09-19 10:39:21.291,419.7173918799596,995
2024-09-19 10:39:21.305,419.6299970966898,101
2024-09-19 10:39:21.307,419.68627005828273,6
2024-09-19 10:39:21.403,419.68099164888696,5
2024-09-19 10:39:21.487,419.6240742916804,10
2024-09-19 10:39:21.506,419.6842963327539,996
2024-09-19 10:39:21.518,419.6926923353723,99
2024-09-19 10:39:21.549,419.6098139735268,7
2024-09-19 10:39:21.550,419.6746752229677,9
2024-09-19 10:39:21.552,419.719312168798,1004
2024-09-19 10:39:21.642,419.6718704431625,8
2024-09-19 10:39:21.667,419.6412193906976,13
2024-09-19 10:39:21.708,419.6546692879238,103
2024-09-19 10:39:21.715,419.5843874120554,96
2024-09-19 10:39:21.729,419.6240101492021,103
2024-09-19 10:39:21.750,419.72906611093214,1004
2024-09-19 10:39:21.770,419.7320765392963,8
2024-09-19 10:39:21.807,419.62440827374667,999
2024-09-19 10:39:21.809,419.6173631671732,1002
2024-09-19 10:39:21.902,419.6559404579201,12
2024-09-19 10:39:21.936,419.7272282049345,5
2024-09-19 10:39:21.971,419.649539187497,100
2024-09-19 10:39:21.998,419.67792355701744,97
2024-09-19 10:39:22.001,419.5046010014364,6
2024-09-19 10:39:22.119,419.5252659528275,995
2024-09-19 10:39:22.148,419.50773342752905,103
2024-09-19 10:39:22.159,419.603556146606,13
2024-09-19 10:39:22.302,419.5003720837068,995
2024-09-19 10:39:22.401,419.5047875077705,9
2024-09-19 10:39:22.419,419.5948873712058,1002
2024-09-19 10:39:22.467,419.5601946040499,999
2024-09-19 10:39:22.478,419.58352845294456,9
2024-09-19 10:39:22.527,419.56863796569417,998
2024-09-19 10:39:22.566,419.5893352491877,99
2024-09-19 10:39:22.620,419.5526526235434,102
2024-09-19 10:39:22.634,419.5480520527674,97
2024-09-19 10:39:22.644,419.4917876359625,12
2024-09-19 10:39:22.665,419.59204254159954,998
2024-09-19 10:39:22.696,419.6265172100208,15
2024-09-19 10:39:22.736,419.5907464703094,10
2024-09-19 10:39:22.736,419.58840522801256,1003
2024-09-19 10:39:22.848,419.5667788569583,5
2024-09-19 10:39:22.897,419.50158331319847,1002
2024-09-19 10:39:22.920,419.5732169715334,999
2024-09-19 10:39:22.985,419.5985063243138,97
2024-09-19 10:39:23.111,419.58212777977417,5
2024-09-19 10:39:23.218,419.6194432177917,97
2024-09-19 10:39:23.326,419.633307000904,105
2024-09-19 10:39:23.646,419.62380761346526,1001
2024-09-19 10:39:23.886,419.6082147269005,102
2024-09-19 10:39:23.967,419.5966320310368,9
2024-09-19 10:39:24.513,419.6076461557935,14
2024-09-19 10:39:24.547,419.60980962583847,1005
2024-09-19 10:39:24.779,419.6158414455044,95
2024-09-19 10:39:25.011,419.6081631837454,997
2024-09-19 10:39:25.091,419.6119082675784,5
2024-09-19 10:39:25.115,419.58933069034265,1005
2024-09-19 10:39:25.122,419.5887222998157,1002
2024-09-19 10:39:25.172,419.5661167821065,95
2024-09-19 10:39:25.197,419.6152079118843,14
2024-09-19 10:39:25.204,419.61438063128895,14
2024-09-19 10:39:25.236,419.5878995004296,1000
2024-09-19 10:39:25.338,419.5665588930214,100
2024-09-19 10:39:25.345,419.61906991992095,999
2024-09-19 10:39:25.348,419.6238861110672,100
2024-09-19 10:39:25.350,419.6037591264145,99
2024-09-19 10:39:25.427,419.60430491277776,104
2024-09-19 10:39:25.436,419.6118989773908,995
2024-09-19 10:39:25.443,419.5934491877345,998
2024-09-19 10:39:25.460,419.59012171173686,8
2024-09-19 10:39:25.476,419.57222895449377,1000
2024-09-19 10:39:25.504,419.5993136442134,6
2024-09-19 10:39:25.581,419.5959673936709,101
2024-09-19 10:39:25.645,419.5702321954464,10
2024-09-19 10:39:25.749,419.5965577957074,95
2024-09-19 10:39:25.778,419.5791468396139,12
2024-09-19 10:39:25.815,419.5967013624762,6
2024-09-19 10:39:25.829,419.5747163548773,995
2024-09-19 10:39:25.893,419.5742182209714,998
2024-09-19 10:39:26.011,419.635864383022,95
2024-09-19 10:39:26.011,419.6411546521192,13
2024-09-19 10:39:26.013,419.6187314580341,101
2024-09-19 10:39:26.019,419.6164356072414,102
2024-09-19 10:39:26.023,419.6548812789479,7
2024-09-19 10:39:26.038,419.6087356622437,1002
2024-09-19 10:39:26.084,419.60379149944674,7
2024-09-19 10:39:26.096,419.6523185879868,9
2024-09-19 10:39:26.106,419.6051867149246,5
2024-09-19 10:39:26.158,419.5958026321767,101
2024-09-19 10:39:26.249,419.5917328593018,101
2024-09-19 10:39:26.268,419.5542805346876,103
2024-09-19 10:39:26.358,419.5924850444586,13
2024-09-19 10:39:26.370,419.5779211395364,1002
2024-09-19 10:39:26.417,419.629457533252,997
2024-09-19 10:39:26.476,419.6198756733877,9
2024-09-19 10:39:26.480,419.61599039577385,1001
2024-09-19 10:39:26.542,419.6516414655082,1002
2024-09-19 10:39:26.727,419.53115129670215,98
2024-09-19 10:39:26.749,419.6014334497433,8
2024-09-19 10:39:26.765,419.6642959543313,105
2024-09-19 10:39:26.776,419.5912935649562,1004
2024-09-19 10:39:26.800,419.5499664147607,998
2024-09-19 10:39:26.851,419.66099849572544,10
2024-09-19 10:39:26.880,419.5681212998753,1002
2024-09-19 10:39:26.896,419.6322058764144,101
2024-09-19 10:39:26.923,419.6313284282409,96
2024-09-19 10:39:26.927,419.5945741015215,7
2024-09-19 10:39:26.936,419.6099990611859,7
2024-09-19 10:39:27.016,419.5535563873639,1001
2024-09-19 10:39:27.023,419.5496119781873,7
2024-09-19 10:39:27.360,419.5751254820185,96
2024-09-19 10:39:27.373,419.5480576253101,12
2024-09-19 10:39:27.391,419.5656734426222,998
2024-09-19 10:39:27.458,419.5791591279568,12
2024-09-19 10:39:27.501,419.5387684507892,1003
2024-09-19 10:39:27.576,419.5602653580028,102
2024-09-19 10:39:27.765,419.582633803261,5
2024-09-19 10:39:27.777,419.5454810456725,97
2024-09-19 10:39:27.879,419.573048187622,5
2024-09-19 10:39:27.938,419.5771193669141,1000
2024-09-19 10:39:27.945,419.5494025811163,999
2024-09-19 10:39:27.960,419.5591652770016,104
2024-09-19 10:39:27.992,419.5448967099126,102
2024-09-19 10:39:28.209,419.600548928221,104
2024-09-19 10:39:28.224,,97
2024-09-19 10:39:28.230,419.5541487749004,1003
2024-09-19 10:39:28.237,419.5542047470355,5
2024-09-19 10:39:28.404,419.5955656784,998
2024-09-19 10:39:28.440,419.5976365647165,105
2024-09-19 10:39:28.469,419.6156309083253,11
2024-09-19 10:39:28.516,419.6060039589264,996
2024-09-19 10:39:28.586,419.55506660731135,1002
2024-09-19 10:39:28.625,419.59688678881287,997
2024-09-19 10:39:28.677,419.62277631579593,997
2024-09-19 10:39:28.888,41.96089176376992,1004
2024-09-19 10:39:28.928,419.5806979733895,9
2024-09-19 10:39:28.967,419.61385408449706,1004
2024-09-19 10:39:29.014,419.6493153387676,5
2024-09-19 10:39:29.231,419.6121795783606,100
2024-09-19 10:39:29.274,419.6114661056542,1004
2024-09-19 10:39:29.304,419.5836231244589,10
2024-09-19 10:39:29.387,419.61300042553137,6
2024-09-19 10:39:29.438,419.6257646699692,13
2024-09-19 10:39:29.490,419.67296143787655,5
2024-09-19 10:39:29.581,419.6288590057079,7
2024-09-19 10:39:29.606,419.64117950353386,999
2024-09-19 10:39:29.612,419.6270826259648,10
2024-09-19 10:39:29.656,419.67272223982815,8
2024-09-19 10:39:29.675,419.6390302371408,999
2024-09-19 10:39:29.957,419.5956828334869,95
2024-09-19 10:39:30.032,419.6139934401328,6
2024-09-19 10:39:30.070,419.6167283373085,997
2024-09-19 10:39:30.098,-419.6333260660591,1001
2024-09-19 10:39:30.132,419.6058940012676,12
2024-09-19 10:39:30.164,419.607145168365,995
2024-09-19 10:39:30.260,41.9591987630646,99
2024-09-19 10:39:30.265,419.63324802046185,15
2024-09-19 10:39:30.368,419.6192972541732,100
2024-09-19 10:39:30.375,419.6158489245509,1000
2024-09-19 10:39:30.394,419.6054132010869,95
2024-09-19 10:39:30.408,419.62866367460543,1005
2024-09-19 10:39:30.495,419.6178174390603,999
2024-09-19 10:39:30.524,419.6465828704066,996
2024-09-19 10:39:30.556,419.6159594932281,100
2024-09-19 10:39:30.573,419.6130066172439,1002
2024-09-19 10:39:30.679,419.590337124463,1003
2024-09-19 10:39:30.727,419.6174402649776,105
2024-09-19 10:39:30.764,419.6309813450854,995
2024-09-19 10:39:30.794,419.6055776668405,12
2024-09-19 10:39:30.838,419.6314717222899,1004
2024-09-19 10:39:30.845,419.6292402313866,14
2024-09-19 10:39:30.853,419.638468202266,1004
2024-09-19 10:39:30.872,419.63011183318224,1001
2024-09-19 10:39:30.878,419.6201043600447,103
2024-09-19 10:39:30.916,419.6105777847404,96
2024-09-19 10:39:30.916,419.6242243265706,95
2024-09-19 10:39:30.936,419.61539056361966,15
2024-09-19 10:39:30.987,419.6274655544225,1001
2024-09-19 10:39:31.867,419.63110680104586,101
2024-09-19 10:39:32.009,419.6124468256202,98
2024-09-19 10:39:32.279,419.642123251012,5
2024-09-19 10:39:32.331,419.6377668069874,15
2024-09-19 10:39:32.346,419.6343256423507,96
2024-09-19 10:39:32.351,419.6339440619175,998
2024-09-19 10:39:32.687,419.62729455848216,8
2024-09-19 10:39:32.866,419.653989417381,98
2024-09-19 10:39:33.064,419.6619276943373,1003
2024-09-19 10:39:33.069,419.6467874122971,6
2024-09-19 10:39:33.074,419.6485625963067,1003
2024-09-19 10:39:33.106,419.6445616081401,100
2024-09-19 10:39:33.179,419.6419646820098,9
2024-09-19 10:39:33.330,419.64722202729376,996
2024-09-19 10:39:33.347,419.66576694016817,999
2024-09-19 10:39:33.376,419.64238505830247,103
2024-09-19 10:39:33.490,419.6526920307092,1000
2024-09-19 10:39:33.495,419.6536519578378,9
2024-09-19 10:39:33.518,419.667833371809,6
2024-09-19 10:39:33.565,419.66073614738326,6
2024-09-19 10:39:33.582,419.6603278682894,103
2024-09-19 10:39:33.652,419.6471719606152,101
2024-09-19 10:39:33.670,419.6635043301912,1001
2024-09-19 10:39:33.672,419.6701635761988,97
2024-09-19 10:39:33.850,419.6649905279489,1003
2024-09-19 10:39:33.852,419.6395941941301,104
2024-09-19 10:39:33.969,419.6500592577799,10
2024-09-19 10:39:34.115,419.6522445700282,1000
2024-09-19 10:39:34.130,419.7824998412564,98
2024-09-19 10:39:34.143,-419.72933548471417,101
2024-09-19 10:39:34.253,419.7238845440242,1001
2024-09-19 10:39:34.257,419.6945569093471,8
2024-09-19 10:39:34.266,419.6603952769515,1004
2024-09-19 10:39:34.333,419.6692275275016,7
2024-09-19 10:39:34.353,419.6360673643669,997
2024-09-19 10:39:34.356,,96
2024-09-19 10:39:34.424,419.7258752115175,997
2024-09-19 10:39:34.445,419.6528436164104,7
2024-09-19 10:39:34.527,419.64203699277977,996
2024-09-19 10:39:34.554,419.6542367547465,999
2024-09-19 10:39:34.587,419.7555233471571,1004
2024-09-19 10:39:34.588,419.7381183446346,12
2024-09-19 10:39:34.627,419.6653049539769,998
2024-09-19 10:39:34.693,419.65752726899217,15
2024-09-19 10:39:34.703,419.7601966086478,9
2024-09-19 10:39:34.779,419.64947161182033,12
2024-09-19 10:39:34.799,419.6530448389263,101
2024-09-19 10:39:34.876,419.6674440110043,100
2024-09-19 10:39:34.948,419.6544717526774,15
2024-09-19 10:39:34.949,419.6572858287126,1004
2024-09-19 10:39:35.807,419.7868108255169,7
2024-09-19 10:39:36.512,419.77973635772105,95
2024-09-19 10:39:36.701,419.77932400549247,95
2024-09-19 10:39:36.737,419.7954248935941,102
2024-09-19 10:39:36.831,419.8013775246639,998
2024-09-19 10:39:37.138,419.776645841754,99
2024-09-19 10:39:37.291,419.7773571288709,996
2024-09-19 10:39:37.362,419.7833880387643,997
2024-09-19 10:39:37.373,419.7805615273268,1000
2024-09-19 10:39:37.396,419.7660086507718,1001
2024-09-19 10:39:37.462,419.7453739639164,8
2024-09-19 10:39:37.514,419.7533529072998,1000
2024-09-19 10:39:37.547,419.79488317608025,14
2024-09-19 10:39:37.581,419.7697418834325,995
2024-09-19 10:39:37.610,419.752075769651,103
2024-09-19 10:39:37.637,419.7688007627913,1003
2024-09-19 10:39:37.890,419.77982098759793,100
2024-09-19 10:39:38.019,419.8285632190628,9
2024-09-19 10:39:38.167,419.8846706675953,7
2024-09-19 10:39:38.218,419.8080040843225,95
2024-09-19 10:39:38.281,419.78227535731656,11
2024-09-19 10:39:38.287,419.780369041158,101
2024-09-19 10:39:38.336,419.8413403481358,101
2024-09-19 10:39:38.386,419.7957879106153,15
2024-09-19 10:39:38.429,419.77967969270776,104
2024-09-19 10:39:38.476,419.86425015087,998
2024-09-19 10:39:38.566,419.8611960758071,10
2024-09-19 10:39:38.639,419.83926813983646,8
2024-09-19 10:39:38.696,419.8645572102873,99
2024-09-19 10:39:38.730,419.7606357918814,12
2024-09-19 10:39:38.754,419.7820800286459,1003
2024-09-19 10:39:38.781,419.7786210250218,98
2024-09-19 10:39:38.817,419.7751096298108,10
2024-09-19 10:39:38.823,419.8611973666423,95
2024-09-19 10:39:38.850,419.8745722253728,104
2024-09-19 10:39:38.936,419.87773283225766,100
2024-09-19 10:39:38.953,419.7722048200151,97
2024-09-19 10:39:38.960,419.8730643940796,11
2024-09-19 10:39:38.972,419.7869882484355,999
2024-09-19 10:39:39.007,419.8293055569076,997
2024-09-19 10:39:39.104,41.98750092876608,1003
2024-09-19 10:39:39.218,419.8617633081448,13
2024-09-19 10:39:39.468,-419.8420325420562,995
2024-09-19 10:39:39.508,419.85127297501833,15
2024-09-19 10:39:39.531,419.88770568112585,105
2024-09-19 10:39:39.660,419.87718448398766,1001
2024-09-19 10:39:39.756,419.8839437513616,99
2024-09-19 10:39:39.928,419.8520841385452,104
2024-09-19 10:39:40.015,419.8444371718669,1005
2024-09-19 10:39:40.029,419.841966783115,998
2024-09-19 10:39:40.048,,1005
2024-09-19 10:39:40.109,419.8496219217965,97
2024-09-19 10:39:40.186,419.86306632666174,996
2024-09-19 10:39:40.193,419.8398449774436,1001
2024-09-19 10:39:40.282,419.8453753357658,6
2024-09-19 10:39:40.381,419.8413141684727,99
2024-09-19 10:39:40.423,419.85225658324975,1001
2024-09-19 10:39:40.512,419.85546837703976,13
2024-09-19 10:39:40.517,419.8545832679361,101
2024-09-19 10:39:40.523,419.8600562011399,1000
2024-09-19 10:39:40.592,419.833775173546,96
2024-09-19 10:39:40.666,419.8468467796064,1004
2024-09-19 10:39:40.697,419.828721319375,15
2024-09-19 10:39:40.762,419.8508930535572,1001
2024-09-19 10:39:40.777,419.8640623861195,8
2024-09-19 10:39:40.886,419.8572735852688,100
2024-09-19 10:39:40.927,419.8255259346822,98
2024-09-19 10:39:40.955,419.8373318590671,996
2024-09-19 10:39:40.968,419.8608654203714,1001
2024-09-19 10:39:41.155,419.8696441107237,6
2024-09-19 10:39:41.201,419.83650970713137,15
2024-09-19 10:39:41.278,419.8318674760367,14
2024-09-19 10:39:41.291,419.8708921739777,96
2024-09-19 10:39:41.354,419.8375219713144,13
2024-09-19 10:39:41.363,419.82960825687934,15
2024-09-19 10:39:41.373,419.8542857449904,101
2024-09-19 10:39:41.411,419.8541261168767,998
2024-09-19 10:39:41.481,419.8449704439797,96
2024-09-19 10:39:41.814,419.848966600014,999
2024-09-19 10:39:41.947,419.8596737313689,11
2024-09-19 10:39:41.957,419.8499891847843,8
2024-09-19 10:39:42.095,419.8385014219722,998
2024-09-19 10:39:42.166,419.8549767635426,99
2024-09-19 10:39:42.298,419.8321654966647,997
2024-09-19 10:39:42.323,419.8692944614679,97
2024-09-19 10:39:42.363,419.8383493103328,101
2024-09-19 10:39:42.384,419.8473956306997,101
2024-09-19 10:39:42.420,419.8331342876269,1001
2024-09-19 10:39:42.480,419.8454765360361,15
2024-09-19 10:39:42.501,419.8702492953895,8
2024-09-19 10:39:42.848,419.8353006102866,999
2024-09-19 10:39:42.857,419.87015024578847,95
2024-09-19 10:39:42.968,419.8263936108851,99
2024-09-19 10:39:42.985,419.8596805808511,7
2024-09-19 10:39:43.027,419.8861856107312,12
2024-09-19 10:39:43.087,419.8757320861568,98
2024-09-19 10:39:43.103,419.82467809552907,5
2024-09-19 10:39:43.160,419.867889891282,999
2024-09-19 10:39:43.162,419.8567151420588,12
2024-09-19 10:39:43.171,419.87176512561206,96
2024-09-19 10:39:43.287,419.8843206094804,1003
2024-09-19 10:39:43.342,419.84462249892704,1002
2024-09-19 10:39:43.363,419.8299690582153,14
2024-09-19 10:39:43.365,419.893543765486,9
2024-09-19 10:39:43.416,419.877103019602,8
2024-09-19 10:39:43.439,419.8553112318576,103
2024-09-19 10:39:43.699,419.86184481630846,95
2024-09-19 10:39:43.780,419.86082487206295,999
2024-09-19 10:39:43.812,-419.8301109187588,104
2024-09-19 10:39:43.821,419.8625576968281,97
2024-09-19 10:39:43.835,419.8621222950173,1001
2024-09-19 10:39:43.837,419.8388160705773,105
2024-09-19 10:39:43.850,419.8776067042807,12
2024-09-19 10:39:43.868,419.857876044972,105
2024-09-19 10:39:43.869,419.8721243355588,13
2024-09-19 10:39:43.873,419.8865389012056,996
2024-09-19 10:39:43.970,419.86220384260673,104
2024-09-19 10:39:43.991,419.8452664291446,10
2024-09-19 10:39:44.026,419.8666164300903,1001
2024-09-19 10:39:44.295,419.8848486931688,98
2024-09-19 10:39:44.299,419.8667337073716,7
2024-09-19 10:39:44.332,419.84962257414026,1004
2024-09-19 10:39:44.551,419.88505522187614,1005
2024-09-19 10:39:44.555,419.8605472153716,7
2024-09-19 10:39:44.579,419.85220820248986,1001
2024-09-19 10:39:44.592,419.8543043162405,96
2024-09-19 10:39:44.650,419.9109327553043,997
2024-09-19 10:39:44.656,419.8743075884111,102
2024-09-19 10:39:44.656,419.8696390142893,13
2024-09-19 10:39:44.692,419.84270316541495,7
2024-09-19 10:39:44.696,419.8782639138732,9
2024-09-19 10:39:44.891,419.89793419067183,11
2024-09-19 10:39:44.894,419.8947602994792,105
2024-09-19 10:39:44.931,419.8936374018039,103
2024-09-19 10:39:45.013,419.8643888581668,15
2024-09-19 10:39:45.077,419.8377077617591,99
2024-09-19 10:39:45.143,419.86257706828064,1001
2024-09-19 10:39:45.271,419.8594891957507,999
2024-09-19 10:39:45.271,419.8359241770515,1001
2024-09-19 10:39:45.313,419.85140706438335,12
2024-09-19 10:39:45.316,419.8843391023025,99
2024-09-19 10:39:45.542,419.8646248625823,11
2024-09-19 10:39:45.558,419.85736960027833,13
2024-09-19 10:39:45.574,419.85053434490857,995
2024-09-19 10:39:45.579,419.8652326356068,995
2024-09-19 10:39:45.589,419.84815119352777,12
2024-09-19 10:39:45.652,419.84212517924016,100
2024-09-19 10:39:45.665,419.8383908904898,999
2024-09-19 10:39:45.786,419.8486890372263,1002
2024-09-19 10:39:45.825,419.85877625314254,97
2024-09-19 10:39:45.941,419.8728458957287,1005
2024-09-19 10:39:45.948,-419.8328544643588,997
2024-09-19 10:39:45.992,419.8436931521406,105
2024-09-19 10:39:46.104,419.8751732898932,104
2024-09-19 10:39:46.178,419.8636304907722,103
2024-09-19 10:39:46.198,419.89900803592354,995
2024-09-19 10:39:46.216,419.89440227184576,9
2024-09-19 10:39:46.218,419.8815373981339,97
2024-09-19 10:39:46.244,419.85492957295367,96
2024-09-19 10:39:46.376,419.8767124393998,998
2024-09-19 10:39:46.520,419.8700668415864,102
2024-09-19 10:39:46.536,419.85089073849264,999
2024-09-19 10:39:46.539,419.86343196660346,14
2024-09-19 10:39:46.540,419.8994839842037,15
2024-09-19 10:39:46.558,419.8878713466017,6
2024-09-19 10:39:46.570,419.8831311940128,12
2024-09-19 10:39:46.610,419.91719057627023,12
2024-09-19 10:39:46.614,419.8633677508093,15
2024-09-19 10:39:46.662,419.8340133228772,104
2024-09-19 10:39:46.721,419.88961421220415,5
2024-09-19 10:39:46.793,419.86042030816986,5
2024-09-19 10:39:46.823,419.8824634747931,14
2024-09-19 10:39:46.886,419.8619365321711,1003
2024-09-19 10:39:46.918,419.8762521042372,97
2024-09-19 10:39:46.995,419.86505390578895,101
2024-09-19 10:39:47.083,419.85811177463313,103
2024-09-19 10:39:47.114,419.7428930968164,100
2024-09-19 10:39:47.116,419.8475624645033,5
2024-09-19 10:39:47.126,419.7827896441426,996
2024-09-19 10:39:47.136,419.74183033001896,96
2024-09-19 10:39:47.223,419.74807775135486,15
2024-09-19 10:39:47.270,419.7317551285226,10
2024-09-19 10:39:47.287,419.84673134601576,995
2024-09-19 10:39:47.336,419.7867663232192,999
2024-09-19 10:39:47.420,419.7661061715381,13
2024-09-19 10:39:47.502,419.7888602494385,12
2024-09-19 10:39:47.532,419.8009420893493,996
2024-09-19 10:39:47.594,419.859302726091,96
2024-09-19 10:39:47.607,419.7602853739379,102
2024-09-19 10:39:47.617,419.8338787125964,998
2024-09-19 10:39:47.662,419.73870452056383,1003
2024-09-19 10:39:47.689,419.7319794023891,1003
2024-09-19 10:39:47.742,419.7228449138459,5
2024-09-19 10:39:47.744,419.7560197693202,99
2024-09-19 10:39:47.762,419.7326150341513,95
2024-09-19 10:39:47.803,419.8001227755572,6
2024-09-19 10:39:47.853,419.8576291384319,12
2024-09-19 10:39:47.865,419.7305389915903,105
2024-09-19 10:39:47.912,419.7669647957486,102
2024-09-19 10:39:47.919,419.7494817771392,1005
2024-09-19 10:39:47.993,419.8308489750344,998
2024-09-19 10:39:47.996,419.860081879738,12
2024-09-19 10:39:48.210,419.7187725197769,1005
2024-09-19 10:39:48.226,419.72846596017297,1005
2024-09-19 10:39:48.238,419.72196044567545,104
2024-09-19 10:39:48.274,419.7111393783805,6
2024-09-19 10:39:48.566,419.7159374910524,1001
2024-09-19 10:39:48.648,419.72376445827416,103
2024-09-19 10:39:48.951,419.7226733987295,102
2024-09-19 10:39:49.137,419.7028677352428,9
2024-09-19 10:39:49.194,419.6972050112505,12
2024-09-19 10:39:49.618,419.7009826324868,1000
2024-09-19 10:39:49.736,419.7006704213864,99
2024-09-19 10:39:50.107,419.63523546192863,8
2024-09-19 10:39:50.175,419.6902041631012,14
2024-09-19 10:39:50.183,419.7389090223765,100
2024-09-19 10:39:50.193,419.6852699106187,1004
2024-09-19 10:39:50.214,419.6463564354215,10
2024-09-19 10:39:50.285,419.703767885162,96
2024-09-19 10:39:50.298,419.7086077792279,97
2024-09-19 10:39:50.316,419.7199377062024,101
2024-09-19 10:39:50.364,419.649911213693,98
2024-09-19 10:39:50.404,419.7028688168375,9
2024-09-19 10:39:50.436,419.6140419416765,105
2024-09-19 10:39:50.530,419.71131124526585,1003
2024-09-19 10:39:50.630,419.7500793690616,1003
2024-09-19 10:39:50.697,419.6662690889714,14
2024-09-19 10:39:50.735,419.6152271800525,1003
2024-09-19 10:39:50.741,419.63183683043775,101
2024-09-19 10:39:50.830,419.63791042652895,13
2024-09-19 10:39:50.859,419.7214502561423,999
2024-09-19 10:39:50.887,419.7296206844991,5
2024-09-19 10:39:50.966,419.7146933952792,13
2024-09-19 10:39:51.017,419.5951264411423,100
2024-09-19 10:39:51.092,419.6002355278902,98
2024-09-19 10:39:51.201,419.59564000031503,102
2024-09-19 10:39:51.208,419.5964666435518,13
2024-09-19 10:39:51.225,419.59469885377695,97
2024-09-19 10:39:51.230,419.62902482513726,9
2024-09-19 10:39:51.243,419.6100337595087,96
2024-09-19 10:39:51.252,419.59900498126166,103
2024-09-19 10:39:51.271,419.60648229159,101
2024-09-19 10:39:51.281,419.6231825941168,99
2024-09-19 10:39:51.333,419.583482328433,100
2024-09-19 10:39:51.391,419.5924247695596,1001
2024-09-19 10:39:51.499,419.6300101227232,103
2024-09-19 10:39:51.521,419.5785833548552,8
2024-09-19 10:39:51.540,419.63516559457554,7
2024-09-19 10:39:51.604,419.5849756041547,15
2024-09-19 10:39:51.684,419.6181788144097,7
2024-09-19 10:39:51.695,-419.5721704313269,1001
2024-09-19 10:39:51.971,419.6239092536852,14
2024-09-19 10:39:52.003,419.5448998158784,6
2024-09-19 10:39:52.088,419.5853895811752,105
2024-09-19 10:39:52.119,419.6285518202473,14
2024-09-19 10:39:52.130,419.620927765154,13
2024-09-19 10:39:52.187,419.6195596767229,1001
2024-09-19 10:39:52.200,419.5664887746781,998
2024-09-19 10:39:52.216,419.5890770733124,7
2024-09-19 10:39:52.217,419.632193202418,1001
2024-09-19 10:39:52.225,419.5497981079944,105
2024-09-19 10:39:52.259,419.5561115471472,6
2024-09-19 10:39:52.286,419.5726797508292,996
2024-09-19 10:39:52.348,419.58320908631066,97
2024-09-19 10:39:52.364,419.5885604287998,6
2024-09-19 10:39:52.378,419.5625416620728,96
2024-09-19 10:39:52.379,419.5783969786002,11
2024-09-19 10:39:52.396,419.5634590388937,11
2024-09-19 10:39:52.430,419.6121129917167,5
2024-09-19 10:39:52.572,419.5602754604069,8
2024-09-19 10:39:52.576,419.612221123278,999
2024-09-19 10:39:52.698,419.5788867135551,103
2024-09-19 10:39:52.801,419.60410179512047,13
2024-09-19 10:39:52.897,419.5572596226007,103
2024-09-19 10:39:52.946,419.5723433258668,98
2024-09-19 10:39:53.071,419.5377191247216,98
2024-09-19 10:39:53.128,419.5460930759351,9
2024-09-19 10:39:53.284,419.5561448044255,103
2024-09-19 10:39:53.332,419.5656098775584,997
2024-09-19 10:39:53.529,419.5448912384661,10
2024-09-19 10:39:53.706,419.56386290962246,11
2024-09-19 10:39:53.758,419.5448620426389,99
2024-09-19 10:39:53.775,419.5517029622077,104
2024-09-19 10:39:53.812,419.5452259632,13
2024-09-19 10:39:53.816,419.5365726218025,1003
2024-09-19 10:39:53.940,419.542151563135,13
2024-09-19 10:39:54.243,419.5144525652537,100
2024-09-19 10:39:54.292,419.5207196827725,15
2024-09-19 10:39:54.454,419.4986352302,11
2024-09-19 10:39:54.468,419.5204279031205,13
2024-09-19 10:39:54.515,419.5181955513555,8
2024-09-19 10:39:54.534,419.5155706496382,12
2024-09-19 10:39:54.547,419.5034776998902,998
2024-09-19 10:39:54.623,419.5131025431919,998
2024-09-19 10:39:54.674,419.5079437171236,13
2024-09-19 10:39:54.712,419.50937553333017,995
2024-09-19 10:39:54.792,419.5230979248056,1005
2024-09-19 10:39:54.859,419.5112331684137,995
2024-09-19 10:39:54.873,419.50997391949744,1001
2024-09-19 10:39:54.956,419.49125648112863,998
2024-09-19 10:39:54.979,419.4976053970686,1000
2024-09-19 10:39:55.036,419.48713817416143,10
2024-09-19 10:39:55.097,419.47955960456943,6
2024-09-19 10:39:55.178,419.4748043433296,96
2024-09-19 10:39:55.358,419.47580660756506,1001
2024-09-19 10:39:55.381,419.4908682463957,8
2024-09-19 10:39:55.442,419.514316239472,1002
2024-09-19 10:39:55.457,419.49998989179767,1001
2024-09-19 10:39:55.460,419.47830768812713,13
2024-09-19 10:39:55.490,419.5153604295941,98
2024-09-19 10:39:55.517,419.464073812562,1002
2024-09-19 10:39:55.608,419.4961070257642,9
2024-09-19 10:39:55.613,419.4847067084072,105
2024-09-19 10:39:55.634,419.5208070253236,996
2024-09-19 10:39:55.649,419.4974206660281,96
2024-09-19 10:39:55.668,419.4660930336307,1003
2024-09-19 10:39:55.672,419.4662432061768,10
2024-09-19 10:39:55.713,419.4725959533299,7
2024-09-19 10:39:55.758,419.4989062641884,1004
2024-09-19 10:39:55.796,419.5198706804187,998
2024-09-19 10:39:55.828,419.5174639947476,995
2024-09-19 10:39:55.892,419.4959583674093,5
2024-09-19 10:39:55.910,419.5131953895216,6
2024-09-19 10:39:55.914,419.4762288765908,996
2024-09-19 10:39:55.929,419.48132718675527,97
2024-09-19 10:39:55.977,419.5094558979766,11
2024-09-19 10:39:56.015,419.4883072951054,9
2024-09-19 10:39:56.035,419.5481937290125,1001
2024-09-19 10:39:56.070,419.53388866840027,995
2024-09-19 10:39:56.151,419.51447533725695,11
2024-09-19 10:39:56.200,419.55582949891874,5
2024-09-19 10:39:56.241,419.5446144048282,15
2024-09-19 10:39:56.318,419.5732091839446,996
2024-09-19 10:39:56.357,419.5584424352231,5
2024-09-19 10:39:56.437,419.4864322857874,14
2024-09-19 10:39:56.609,419.52104401757487,999
2024-09-19 10:39:56.644,419.545780473252,10
2024-09-19 10:39:56.688,419.5621832696132,15
2024-09-19 10:39:56.803,419.5335131783501,995
2024-09-19 10:39:56.861,419.51670174407775,13
2024-09-19 10:39:56.866,419.57304882302265,105
2024-09-19 10:39:56.902,419.5389388238961,1002
2024-09-19 10:39:56.929,419.5311496308929,104
2024-09-19 10:39:56.951,419.5162871549216,995
2024-09-19 10:39:56.986,419.4907301173178,95
2024-09-19 10:39:57.074,419.5601043209712,1005
2024-09-19 10:39:57.194,419.5671668545589,999
2024-09-19 10:39:57.236,419.58775986221326,101
2024-09-19 10:39:57.254,419.48870912964514,10
2024-09-19 10:39:57.304,419.5175944628128,12
2024-09-19 10:39:57.331,419.58868843477126,998
2024-09-19 10:39:57.388,419.4726204869921,6
2024-09-19 10:39:57.403,419.5735956456599,98
2024-09-19 10:39:57.437,419.5007279226776,9
2024-09-19 10:39:57.608,419.4714709898346,5
2024-09-19 10:39:57.647,419.5884136743949,103
2024-09-19 10:39:57.830,419.4763759879312,998
2024-09-19 10:39:57.857,419.51622212446256,997
2024-09-19 10:39:57.898,419.5051802441803,998
2024-09-19 10:39:57.900,419.4651907457766,997
2024-09-19 10:39:57.907,419.5268443333276,7
2024-09-19 10:39:57.934,419.4677074174226,1005
2024-09-19 10:39:57.962,419.45864609136447,998
2024-09-19 10:39:58.018,419.6290305756602,10
2024-09-19 10:39:58.060,419.5785880495095,999
2024-09-19 10:39:58.069,419.49546455817926,995
2024-09-19 10:39:58.186,419.6116444013223,12
2024-09-19 10:39:58.192,419.5461715642632,7
2024-09-19 10:39:58.208,419.6027531795637,1003
2024-09-19 10:39:58.272,419.6130806026706,1003
2024-09-19 10:39:58.353,419.57958304764185,1001
2024-09-19 10:39:58.368,419.61539260660953,5
2024-09-19 10:39:58.387,419.57259107615766,996
2024-09-19 10:39:58.444,419.6268065841734,9
2024-09-19 10:39:58.467,419.5709304318966,105
2024-09-19 10:39:58.478,419.5316084872672,15
2024-09-19 10:39:58.485,419.5598602779348,1004
2024-09-19 10:39:58.590,419.5730471602651,998
2024-09-19 10:39:58.602,419.5561058179069,8
2024-09-19 10:39:58.625,419.6073161396532,95
2024-09-19 10:39:58.655,419.6150165605184,97
2024-09-19 10:39:58.789,419.5604687647525,996
2024-09-19 10:39:58.841,419.6026135683833,105
2024-09-19 10:39:58.897,41.963625364791376,14
2024-09-19 10:39:58.913,419.50386562773247,998
2024-09-19 10:39:58.994,419.5994097587713,8
2024-09-19 10:39:58.998,419.5949834067753,998
2024-09-19 10:39:59.210,419.5057520058161,103
2024-09-19 10:39:59.473,419.5115626714521,997
2024-09-19 10:39:59.474,419.5019726613675,1000
2024-09-19 10:39:59.513,419.481740471271,96
2024-09-19 10:39:59.647,419.4968078641824,97
2024-09-19 10:39:59.923,419.4953497844497,998
