Timestamp,Price,Size
2024-09-17 09:44:00.088,415.3307228148031,105
2024-09-17 09:44:00.110,415.3013089518421,96
2024-09-17 09:44:00.161,415.2403076148024,103
2024-09-17 09:44:00.203,415.2480505922495,103
2024-09-17 09:44:00.270,415.3050079674352,101
2024-09-17 09:44:00.365,415.2548384793772,1000
2024-09-17 09:44:00.375,415.24566326032414,99
2024-09-17 09:44:00.443,415.27488968823343,100
2024-09-17 09:44:00.451,415.23056906740624,12
2024-09-17 09:44:00.467,415.3064470362711,13
2024-09-17 09:44:00.497,415.3061311879388,1002
2024-09-17 09:44:00.613,415.2225831432834,101
2024-09-17 09:44:00.627,415.2470844684587,1004
2024-09-17 09:44:00.678,415.24135186082856,105
2024-09-17 09:44:00.778,415.2362107076848,99
2024-09-17 09:44:00.805,415.2678673758768,102
2024-09-17 09:44:00.812,415.3080005500725,14
2024-09-17 09:44:00.843,415.2529870663696,99
2024-09-17 09:44:00.901,415.3376684258385,996
2024-09-17 09:44:00.921,415.2228589460141,101
2024-09-17 09:44:00.935,415.2902709683588,10
2024-09-17 09:44:00.956,415.2514971854132,997
2024-09-17 09:44:01.072,415.25521585878704,6
2024-09-17 09:44:01.116,415.1281832342219,95
2024-09-17 09:44:01.139,415.2502564120785,97
2024-09-17 09:44:01.147,41.51387624931268,105
2024-09-17 09:44:01.166,415.2433826534151,1001
2024-09-17 09:44:01.167,415.13343777957294,1000
2024-09-17 09:44:01.190,-415.19631304631554,997
2024-09-17 09:44:01.202,415.16504377535824,95
2024-09-17 09:44:01.204,415.134900696406,1005
2024-09-17 09:44:01.222,415.1939261082141,99
2024-09-17 09:44:01.284,415.1367858699634,101
2024-09-17 09:44:01.318,415.1779386009474,11
2024-09-17 09:44:01.380,415.26162498458456,14
2024-09-17 09:44:01.408,-415.249107070845,1001
2024-09-17 09:44:01.485,415.1463308997063,97
2024-09-17 09:44:01.497,415.14812275898646,100
2024-09-17 09:44:01.505,415.1268287309626,95
2024-09-17 09:44:01.508,415.21639252354265,96
2024-09-17 09:44:01.511,415.236369712714,1004
2024-09-17 09:44:01.512,415.1774422614459,1003
2024-09-17 09:44:01.596,415.2186486314826,11
2024-09-17 09:44:01.632,415.1974877245526,9
2024-09-17 09:44:01.754,415.1827117434085,1005
2024-09-17 09:44:01.773,415.2237401712797,15
2024-09-17 09:44:01.846,415.1606312486643,105
2024-09-17 09:44:01.862,415.2151003900217,11
2024-09-17 09:44:01.923,415.2144750249874,102
2024-09-17 09:44:01.931,415.2323538482499,6
2024-09-17 09:44:01.971,415.1414491865137,95
2024-09-17 09:44:02.009,415.1312788602453,1005
2024-09-17 09:44:02.089,415.1300494509175,98
2024-09-17 09:44:02.144,415.09524571218753,996
2024-09-17 09:44:02.202,415.16986574281634,10
2024-09-17 09:44:02.218,415.1516565595234,103
2024-09-17 09:44:02.329,415.14916696733474,6
2024-09-17 09:44:02.332,-415.1336221572278,13
2024-09-17 09:44:02.344,415.1191045833763,11
2024-09-17 09:44:02.422,415.1171983813413,97
2024-09-17 09:44:02.459,415.1329844158173,101
2024-09-17 09:44:02.672,415.16125093155233,1004
2024-09-17 09:44:02.705,415.1565683539849,1001
2024-09-17 09:44:02.766,415.1746139124348,99
2024-09-17 09:44:02.986,415.17160023783657,95
2024-09-17 09:44:03.060,415.1214501277177,101
2024-09-17 09:44:03.079,415.1100183329644,98
2024-09-17 09:44:03.105,415.12360114143394,11
2024-09-17 09:44:03.106,415.1122922883328,14
2024-09-17 09:44:03.123,415.11097335991934,999
2024-09-17 09:44:03.129,415.0946170032552,99
2024-09-17 09:44:03.577,415.1095635062552,96
2024-09-17 09:44:03.632,415.0963307914398,996
2024-09-17 09:44:03.669,415.1142388403312,11
2024-09-17 09:44:03.948,415.1084264235617,11
2024-09-17 09:44:04.008,415.03854300443646,1003
2024-09-17 09:44:04.025,415.0823521192728,7
2024-09-17 09:44:04.067,415.0858065692608,14
2024-09-17 09:44:04.104,415.1124426050444,7
2024-09-17 09:44:04.119,415.0879016589241,9
2024-09-17 09:44:04.141,415.025348294499,98
2024-09-17 09:44:04.150,415.075215618856,100
2024-09-17 09:44:04.171,415.0724761883111,6
2024-09-17 09:44:04.203,415.0454270267772,13
2024-09-17 09:44:04.228,415.0910159786683,14
2024-09-17 09:44:04.269,415.11216915318346,103
2024-09-17 09:44:04.274,415.05968594420216,101
2024-09-17 09:44:04.293,415.09102766165455,13
2024-09-17 09:44:04.311,415.0903246146091,97
2024-09-17 09:44:04.417,415.08526986920657,14
2024-09-17 09:44:04.419,415.0666775774362,998
2024-09-17 09:44:04.431,415.0516357889723,96
2024-09-17 09:44:04.450,415.08606739718255,99
2024-09-17 09:44:04.465,415.05164375333567,98
2024-09-17 09:44:04.481,415.0731051301219,99
2024-09-17 09:44:04.526,415.0927374437819,14
2024-09-17 09:44:04.548,415.0599805196726,13
2024-09-17 09:44:04.642,415.1002314405574,996
2024-09-17 09:44:04.693,415.1183694040312,1003
2024-09-17 09:44:04.733,415.0818119713755,10
2024-09-17 09:44:04.990,415.0246328134531,102
2024-09-17 09:44:04.995,415.0731005999084,1005
2024-09-17 09:44:05.380,415.02583674513966,101
2024-09-17 09:44:05.541,415.0301840806012,1003
2024-09-17 09:44:05.773,415.0203460491773,8
2024-09-17 09:44:05.912,415.03561129102354,102
2024-09-17 09:44:05.959,415.01846962102303,1003
2024-09-17 09:44:06.053,415.0546816165177,103
2024-09-17 09:44:06.178,415.0088154995252,14
2024-09-17 09:44:06.253,415.0206558935872,1000
2024-09-17 09:44:06.276,415.049615860314,1005
2024-09-17 09:44:06.382,415.0302546189671,105
2024-09-17 09:44:06.431,415.0497548968669,13
2024-09-17 09:44:06.445,415.013234315575,14
2024-09-17 09:44:06.533,415.0505178226895,1004
2024-09-17 09:44:06.637,415.0130655559567,14
2024-09-17 09:44:06.698,415.0227872217028,1000
2024-09-17 09:44:06.912,415.0082176504943,995
2024-09-17 09:44:06.930,415.00443239610416,102
2024-09-17 09:44:07.003,414.9936839979537,99
2024-09-17 09:44:07.015,415.04437497877854,7
2024-09-17 09:44:07.021,415.0298082022097,13
2024-09-17 09:44:07.039,415.0326653283892,1004
2024-09-17 09:44:07.062,414.976303674688,101
2024-09-17 09:44:07.106,414.9801862067689,103
2024-09-17 09:44:07.107,415.0315633010633,100
2024-09-17 09:44:07.208,415.0225665501225,13
2024-09-17 09:44:07.226,414.97551839638726,1000
2024-09-17 09:44:07.274,415.0082194668696,7
2024-09-17 09:44:07.311,414.9651325864828,9
2024-09-17 09:44:07.330,415.0434712289865,14
2024-09-17 09:44:07.341,414.9645447541565,15
2024-09-17 09:44:07.347,414.9703312004527,1001
2024-09-17 09:44:07.364,414.995686266328,101
2024-09-17 09:44:07.372,415.0248275681232,1004
2024-09-17 09:44:07.415,414.9665424856237,102
2024-09-17 09:44:07.454,415.0187964724567,9
2024-09-17 09:44:07.505,415.0269235148946,1003
2024-09-17 09:44:07.535,415.0006586468865,1003
2024-09-17 09:44:07.535,415.005623092065,99
2024-09-17 09:44:07.546,415.0325672040107,105
2024-09-17 09:44:07.561,415.030260972227,101
2024-09-17 09:44:07.580,415.030052931939,1005
2024-09-17 09:44:07.626,415.0345396979027,1004
2024-09-17 09:44:07.776,414.9610884689618,997
2024-09-17 09:44:07.850,415.0403458133049,10
2024-09-17 09:44:07.866,414.9740269116411,97
2024-09-17 09:44:07.985,414.9616474334457,7
2024-09-17 09:44:08.003,414.9699007733251,1002
2024-09-17 09:44:08.003,414.9771413055808,998
2024-09-17 09:44:08.021,414.9729271254035,1005
2024-09-17 09:44:08.033,415.03966781734897,998
2024-09-17 09:44:08.097,414.9639562609426,15
2024-09-17 09:44:08.119,414.958296933278,1002
2024-09-17 09:44:08.301,414.98903442275673,100
2024-09-17 09:44:08.330,415.0065007167288,14
2024-09-17 09:44:08.388,415.0205580540804,1001
2024-09-17 09:44:08.457,414.9876025171354,5
2024-09-17 09:44:08.466,414.96264230007125,13
2024-09-17 09:44:08.494,415.00125384450166,14
2024-09-17 09:44:08.702,414.97178219779545,95
2024-09-17 09:44:08.841,414.96045746273467,1004
2024-09-17 09:44:08.878,415.0294149349171,15
2024-09-17 09:44:08.897,415.0160002255063,95
2024-09-17 09:44:08.906,415.04329363876286,15
2024-09-17 09:44:09.010,415.0451109815778,5
2024-09-17 09:44:09.035,415.0403852060248,9
2024-09-17 09:44:09.164,415.0591598101262,10
2024-09-17 09:44:09.183,415.0455572640639,98
2024-09-17 09:44:09.281,415.05717181823,96
2024-09-17 09:44:09.293,415.0854827505189,10
2024-09-17 09:44:09.376,415.0469754709399,13
2024-09-17 09:44:09.704,415.0663240984551,11
2024-09-17 09:44:09.930,415.0476367632482,101
2024-09-17 09:44:10.031,415.2121390237039,13
2024-09-17 09:44:10.035,415.0922215025638,11
2024-09-17 09:44:10.049,415.0717440944866,5
2024-09-17 09:44:10.058,415.1413708632285,1002
2024-09-17 09:44:10.101,415.2005857232437,14
2024-09-17 09:44:10.147,415.1945273728042,98
2024-09-17 09:44:10.219,415.1692228532526,5
2024-09-17 09:44:10.247,415.0791043586983,101
2024-09-17 09:44:10.278,415.0639551471053,8
2024-09-17 09:44:10.329,415.08869046568896,998
2024-09-17 09:44:10.462,415.2092314572557,1003
2024-09-17 09:44:10.497,415.093557322524,97
2024-09-17 09:44:10.510,415.1191160114796,9
2024-09-17 09:44:10.589,415.0749372675281,998
2024-09-17 09:44:10.758,415.0669561780296,6
2024-09-17 09:44:10.759,415.0979495451026,995
2024-09-17 09:44:10.768,415.173570658804,99
2024-09-17 09:44:10.783,415.1330376674825,101
2024-09-17 09:44:10.793,415.1563286238693,997
2024-09-17 09:44:10.912,415.0885502146012,997
2024-09-17 09:44:10.946,415.0587245340244,1002
2024-09-17 09:44:10.995,415.175328883268,101
2024-09-17 09:44:11.081,415.1214264148108,7
2024-09-17 09:44:11.083,415.1181127862091,12
2024-09-17 09:44:11.149,415.1218096469203,96
2024-09-17 09:44:11.220,415.1390021889073,1001
2024-09-17 09:44:11.225,415.1079771325794,13
2024-09-17 09:44:11.309,415.1951170485097,9
2024-09-17 09:44:11.382,415.084988862472,104
2024-09-17 09:44:11.432,415.0932089326417,97
2024-09-17 09:44:11.476,415.1380154942458,105
2024-09-17 09:44:11.573,415.17967691042907,10
2024-09-17 09:44:11.696,415.0863442896567,15
2024-09-17 09:44:11.711,415.0887885870166,997
2024-09-17 09:44:11.714,415.10198898678686,996
2024-09-17 09:44:11.765,415.1608098114666,1000
2024-09-17 09:44:11.820,415.14835410462985,95
2024-09-17 09:44:11.823,415.10591996146303,96
2024-09-17 09:44:11.892,415.20022782510233,998
2024-09-17 09:44:11.912,415.10521218408405,15
2024-09-17 09:44:12.031,415.1957660618739,8
2024-09-17 09:44:12.057,415.2280452760588,1004
2024-09-17 09:44:12.088,415.2787747913794,996
2024-09-17 09:44:12.118,,996
2024-09-17 09:44:12.183,415.3315233722802,997
2024-09-17 09:44:12.193,415.2040440855452,999
2024-09-17 09:44:12.194,415.3330658401322,6
2024-09-17 09:44:12.213,415.2578673358262,1001
2024-09-17 09:44:12.232,415.27208582927767,105
2024-09-17 09:44:12.267,415.25898444593065,1004
2024-09-17 09:44:12.294,415.23377480389854,12
2024-09-17 09:44:12.348,415.28255032948726,14
2024-09-17 09:44:12.360,415.2089627157935,999
2024-09-17 09:44:12.429,415.3570887622506,1002
2024-09-17 09:44:12.447,-415.2774641716405,103
2024-09-17 09:44:12.455,415.3024469235491,97
2024-09-17 09:44:12.493,415.2720180489743,105
2024-09-17 09:44:12.496,415.3292906608397,104
2024-09-17 09:44:12.525,415.31406997939393,12
2024-09-17 09:44:12.537,415.2493027690072,100
2024-09-17 09:44:12.562,415.3548265947292,105
2024-09-17 09:44:12.577,415.3256869738582,999
2024-09-17 09:44:12.693,415.2948853743977,97
2024-09-17 09:44:12.707,415.3576173662742,6
2024-09-17 09:44:12.715,415.206312745836,1000
2024-09-17 09:44:12.798,415.3477604468137,100
2024-09-17 09:44:12.804,415.20003550516105,97
2024-09-17 09:44:12.873,415.2494934699653,15
2024-09-17 09:44:12.950,415.2585279636784,8
2024-09-17 09:44:13.431,415.3390596221333,104
2024-09-17 09:44:13.449,415.3397410895552,102
2024-09-17 09:44:13.811,415.3313142973061,996
2024-09-17 09:44:13.999,415.3383320183538,7
2024-09-17 09:44:14.096,415.3259898158736,95
2024-09-17 09:44:14.113,415.3255970361111,7
2024-09-17 09:44:14.138,415.3483731861722,11
2024-09-17 09:44:14.178,415.3779623572213,1000
2024-09-17 09:44:14.207,415.35516311142726,1004
2024-09-17 09:44:14.274,415.361625293657,12
2024-09-17 09:44:14.333,415.3546089389061,97
2024-09-17 09:44:14.349,415.3579601696295,1004
2024-09-17 09:44:14.394,415.3259272626985,1003
2024-09-17 09:44:14.410,415.3349433304869,98
2024-09-17 09:44:14.440,415.3341789853879,98
2024-09-17 09:44:14.484,415.3211384395513,13
2024-09-17 09:44:14.546,415.3570579413966,97
2024-09-17 09:44:14.598,415.3566572070052,8
2024-09-17 09:44:14.619,415.3261714525649,103
2024-09-17 09:44:14.627,415.3822921911912,13
2024-09-17 09:44:14.665,415.3758293625143,103
2024-09-17 09:44:14.682,415.3961082053903,12
2024-09-17 09:44:14.726,415.33753001766513,12
2024-09-17 09:44:14.737,415.325847588054,97
2024-09-17 09:44:14.810,415.3112409355298,6
2024-09-17 09:44:14.818,415.3453524794573,14
2024-09-17 09:44:14.857,415.3504500335892,100
2024-09-17 09:44:15.089,415.4314009349492,96
2024-09-17 09:44:15.121,415.4721918131395,997
2024-09-17 09:44:15.151,415.4837293120805,6
2024-09-17 09:44:15.152,415.4100271055444,8
2024-09-17 09:44:15.184,415.3725984494208,96
2024-09-17 09:44:15.226,415.3744258553651,100
2024-09-17 09:44:15.268,415.40537609487575,998
2024-09-17 09:44:15.392,415.498771471169,96
2024-09-17 09:44:15.418,415.3494006396215,97
2024-09-17 09:44:15.460,415.4654624381128,1000
2024-09-17 09:44:15.475,415.3477740025887,100
2024-09-17 09:44:15.532,415.3959800071615,999
2024-09-17 09:44:15.596,415.4581594119516,104
2024-09-17 09:44:15.657,415.4198195572949,96
2024-09-17 09:44:15.668,415.4574215753399,13
2024-09-17 09:44:15.722,415.4508259144724,105
2024-09-17 09:44:15.750,415.36777335163,8
2024-09-17 09:44:15.764,415.4245057281216,1001
2024-09-17 09:44:15.766,415.4892681163095,103
2024-09-17 09:44:15.794,415.44725983352953,97
2024-09-17 09:44:15.802,415.4763539930856,9
2024-09-17 09:44:15.823,415.4253453715755,6
2024-09-17 09:44:15.835,415.4348069815469,996
2024-09-17 09:44:15.855,415.41865204639936,1005
2024-09-17 09:44:15.997,415.4710635333605,101
2024-09-17 09:44:16.054,415.5296332281002,6
2024-09-17 09:44:16.100,415.5165591229563,97
2024-09-17 09:44:16.167,415.5239667826637,1002
2024-09-17 09:44:16.250,415.5351136588507,98
2024-09-17 09:44:16.290,415.5325781257191,10
2024-09-17 09:44:16.357,415.5382731557331,6
2024-09-17 09:44:16.363,415.5247984467169,95
2024-09-17 09:44:16.509,415.510424180865,101
2024-09-17 09:44:16.574,415.5233355136709,6
2024-09-17 09:44:16.629,415.5142152046485,96
2024-09-17 09:44:16.635,415.50033314515326,9
2024-09-17 09:44:16.704,415.51392087559,10
2024-09-17 09:44:16.721,415.5099604290213,999
2024-09-17 09:44:16.741,415.52784251635,998
2024-09-17 09:44:16.757,415.5275906849214,999
2024-09-17 09:44:16.908,415.49352463869,97
2024-09-17 09:44:16.935,415.5469445561703,99
2024-09-17 09:44:16.941,415.5341845077035,1004
2024-09-17 09:44:16.945,415.5081126492812,97
2024-09-17 09:44:16.963,415.48768645120526,1001
2024-09-17 09:44:17.009,415.5700491174168,7
2024-09-17 09:44:17.023,415.5605293123015,96
2024-09-17 09:44:17.059,415.5843369040506,996
2024-09-17 09:44:17.076,415.590687303501,15
2024-09-17 09:44:17.077,415.5079134249018,10
2024-09-17 09:44:17.093,415.5917063551678,996
2024-09-17 09:44:17.111,415.5518467924561,95
2024-09-17 09:44:17.124,415.52219440728027,1004
2024-09-17 09:44:17.125,415.57131386174575,7
2024-09-17 09:44:17.147,415.57114206594827,95
2024-09-17 09:44:17.155,,11
2024-09-17 09:44:17.156,415.5354301701311,15
2024-09-17 09:44:17.188,415.5593290824617,15
2024-09-17 09:44:17.277,415.5378317145161,1001
2024-09-17 09:44:17.356,415.5430853616156,99
2024-09-17 09:44:17.391,415.5316473722321,13
2024-09-17 09:44:17.409,415.5898189721397,6
2024-09-17 09:44:17.508,415.55369293168025,8
2024-09-17 09:44:17.551,415.5873047663421,1000
2024-09-17 09:44:17.670,415.531935394286,999
2024-09-17 09:44:17.686,415.53844091175006,999
2024-09-17 09:44:17.697,415.5709770910454,1001
2024-09-17 09:44:17.734,415.5776925196555,101
2024-09-17 09:44:17.748,415.5280916900479,101
2024-09-17 09:44:17.771,415.5649928302704,1003
2024-09-17 09:44:17.774,415.5869015484295,97
2024-09-17 09:44:17.915,415.5204828090371,998
2024-09-17 09:44:17.918,415.5786176907413,102
2024-09-17 09:44:17.930,415.5619040441203,1001
2024-09-17 09:44:17.943,415.55118130700384,1005
2024-09-17 09:44:18.149,415.52492244274606,999
2024-09-17 09:44:18.465,415.5568874294384,95
2024-09-17 09:44:18.803,415.5410352856235,99
2024-09-17 09:44:18.891,415.5292157545757,995
2024-09-17 09:44:18.924,415.5627533906206,6
2024-09-17 09:44:19.058,415.5364674895184,101
2024-09-17 09:44:19.360,415.5552584673624,12
2024-09-17 09:44:19.472,415.5231839123529,14
2024-09-17 09:44:19.617,415.53278679908135,15
2024-09-17 09:44:19.625,415.5311102030139,12
2024-09-17 09:44:19.680,415.5675380991344,1001
2024-09-17 09:44:19.697,415.550828683804,10
2024-09-17 09:44:19.780,415.55063270184377,15
2024-09-17 09:44:19.810,415.5352238347695,14
2024-09-17 09:44:19.913,415.5631422605776,100
2024-09-17 09:44:20.049,415.50853376370617,5
2024-09-17 09:44:20.075,415.49963461414006,98
2024-09-17 09:44:20.447,415.4961124105588,15
2024-09-17 09:44:20.484,415.5331938745256,9
2024-09-17 09:44:20.579,415.5313609085845,1000
2024-09-17 09:44:20.584,415.5208575501224,11
2024-09-17 09:44:20.621,415.5677549924795,8
2024-09-17 09:44:20.627,415.5165393548428,8
2024-09-17 09:44:20.772,415.5353909642824,98
2024-09-17 09:44:20.829,415.5209879649756,1003
2024-09-17 09:44:20.829,415.4951003631284,15
2024-09-17 09:44:20.864,415.5646754546714,1000
2024-09-17 09:44:20.955,415.498127305988,5
2024-09-17 09:44:21.120,415.4933442736791,15
2024-09-17 09:44:21.134,415.5030506714241,1003
2024-09-17 09:44:21.169,415.5760154550964,999
2024-09-17 09:44:21.218,415.5798708951996,999
2024-09-17 09:44:21.231,415.5857697627024,10
2024-09-17 09:44:21.254,415.5716811600328,15
2024-09-17 09:44:21.288,415.6155320859913,6
2024-09-17 09:44:21.294,415.55192909847534,102
2024-09-17 09:44:21.381,415.5526510583365,995
2024-09-17 09:44:21.441,415.52028185584,98
2024-09-17 09:44:21.449,415.5089693861438,96
2024-09-17 09:44:21.477,415.5876899209679,996
2024-09-17 09:44:21.502,415.49157135264426,1003
2024-09-17 09:44:21.527,415.5922729353769,12
2024-09-17 09:44:21.544,415.5857376236364,100
2024-09-17 09:44:21.572,415.6088598863346,1004
2024-09-17 09:44:21.619,415.5561522796432,15
2024-09-17 09:44:21.622,415.610285427582,1002
2024-09-17 09:44:21.685,415.5159119846064,99
2024-09-17 09:44:21.740,415.5409962096551,1004
2024-09-17 09:44:21.827,415.5994133289025,104
2024-09-17 09:44:21.934,415.5390113292371,10
2024-09-17 09:44:22.020,415.639305946522,998
2024-09-17 09:44:22.023,415.6359552431329,104
2024-09-17 09:44:22.107,415.56666771004814,9
2024-09-17 09:44:22.146,415.62695127428105,105
2024-09-17 09:44:22.159,415.535730634051,102
2024-09-17 09:44:22.346,415.5971781137728,103
2024-09-17 09:44:22.359,415.5916389483701,104
2024-09-17 09:44:22.395,415.6177983924284,104
2024-09-17 09:44:22.492,415.61484130384486,1004
2024-09-17 09:44:22.543,415.56828187194753,103
2024-09-17 09:44:22.616,415.5609680538881,100
2024-09-17 09:44:22.711,415.5432592361517,104
2024-09-17 09:44:22.780,415.5827651164781,99
2024-09-17 09:44:22.784,415.570033503464,105
2024-09-17 09:44:22.822,-415.5710236975043,1004
2024-09-17 09:44:22.895,415.5901637078092,998
2024-09-17 09:44:22.912,415.5842469917525,1000
2024-09-17 09:44:22.918,415.5457432997373,998
2024-09-17 09:44:22.968,415.5750358603728,1000
2024-09-17 09:44:22.989,415.55351227100107,100
2024-09-17 09:44:23.018,415.6058732697476,995
2024-09-17 09:44:23.047,415.6380535105745,5
2024-09-17 09:44:23.119,415.6005271215562,101
2024-09-17 09:44:23.170,415.5998363051972,6
2024-09-17 09:44:23.174,415.6266087082069,11
2024-09-17 09:44:23.192,415.62459275301626,997
2024-09-17 09:44:23.295,415.634451121632,6
2024-09-17 09:44:23.325,415.621379955238,1004
2024-09-17 09:44:23.448,415.6250473041991,11
2024-09-17 09:44:23.502,415.6147496279791,103
2024-09-17 09:44:23.614,415.6321728341968,995
2024-09-17 09:44:23.617,,105
2024-09-17 09:44:23.637,415.6384944700964,97
2024-09-17 09:44:23.703,415.6237621368143,102
2024-09-17 09:44:23.877,415.612950365531,999
2024-09-17 09:44:24.091,415.6353419090748,5
2024-09-17 09:44:24.118,415.6325687916337,1002
2024-09-17 09:44:24.135,415.6467404395247,96
2024-09-17 09:44:24.155,415.6602969832309,97
2024-09-17 09:44:24.262,415.6053455276114,99
2024-09-17 09:44:24.330,415.672887288133,104
2024-09-17 09:44:24.380,415.6431622076032,101
2024-09-17 09:44:24.389,415.6699030340717,95
2024-09-17 09:44:24.427,415.6249514103492,101
2024-09-17 09:44:24.443,415.6365588174827,15
2024-09-17 09:44:24.448,415.67255045536496,97
2024-09-17 09:44:24.483,415.594870956431,12
2024-09-17 09:44:24.573,415.6671482029335,996
2024-09-17 09:44:24.620,415.6345480990984,6
2024-09-17 09:44:24.676,415.6716051163668,1004
2024-09-17 09:44:24.911,415.6286589551949,12
2024-09-17 09:44:24.993,415.6585978335356,7
2024-09-17 09:44:25.019,415.7228316831509,101
2024-09-17 09:44:25.026,415.7382989314305,1002
2024-09-17 09:44:25.115,415.7011798866119,11
2024-09-17 09:44:25.164,415.758036640274,11
2024-09-17 09:44:25.201,415.7075025381721,99
2024-09-17 09:44:25.239,415.7128433530886,97
2024-09-17 09:44:25.434,415.77028446732936,1005
2024-09-17 09:44:25.470,415.7548154555493,1003
2024-09-17 09:44:25.519,415.6904106621507,10
2024-09-17 09:44:25.559,415.6956960079644,13
2024-09-17 09:44:25.566,415.7505175070971,999
2024-09-17 09:44:25.570,415.7225269293387,997
2024-09-17 09:44:25.618,415.7230907166244,1002
2024-09-17 09:44:25.792,415.6779495433788,12
2024-09-17 09:44:25.807,415.7120842547494,99
2024-09-17 09:44:25.842,415.73426303634704,999
2024-09-17 09:44:25.893,415.68179346929406,1000
2024-09-17 09:44:25.924,415.6829681952351,12
2024-09-17 09:44:25.938,415.7462743957021,997
2024-09-17 09:44:25.976,415.6698925979936,9
2024-09-17 09:44:26.068,41.57088738315062,1002
2024-09-17 09:44:26.075,415.6682676246875,15
2024-09-17 09:44:26.182,415.6682366142359,13
2024-09-17 09:44:26.205,415.7174359024917,999
2024-09-17 09:44:26.215,415.7550450024789,1000
2024-09-17 09:44:26.221,415.665004304226,999
2024-09-17 09:44:26.287,415.6637076475658,6
2024-09-17 09:44:26.353,415.67264157128585,105
2024-09-17 09:44:26.360,415.7388380471357,105
2024-09-17 09:44:26.397,415.7210145291881,98
2024-09-17 09:44:26.406,415.67351979932965,7
2024-09-17 09:44:26.437,415.6925429735719,7
2024-09-17 09:44:26.448,41.56610361067042,105
2024-09-17 09:44:26.466,415.7051635430299,101
2024-09-17 09:44:26.521,415.73262127652566,999
2024-09-17 09:44:26.558,415.6689342931389,997
2024-09-17 09:44:26.608,415.7464239940349,1001
2024-09-17 09:44:26.770,415.6799869446114,15
2024-09-17 09:44:26.794,415.676552232963,999
2024-09-17 09:44:26.902,415.74267180316207,997
2024-09-17 09:44:26.991,415.701590134196,1001
2024-09-17 09:44:27.057,415.6067685913704,1003
2024-09-17 09:44:27.066,415.6033382985795,1001
2024-09-17 09:44:27.160,415.5890367227201,99
2024-09-17 09:44:27.266,415.6274359046422,9
2024-09-17 09:44:27.281,415.637620364918,9
2024-09-17 09:44:27.290,415.6182131988192,995
2024-09-17 09:44:27.358,415.6482656707984,98
2024-09-17 09:44:27.361,415.6434218481428,5
2024-09-17 09:44:27.369,415.63654699419664,103
2024-09-17 09:44:27.377,415.6083760966834,999
2024-09-17 09:44:27.440,415.6424754028682,1000
2024-09-17 09:44:27.456,415.6372945298022,99
2024-09-17 09:44:27.465,415.59487875863937,1002
2024-09-17 09:44:27.515,415.62969704937257,5
2024-09-17 09:44:27.576,415.6215761815963,10
2024-09-17 09:44:27.578,415.63076396543113,102
2024-09-17 09:44:27.626,415.6450925378501,100
2024-09-17 09:44:27.689,415.61893566746295,6
2024-09-17 09:44:27.721,415.60497232349394,998
2024-09-17 09:44:27.776,415.6542610467705,996
2024-09-17 09:44:27.784,-415.6101662719091,96
2024-09-17 09:44:27.866,415.60467991321485,95
2024-09-17 09:44:28.362,415.6496918965807,997
2024-09-17 09:44:28.603,415.6529816449385,98
2024-09-17 09:44:28.776,415.647689195948,99
2024-09-17 09:44:30.157,415.6571192241459,99
2024-09-17 09:44:30.199,415.6716814306636,99
2024-09-17 09:44:30.240,415.6443023857661,6
2024-09-17 09:44:30.245,415.6641738724328,96
2024-09-17 09:44:30.425,415.6580416066205,12
2024-09-17 09:44:30.443,415.6637888377176,6
2024-09-17 09:44:30.446,415.6452710822577,95
2024-09-17 09:44:30.452,415.6789684983803,9
2024-09-17 09:44:30.495,41.56493026019372,11
2024-09-17 09:44:30.564,415.6780866097023,103
2024-09-17 09:44:30.577,415.672080906806,100
2024-09-17 09:44:30.618,415.6478611831381,1005
2024-09-17 09:44:30.686,415.6508277341292,996
2024-09-17 09:44:30.723,415.65928720723866,9
2024-09-17 09:44:30.850,415.67106370921607,5
2024-09-17 09:44:30.855,415.6444403365039,10
2024-09-17 09:44:30.874,415.6626970517272,997
2024-09-17 09:44:30.889,41.568142336841774,99
2024-09-17 09:44:30.921,415.6630216571731,105
2024-09-17 09:44:30.923,415.660553799838,1000
2024-09-17 09:44:30.965,415.6470559570168,5
2024-09-17 09:44:31.011,415.6526973746218,1002
2024-09-17 09:44:31.048,415.6638383592596,103
2024-09-17 09:44:31.054,415.693382818552,998
2024-09-17 09:44:31.064,415.67156803869335,98
2024-09-17 09:44:31.091,415.66499286140026,1002
2024-09-17 09:44:31.225,415.7168991199839,1001
2024-09-17 09:44:31.315,415.6319360307176,13
2024-09-17 09:44:31.340,415.6903384346317,10
2024-09-17 09:44:31.401,415.6738924760428,995
2024-09-17 09:44:31.402,415.6533624123459,8
2024-09-17 09:44:31.414,415.65480007811055,104
2024-09-17 09:44:31.418,415.660258638078,101
2024-09-17 09:44:31.418,415.7132048612151,102
2024-09-17 09:44:31.442,415.6435565557453,98
2024-09-17 09:44:31.505,415.70791195139935,102
2024-09-17 09:44:31.542,415.6564924007095,1001
2024-09-17 09:44:31.542,415.6603587740462,1004
2024-09-17 09:44:31.559,415.6603387658001,15
2024-09-17 09:44:31.580,415.6447331378617,105
2024-09-17 09:44:31.580,415.654600087837,1002
2024-09-17 09:44:31.654,415.6662237723686,97
2024-09-17 09:44:31.669,415.6350602686375,11
2024-09-17 09:44:31.730,415.64180001023936,13
2024-09-17 09:44:31.757,415.7210383985699,99
2024-09-17 09:44:31.812,415.62901495814026,102
2024-09-17 09:44:31.986,415.6922060165935,1003
2024-09-17 09:44:32.007,415.6431763159232,1005
2024-09-17 09:44:32.092,415.66248760887686,998
2024-09-17 09:44:32.201,415.6268174963123,96
2024-09-17 09:44:32.209,415.64591762409503,105
2024-09-17 09:44:32.454,415.6749553443841,6
2024-09-17 09:44:32.499,415.67284483616834,98
2024-09-17 09:44:32.500,415.6528294450929,1002
2024-09-17 09:44:32.525,415.6289685492075,10
2024-09-17 09:44:32.616,415.65740153665166,997
2024-09-17 09:44:32.622,415.6598029126875,12
2024-09-17 09:44:32.682,415.6424972334456,5
2024-09-17 09:44:32.734,415.6321984490065,12
2024-09-17 09:44:32.941,415.6574041487008,1000
2024-09-17 09:44:32.982,415.65251372426167,15
2024-09-17 09:44:33.120,415.6725356486367,1002
2024-09-17 09:44:33.128,415.68227426472384,995
2024-09-17 09:44:33.324,415.6854661265087,9
2024-09-17 09:44:33.342,415.69382723636016,5
2024-09-17 09:44:33.446,415.676469465282,997
2024-09-17 09:44:33.727,415.7005896170064,8
2024-09-17 09:44:33.734,415.6863568316703,95
2024-09-17 09:44:33.835,415.6924919474952,98
2024-09-17 09:44:33.890,415.6964447584967,1001
2024-09-17 09:44:33.948,415.6839638256701,97
2024-09-17 09:44:33.958,415.6928749005098,13
2024-09-17 09:44:33.958,415.6767344489701,102
2024-09-17 09:44:33.999,415.6827594921309,5
2024-09-17 09:44:34.048,415.599202306273,15
2024-09-17 09:44:34.055,415.5788921427614,1001
2024-09-17 09:44:34.159,415.6510199317838,1002
2024-09-17 09:44:34.222,415.6060578431862,10
2024-09-17 09:44:34.263,415.6092635417063,100
2024-09-17 09:44:34.279,415.59795525159007,1000
2024-09-17 09:44:34.306,415.6136579453688,102
2024-09-17 09:44:34.440,415.5753784583093,995
2024-09-17 09:44:34.462,415.6129429223565,1002
2024-09-17 09:44:34.525,415.6675321539763,6
2024-09-17 09:44:34.678,415.58806763262464,15
2024-09-17 09:44:34.680,415.6032317851879,5
2024-09-17 09:44:34.718,415.6773056076312,13
2024-09-17 09:44:34.726,415.56590355878,105
2024-09-17 09:44:34.883,415.5587106444712,6
2024-09-17 09:44:34.911,415.6365045635019,96
2024-09-17 09:44:34.949,415.6827397026582,999
2024-09-17 09:44:34.998,415.625542563535,11
2024-09-17 09:44:35.021,415.6032263579763,102
2024-09-17 09:44:35.050,415.5798162351215,5
2024-09-17 09:44:35.081,415.5888711907046,99
2024-09-17 09:44:35.094,415.61674960532594,10
2024-09-17 09:44:35.117,415.6327885150741,11
2024-09-17 09:44:35.271,415.6389374516749,998
2024-09-17 09:44:35.280,415.6208468167824,10
2024-09-17 09:44:35.348,415.63967012102336,102
2024-09-17 09:44:35.371,415.599561702104,997
2024-09-17 09:44:35.378,415.61847087803466,6
2024-09-17 09:44:35.392,415.5984338378057,6
2024-09-17 09:44:35.399,415.6335832959936,1005
2024-09-17 09:44:35.451,415.6445954262324,13
2024-09-17 09:44:35.498,415.6235466106954,104
2024-09-17 09:44:35.502,415.5940441042364,99
2024-09-17 09:44:35.506,415.6413148587776,1003
2024-09-17 09:44:35.514,415.6327423319277,11
2024-09-17 09:44:35.647,415.6188484325817,10
2024-09-17 09:44:35.708,415.63169409763145,1005
2024-09-17 09:44:35.711,415.614625378371,105
2024-09-17 09:44:35.723,415.61655178638847,14
2024-09-17 09:44:35.763,415.6075336961224,1002
2024-09-17 09:44:35.781,415.6376087721603,97
2024-09-17 09:44:35.840,415.5839718750788,1005
2024-09-17 09:44:35.934,415.63236172172816,7
2024-09-17 09:44:35.978,415.629838228016,998
2024-09-17 09:44:36.020,415.6169592902392,999
2024-09-17 09:44:36.160,415.61895724635474,10
2024-09-17 09:44:36.423,415.6168787995313,1005
2024-09-17 09:44:36.718,415.6293237143214,101
2024-09-17 09:44:37.442,415.63758808635663,97
2024-09-17 09:44:37.584,415.6428275769334,98
2024-09-17 09:44:37.797,415.62348533066944,8
2024-09-17 09:44:38.012,415.58735567989487,998
2024-09-17 09:44:38.012,415.61187647146784,1001
2024-09-17 09:44:38.064,415.60556171012985,1003
2024-09-17 09:44:38.095,415.5836867796612,1003
2024-09-17 09:44:38.121,415.6267616971087,101
2024-09-17 09:44:38.145,415.6245591060892,1003
2024-09-17 09:44:38.214,415.5995346199753,996
2024-09-17 09:44:38.296,415.60659364070426,7
2024-09-17 09:44:38.317,415.6024347124177,96
2024-09-17 09:44:38.454,415.6065968970676,998
2024-09-17 09:44:38.460,415.5983344082774,1001
2024-09-17 09:44:38.532,415.5939001285468,99
2024-09-17 09:44:38.585,415.58575888198806,5
2024-09-17 09:44:38.585,415.62304620814126,104
2024-09-17 09:44:38.602,415.58822883024607,1001
2024-09-17 09:44:38.646,415.5882269037476,1002
2024-09-17 09:44:38.666,415.6054799758005,996
2024-09-17 09:44:38.667,415.60051546355874,101
2024-09-17 09:44:38.669,415.6013285376087,1004
2024-09-17 09:44:38.680,415.596363785793,1002
2024-09-17 09:44:38.741,415.6327881145781,1004
2024-09-17 09:44:38.758,415.5984589484307,1005
2024-09-17 09:44:38.795,415.6106798672743,1004
2024-09-17 09:44:38.894,415.62844103088713,102
2024-09-17 09:44:38.898,415.5970121120818,999
2024-09-17 09:44:38.951,415.63408066742,98
2024-09-17 09:44:38.968,415.5885424236199,98
2024-09-17 09:44:38.968,415.6055787402269,1002
2024-09-17 09:44:38.996,415.6117865373175,104
2024-09-17 09:44:39.050,415.6045258171228,6
2024-09-17 09:44:39.060,415.58216118707344,9
2024-09-17 09:44:39.120,415.5901447332312,15
2024-09-17 09:44:39.273,415.5973565887376,97
2024-09-17 09:44:39.416,415.58082283249774,7
2024-09-17 09:44:39.492,415.5937252680742,1003
2024-09-17 09:44:39.615,415.5793757710523,10
2024-09-17 09:44:39.676,415.58913888898434,98
2024-09-17 09:44:39.733,415.5752816362096,14
2024-09-17 09:44:39.789,415.5948221408357,98
2024-09-17 09:44:39.796,415.5923064849421,98
2024-09-17 09:44:39.837,415.57736095472495,97
2024-09-17 09:44:40.109,415.5367430681904,8
2024-09-17 09:44:40.312,415.5898368171148,995
2024-09-17 09:44:40.326,415.5637140771615,11
2024-09-17 09:44:40.368,41.56163599042156,97
2024-09-17 09:44:40.393,415.5660955781544,995
2024-09-17 09:44:40.404,415.5932965025335,102
2024-09-17 09:44:40.424,415.5456824557588,15
2024-09-17 09:44:40.442,415.5742675258063,105
2024-09-17 09:44:40.530,415.5666735718375,13
2024-09-17 09:44:40.599,415.5620747692998,95
2024-09-17 09:44:40.609,415.5551557656653,1002
2024-09-17 09:44:40.619,415.5668000205277,6
2024-09-17 09:44:40.654,415.5684149928036,15
2024-09-17 09:44:40.707,415.5766507889108,1005
2024-09-17 09:44:40.907,415.5786947660784,1000
2024-09-17 09:44:40.913,415.5484453615789,7
2024-09-17 09:44:40.927,415.6094409250844,11
2024-09-17 09:44:41.085,415.4822249807378,95
2024-09-17 09:44:41.112,415.5315707531065,9
2024-09-17 09:44:41.163,415.49163834453856,97
2024-09-17 09:44:41.196,415.4971469690921,996
2024-09-17 09:44:41.199,415.4873456184826,98
2024-09-17 09:44:41.200,415.4710280080157,13
2024-09-17 09:44:41.279,415.5344137126344,1000
2024-09-17 09:44:41.337,415.4731509845571,1005
2024-09-17 09:44:41.667,415.48565562887774,99
2024-09-17 09:44:41.748,415.475126011506,105
2024-09-17 09:44:41.876,415.4790342091942,8
2024-09-17 09:44:42.044,415.44391806429934,1003
2024-09-17 09:44:42.044,415.355016694561,95
2024-09-17 09:44:42.046,415.414131497976,5
2024-09-17 09:44:42.088,415.4598831458408,95
2024-09-17 09:44:42.114,415.44617135818,100
2024-09-17 09:44:42.142,415.471783311949,104
2024-09-17 09:44:42.177,415.39118116643175,97
2024-09-17 09:44:42.232,415.3908924051968,103
2024-09-17 09:44:42.238,415.4343645520712,15
2024-09-17 09:44:42.265,415.3361084389164,999
2024-09-17 09:44:42.395,415.44889201048807,11
2024-09-17 09:44:42.413,415.4671418808094,8
2024-09-17 09:44:42.469,415.3720942294737,996
2024-09-17 09:44:42.505,415.4446163553747,996
2024-09-17 09:44:42.521,415.3896160553145,10
2024-09-17 09:44:42.526,415.4348330474841,95
2024-09-17 09:44:42.531,415.34686224321024,996
2024-09-17 09:44:42.633,415.4152252039049,97
2024-09-17 09:44:42.661,415.3425015844965,9
2024-09-17 09:44:42.681,415.44225290355473,99
2024-09-17 09:44:42.690,415.43392285441496,15
2024-09-17 09:44:42.704,415.3492969577715,9
2024-09-17 09:44:42.725,415.42087145150185,5
2024-09-17 09:44:42.795,415.406667356036,104
2024-09-17 09:44:42.849,415.4419639383413,99
2024-09-17 09:44:42.860,415.3658693057409,6
2024-09-17 09:44:42.898,415.3520698608479,98
2024-09-17 09:44:42.904,415.3864362402733,6
2024-09-17 09:44:42.910,415.4533013200096,11
2024-09-17 09:44:42.916,415.44304431032776,1005
2024-09-17 09:44:43.007,415.30279855791,998
2024-09-17 09:44:43.139,415.2797634880239,15
2024-09-17 09:44:43.262,415.32754372970334,14
2024-09-17 09:44:43.339,415.2865003457213,98
2024-09-17 09:44:43.348,415.29597450960057,995
2024-09-17 09:44:43.385,415.307171228421,103
2024-09-17 09:44:43.399,415.305329794436,7
2024-09-17 09:44:43.424,415.2893741470479,997
2024-09-17 09:44:43.428,415.3079402689973,13
2024-09-17 09:44:43.434,415.35403527967424,105
2024-09-17 09:44:43.451,415.34677616008656,101
2024-09-17 09:44:43.464,415.2989674765157,99
2024-09-17 09:44:43.466,415.29991048222826,996
2024-09-17 09:44:43.485,415.36811266262447,1004
2024-09-17 09:44:43.524,415.3192435200952,11
2024-09-17 09:44:43.546,415.3614379682589,101
2024-09-17 09:44:43.574,415.302776592341,998
2024-09-17 09:44:43.606,415.3155553081491,7
2024-09-17 09:44:43.687,415.34226102522337,13
2024-09-17 09:44:43.772,415.3039906629632,105
2024-09-17 09:44:43.902,415.3218797808553,103
2024-09-17 09:44:43.995,415.3089586991386,1003
2024-09-17 09:44:44.028,415.25184902188704,97
2024-09-17 09:44:44.059,415.3386476493891,99
2024-09-17 09:44:44.060,415.3173356989879,1000
2024-09-17 09:44:44.120,415.3636235496074,104
2024-09-17 09:44:44.129,415.2986626415292,9
2024-09-17 09:44:44.183,415.2760767432681,101
2024-09-17 09:44:44.226,415.3438483686807,7
2024-09-17 09:44:44.227,415.34982951211146,8
2024-09-17 09:44:44.238,415.3519289557171,102
2024-09-17 09:44:44.252,415.34912597526863,11
2024-09-17 09:44:44.350,415.2798277163714,97
2024-09-17 09:44:44.361,415.32571510723614,6
2024-09-17 09:44:44.365,415.2667317699728,1004
2024-09-17 09:44:44.452,415.27650248673245,6
2024-09-17 09:44:44.462,415.3076303320047,95
2024-09-17 09:44:44.511,415.3582984610998,105
2024-09-17 09:44:44.611,415.3509370865831,10
2024-09-17 09:44:44.629,415.2742847422408,96
2024-09-17 09:44:44.637,415.34117136341087,102
2024-09-17 09:44:44.655,415.28466205343983,996
2024-09-17 09:44:44.673,415.3459347783359,1005
2024-09-17 09:44:44.680,415.3378378895176,1005
2024-09-17 09:44:44.692,415.2916692254371,14
2024-09-17 09:44:44.752,415.26753928021367,101
2024-09-17 09:44:44.769,415.3159548553748,105
2024-09-17 09:44:44.821,415.3522667082033,105
2024-09-17 09:44:44.870,415.2850683653277,998
2024-09-17 09:44:44.961,415.2869408289126,12
2024-09-17 09:44:44.970,415.3348140317633,996
2024-09-17 09:44:45.056,415.363087240502,1000
2024-09-17 09:44:45.173,415.3158298445165,998
2024-09-17 09:44:45.212,415.3441835273717,10
2024-09-17 09:44:45.258,415.2785882306038,999
2024-09-17 09:44:45.270,415.301858996161,10
2024-09-17 09:44:45.361,415.32805367905786,104
2024-09-17 09:44:45.394,415.2997496615598,1002
2024-09-17 09:44:45.444,415.30785936322746,999
2024-09-17 09:44:45.501,415.30355934224696,12
2024-09-17 09:44:45.598,415.3076147716466,102
2024-09-17 09:44:45.604,415.2746267516649,100
2024-09-17 09:44:45.605,415.2834285117498,12
2024-09-17 09:44:45.621,415.2592585603722,13
2024-09-17 09:44:45.644,415.2785288246045,11
2024-09-17 09:44:45.652,415.35956171674775,95
2024-09-17 09:44:45.655,41.53561317377885,996
2024-09-17 09:44:45.656,415.27948848856585,99
2024-09-17 09:44:45.790,415.3100128011873,1002
2024-09-17 09:44:45.834,415.2721877467571,15
2024-09-17 09:44:45.867,415.3013425839414,10
2024-09-17 09:44:46.016,415.3407251896031,97
2024-09-17 09:44:46.034,415.3433651844183,12
2024-09-17 09:44:46.043,415.346409103645,7
2024-09-17 09:44:46.112,415.32393858018816,104
2024-09-17 09:44:46.358,415.3658304656487,7
2024-09-17 09:44:46.431,415.36162213107,7
2024-09-17 09:44:46.444,415.3690734266556,102
2024-09-17 09:44:46.503,415.3241878104888,102
2024-09-17 09:44:46.558,415.3493737463767,12
2024-09-17 09:44:46.630,415.3657000939792,996
2024-09-17 09:44:46.684,415.3472928940492,14
2024-09-17 09:44:46.757,415.36349533927125,101
2024-09-17 09:44:46.825,415.3761750225091,97
2024-09-17 09:44:47.073,415.331139346288,102
2024-09-17 09:44:47.086,415.358817302256,1005
2024-09-17 09:44:47.103,415.3272395312508,997
2024-09-17 09:44:47.165,415.41811093565065,100
2024-09-17 09:44:47.179,415.3440193670973,1004
2024-09-17 09:44:47.220,415.4309917544682,997
2024-09-17 09:44:47.253,415.35719132292553,104
2024-09-17 09:44:47.269,415.42467775070975,12
2024-09-17 09:44:47.272,415.3943788155513,104
2024-09-17 09:44:47.320,415.4246483233615,105
2024-09-17 09:44:47.354,415.3663148019502,98
2024-09-17 09:44:47.420,415.3467232534098,996
2024-09-17 09:44:47.497,415.3290366587482,11
2024-09-17 09:44:47.503,415.3537653966827,7
2024-09-17 09:44:47.510,415.43644194576,102
2024-09-17 09:44:47.545,415.3668275961344,1005
2024-09-17 09:44:47.563,415.4309285573413,999
2024-09-17 09:44:47.608,415.34133127404647,10
2024-09-17 09:44:47.610,415.3553256522153,96
2024-09-17 09:44:47.616,415.4274333256193,997
2024-09-17 09:44:47.629,415.4260847711776,103
2024-09-17 09:44:47.645,415.4427040758994,5
2024-09-17 09:44:47.672,415.33258011287785,1000
2024-09-17 09:44:47.673,415.4077242810102,12
2024-09-17 09:44:47.788,415.3628446375429,100
2024-09-17 09:44:47.796,415.3443910763027,102
2024-09-17 09:44:47.862,415.34385691951945,14
2024-09-17 09:44:47.965,415.3788529865615,997
2024-09-17 09:44:48.020,415.4498966576049,103
2024-09-17 09:44:48.088,415.43907723214727,95
2024-09-17 09:44:48.108,415.4375055259383,1005
2024-09-17 09:44:48.137,415.4573660751194,5
2024-09-17 09:44:48.386,415.458264079508,996
2024-09-17 09:44:48.415,415.4372799918124,15
2024-09-17 09:44:48.434,415.4514436075208,13
2024-09-17 09:44:48.438,415.44835824306574,95
2024-09-17 09:44:48.498,415.45873910484687,7
2024-09-17 09:44:48.508,415.44122638198655,98
2024-09-17 09:44:48.565,415.4466337837586,8
2024-09-17 09:44:48.669,415.46592182109526,13
2024-09-17 09:44:48.674,-415.4341866020012,6
2024-09-17 09:44:48.695,415.4276119045085,6
2024-09-17 09:44:48.704,415.4276225802613,1001
2024-09-17 09:44:48.804,415.4560210720946,997
2024-09-17 09:44:48.808,415.428951889976,998
2024-09-17 09:44:48.829,415.4485352525555,6
2024-09-17 09:44:48.856,415.4504826913822,6
2024-09-17 09:44:48.878,415.4581794616384,97
2024-09-17 09:44:48.958,415.45240980301736,99
2024-09-17 09:44:49.040,415.5116270185416,6
2024-09-17 09:44:49.079,415.488088396328,99
2024-09-17 09:44:49.111,415.5252421934297,104
2024-09-17 09:44:49.175,415.475704130153,997
2024-09-17 09:44:49.269,415.5194086344486,98
2024-09-17 09:44:49.485,415.5097131600148,103
2024-09-17 09:44:49.603,415.5118759762038,999
2024-09-17 09:44:49.996,415.4821991503991,9
2024-09-17 09:44:50.386,415.5288556548416,1003
2024-09-17 09:44:50.712,415.5395270893505,998
2024-09-17 09:44:50.762,415.531776748664,103
2024-09-17 09:44:51.065,415.5325925954237,103
2024-09-17 09:44:51.584,415.5316423371745,15
2024-09-17 09:44:51.737,415.5329429420096,996
2024-09-17 09:44:51.980,415.5392108959598,104
2024-09-17 09:44:52.095,415.5266675488531,14
2024-09-17 09:44:52.105,415.52148743079886,996
2024-09-17 09:44:52.163,415.5171406050439,8
2024-09-17 09:44:52.186,415.5503600008138,1005
2024-09-17 09:44:52.294,415.5295472944834,95
2024-09-17 09:44:52.377,,105
2024-09-17 09:44:52.591,415.51614515818113,1004
2024-09-17 09:44:52.969,415.5481893157159,998
2024-09-17 09:44:53.074,415.5994748169792,997
2024-09-17 09:44:53.075,415.6208759106771,5
2024-09-17 09:44:53.102,415.6223497726722,1004
2024-09-17 09:44:53.393,415.6009423160861,99
2024-09-17 09:44:53.429,415.60576487236136,1002
2024-09-17 09:44:53.442,415.5652383589693,1002
2024-09-17 09:44:53.533,415.6090637252063,100
2024-09-17 09:44:53.658,415.5855226276673,15
2024-09-17 09:44:53.730,41.55776799819276,13
2024-09-17 09:44:53.861,415.5824813712097,1005
2024-09-17 09:44:53.985,415.6134977724909,105
2024-09-17 09:44:53.993,415.5499271718583,1002
2024-09-17 09:44:54.077,415.5970091268234,12
2024-09-17 09:44:54.106,415.6218093971876,100
2024-09-17 09:44:54.282,415.6112154657292,100
2024-09-17 09:44:54.296,415.6136985921664,1000
2024-09-17 09:44:54.464,415.61683019690935,6
2024-09-17 09:44:54.528,415.6004804180212,1001
2024-09-17 09:44:54.748,415.62072122021925,103
2024-09-17 09:44:54.938,415.6007103359793,999
2024-09-17 09:44:54.998,415.6229565248981,15
2024-09-17 09:44:55.000,415.6181163684394,96
2024-09-17 09:44:55.214,415.6243128961426,15
2024-09-17 09:44:55.217,415.60554853339664,9
2024-09-17 09:44:55.245,415.59058414026345,7
2024-09-17 09:44:55.253,415.583051285554,1001
2024-09-17 09:44:55.394,415.5919878150919,95
2024-09-17 09:44:55.401,415.6243363629634,11
2024-09-17 09:44:55.423,415.60218205081134,11
2024-09-17 09:44:55.424,415.6343939644361,96
2024-09-17 09:44:55.431,415.61078482756153,96
2024-09-17 09:44:55.472,415.6180262584536,1000
2024-09-17 09:44:55.488,415.5921639213881,997
2024-09-17 09:44:55.502,415.6102370647727,14
2024-09-17 09:44:55.505,415.6064471942397,8
2024-09-17 09:44:55.539,415.6072684893736,15
2024-09-17 09:44:55.543,415.60677742829455,1004
2024-09-17 09:44:55.610,415.5869725354104,96
2024-09-17 09:44:55.651,415.6175708868112,1001
2024-09-17 09:44:55.652,415.6100414065667,99
2024-09-17 09:44:55.695,415.5976918831091,996
2024-09-17 09:44:55.761,415.6250897726899,998
2024-09-17 09:44:55.825,415.60255283578914,102
2024-09-17 09:44:55.890,415.63149952525816,95
2024-09-17 09:44:55.901,415.59595202804815,102
2024-09-17 09:44:55.917,415.5928483756964,11
2024-09-17 09:44:55.962,415.60877555475,11
2024-09-17 09:44:56.165,415.5922729873734,15
2024-09-17 09:44:56.194,415.5792201683062,7
2024-09-17 09:44:56.219,415.58867243691657,1002
2024-09-17 09:44:56.243,415.57027102475536,101
2024-09-17 09:44:56.264,415.575308144673,105
2024-09-17 09:44:56.385,415.5776305365643,13
2024-09-17 09:44:56.417,415.6068933009616,105
2024-09-17 09:44:56.449,415.6076574229375,15
2024-09-17 09:44:56.542,415.5840411088573,96
2024-09-17 09:44:56.601,415.5901643927795,996
2024-09-17 09:44:56.611,415.5888382425541,101
2024-09-17 09:44:56.629,415.57329588838536,7
2024-09-17 09:44:56.747,415.5946039544528,1001
2024-09-17 09:44:56.861,415.5979897179147,999
2024-09-17 09:44:56.948,415.6048911740078,12
2024-09-17 09:44:57.021,415.5889379443933,999
2024-09-17 09:44:57.059,415.5990591144058,1004
2024-09-17 09:44:57.060,415.6033908186744,995
2024-09-17 09:44:57.070,415.5673063855928,11
2024-09-17 09:44:57.082,415.6129179283752,5
2024-09-17 09:44:57.162,415.60505316979726,105
2024-09-17 09:44:57.257,415.6036820598615,7
2024-09-17 09:44:57.340,415.5787688332584,99
2024-09-17 09:44:57.368,415.6221422794661,996
2024-09-17 09:44:57.375,415.6238795438954,10
2024-09-17 09:44:57.381,415.598647738038,97
2024-09-17 09:44:57.382,415.57620591492287,5
2024-09-17 09:44:57.410,415.6199881835681,10
2024-09-17 09:44:57.449,415.5737717484922,100
2024-09-17 09:44:57.466,415.600131434327,6
2024-09-17 09:44:57.479,415.5953460572268,7
2024-09-17 09:44:57.486,415.58567035857976,98
2024-09-17 09:44:57.545,415.5983278539667,15
2024-09-17 09:44:57.591,415.58320642567065,10
2024-09-17 09:44:57.650,-415.5974688209849,1002
2024-09-17 09:44:57.654,415.6172335736496,999
2024-09-17 09:44:57.658,415.6061578195419,12
2024-09-17 09:44:57.668,415.5819264214702,95
2024-09-17 09:44:57.679,415.5998151437377,996
2024-09-17 09:44:57.739,41.55824472246076,97
2024-09-17 09:44:57.791,415.6057911831472,995
2024-09-17 09:44:57.800,415.6186964970095,14
2024-09-17 09:44:57.945,415.6035677322543,15
2024-09-17 09:44:57.954,415.6001971790939,15
2024-09-17 09:44:58.091,415.6336693348569,1002
2024-09-17 09:44:58.103,415.5901930051679,102
2024-09-17 09:44:58.105,415.5794129417713,1001
2024-09-17 09:44:58.123,415.6139812111816,1003
2024-09-17 09:44:58.287,415.5970505357769,11
2024-09-17 09:44:58.389,415.60097961462486,6
2024-09-17 09:44:58.451,415.5881097804235,97
2024-09-17 09:44:58.461,415.5975148590673,1002
2024-09-17 09:44:58.576,415.5902669462032,15
2024-09-17 09:44:58.768,415.61047593204944,997
2024-09-17 09:44:58.785,415.5947993904802,996
2024-09-17 09:44:58.835,-415.6279049957597,15
2024-09-17 09:44:59.469,415.61782689315726,995
2024-09-17 09:44:59.728,415.6365928825611,1002
2024-09-17 09:44:59.813,415.6179855523627,1000
