Timestamp,Price,Size
2024-09-17 14:29:00.387,405.0158791230532,101
2024-09-17 14:29:00.510,405.0075207763095,1001
2024-09-17 14:29:00.611,405.0104942758136,97
2024-09-17 14:29:00.617,405.0216242530509,103
2024-09-17 14:29:01.030,405.06243394888895,105
2024-09-17 14:29:01.044,405.0236585697107,99
2024-09-17 14:29:01.049,405.0139567159148,13
2024-09-17 14:29:01.051,405.04603762230687,995
2024-09-17 14:29:01.192,405.0193782469475,103
2024-09-17 14:29:01.259,405.0129375394928,1001
2024-09-17 14:29:01.281,405.00233556876026,5
2024-09-17 14:29:01.283,-405.01014125346114,1003
2024-09-17 14:29:01.321,405.01197889335873,1003
2024-09-17 14:29:01.328,40.4997623710554,102
2024-09-17 14:29:01.334,405.06613024413497,998
2024-09-17 14:29:01.371,405.0871715302503,1005
2024-09-17 14:29:01.421,405.00287872395626,100
2024-09-17 14:29:01.449,405.0271352720888,997
2024-09-17 14:29:01.479,405.0171557372436,102
2024-09-17 14:29:01.532,405.0745106419186,5
2024-09-17 14:29:01.569,405.0151998280717,12
2024-09-17 14:29:01.604,405.0149500880036,7
2024-09-17 14:29:01.658,405.0797272691293,95
2024-09-17 14:29:02.002,405.0905153286299,102
2024-09-17 14:29:02.007,405.13479402363134,11
2024-09-17 14:29:02.015,405.20598394054906,95
2024-09-17 14:29:02.026,405.13153596412633,5
2024-09-17 14:29:02.067,405.0906067148937,100
2024-09-17 14:29:02.071,405.1960553812233,105
2024-09-17 14:29:02.082,405.2160734775503,10
2024-09-17 14:29:02.092,405.229622540921,996
2024-09-17 14:29:02.124,405.1726525950176,100
2024-09-17 14:29:02.132,405.1062943132975,8
2024-09-17 14:29:02.140,405.2302747206508,7
2024-09-17 14:29:02.155,405.23039228353326,105
2024-09-17 14:29:02.159,405.1443814638203,1003
2024-09-17 14:29:02.170,405.09307866678046,1004
2024-09-17 14:29:02.178,405.1231788120083,5
2024-09-17 14:29:02.226,405.20760061635474,99
2024-09-17 14:29:02.229,405.0953669774927,1001
2024-09-17 14:29:02.280,405.13318007137457,11
2024-09-17 14:29:02.464,405.13723300015954,1002
2024-09-17 14:29:02.542,405.1940105250497,8
2024-09-17 14:29:02.566,405.1279493746674,999
2024-09-17 14:29:02.570,405.2222179430879,102
2024-09-17 14:29:02.586,405.1075151280698,1002
2024-09-17 14:29:02.637,405.1258337251801,104
2024-09-17 14:29:02.745,405.1109340247886,100
2024-09-17 14:29:02.765,405.10748532389766,95
2024-09-17 14:29:02.800,405.1786251387329,95
2024-09-17 14:29:02.854,405.1606543320229,105
2024-09-17 14:29:03.007,405.1990087907431,100
2024-09-17 14:29:03.016,405.23396397565,5
2024-09-17 14:29:03.063,405.2077146218672,999
2024-09-17 14:29:03.113,405.25704400462655,1001
2024-09-17 14:29:03.254,405.23295082846977,1000
2024-09-17 14:29:03.273,405.1905816665366,996
2024-09-17 14:29:03.363,405.2341227831045,1003
2024-09-17 14:29:03.377,405.2413111093655,1003
2024-09-17 14:29:03.453,405.2519954715521,7
2024-09-17 14:29:03.628,405.2313777137683,998
2024-09-17 14:29:03.631,405.2256225308117,14
2024-09-17 14:29:03.671,405.2276269821873,1001
2024-09-17 14:29:03.744,405.19166928727736,102
2024-09-17 14:29:03.788,405.1847683089151,1002
2024-09-17 14:29:03.834,405.22628355958335,105
2024-09-17 14:29:03.856,405.21722388208536,101
2024-09-17 14:29:03.881,405.2230420753584,14
2024-09-17 14:29:03.890,405.24072335471385,13
2024-09-17 14:29:03.896,405.2470904874801,995
2024-09-17 14:29:03.943,405.2187222856465,1002
2024-09-17 14:29:03.989,405.1756260610504,7
2024-09-17 14:29:04.099,405.18051556039126,14
2024-09-17 14:29:04.111,405.19020682143776,102
2024-09-17 14:29:04.117,405.18552700002607,1003
2024-09-17 14:29:04.275,405.1772276838648,996
2024-09-17 14:29:04.279,405.1719511688755,997
2024-09-17 14:29:04.345,405.2175380129283,99
2024-09-17 14:29:04.347,405.2087297366456,998
2024-09-17 14:29:04.384,405.1650102722286,98
2024-09-17 14:29:04.413,405.22697392188815,5
2024-09-17 14:29:04.425,405.2090197671963,10
2024-09-17 14:29:04.470,405.1905345220099,103
2024-09-17 14:29:04.597,405.2301371602341,5
2024-09-17 14:29:04.613,405.19302027584666,6
2024-09-17 14:29:04.623,405.1994922293692,100
2024-09-17 14:29:04.649,405.2168731077473,1005
2024-09-17 14:29:04.749,405.1718522173387,98
2024-09-17 14:29:04.816,-405.180000481894,105
2024-09-17 14:29:04.837,405.23080312646135,7
2024-09-17 14:29:04.908,405.21296721604256,99
2024-09-17 14:29:04.932,405.1939706354236,99
2024-09-17 14:29:04.958,405.222446418588,997
2024-09-17 14:29:04.963,405.2403875918423,8
2024-09-17 14:29:04.989,405.22925643384457,7
2024-09-17 14:29:05.132,405.1904327153729,13
2024-09-17 14:29:05.147,405.2273160111448,999
2024-09-17 14:29:05.173,405.21542264660127,7
2024-09-17 14:29:05.256,40.51930166214655,998
2024-09-17 14:29:05.347,405.1858452671532,103
2024-09-17 14:29:05.386,405.19370856587307,101
2024-09-17 14:29:05.509,405.1958577198097,1003
2024-09-17 14:29:05.555,405.1865472232598,999
2024-09-17 14:29:05.670,405.18387054104943,5
2024-09-17 14:29:05.687,405.1906700971442,14
2024-09-17 14:29:05.704,405.212395340297,103
2024-09-17 14:29:05.919,405.1878950140387,95
2024-09-17 14:29:05.955,405.1908030126071,1003
2024-09-17 14:29:05.957,405.1991572117437,8
2024-09-17 14:29:06.088,405.1684710192286,6
2024-09-17 14:29:06.113,405.1754937068706,997
2024-09-17 14:29:06.166,405.1746294331402,1005
2024-09-17 14:29:06.259,405.1543577796554,1004
2024-09-17 14:29:06.294,405.1511022244232,103
2024-09-17 14:29:06.340,405.185018431729,103
2024-09-17 14:29:06.383,405.1534449279517,1003
2024-09-17 14:29:06.456,405.17601422365954,1001
2024-09-17 14:29:06.540,405.14569492519206,13
2024-09-17 14:29:06.563,405.16781487007466,1005
2024-09-17 14:29:06.776,405.1737377363512,995
2024-09-17 14:29:06.819,405.1504555241124,1003
2024-09-17 14:29:06.822,405.1652160259305,7
2024-09-17 14:29:06.868,405.1657617226795,15
2024-09-17 14:29:06.890,405.1735972255544,99
2024-09-17 14:29:06.899,405.139302110782,1001
2024-09-17 14:29:06.911,405.1559955231323,8
2024-09-17 14:29:06.992,405.1778675850928,1000
2024-09-17 14:29:07.059,405.2572014288784,7
2024-09-17 14:29:07.081,405.1520317725268,99
2024-09-17 14:29:07.097,405.2427056977851,1001
2024-09-17 14:29:07.109,405.17193470783855,10
2024-09-17 14:29:07.113,405.25258502658585,5
2024-09-17 14:29:07.159,405.1935164020024,1000
2024-09-17 14:29:07.192,405.1676121763281,1002
2024-09-17 14:29:07.200,405.2656624365049,998
2024-09-17 14:29:07.235,405.16313860284936,99
2024-09-17 14:29:07.304,405.2329698790778,996
2024-09-17 14:29:07.359,405.2644465733922,996
2024-09-17 14:29:07.364,405.2545177416556,995
2024-09-17 14:29:07.375,405.2242134946254,105
2024-09-17 14:29:07.381,405.2397734221264,8
2024-09-17 14:29:07.393,405.1906099816573,1002
2024-09-17 14:29:07.416,405.1660679837952,11
2024-09-17 14:29:07.430,405.195293291722,9
2024-09-17 14:29:07.473,405.21032921741306,996
2024-09-17 14:29:07.522,405.2567215498674,97
2024-09-17 14:29:07.613,405.1900108068896,99
2024-09-17 14:29:07.661,405.2075637880641,996
2024-09-17 14:29:07.670,405.2487092858825,1003
2024-09-17 14:29:07.682,405.1973475499615,8
2024-09-17 14:29:07.688,405.25211765444095,1002
2024-09-17 14:29:07.857,405.2081551277656,8
2024-09-17 14:29:07.911,405.25714291844974,10
2024-09-17 14:29:07.927,405.2004232562993,97
2024-09-17 14:29:07.944,405.24530114597513,1002
2024-09-17 14:29:07.955,405.2396722158565,1004
2024-09-17 14:29:07.975,405.2669844329247,100
2024-09-17 14:29:08.231,405.2805486565205,999
2024-09-17 14:29:08.243,405.2715264146238,997
2024-09-17 14:29:08.249,405.2729948414429,14
2024-09-17 14:29:08.352,405.273496217899,1001
2024-09-17 14:29:08.483,405.26816506528434,13
2024-09-17 14:29:08.630,405.2776474021008,996
2024-09-17 14:29:08.649,405.2600646511318,95
2024-09-17 14:29:08.779,-405.2643630049423,102
2024-09-17 14:29:09.034,405.2639186096002,96
2024-09-17 14:29:09.217,,8
2024-09-17 14:29:09.406,405.263745213562,7
2024-09-17 14:29:09.423,,6
2024-09-17 14:29:09.901,405.2660861421056,104
2024-09-17 14:29:09.913,405.2619723328331,105
2024-09-17 14:29:10.109,405.21440114750783,103
2024-09-17 14:29:10.146,405.20685806135504,1003
2024-09-17 14:29:10.147,405.1930987934196,1001
2024-09-17 14:29:10.151,405.2440766269094,97
2024-09-17 14:29:10.245,405.2183687003266,8
2024-09-17 14:29:10.251,405.2505922503783,8
2024-09-17 14:29:10.258,405.2123709918115,14
2024-09-17 14:29:10.330,405.17305870394085,996
2024-09-17 14:29:10.469,405.23513783598713,8
2024-09-17 14:29:10.578,405.20136756967054,11
2024-09-17 14:29:10.779,405.2536563605772,104
2024-09-17 14:29:10.856,405.1796092574529,8
2024-09-17 14:29:11.013,405.2376723713624,1003
2024-09-17 14:29:11.024,405.15101781495366,15
2024-09-17 14:29:11.099,405.2292364640402,11
2024-09-17 14:29:11.107,405.2068190960235,9
2024-09-17 14:29:11.191,405.19859877436767,1003
2024-09-17 14:29:11.248,405.1851406041396,100
2024-09-17 14:29:11.271,405.2258492806594,998
2024-09-17 14:29:11.285,405.1980938826083,12
2024-09-17 14:29:11.305,405.219166686786,14
2024-09-17 14:29:11.323,405.2134663722777,13
2024-09-17 14:29:11.337,405.1593499395136,8
2024-09-17 14:29:11.432,405.1807360038647,13
2024-09-17 14:29:11.476,405.1434667886716,1003
2024-09-17 14:29:11.478,405.2108998342105,6
2024-09-17 14:29:11.540,405.17693781517033,102
2024-09-17 14:29:11.583,405.1918365102167,104
2024-09-17 14:29:11.607,405.1843278763489,10
2024-09-17 14:29:11.618,405.1954740723564,13
2024-09-17 14:29:11.642,405.1649989367424,8
2024-09-17 14:29:11.662,405.23765281221,8
2024-09-17 14:29:11.725,405.198745233934,1005
2024-09-17 14:29:11.756,405.1425495938705,1002
2024-09-17 14:29:11.794,405.2196526903375,104
2024-09-17 14:29:11.851,405.1994006004915,14
2024-09-17 14:29:11.902,405.2363545720654,103
2024-09-17 14:29:11.922,405.2033004178118,13
2024-09-17 14:29:11.933,405.2205630770037,995
2024-09-17 14:29:11.952,405.2180188779918,1004
2024-09-17 14:29:12.035,405.20114396267513,13
2024-09-17 14:29:12.036,405.2214040105069,998
2024-09-17 14:29:12.059,405.2120138580268,13
2024-09-17 14:29:12.164,405.2020797937332,15
2024-09-17 14:29:12.220,405.245332200403,102
2024-09-17 14:29:12.249,405.1849089020334,95
2024-09-17 14:29:12.261,405.240141438727,100
2024-09-17 14:29:12.313,405.2449618220377,1002
2024-09-17 14:29:12.327,405.1736103948666,997
2024-09-17 14:29:12.401,40.51815628855356,9
2024-09-17 14:29:12.431,405.2086828907812,102
2024-09-17 14:29:12.495,405.1920064285479,103
2024-09-17 14:29:12.562,405.2428014830183,99
2024-09-17 14:29:12.591,405.1919710472641,14
2024-09-17 14:29:12.703,405.2230912498379,98
2024-09-17 14:29:12.708,405.1903608904567,8
2024-09-17 14:29:12.751,405.2498431216958,14
2024-09-17 14:29:12.793,405.2246545040401,14
2024-09-17 14:29:12.855,-405.2556982373727,1004
2024-09-17 14:29:12.864,405.21103285278696,997
2024-09-17 14:29:12.892,405.17671824779467,12
2024-09-17 14:29:13.402,405.2433896931808,96
2024-09-17 14:29:13.411,405.23640786104994,1002
2024-09-17 14:29:13.473,405.2537058323949,102
2024-09-17 14:29:13.567,405.2651483264556,14
2024-09-17 14:29:13.797,405.2405864976729,14
2024-09-17 14:29:13.836,405.2546603068456,102
2024-09-17 14:29:13.992,405.2476333881227,10
2024-09-17 14:29:14.072,-405.2171075697788,99
2024-09-17 14:29:14.079,405.2459931390906,98
2024-09-17 14:29:14.081,405.2137412179448,11
2024-09-17 14:29:14.090,405.2242094862892,99
2024-09-17 14:29:14.205,405.2265947345392,96
2024-09-17 14:29:14.317,405.2055654678751,1005
2024-09-17 14:29:14.326,405.2405459248098,1004
2024-09-17 14:29:14.679,405.23084803034544,5
2024-09-17 14:29:14.688,405.2337767504885,1004
2024-09-17 14:29:14.794,405.2413637899261,100
2024-09-17 14:29:14.842,405.239293862341,98
2024-09-17 14:29:15.066,405.2302857780248,1001
2024-09-17 14:29:15.267,405.2316480496044,998
2024-09-17 14:29:15.423,405.2265829960921,15
2024-09-17 14:29:16.048,405.2377252383295,99
2024-09-17 14:29:16.116,405.2759722245497,995
2024-09-17 14:29:16.153,405.22988565580937,103
2024-09-17 14:29:16.242,405.2306948790709,97
2024-09-17 14:29:16.258,405.2591281836182,9
2024-09-17 14:29:16.298,405.2739141495339,100
2024-09-17 14:29:16.415,405.2646669642147,1000
2024-09-17 14:29:16.504,405.2557492829587,101
2024-09-17 14:29:16.576,405.27297611008464,95
2024-09-17 14:29:16.628,405.24170278947247,1002
2024-09-17 14:29:16.699,40.52620670878198,10
2024-09-17 14:29:16.773,405.2688127683841,999
2024-09-17 14:29:16.840,405.2253597567717,13
2024-09-17 14:29:16.861,405.2656387055919,100
2024-09-17 14:29:16.983,405.231397114326,96
2024-09-17 14:29:17.015,405.2978305044664,999
2024-09-17 14:29:17.109,405.23491342484647,1004
2024-09-17 14:29:17.173,405.3161511025255,104
2024-09-17 14:29:17.343,405.2132405350997,5
2024-09-17 14:29:17.353,405.2507976832978,10
2024-09-17 14:29:17.413,405.2580171807551,998
2024-09-17 14:29:17.418,405.2136792647525,98
2024-09-17 14:29:17.470,405.2950339796973,8
2024-09-17 14:29:17.529,405.27594638389513,96
2024-09-17 14:29:17.627,405.289904042277,1000
2024-09-17 14:29:17.682,405.2632910413084,5
2024-09-17 14:29:17.686,405.2723914537903,13
2024-09-17 14:29:17.711,405.21576739801753,1003
2024-09-17 14:29:17.766,405.2763639759635,96
2024-09-17 14:29:17.779,405.2582410177106,99
2024-09-17 14:29:17.785,405.3142438413815,6
2024-09-17 14:29:17.799,405.2235391436648,13
2024-09-17 14:29:17.829,405.2941425354927,13
2024-09-17 14:29:17.839,405.2518177143248,1003
2024-09-17 14:29:17.857,405.2530412540772,15
2024-09-17 14:29:17.901,405.2747763109712,103
2024-09-17 14:29:17.909,405.3184109890484,95
2024-09-17 14:29:17.941,405.2400223381768,15
2024-09-17 14:29:17.966,405.3140443553259,6
2024-09-17 14:29:17.999,405.2252766094854,996
2024-09-17 14:29:18.033,405.3239568405842,7
2024-09-17 14:29:18.101,405.3194665277312,10
2024-09-17 14:29:18.105,405.3079119109639,999
2024-09-17 14:29:18.112,405.3385148940103,9
2024-09-17 14:29:18.169,405.2931143016292,104
2024-09-17 14:29:18.176,405.28562653789686,6
2024-09-17 14:29:18.241,405.2697920753296,95
2024-09-17 14:29:18.263,405.3128453984481,101
2024-09-17 14:29:18.266,405.31881482081104,98
2024-09-17 14:29:18.270,405.3203742171525,9
2024-09-17 14:29:18.326,405.2812818459595,1005
2024-09-17 14:29:18.413,405.2704807086272,15
2024-09-17 14:29:18.423,405.3122673599928,1000
2024-09-17 14:29:18.431,405.30064101481366,996
2024-09-17 14:29:18.432,405.2569684905416,1004
2024-09-17 14:29:18.480,405.3059521998675,101
2024-09-17 14:29:18.569,405.32199074447846,101
2024-09-17 14:29:18.574,405.2971185063285,6
2024-09-17 14:29:18.620,405.28378042503545,96
2024-09-17 14:29:18.679,405.25699013385736,999
2024-09-17 14:29:18.717,405.3296234563514,997
2024-09-17 14:29:18.723,405.2764096723658,6
2024-09-17 14:29:18.746,405.3147172217742,102
2024-09-17 14:29:18.784,405.2805772618638,15
2024-09-17 14:29:18.819,405.2719597746249,7
2024-09-17 14:29:18.841,405.3130183576537,97
2024-09-17 14:29:18.887,405.2712367587895,1004
2024-09-17 14:29:18.942,405.28909038830665,999
2024-09-17 14:29:19.027,405.28196562081325,5
2024-09-17 14:29:19.027,405.25128701697423,7
2024-09-17 14:29:19.112,405.2631592497663,6
2024-09-17 14:29:19.204,405.17142644998927,5
2024-09-17 14:29:19.242,405.2151035281682,98
2024-09-17 14:29:19.295,405.2275677110858,1004
2024-09-17 14:29:19.299,405.1859223264568,998
2024-09-17 14:29:19.318,405.2403625257438,15
2024-09-17 14:29:19.363,405.1715112327556,999
2024-09-17 14:29:19.393,405.2823683315911,11
2024-09-17 14:29:19.403,405.15933305423766,996
2024-09-17 14:29:19.408,405.17684936560033,13
2024-09-17 14:29:19.422,405.1623262852887,997
2024-09-17 14:29:19.432,405.226058684042,101
2024-09-17 14:29:19.482,405.2394772192434,96
2024-09-17 14:29:19.491,405.1545222014051,996
2024-09-17 14:29:19.555,405.1948897389747,100
2024-09-17 14:29:19.559,405.1791702553199,96
2024-09-17 14:29:19.587,405.1805508111745,100
2024-09-17 14:29:19.595,405.212270723562,105
2024-09-17 14:29:19.605,405.2118810353924,97
2024-09-17 14:29:19.645,405.28517004539424,97
2024-09-17 14:29:19.704,405.21349375463495,95
2024-09-17 14:29:19.717,405.2128692157616,13
2024-09-17 14:29:19.777,405.1915095633868,1005
2024-09-17 14:29:19.808,,13
2024-09-17 14:29:19.816,405.1514744879886,9
2024-09-17 14:29:19.959,405.2970558117304,1000
2024-09-17 14:29:20.225,405.2044879908476,8
2024-09-17 14:29:20.344,405.2262934630963,997
2024-09-17 14:29:20.574,405.2125900875404,997
2024-09-17 14:29:20.861,405.2267658194985,96
2024-09-17 14:29:20.904,405.1780086487696,102
2024-09-17 14:29:21.189,405.1783096889818,14
2024-09-17 14:29:21.204,405.17888871742656,9
2024-09-17 14:29:21.317,405.19613205338834,6
2024-09-17 14:29:21.702,405.19215420606463,104
2024-09-17 14:29:23.129,405.2938396658125,14
2024-09-17 14:29:23.133,405.2956988728339,95
2024-09-17 14:29:23.148,405.2545496555027,95
2024-09-17 14:29:23.177,405.24135279201295,1005
2024-09-17 14:29:23.238,405.2320238487266,105
2024-09-17 14:29:23.284,405.26403668943794,6
2024-09-17 14:29:23.295,405.2179704959032,1003
2024-09-17 14:29:23.304,405.21258366393016,95
2024-09-17 14:29:23.322,405.2632726063366,11
2024-09-17 14:29:23.354,405.19484485271647,995
2024-09-17 14:29:23.381,405.2698999619524,98
2024-09-17 14:29:23.390,405.2260423195572,1001
2024-09-17 14:29:23.427,405.213693185294,14
2024-09-17 14:29:23.469,405.2138405720272,11
2024-09-17 14:29:23.474,405.2531114804655,1004
2024-09-17 14:29:23.500,405.2786196863566,997
2024-09-17 14:29:23.507,405.2697223280899,997
2024-09-17 14:29:23.607,405.3017225665815,6
2024-09-17 14:29:23.626,405.1962243885557,105
2024-09-17 14:29:23.676,405.2657275077857,6
2024-09-17 14:29:23.682,405.3008998046674,8
2024-09-17 14:29:23.797,405.26997915634274,6
2024-09-17 14:29:23.820,405.2732756382272,1003
2024-09-17 14:29:23.833,405.2818291095987,9
2024-09-17 14:29:23.834,405.1965172797505,8
2024-09-17 14:29:23.891,405.2833447128816,997
2024-09-17 14:29:23.905,405.2202863441181,9
2024-09-17 14:29:23.930,405.2239523456514,999
2024-09-17 14:29:23.987,405.279517637951,14
2024-09-17 14:29:24.012,405.2731702512087,95
2024-09-17 14:29:24.090,405.25502902274536,1002
2024-09-17 14:29:24.224,405.2743052973864,5
2024-09-17 14:29:24.274,405.2354494413553,100
2024-09-17 14:29:24.451,405.2605601988601,105
2024-09-17 14:29:24.587,405.2641472833819,103
2024-09-17 14:29:24.593,405.24190581783074,101
2024-09-17 14:29:24.688,405.259732567125,98
2024-09-17 14:29:24.696,405.2308933601733,11
2024-09-17 14:29:24.735,405.2357294181536,1005
2024-09-17 14:29:24.803,,103
2024-09-17 14:29:24.804,405.25872494630335,104
2024-09-17 14:29:24.889,405.2438864943985,14
2024-09-17 14:29:25.022,405.2215100978656,996
2024-09-17 14:29:25.038,405.1682138864896,1005
2024-09-17 14:29:25.128,405.15309763212855,98
2024-09-17 14:29:25.163,405.1485901185912,101
2024-09-17 14:29:25.188,405.17041800412414,996
2024-09-17 14:29:25.193,405.1686855823766,7
2024-09-17 14:29:25.240,405.1318059492223,100
2024-09-17 14:29:25.267,405.1349795104831,1000
2024-09-17 14:29:25.275,405.2008433272182,9
2024-09-17 14:29:25.293,405.1740364948336,1003
2024-09-17 14:29:25.297,405.1582562810498,99
2024-09-17 14:29:25.343,405.2092398839591,96
2024-09-17 14:29:25.380,405.1459417807047,7
2024-09-17 14:29:25.381,405.1707471738766,1005
2024-09-17 14:29:25.402,405.21185038335904,102
2024-09-17 14:29:25.433,405.1374942289639,14
2024-09-17 14:29:25.525,405.1911024428033,1005
2024-09-17 14:29:25.566,405.1569319371848,102
2024-09-17 14:29:25.592,405.1653432222912,98
2024-09-17 14:29:25.620,405.1966545620819,95
2024-09-17 14:29:25.695,,104
2024-09-17 14:29:25.701,405.1468846498919,14
2024-09-17 14:29:25.762,405.1864922764912,100
2024-09-17 14:29:25.765,405.1338353236442,5
2024-09-17 14:29:25.828,405.18022808251055,15
2024-09-17 14:29:25.844,405.1589030112103,1004
2024-09-17 14:29:25.882,405.1377007715104,1001
2024-09-17 14:29:25.895,405.1317907002965,1002
2024-09-17 14:29:26.031,405.1398807037112,105
2024-09-17 14:29:26.217,405.1274669621608,98
2024-09-17 14:29:26.218,405.14137432743456,1001
2024-09-17 14:29:26.237,405.1372766665062,102
2024-09-17 14:29:26.343,405.1430513066717,12
2024-09-17 14:29:26.601,405.1473607966053,11
2024-09-17 14:29:26.697,405.110948146897,100
2024-09-17 14:29:26.951,405.13615609195625,105
2024-09-17 14:29:27.107,405.1525557661821,995
2024-09-17 14:29:27.216,405.13209210873896,996
2024-09-17 14:29:27.240,405.1514387365541,13
2024-09-17 14:29:27.325,405.1339420454249,995
2024-09-17 14:29:27.375,405.1586126604087,96
2024-09-17 14:29:27.423,405.11382226750567,14
2024-09-17 14:29:27.477,405.14762005709935,13
2024-09-17 14:29:27.487,405.1505513594438,105
2024-09-17 14:29:27.571,,6
2024-09-17 14:29:27.581,405.1390837675123,1000
2024-09-17 14:29:27.581,405.1469299911018,96
2024-09-17 14:29:27.608,405.13205956769696,14
2024-09-17 14:29:27.730,405.1389709923718,1002
2024-09-17 14:29:27.793,405.1264145438727,102
2024-09-17 14:29:27.857,405.1512827125911,13
2024-09-17 14:29:27.950,405.1489537210992,100
2024-09-17 14:29:27.972,405.1225238877184,998
2024-09-17 14:29:28.173,405.1045509452629,100
2024-09-17 14:29:28.313,405.1111952360863,15
2024-09-17 14:29:28.673,405.1018070818574,1002
2024-09-17 14:29:28.898,405.1086218720124,1000
2024-09-17 14:29:28.900,405.0920222538356,9
2024-09-17 14:29:29.164,405.2103327145712,104
2024-09-17 14:29:29.255,405.2065665376013,105
2024-09-17 14:29:29.308,405.2027493413117,9
2024-09-17 14:29:29.357,405.2005234831895,1004
2024-09-17 14:29:29.393,405.20749019322346,997
2024-09-17 14:29:29.410,405.1777389841881,12
2024-09-17 14:29:29.515,405.2147184991811,99
2024-09-17 14:29:29.602,405.1031344479698,5
2024-09-17 14:29:29.619,405.10881655903296,995
2024-09-17 14:29:29.651,405.2007880438422,1003
2024-09-17 14:29:29.736,405.13760257780007,14
2024-09-17 14:29:29.756,405.11872493147854,98
2024-09-17 14:29:29.913,405.1708502490109,1000
2024-09-17 14:29:30.061,405.2509566845008,104
2024-09-17 14:29:30.078,405.211943006474,98
2024-09-17 14:29:30.086,405.2254034564573,10
2024-09-17 14:29:30.112,405.2027746218429,14
2024-09-17 14:29:30.126,405.1990887760789,100
2024-09-17 14:29:30.205,405.2642806241236,998
2024-09-17 14:29:30.206,405.2385007877057,101
2024-09-17 14:29:30.264,405.24033946386487,997
2024-09-17 14:29:30.299,405.2359510036459,999
2024-09-17 14:29:30.307,405.2356636317664,999
2024-09-17 14:29:30.373,405.2059780651539,1003
2024-09-17 14:29:30.465,405.21879476030574,1003
2024-09-17 14:29:30.498,405.23840625573,96
2024-09-17 14:29:30.539,405.2387145543293,1002
2024-09-17 14:29:30.559,405.22981831685496,1005
2024-09-17 14:29:30.630,405.2124496474475,101
2024-09-17 14:29:30.633,405.2346569270025,996
2024-09-17 14:29:30.639,405.247831997713,5
2024-09-17 14:29:30.684,405.23199581721866,102
2024-09-17 14:29:30.702,405.2186023212832,995
2024-09-17 14:29:30.724,405.20992565828624,15
2024-09-17 14:29:30.746,405.21555639733486,996
2024-09-17 14:29:30.819,405.2098991458323,103
2024-09-17 14:29:30.862,40.52115554738213,105
2024-09-17 14:29:30.877,405.2348472942216,1000
2024-09-17 14:29:30.934,405.2421796302173,6
2024-09-17 14:29:30.948,405.2372224973312,7
2024-09-17 14:29:30.968,405.2517668735213,15
2024-09-17 14:29:30.990,405.2067625373568,15
2024-09-17 14:29:31.025,405.2445878399944,995
2024-09-17 14:29:31.199,405.2379237908716,102
2024-09-17 14:29:31.209,405.26348840483575,97
2024-09-17 14:29:31.218,405.2483155688717,98
2024-09-17 14:29:31.258,405.2547573087541,1000
2024-09-17 14:29:31.321,405.2467081426996,1003
2024-09-17 14:29:31.406,405.25380988703023,995
2024-09-17 14:29:31.437,405.2694986395612,997
2024-09-17 14:29:31.590,405.2573682042099,9
2024-09-17 14:29:31.634,405.2578235916833,10
2024-09-17 14:29:31.691,405.2581749465805,8
2024-09-17 14:29:31.859,,8
2024-09-17 14:29:31.861,405.2529336395981,998
2024-09-17 14:29:31.884,405.25960773524974,9
2024-09-17 14:29:31.959,405.2470541861675,95
2024-09-17 14:29:32.020,405.2668011275888,997
2024-09-17 14:29:32.024,405.2850326581549,1000
2024-09-17 14:29:32.246,405.2762334772264,15
2024-09-17 14:29:32.350,405.3015169792577,996
2024-09-17 14:29:32.419,405.29793527892,1001
2024-09-17 14:29:32.435,405.2918127040471,99
2024-09-17 14:29:32.684,405.2841045227014,5
2024-09-17 14:29:33.027,405.3315955176896,101
2024-09-17 14:29:33.081,405.3536787265743,96
2024-09-17 14:29:33.084,405.3504380671722,14
2024-09-17 14:29:33.135,405.3369106062655,7
2024-09-17 14:29:33.162,405.33894465304354,15
2024-09-17 14:29:33.163,405.3268922252087,96
2024-09-17 14:29:33.320,405.3487146490255,997
2024-09-17 14:29:33.329,405.3515934519481,13
2024-09-17 14:29:33.363,405.3382847125226,11
2024-09-17 14:29:33.428,405.3368896006154,13
2024-09-17 14:29:33.505,405.35233770459735,1002
2024-09-17 14:29:33.543,405.3560532529652,1004
2024-09-17 14:29:33.611,405.3234500784266,11
2024-09-17 14:29:33.660,405.339055890274,12
2024-09-17 14:29:33.728,405.317429112588,104
2024-09-17 14:29:33.828,405.3379109203251,1004
2024-09-17 14:29:33.859,405.3355602700857,1001
2024-09-17 14:29:33.959,405.3407005804125,1004
2024-09-17 14:29:34.169,405.337078134607,102
2024-09-17 14:29:34.947,,95
2024-09-17 14:29:34.995,405.3362746260878,99
2024-09-17 14:29:34.996,405.3275166853988,997
2024-09-17 14:29:35.003,405.3526817860004,1000
2024-09-17 14:29:35.061,405.3330221804321,103
2024-09-17 14:29:35.101,405.34791294022006,10
2024-09-17 14:29:35.192,405.3461296435897,101
2024-09-17 14:29:35.247,405.3339819307716,998
2024-09-17 14:29:35.416,405.3452837313384,999
2024-09-17 14:29:35.421,405.3578827228676,1001
2024-09-17 14:29:35.487,405.364287138664,12
2024-09-17 14:29:35.522,405.3465069656776,1001
2024-09-17 14:29:35.804,405.3463202245279,6
2024-09-17 14:29:35.826,405.37891164350975,1005
2024-09-17 14:29:35.840,405.36957337935246,1000
2024-09-17 14:29:35.963,405.35035881692335,95
2024-09-17 14:29:36.062,405.3690306237,98
2024-09-17 14:29:36.132,405.3900164198888,1005
2024-09-17 14:29:36.337,405.3695469598442,101
2024-09-17 14:29:36.551,405.3808445951378,101
2024-09-17 14:29:36.562,405.3813764707255,998
2024-09-17 14:29:36.617,405.3788216986564,1003
2024-09-17 14:29:37.021,405.3482456495115,97
2024-09-17 14:29:37.388,405.3543855662021,104
2024-09-17 14:29:37.714,405.3574309113201,1004
2024-09-17 14:29:38.022,405.3998772102891,995
2024-09-17 14:29:38.031,405.3809522109336,995
2024-09-17 14:29:38.084,405.4076139081679,996
2024-09-17 14:29:38.094,405.3435549275972,97
2024-09-17 14:29:38.205,405.4026350108207,996
2024-09-17 14:29:38.214,405.3700673924708,998
2024-09-17 14:29:38.246,405.3966313228163,7
2024-09-17 14:29:38.296,405.3862391999683,1004
2024-09-17 14:29:38.317,405.3993997343777,97
2024-09-17 14:29:38.326,405.39765468205536,96
2024-09-17 14:29:38.333,405.3847256806052,995
2024-09-17 14:29:38.398,405.3816354458263,999
2024-09-17 14:29:38.403,405.3638302825846,99
2024-09-17 14:29:38.418,405.417767237896,5
2024-09-17 14:29:38.534,405.409272601393,13
2024-09-17 14:29:38.692,405.4011450742073,98
2024-09-17 14:29:38.698,405.4068150907647,9
2024-09-17 14:29:38.704,405.3752474275374,8
2024-09-17 14:29:38.761,405.3884695015219,100
2024-09-17 14:29:38.767,405.4134382367169,99
2024-09-17 14:29:38.790,405.366645294428,5
2024-09-17 14:29:38.829,405.40122317530006,95
2024-09-17 14:29:38.839,405.3881896258672,1003
2024-09-17 14:29:38.889,405.3928758565927,8
2024-09-17 14:29:38.952,405.3820408807463,6
2024-09-17 14:29:38.955,405.36670502099554,7
2024-09-17 14:29:38.976,405.3876647238436,99
2024-09-17 14:29:38.986,405.4068897853887,105
2024-09-17 14:29:38.996,405.4018873280422,101
2024-09-17 14:29:39.006,405.3893295310628,102
2024-09-17 14:29:39.009,405.3874976298811,8
2024-09-17 14:29:39.034,405.3585398299259,8
2024-09-17 14:29:39.091,405.3945978926976,1001
2024-09-17 14:29:39.107,405.40856304482537,1004
2024-09-17 14:29:39.127,405.42537419067065,1004
2024-09-17 14:29:39.153,405.4151779958321,102
2024-09-17 14:29:39.178,405.38389058343216,1000
2024-09-17 14:29:39.215,405.3979911621171,997
2024-09-17 14:29:39.255,405.349419121762,10
2024-09-17 14:29:39.284,405.3447748929182,8
2024-09-17 14:29:39.330,405.36371733093904,97
2024-09-17 14:29:39.362,405.3609116958048,1000
2024-09-17 14:29:39.368,405.3332627313049,104
2024-09-17 14:29:39.378,405.36066193521344,10
2024-09-17 14:29:39.403,405.4002717959481,11
2024-09-17 14:29:39.408,405.3502432526673,8
2024-09-17 14:29:39.412,405.4179152764089,7
2024-09-17 14:29:39.424,405.3907676070245,14
2024-09-17 14:29:39.464,405.3775457087997,6
2024-09-17 14:29:39.478,405.3799954056804,1004
2024-09-17 14:29:39.491,405.4271518319158,15
2024-09-17 14:29:39.753,405.352174823837,1003
2024-09-17 14:29:39.860,405.39833253375247,1004
2024-09-17 14:29:39.873,405.38348411219226,6
2024-09-17 14:29:39.914,405.37745230035216,103
2024-09-17 14:29:39.928,405.3914021054729,96
2024-09-17 14:29:40.023,405.3871586392008,7
2024-09-17 14:29:40.023,405.3879632644398,14
2024-09-17 14:29:40.041,405.3879188426323,1003
2024-09-17 14:29:40.083,405.3813266533642,101
2024-09-17 14:29:40.137,405.3831071759406,100
2024-09-17 14:29:40.231,405.4003715843018,11
2024-09-17 14:29:40.295,405.3950639285754,6
2024-09-17 14:29:40.339,405.37986729419873,1002
2024-09-17 14:29:40.355,405.41930492666233,1004
2024-09-17 14:29:40.358,405.3799199016901,1005
2024-09-17 14:29:40.364,405.3975583179827,5
2024-09-17 14:29:40.494,405.3968899508162,998
2024-09-17 14:29:40.503,405.4045187051185,101
2024-09-17 14:29:40.527,405.3833156397889,15
2024-09-17 14:29:40.539,405.40014699018445,101
2024-09-17 14:29:40.691,405.37822732073727,98
2024-09-17 14:29:40.828,405.3833291191583,102
2024-09-17 14:29:40.917,405.4161500500454,102
2024-09-17 14:29:40.967,405.3923453456532,100
2024-09-17 14:29:40.982,405.369888291738,11
2024-09-17 14:29:42.215,405.35738227660806,7
2024-09-17 14:29:42.679,405.3246293687248,13
2024-09-17 14:29:42.915,405.3383463369429,15
2024-09-17 14:29:43.033,405.3424497440981,100
2024-09-17 14:29:43.119,405.3798221828157,12
2024-09-17 14:29:43.167,405.3555788504257,1004
2024-09-17 14:29:43.185,405.3375921353881,98
2024-09-17 14:29:43.239,405.3748188881145,1005
2024-09-17 14:29:43.266,405.3621662787839,995
2024-09-17 14:29:43.286,405.3381311966174,6
2024-09-17 14:29:43.291,405.3734773301577,995
2024-09-17 14:29:43.299,405.34742024990106,13
2024-09-17 14:29:43.342,405.3713475456,7
2024-09-17 14:29:43.373,405.36636164046007,103
2024-09-17 14:29:43.405,405.3681440844606,100
2024-09-17 14:29:43.426,405.3336895046363,103
2024-09-17 14:29:43.489,-405.35582067739017,97
2024-09-17 14:29:43.563,405.3627313748075,12
2024-09-17 14:29:43.572,405.36791643740736,102
2024-09-17 14:29:43.597,405.3360798944114,999
2024-09-17 14:29:43.673,405.3701105698265,96
2024-09-17 14:29:43.686,405.3373783300293,15
2024-09-17 14:29:43.716,405.37404931052953,998
2024-09-17 14:29:43.746,-405.3513056587534,105
2024-09-17 14:29:43.784,405.34819347486695,6
2024-09-17 14:29:43.793,405.3428568117368,7
2024-09-17 14:29:43.856,405.3539170904411,998
2024-09-17 14:29:43.907,405.3569626085147,1005
2024-09-17 14:29:43.929,405.3356439714124,102
2024-09-17 14:29:43.944,405.3783707945652,1003
2024-09-17 14:29:43.955,405.3812905445915,6
2024-09-17 14:29:43.966,405.3494170583374,100
2024-09-17 14:29:44.017,405.299664431072,11
2024-09-17 14:29:44.087,405.3067806590776,1002
2024-09-17 14:29:44.173,405.2978608093625,13
2024-09-17 14:29:44.182,405.31125382484623,13
2024-09-17 14:29:44.193,405.29355579872686,998
2024-09-17 14:29:44.226,405.3035696706386,8
2024-09-17 14:29:44.238,405.2808782815213,996
2024-09-17 14:29:44.259,405.2932936935295,1003
2024-09-17 14:29:44.313,405.31766140002986,101
2024-09-17 14:29:44.376,405.3076205916856,97
2024-09-17 14:29:44.659,405.32792677691646,14
2024-09-17 14:29:44.724,405.2977612346938,1004
2024-09-17 14:29:45.015,40.53166767915824,14
2024-09-17 14:29:45.030,405.30627125947376,103
2024-09-17 14:29:45.071,405.2755446667536,14
2024-09-17 14:29:45.102,405.2883431453049,1001
2024-09-17 14:29:45.125,405.2959988588568,97
2024-09-17 14:29:45.188,405.29595573704506,13
2024-09-17 14:29:45.214,40.52891556268913,100
2024-09-17 14:29:45.342,405.3170879138106,995
2024-09-17 14:29:45.351,405.3018253558718,96
2024-09-17 14:29:45.360,405.3312182214348,14
2024-09-17 14:29:45.382,405.3141683224484,13
2024-09-17 14:29:45.438,405.27345990425744,997
2024-09-17 14:29:45.493,405.28432783824377,102
2024-09-17 14:29:45.499,405.3259967262096,97
2024-09-17 14:29:45.655,405.3177811627687,95
2024-09-17 14:29:45.747,405.30377628749153,999
2024-09-17 14:29:45.768,405.32304195146094,12
2024-09-17 14:29:45.789,405.29888920736806,96
2024-09-17 14:29:45.804,405.30846401471325,14
2024-09-17 14:29:45.931,405.3011968836042,998
2024-09-17 14:29:45.955,405.2930423909998,102
2024-09-17 14:29:45.991,405.3246576816396,8
2024-09-17 14:29:46.007,405.2812081224756,5
2024-09-17 14:29:46.068,405.2999415361268,97
2024-09-17 14:29:46.096,405.3234451042408,1003
2024-09-17 14:29:46.158,405.3045254348867,1005
2024-09-17 14:29:46.212,405.2960837834546,97
2024-09-17 14:29:46.518,405.2783069589655,8
2024-09-17 14:29:46.583,405.29039392083786,15
2024-09-17 14:29:46.608,405.29390364977706,8
2024-09-17 14:29:46.612,405.2899122547672,1003
2024-09-17 14:29:46.659,405.28108976733046,8
2024-09-17 14:29:46.666,405.2779077304238,15
2024-09-17 14:29:46.684,405.3116965042942,998
2024-09-17 14:29:46.709,405.2631718737108,7
2024-09-17 14:29:46.769,405.25370264683295,11
2024-09-17 14:29:46.910,405.2903347712914,1005
2024-09-17 14:29:47.043,405.2913055153216,995
2024-09-17 14:29:47.109,405.31012246321023,8
2024-09-17 14:29:47.131,405.2600846149279,7
2024-09-17 14:29:47.134,405.3125763300848,1004
2024-09-17 14:29:47.173,405.2772594809621,13
2024-09-17 14:29:47.178,405.2712285682974,13
2024-09-17 14:29:47.203,405.2896092936829,97
2024-09-17 14:29:47.355,405.3101949511105,103
2024-09-17 14:29:47.367,405.2937733841658,1002
2024-09-17 14:29:47.519,405.2781283735695,13
2024-09-17 14:29:47.551,405.2782675801134,11
2024-09-17 14:29:47.567,405.2890426564853,6
2024-09-17 14:29:47.582,405.2788993289327,1003
2024-09-17 14:29:47.620,405.3186379343367,95
2024-09-17 14:29:47.629,405.2938057530824,98
2024-09-17 14:29:47.665,405.2765992074508,14
2024-09-17 14:29:47.743,405.2748331569781,102
2024-09-17 14:29:47.759,405.28912428855153,97
2024-09-17 14:29:47.811,,1002
2024-09-17 14:29:47.818,405.27286477124335,997
2024-09-17 14:29:47.879,405.2620281013245,103
2024-09-17 14:29:47.911,405.30475022866665,9
2024-09-17 14:29:47.916,405.27882193755534,98
2024-09-17 14:29:47.937,405.28264087985855,15
2024-09-17 14:29:47.967,405.2819418551275,13
2024-09-17 14:29:47.969,405.2842740892544,14
2024-09-17 14:29:47.977,405.2748305197988,98
2024-09-17 14:29:48.036,405.2806441676682,99
2024-09-17 14:29:48.042,405.2423483203085,15
2024-09-17 14:29:48.051,405.2701058835721,97
2024-09-17 14:29:48.069,405.2522690419133,996
2024-09-17 14:29:48.145,405.284105913324,6
2024-09-17 14:29:48.211,405.2633318426138,1004
2024-09-17 14:29:48.213,405.260608006916,1002
2024-09-17 14:29:48.223,405.28555077181306,95
2024-09-17 14:29:48.294,405.2895185858527,1000
2024-09-17 14:29:48.312,405.285243445174,8
2024-09-17 14:29:48.382,405.2658637595174,102
2024-09-17 14:29:48.428,405.2679027874528,100
2024-09-17 14:29:48.492,405.2582397923851,1000
2024-09-17 14:29:48.501,405.2629268621792,105
2024-09-17 14:29:48.543,405.2798903551004,10
2024-09-17 14:29:48.606,405.2410453088779,995
2024-09-17 14:29:48.689,405.2846912567752,14
2024-09-17 14:29:48.716,405.2448649529092,999
2024-09-17 14:29:48.786,405.2711084379832,11
2024-09-17 14:29:48.816,405.2809322631213,12
2024-09-17 14:29:48.829,405.26439882464433,995
2024-09-17 14:29:48.843,405.2729457138896,96
2024-09-17 14:29:48.907,405.2748108301289,1003
2024-09-17 14:29:48.919,405.2490652600087,1004
2024-09-17 14:29:48.923,405.2795746614448,104
2024-09-17 14:29:49.004,405.23943344431297,95
2024-09-17 14:29:49.028,405.2333118311557,5
2024-09-17 14:29:49.278,405.23688114859567,95
2024-09-17 14:29:49.421,405.21933369491694,1005
2024-09-17 14:29:49.444,405.2225330178483,9
2024-09-17 14:29:49.906,405.2356278566028,8
2024-09-17 14:29:50.045,405.2546151364611,13
2024-09-17 14:29:50.106,405.2897610222132,99
2024-09-17 14:29:50.317,405.24537957804114,1003
2024-09-17 14:29:50.640,405.2689758989109,1001
2024-09-17 14:29:50.648,405.2314438571893,1004
2024-09-17 14:29:50.660,405.2605178585959,996
2024-09-17 14:29:50.723,405.2470612065005,998
2024-09-17 14:29:50.734,405.2348530838089,1001
2024-09-17 14:29:50.869,405.2914741622301,998
2024-09-17 14:29:51.029,405.2720498735762,13
2024-09-17 14:29:51.231,405.2322557081471,999
2024-09-17 14:29:51.408,405.2582973178591,995
2024-09-17 14:29:51.413,405.2316583962792,9
2024-09-17 14:29:51.511,405.2487693932448,8
2024-09-17 14:29:51.593,405.2715231189073,5
2024-09-17 14:29:51.872,405.2415400109045,5
2024-09-17 14:29:51.894,405.2481585950368,7
2024-09-17 14:29:51.983,405.2513564470313,97
2024-09-17 14:29:52.206,405.289968117229,105
2024-09-17 14:29:52.760,405.3078730298116,1002
2024-09-17 14:29:52.782,405.28829188681857,8
2024-09-17 14:29:53.042,405.31801878802366,999
2024-09-17 14:29:53.128,405.3588386129978,1003
2024-09-17 14:29:53.148,405.3403021807695,104
2024-09-17 14:29:53.645,405.3345345188816,8
2024-09-17 14:29:53.708,405.3435427336336,1000
2024-09-17 14:29:53.735,405.34756763992,6
2024-09-17 14:29:53.838,405.3467542530186,7
2024-09-17 14:29:53.842,405.35087316469645,996
2024-09-17 14:29:53.904,405.3350053776989,95
2024-09-17 14:29:53.995,-405.3563643520666,102
2024-09-17 14:29:54.173,405.3292475819124,97
2024-09-17 14:29:54.488,405.32013118416864,11
2024-09-17 14:29:54.557,405.32526710826494,1000
2024-09-17 14:29:54.749,40.5323112078062,100
2024-09-17 14:29:54.947,405.3375324077915,996
2024-09-17 14:29:55.274,405.33464962963455,13
2024-09-17 14:29:55.363,405.3412316756944,1005
2024-09-17 14:29:55.395,405.3378585077228,102
2024-09-17 14:29:55.501,405.3381717225015,995
2024-09-17 14:29:55.522,405.3375415709152,11
2024-09-17 14:29:55.532,405.3248639951511,998
2024-09-17 14:29:55.598,405.3239645828154,6
2024-09-17 14:29:55.814,405.3346946039273,1004
2024-09-17 14:29:55.917,405.3378227251755,11
2024-09-17 14:29:55.964,405.3296608616767,5
2024-09-17 14:29:55.973,405.330571892859,5
2024-09-17 14:29:55.980,405.336789262096,7
2024-09-17 14:29:56.008,405.3060682146221,11
2024-09-17 14:29:56.091,405.28927636635706,105
2024-09-17 14:29:56.158,,13
2024-09-17 14:29:56.322,405.3006910241316,97
2024-09-17 14:29:56.354,405.2701643705838,997
2024-09-17 14:29:56.355,405.28268545004255,10
2024-09-17 14:29:56.447,405.305840355073,1004
2024-09-17 14:29:56.540,405.2446894588735,15
2024-09-17 14:29:56.586,405.2574325577002,15
2024-09-17 14:29:56.612,405.2887708794117,95
2024-09-17 14:29:56.654,405.2662472847012,102
2024-09-17 14:29:56.749,405.3143749716404,99
2024-09-17 14:29:56.760,405.29436158055336,96
2024-09-17 14:29:56.772,405.29652246520783,99
2024-09-17 14:29:56.772,405.3102174972236,1003
2024-09-17 14:29:56.787,405.24360047600896,1002
2024-09-17 14:29:56.853,405.2599914636098,96
2024-09-17 14:29:56.871,405.234722208523,103
2024-09-17 14:29:56.954,405.2977767100251,97
2024-09-17 14:29:56.980,405.2977271583821,95
2024-09-17 14:29:58.006,405.2111384181098,103
2024-09-17 14:29:58.023,405.21649374117686,13
2024-09-17 14:29:58.055,405.20208180829815,6
2024-09-17 14:29:58.271,405.22776372404144,96
2024-09-17 14:29:58.294,405.2105947061309,999
2024-09-17 14:29:58.345,405.2151034363626,12
2024-09-17 14:29:58.663,405.21521473964856,1001
2024-09-17 14:29:59.019,405.17691639171113,104
2024-09-17 14:29:59.039,405.19275640449234,6
2024-09-17 14:29:59.040,405.2191439869997,6
2024-09-17 14:29:59.074,405.2061801508217,96
2024-09-17 14:29:59.105,405.2043856060303,13
2024-09-17 14:29:59.109,405.1873996531805,95
2024-09-17 14:29:59.216,405.20757840125066,103
2024-09-17 14:29:59.319,405.17940529508377,996
2024-09-17 14:29:59.391,405.1792327101261,997
2024-09-17 14:29:59.411,405.2141523385698,100
2024-09-17 14:29:59.488,405.2131199915525,14
2024-09-17 14:29:59.563,405.2033795870371,99
2024-09-17 14:29:59.582,405.1854442315037,100
2024-09-17 14:29:59.626,405.21202408560265,998
2024-09-17 14:29:59.638,405.1778055058094,95
2024-09-17 14:29:59.664,405.1938244827141,1000
2024-09-17 14:29:59.694,405.21651561386665,103
2024-09-17 14:29:59.750,405.1817164892594,1003
2024-09-17 14:29:59.767,405.1796577280346,98
2024-09-17 14:29:59.771,405.1880910065753,998
2024-09-17 14:29:59.822,405.2018884554976,97
2024-09-17 14:29:59.846,405.21827890447935,102
2024-09-17 14:29:59.851,405.1951236791925,14
2024-09-17 14:29:59.881,405.1917418607839,104
2024-09-17 14:29:59.898,405.1804568488238,104
2024-09-17 14:29:59.922,405.17152887132863,13
2024-09-17 14:29:59.995,405.1824079100466,998
