Timestamp,Price,Size
2024-09-20 14:06:00.461,430.1718158698964,996
2024-09-20 14:06:00.965,430.1542175855902,100
2024-09-20 14:06:01.038,430.1516403412368,99
2024-09-20 14:06:01.068,430.130685670568,995
2024-09-20 14:06:01.109,430.1235744509359,11
2024-09-20 14:06:01.142,430.17253941808207,103
2024-09-20 14:06:01.145,430.1375694790162,105
2024-09-20 14:06:01.148,430.1100295702656,995
2024-09-20 14:06:01.226,430.1462915562187,12
2024-09-20 14:06:01.241,430.1606870351538,103
2024-09-20 14:06:01.348,430.1115533361268,15
2024-09-20 14:06:01.388,430.1469307654174,999
2024-09-20 14:06:01.392,430.09324067538313,100
2024-09-20 14:06:01.393,430.1203246976264,98
2024-09-20 14:06:01.444,430.1339177878125,1000
2024-09-20 14:06:01.477,430.1319247905639,1004
2024-09-20 14:06:01.482,430.1647738280679,14
2024-09-20 14:06:01.489,430.182860532196,104
2024-09-20 14:06:01.519,-430.1333397006365,13
2024-09-20 14:06:01.589,430.1240431430463,995
2024-09-20 14:06:01.718,430.1509349855429,100
2024-09-20 14:06:01.727,430.1733141172111,7
2024-09-20 14:06:01.738,430.102560811424,15
2024-09-20 14:06:01.836,430.1305140622303,95
2024-09-20 14:06:01.910,430.1527517387759,102
2024-09-20 14:06:01.914,430.1016691961319,997
2024-09-20 14:06:01.927,430.1604652270301,102
2024-09-20 14:06:01.936,430.1230676283744,98
2024-09-20 14:06:01.961,430.1700078542693,999
2024-09-20 14:06:01.966,430.1334780303798,995
2024-09-20 14:06:01.988,430.1551749418871,1005
2024-09-20 14:06:01.999,430.1133536949007,5
2024-09-20 14:06:02.283,430.1309489527012,95
2024-09-20 14:06:02.314,430.1103430074959,102
2024-09-20 14:06:02.558,430.0987314009826,1003
2024-09-20 14:06:02.593,430.13754161073285,14
2024-09-20 14:06:02.634,430.1094711682292,8
2024-09-20 14:06:02.710,430.1052728874627,14
2024-09-20 14:06:02.765,430.1632679186656,103
2024-09-20 14:06:02.841,430.0948835520884,105
2024-09-20 14:06:02.925,430.103163918316,1003
2024-09-20 14:06:03.067,430.104876958909,14
2024-09-20 14:06:03.087,430.0797046848803,15
2024-09-20 14:06:03.161,430.0844017467485,7
2024-09-20 14:06:03.189,430.0860202804016,5
2024-09-20 14:06:03.225,430.0731890740725,13
2024-09-20 14:06:03.299,430.1172596990396,105
2024-09-20 14:06:03.482,430.1060503454591,13
2024-09-20 14:06:03.575,430.1177404547749,5
2024-09-20 14:06:03.613,430.1217375333368,105
2024-09-20 14:06:03.625,430.131316208657,98
2024-09-20 14:06:03.670,430.1457277427925,997
2024-09-20 14:06:03.673,430.0985050412215,103
2024-09-20 14:06:03.796,430.1416422783091,14
2024-09-20 14:06:03.848,430.12291459991707,1003
2024-09-20 14:06:03.891,430.0727902320467,8
2024-09-20 14:06:03.952,430.1132145162738,996
2024-09-20 14:06:04.144,429.9960397404357,100
2024-09-20 14:06:04.268,429.9791454536767,10
2024-09-20 14:06:04.337,430.0152919443299,12
2024-09-20 14:06:04.442,429.98627548573126,9
2024-09-20 14:06:04.521,430.0148937745161,1004
2024-09-20 14:06:04.531,430.0473029209152,1001
2024-09-20 14:06:04.586,429.9753426269749,102
2024-09-20 14:06:04.610,430.010475336673,95
2024-09-20 14:06:04.659,430.00180696634175,104
2024-09-20 14:06:04.660,430.0184786212029,105
2024-09-20 14:06:04.736,429.98619170755694,997
2024-09-20 14:06:04.780,429.9893898561952,96
2024-09-20 14:06:04.848,429.9752321506653,995
2024-09-20 14:06:04.976,429.9986836912007,10
2024-09-20 14:06:05.051,430.0440776705816,7
2024-09-20 14:06:05.084,430.0056523227045,14
2024-09-20 14:06:05.090,430.00505004307655,7
2024-09-20 14:06:05.110,430.0017507014333,103
2024-09-20 14:06:05.164,430.0012679250919,99
2024-09-20 14:06:05.276,429.99730064140607,98
2024-09-20 14:06:05.364,430.0007163754319,1004
2024-09-20 14:06:05.443,429.9720592497918,14
2024-09-20 14:06:05.475,430.0043987282051,10
2024-09-20 14:06:05.495,430.045604816576,99
2024-09-20 14:06:05.525,430.0301910117723,99
2024-09-20 14:06:05.527,430.0205423016114,1002
2024-09-20 14:06:05.546,430.0140018370676,8
2024-09-20 14:06:05.608,430.0455574000232,14
2024-09-20 14:06:05.669,430.0374349058527,100
2024-09-20 14:06:05.716,430.00063295519647,1002
2024-09-20 14:06:05.720,430.00550297996944,7
2024-09-20 14:06:05.751,430.0075269355264,102
2024-09-20 14:06:05.762,430.0161561104536,105
2024-09-20 14:06:05.767,430.00992021479385,1000
2024-09-20 14:06:05.826,429.999808809209,5
2024-09-20 14:06:05.839,430.0022231632985,13
2024-09-20 14:06:05.928,430.0438946295084,14
2024-09-20 14:06:06.003,430.0308450132768,10
2024-09-20 14:06:06.053,430.0962541637807,7
2024-09-20 14:06:06.063,430.1020549737461,98
2024-09-20 14:06:06.072,430.0635768674308,99
2024-09-20 14:06:06.103,430.05879891261617,1003
2024-09-20 14:06:06.139,430.0363274223088,13
2024-09-20 14:06:06.197,430.095883157278,96
2024-09-20 14:06:06.226,430.09375651494327,11
2024-09-20 14:06:06.256,430.11510005677,103
2024-09-20 14:06:06.257,430.0997282824264,1005
2024-09-20 14:06:06.290,430.1116820654418,97
2024-09-20 14:06:06.297,430.02284992565336,100
2024-09-20 14:06:06.339,430.0947789043345,1002
2024-09-20 14:06:06.354,430.0844670193936,100
2024-09-20 14:06:06.391,430.0965185196381,102
2024-09-20 14:06:06.525,430.0855475722571,97
2024-09-20 14:06:06.586,430.0715224910505,102
2024-09-20 14:06:06.640,430.0872428552335,105
2024-09-20 14:06:06.670,430.1082913519449,995
2024-09-20 14:06:06.744,430.0879300351035,998
2024-09-20 14:06:06.821,430.0393324058592,103
2024-09-20 14:06:06.879,430.07060106569793,101
2024-09-20 14:06:06.879,430.0959715284781,11
2024-09-20 14:06:06.883,430.1051296981296,1001
2024-09-20 14:06:06.886,430.0441420122786,7
2024-09-20 14:06:06.891,430.09101908987856,102
2024-09-20 14:06:06.897,430.0611278422977,1005
2024-09-20 14:06:06.914,430.04740381385056,98
2024-09-20 14:06:07.148,430.12198690833736,13
2024-09-20 14:06:07.254,430.1490798629197,9
2024-09-20 14:06:07.303,430.1034898005523,6
2024-09-20 14:06:07.331,430.1109000432525,99
2024-09-20 14:06:07.384,430.1234195860292,12
2024-09-20 14:06:07.429,430.1206757281407,1005
2024-09-20 14:06:07.434,430.085895378251,96
2024-09-20 14:06:07.438,430.08471994462303,8
2024-09-20 14:06:07.487,430.1052840471493,101
2024-09-20 14:06:07.489,430.1326904431001,1003
2024-09-20 14:06:07.494,430.11777816075465,996
2024-09-20 14:06:07.497,430.1035399715096,95
2024-09-20 14:06:07.519,430.11121809210175,7
2024-09-20 14:06:07.590,430.12279230359087,1003
2024-09-20 14:06:07.637,430.1114525758608,15
2024-09-20 14:06:07.663,430.1037911852456,98
2024-09-20 14:06:07.676,430.0945945958056,995
2024-09-20 14:06:07.685,430.14205383918267,1004
2024-09-20 14:06:07.687,430.10234397650873,997
2024-09-20 14:06:07.701,430.1015846450583,14
2024-09-20 14:06:07.772,430.1167867253349,100
2024-09-20 14:06:07.804,430.11933126821793,5
2024-09-20 14:06:07.824,430.1232074759153,10
2024-09-20 14:06:07.888,430.1258397395269,101
2024-09-20 14:06:07.905,430.0746742893548,1003
2024-09-20 14:06:07.909,430.08560729200326,96
2024-09-20 14:06:07.988,430.1218539825648,101
2024-09-20 14:06:08.157,430.17687166874896,97
2024-09-20 14:06:08.507,430.1776970875908,1004
2024-09-20 14:06:08.518,430.17706358950494,995
2024-09-20 14:06:08.571,430.1687428731879,97
2024-09-20 14:06:08.682,430.1545717701762,7
2024-09-20 14:06:08.696,430.1595589353552,96
2024-09-20 14:06:08.804,430.15828997177147,1002
2024-09-20 14:06:08.928,430.17222617913694,15
2024-09-20 14:06:08.968,43.01437487202888,6
2024-09-20 14:06:09.010,430.1489372723115,997
2024-09-20 14:06:09.040,430.1317387174223,6
2024-09-20 14:06:09.065,430.0816354593501,103
2024-09-20 14:06:09.106,430.077968265424,997
2024-09-20 14:06:09.208,430.0675092858417,105
2024-09-20 14:06:09.209,430.1460687907156,1005
2024-09-20 14:06:09.215,430.0796075782219,98
2024-09-20 14:06:09.217,430.0797520450443,1005
2024-09-20 14:06:09.321,430.1367052669133,104
2024-09-20 14:06:09.423,430.0717959295861,999
2024-09-20 14:06:09.430,430.13945610604696,105
2024-09-20 14:06:09.503,430.1581190146393,997
2024-09-20 14:06:09.543,430.1525384311155,1003
2024-09-20 14:06:09.563,430.1094622169427,996
2024-09-20 14:06:09.609,430.086202017284,1000
2024-09-20 14:06:09.792,430.0738237110272,97
2024-09-20 14:06:09.799,430.146234461094,11
2024-09-20 14:06:09.817,430.0775113702156,11
2024-09-20 14:06:09.928,430.14489809281207,998
2024-09-20 14:06:10.039,430.1923390107648,101
2024-09-20 14:06:10.147,430.0754311703172,9
2024-09-20 14:06:10.204,430.1327402335917,96
2024-09-20 14:06:10.245,43.01039490572203,101
2024-09-20 14:06:10.248,430.19598841817793,999
2024-09-20 14:06:10.274,430.1721924987955,10
2024-09-20 14:06:10.285,430.1195995108236,9
2024-09-20 14:06:10.413,430.1291533153056,995
2024-09-20 14:06:10.416,43.01785444183226,11
2024-09-20 14:06:10.466,430.1957542379046,998
2024-09-20 14:06:10.489,430.14246569402206,996
2024-09-20 14:06:10.499,430.0884369043597,1001
2024-09-20 14:06:10.501,430.1854808616104,95
2024-09-20 14:06:10.613,430.079251834865,8
2024-09-20 14:06:10.638,430.1692241072553,9
2024-09-20 14:06:10.712,430.15823559024034,1003
2024-09-20 14:06:10.713,430.1990263450291,98
2024-09-20 14:06:10.726,430.1735410997422,996
2024-09-20 14:06:10.774,430.1735316359134,15
2024-09-20 14:06:10.917,430.1872177637486,101
2024-09-20 14:06:11.153,430.20270170176286,999
2024-09-20 14:06:11.189,430.192780453856,99
2024-09-20 14:06:11.228,430.2178362055567,1001
2024-09-20 14:06:11.232,430.1906499257655,104
2024-09-20 14:06:11.267,430.1925417103941,14
2024-09-20 14:06:11.568,430.18766337652704,998
2024-09-20 14:06:11.626,-430.19515626741054,12
2024-09-20 14:06:11.664,430.22857031632367,98
2024-09-20 14:06:11.715,430.2035652741406,104
2024-09-20 14:06:11.802,430.1994165850349,100
2024-09-20 14:06:11.822,430.22507155983874,8
2024-09-20 14:06:11.842,43.01902766476567,1003
2024-09-20 14:06:11.965,430.1752337657045,99
2024-09-20 14:06:12.024,430.2106415109628,5
2024-09-20 14:06:12.085,430.183276442092,95
2024-09-20 14:06:12.156,-430.1834261926068,105
2024-09-20 14:06:12.174,430.2090171494068,12
2024-09-20 14:06:12.213,430.1950593399759,995
2024-09-20 14:06:12.219,430.1838481795128,996
2024-09-20 14:06:12.222,430.2222714793692,101
2024-09-20 14:06:12.252,430.1707250338349,10
2024-09-20 14:06:12.383,430.1792111440728,104
2024-09-20 14:06:12.431,430.16866452191255,12
2024-09-20 14:06:12.447,430.2051488722431,12
2024-09-20 14:06:12.522,430.21368241353787,15
2024-09-20 14:06:12.547,430.2184658687505,11
2024-09-20 14:06:12.550,430.1955439256295,104
2024-09-20 14:06:12.560,430.1877668061206,14
2024-09-20 14:06:12.607,430.19972913263945,102
2024-09-20 14:06:12.747,430.1579353856766,95
2024-09-20 14:06:12.757,430.1804420281717,1002
2024-09-20 14:06:12.762,430.1987461176248,996
2024-09-20 14:06:12.827,430.1851636387438,10
2024-09-20 14:06:12.930,430.2117831555378,1003
2024-09-20 14:06:12.933,430.18350005101297,1001
2024-09-20 14:06:12.941,430.1849312959397,996
2024-09-20 14:06:12.942,430.1551440874112,98
2024-09-20 14:06:12.954,430.2292330365661,99
2024-09-20 14:06:12.982,430.2072684586635,100
2024-09-20 14:06:13.011,430.2254303955988,104
2024-09-20 14:06:13.030,430.2236206193933,1003
2024-09-20 14:06:13.075,430.2125721057429,1002
2024-09-20 14:06:13.131,43.02164842436221,1000
2024-09-20 14:06:13.357,430.2257091304757,105
2024-09-20 14:06:13.369,430.2418257139074,101
2024-09-20 14:06:13.373,430.21976475364926,103
2024-09-20 14:06:13.422,430.2326791662232,11
2024-09-20 14:06:13.424,430.2257664267699,99
2024-09-20 14:06:13.507,430.2080556125035,102
2024-09-20 14:06:13.603,430.2241642417935,100
2024-09-20 14:06:13.620,430.2163746464207,1003
2024-09-20 14:06:13.650,430.2278981497116,13
2024-09-20 14:06:13.828,430.2261833830975,98
2024-09-20 14:06:13.934,430.2241541081048,105
2024-09-20 14:06:14.094,430.1673710938791,998
2024-09-20 14:06:14.109,430.177118666236,996
2024-09-20 14:06:14.225,430.190087075278,101
2024-09-20 14:06:14.308,430.1418089795234,105
2024-09-20 14:06:14.382,430.2078367263326,998
2024-09-20 14:06:14.390,430.1726233251672,105
2024-09-20 14:06:14.398,430.1897886330907,13
2024-09-20 14:06:14.409,430.21812862411366,14
2024-09-20 14:06:14.422,430.1995108659432,95
2024-09-20 14:06:14.532,430.15854611815865,1005
2024-09-20 14:06:14.608,430.14974553650086,103
2024-09-20 14:06:14.610,,13
2024-09-20 14:06:14.614,430.2245671339843,8
2024-09-20 14:06:14.638,430.2211987291293,995
2024-09-20 14:06:14.645,430.2033691182013,15
2024-09-20 14:06:14.777,430.1619652920531,105
2024-09-20 14:06:14.784,430.14765895875263,1000
2024-09-20 14:06:14.802,,101
2024-09-20 14:06:14.873,430.1480522099448,105
2024-09-20 14:06:14.882,430.1945794560978,104
2024-09-20 14:06:14.934,430.1587716880531,103
2024-09-20 14:06:15.161,430.1422525968417,5
2024-09-20 14:06:15.507,430.1247180007034,5
2024-09-20 14:06:15.547,43.01512589990504,102
2024-09-20 14:06:15.874,430.1573071784624,103
2024-09-20 14:06:15.935,430.1304389743111,98
2024-09-20 14:06:16.153,430.1489912053332,96
2024-09-20 14:06:16.344,430.1619919645201,1004
2024-09-20 14:06:16.482,430.1677865856704,103
2024-09-20 14:06:16.609,430.1543668324386,102
2024-09-20 14:06:16.675,430.1783367536058,98
2024-09-20 14:06:16.693,430.1539275779321,1000
2024-09-20 14:06:17.006,430.1458941952162,14
2024-09-20 14:06:17.046,430.1213560568541,97
2024-09-20 14:06:17.071,430.1660861706065,7
2024-09-20 14:06:17.076,430.1135347448752,103
2024-09-20 14:06:17.087,430.1177181231955,99
2024-09-20 14:06:17.115,430.18755322847846,1004
2024-09-20 14:06:17.117,430.136803848857,12
2024-09-20 14:06:17.149,430.14500043107927,101
2024-09-20 14:06:17.208,430.1616359624277,10
2024-09-20 14:06:17.225,430.1860760496265,1002
2024-09-20 14:06:17.262,430.2139542524832,96
2024-09-20 14:06:17.401,430.13625914261087,13
2024-09-20 14:06:17.422,430.1294794495532,997
2024-09-20 14:06:17.443,430.1897159622032,998
2024-09-20 14:06:17.444,430.1646664994816,102
2024-09-20 14:06:17.631,430.1797093134717,104
2024-09-20 14:06:17.653,430.1849542960945,14
2024-09-20 14:06:17.678,430.17639108066845,104
2024-09-20 14:06:17.682,430.2131249325595,5
2024-09-20 14:06:17.688,430.2032106810713,100
2024-09-20 14:06:17.692,430.193980503366,96
2024-09-20 14:06:17.710,430.1916405498353,7
2024-09-20 14:06:17.834,430.1940510058151,99
2024-09-20 14:06:17.836,430.1852132201465,998
2024-09-20 14:06:17.858,430.1454560530186,8
2024-09-20 14:06:17.934,430.16510742477305,96
2024-09-20 14:06:17.973,430.1687739818545,8
2024-09-20 14:06:17.997,430.135923841625,15
2024-09-20 14:06:17.998,430.2151510380317,95
2024-09-20 14:06:18.062,430.2279944860502,7
2024-09-20 14:06:18.133,430.2008767578096,11
2024-09-20 14:06:18.274,430.20735583789553,12
2024-09-20 14:06:18.306,430.2286464178419,14
2024-09-20 14:06:18.368,430.20521646777183,1001
2024-09-20 14:06:18.518,430.20857701275054,101
2024-09-20 14:06:18.656,430.2279472241703,95
2024-09-20 14:06:18.722,430.2085360978307,104
2024-09-20 14:06:18.900,430.2028228110367,100
2024-09-20 14:06:19.055,430.3215454201879,97
2024-09-20 14:06:19.080,430.23392816515695,101
2024-09-20 14:06:19.096,430.2709748451581,102
2024-09-20 14:06:19.162,430.3197471043878,99
2024-09-20 14:06:19.242,430.2602218885753,997
2024-09-20 14:06:19.284,430.2479742686977,1004
2024-09-20 14:06:19.393,430.25756422668127,97
2024-09-20 14:06:19.462,430.2599852917157,100
2024-09-20 14:06:19.474,430.2546152064126,15
2024-09-20 14:06:19.504,430.2424438294335,997
2024-09-20 14:06:19.540,430.2879050543902,104
2024-09-20 14:06:19.541,430.2612529128132,7
2024-09-20 14:06:19.589,430.2639719869487,6
2024-09-20 14:06:19.717,430.2916709506786,14
2024-09-20 14:06:19.764,430.2425236473423,13
2024-09-20 14:06:19.866,430.2454013275323,5
2024-09-20 14:06:19.877,430.2731671026861,101
2024-09-20 14:06:19.901,430.25805015744766,1004
2024-09-20 14:06:20.004,430.32548976236495,1001
2024-09-20 14:06:20.070,430.3293047890741,8
2024-09-20 14:06:20.081,43.02859401888549,997
2024-09-20 14:06:20.113,430.35075706431263,101
2024-09-20 14:06:20.142,430.31498436838,1001
2024-09-20 14:06:20.162,430.3550445023102,11
2024-09-20 14:06:20.176,430.3013113275877,96
2024-09-20 14:06:20.211,430.3252913032497,101
2024-09-20 14:06:20.310,430.3141224770012,98
2024-09-20 14:06:20.340,430.349089644184,103
2024-09-20 14:06:20.451,430.2784340863147,997
2024-09-20 14:06:20.618,430.34213806122574,10
2024-09-20 14:06:20.697,430.3602365395872,11
2024-09-20 14:06:20.756,430.3505750350333,996
2024-09-20 14:06:20.832,430.3542112653637,101
2024-09-20 14:06:20.850,430.3462453883769,105
2024-09-20 14:06:20.893,430.3326588540436,1002
2024-09-20 14:06:21.026,430.258335058259,10
2024-09-20 14:06:21.031,430.2522598963875,998
2024-09-20 14:06:21.098,430.2747616831724,999
2024-09-20 14:06:21.099,430.2727584267686,97
2024-09-20 14:06:21.145,430.2452496214378,101
2024-09-20 14:06:21.148,430.2653861986195,1005
2024-09-20 14:06:21.149,430.3145319254446,997
2024-09-20 14:06:21.284,430.2537752012608,999
2024-09-20 14:06:21.356,430.3162785612531,96
2024-09-20 14:06:21.423,430.26279971958473,99
2024-09-20 14:06:21.442,430.3112321943386,995
2024-09-20 14:06:21.447,430.2957202315878,1000
2024-09-20 14:06:21.495,430.2965843698556,105
2024-09-20 14:06:21.553,430.2770577543269,9
2024-09-20 14:06:21.599,430.3169640561849,5
2024-09-20 14:06:21.634,430.3180144916671,102
2024-09-20 14:06:21.661,430.2772460071306,9
2024-09-20 14:06:21.663,430.3143901137679,99
2024-09-20 14:06:21.724,430.2955614927285,1001
2024-09-20 14:06:21.729,430.3091920218989,5
2024-09-20 14:06:21.745,430.2856526026709,7
2024-09-20 14:06:21.840,430.2768114997587,1000
2024-09-20 14:06:21.903,430.29602881294505,8
2024-09-20 14:06:21.922,430.3170501813683,95
2024-09-20 14:06:21.929,430.2690100662144,12
2024-09-20 14:06:21.989,430.2511576525925,1003
2024-09-20 14:06:22.109,430.290866637218,101
2024-09-20 14:06:22.315,430.27734182584845,99
2024-09-20 14:06:22.372,430.2702022798511,997
2024-09-20 14:06:22.458,430.2840892424769,14
2024-09-20 14:06:22.829,430.2722751347928,9
2024-09-20 14:06:22.886,430.2855841730228,995
2024-09-20 14:06:22.950,430.2710062788325,7
2024-09-20 14:06:23.004,430.1945647761091,103
2024-09-20 14:06:23.019,430.2693326908195,96
2024-09-20 14:06:23.022,430.2100859003341,11
2024-09-20 14:06:23.041,430.23310788226087,103
2024-09-20 14:06:23.086,430.19716538965935,1000
2024-09-20 14:06:23.087,430.2119238734028,104
2024-09-20 14:06:23.087,430.1992012968253,1002
2024-09-20 14:06:23.108,430.2509871677861,1003
2024-09-20 14:06:23.136,430.2227518933477,103
2024-09-20 14:06:23.148,430.23378442205615,996
2024-09-20 14:06:23.191,430.2603992267749,98
2024-09-20 14:06:23.194,430.2248723252089,9
2024-09-20 14:06:23.253,430.1964117931145,104
2024-09-20 14:06:23.356,430.2573836287904,1000
2024-09-20 14:06:23.433,430.2299382683724,10
2024-09-20 14:06:23.436,430.2174694285687,13
2024-09-20 14:06:23.529,430.2008919729464,7
2024-09-20 14:06:23.550,430.2669301584232,998
2024-09-20 14:06:23.587,430.2083804842807,1000
2024-09-20 14:06:23.605,430.22301104563576,12
2024-09-20 14:06:23.648,430.2168971257032,11
2024-09-20 14:06:23.690,430.2776422334832,1004
2024-09-20 14:06:23.729,430.1880941866272,12
2024-09-20 14:06:23.789,430.2824121778084,996
2024-09-20 14:06:23.883,430.2693893337503,997
2024-09-20 14:06:23.922,430.26729962957927,1005
2024-09-20 14:06:23.931,430.26813323529234,99
2024-09-20 14:06:23.942,430.2163084730454,104
2024-09-20 14:06:23.991,430.24690156095687,996
2024-09-20 14:06:24.680,430.2294678942797,12
2024-09-20 14:06:25.040,430.2723847764591,102
2024-09-20 14:06:25.068,430.24891913821386,95
2024-09-20 14:06:25.124,430.28444682328734,1001
2024-09-20 14:06:25.263,430.262634379323,13
2024-09-20 14:06:25.328,430.2561358715964,95
2024-09-20 14:06:25.460,430.3081649893556,105
2024-09-20 14:06:25.920,430.314950764728,100
2024-09-20 14:06:25.950,430.2783536007729,1001
2024-09-20 14:06:26.012,430.3903607248842,1001
2024-09-20 14:06:26.046,430.3972241057834,1004
2024-09-20 14:06:26.072,430.370648686152,9
2024-09-20 14:06:26.094,430.37555076611335,8
2024-09-20 14:06:26.162,430.4248014986711,999
2024-09-20 14:06:26.220,430.4194810335851,99
2024-09-20 14:06:26.237,430.42498777932434,5
2024-09-20 14:06:26.242,430.3400636262142,95
2024-09-20 14:06:26.297,430.3813961541219,104
2024-09-20 14:06:26.340,430.38040115765807,15
2024-09-20 14:06:26.385,430.4065006444378,1000
2024-09-20 14:06:26.407,430.4294309839413,998
2024-09-20 14:06:26.410,430.4211468503247,15
2024-09-20 14:06:26.510,430.3638520499001,95
2024-09-20 14:06:26.551,430.4144788717256,1003
2024-09-20 14:06:26.579,430.3522490920771,999
2024-09-20 14:06:26.599,430.37063447210926,96
2024-09-20 14:06:26.641,430.4087868473424,999
2024-09-20 14:06:26.654,430.3833266631643,101
2024-09-20 14:06:26.674,430.42819536844536,104
2024-09-20 14:06:26.734,430.4017979358787,10
2024-09-20 14:06:26.742,430.3551991015688,1003
2024-09-20 14:06:26.827,430.4136698939731,997
2024-09-20 14:06:26.905,430.3911137036627,11
2024-09-20 14:06:26.952,,8
2024-09-20 14:06:27.055,430.3101278273173,5
2024-09-20 14:06:27.085,430.3469534475965,6
2024-09-20 14:06:27.102,430.3130745712163,95
2024-09-20 14:06:27.159,430.3842316282067,97
2024-09-20 14:06:27.199,430.3910371388697,101
2024-09-20 14:06:27.210,430.3485080070988,96
2024-09-20 14:06:27.227,430.32862940240045,100
2024-09-20 14:06:27.237,430.36634839495815,13
2024-09-20 14:06:27.253,430.31651612096135,998
2024-09-20 14:06:27.428,430.3203819970589,998
2024-09-20 14:06:27.437,430.2962144582419,7
2024-09-20 14:06:27.521,430.3478269925117,5
2024-09-20 14:06:27.528,430.3165095451555,101
2024-09-20 14:06:27.563,430.2885107395959,96
2024-09-20 14:06:27.596,430.30406482105377,1003
2024-09-20 14:06:27.602,430.3161512762189,95
2024-09-20 14:06:27.628,430.3095358761527,12
2024-09-20 14:06:27.695,430.3800353429968,15
2024-09-20 14:06:27.722,430.4050714321936,995
2024-09-20 14:06:27.725,430.38060009972895,100
2024-09-20 14:06:27.737,430.3984005367676,105
2024-09-20 14:06:27.761,430.33117345912586,9
2024-09-20 14:06:27.811,430.3635051581616,14
2024-09-20 14:06:27.816,430.3070972502952,1001
2024-09-20 14:06:27.867,430.3820588819008,6
2024-09-20 14:06:27.899,430.3692106082908,5
2024-09-20 14:06:27.908,430.3851380593301,12
2024-09-20 14:06:27.910,430.3279803403137,102
2024-09-20 14:06:27.923,-430.3149251533549,95
2024-09-20 14:06:27.948,430.3991418280694,1000
2024-09-20 14:06:28.036,430.2916666075313,11
2024-09-20 14:06:28.390,430.3227764124653,103
2024-09-20 14:06:28.551,430.294825852672,12
2024-09-20 14:06:29.008,430.3118090391907,1003
2024-09-20 14:06:29.011,430.2721631657475,10
2024-09-20 14:06:29.123,430.3203431081248,11
2024-09-20 14:06:29.189,430.3353014369932,1004
2024-09-20 14:06:29.300,430.3211378994053,1000
2024-09-20 14:06:29.340,430.2972011743838,1001
2024-09-20 14:06:29.413,430.28031186450073,1000
2024-09-20 14:06:29.419,430.3046823885554,96
2024-09-20 14:06:29.450,430.33774269963993,1003
2024-09-20 14:06:29.838,430.3135563572314,997
2024-09-20 14:06:30.022,430.3698326382477,7
2024-09-20 14:06:30.028,430.3346982363785,9
2024-09-20 14:06:30.036,430.37000097265815,102
2024-09-20 14:06:30.170,430.31448482868575,96
2024-09-20 14:06:30.261,430.3776045860114,101
2024-09-20 14:06:30.264,430.3206521253896,101
2024-09-20 14:06:30.297,430.37278732801855,13
2024-09-20 14:06:30.369,430.3707258525749,103
2024-09-20 14:06:30.421,43.03797532443131,6
2024-09-20 14:06:30.461,430.3437060088544,13
2024-09-20 14:06:30.555,430.3418932936108,100
2024-09-20 14:06:30.743,430.3459091797954,8
2024-09-20 14:06:30.819,430.3387974175523,105
2024-09-20 14:06:30.904,430.31606222079256,9
2024-09-20 14:06:31.340,430.3352184600972,1005
2024-09-20 14:06:31.499,430.3329527270443,8
2024-09-20 14:06:32.040,430.3360216455574,12
2024-09-20 14:06:32.100,430.3089384474245,996
2024-09-20 14:06:32.113,430.3274564792501,997
2024-09-20 14:06:32.153,430.3544297989344,1000
2024-09-20 14:06:32.184,430.370714095745,1005
2024-09-20 14:06:32.228,430.3093641979052,10
2024-09-20 14:06:32.253,430.36361119120585,15
2024-09-20 14:06:32.288,430.3183738033264,15
2024-09-20 14:06:32.291,430.3151345645681,1002
2024-09-20 14:06:32.292,430.3632770780858,996
2024-09-20 14:06:32.329,430.3569565838108,95
2024-09-20 14:06:32.496,430.36488209131977,1003
2024-09-20 14:06:32.544,430.3352329857788,5
2024-09-20 14:06:32.547,430.3168124859791,7
2024-09-20 14:06:32.561,430.35983651271215,100
2024-09-20 14:06:32.600,430.3620934272171,105
2024-09-20 14:06:32.631,430.352790810263,97
2024-09-20 14:06:32.696,430.3091500341375,995
2024-09-20 14:06:32.717,430.3289220307681,1003
2024-09-20 14:06:32.761,430.3107598098392,103
2024-09-20 14:06:32.763,430.3711260329518,1005
2024-09-20 14:06:32.786,430.35939643281,96
2024-09-20 14:06:32.887,430.3439095617703,102
2024-09-20 14:06:32.942,430.3189229225826,997
2024-09-20 14:06:32.992,430.35706278600986,101
2024-09-20 14:06:33.089,430.3328093222592,95
2024-09-20 14:06:33.102,430.3332755778063,99
2024-09-20 14:06:33.120,430.3348742966596,998
2024-09-20 14:06:33.208,430.3468058859036,103
2024-09-20 14:06:33.387,430.3401089180241,95
2024-09-20 14:06:33.435,430.3509296319987,98
2024-09-20 14:06:33.480,430.3407732600861,11
2024-09-20 14:06:33.511,430.3446922808825,101
2024-09-20 14:06:33.642,430.355336335629,1003
2024-09-20 14:06:33.781,430.3549125867861,7
2024-09-20 14:06:33.816,430.33730603645193,97
2024-09-20 14:06:33.873,430.3517279153566,95
2024-09-20 14:06:33.929,430.3419952220538,95
2024-09-20 14:06:33.942,430.33668015443294,12
2024-09-20 14:06:34.074,430.3618574387911,98
2024-09-20 14:06:34.121,430.33348612954256,11
2024-09-20 14:06:34.282,430.2966398768951,104
2024-09-20 14:06:34.301,430.246416851878,9
2024-09-20 14:06:34.379,430.252829279933,6
2024-09-20 14:06:34.387,430.2326453916052,1004
2024-09-20 14:06:34.403,430.3043058152133,5
2024-09-20 14:06:34.418,430.2642097145536,13
2024-09-20 14:06:34.434,430.3179180018528,1001
2024-09-20 14:06:34.467,430.267594367554,5
2024-09-20 14:06:34.503,430.24200523717,1002
2024-09-20 14:06:34.594,430.2452157267372,1001
2024-09-20 14:06:34.625,430.3583818114088,5
2024-09-20 14:06:34.651,430.3528876003439,1003
2024-09-20 14:06:34.652,430.2957297315507,998
2024-09-20 14:06:34.652,430.3011618458048,10
2024-09-20 14:06:34.655,430.2787266846336,12
2024-09-20 14:06:34.739,430.301874083269,6
2024-09-20 14:06:34.772,430.3750037819634,1005
2024-09-20 14:06:34.782,430.30290550937536,995
2024-09-20 14:06:34.786,430.2690597401548,8
2024-09-20 14:06:34.788,43.03399341208234,105
2024-09-20 14:06:34.800,430.2841919286609,1002
2024-09-20 14:06:34.836,430.2422509898745,14
2024-09-20 14:06:34.883,430.3465528143538,96
2024-09-20 14:06:34.899,430.31055098897,99
2024-09-20 14:06:34.935,430.3306257883903,101
2024-09-20 14:06:34.960,430.2534551849079,1003
2024-09-20 14:06:34.987,430.3092454587515,5
2024-09-20 14:06:35.393,430.2819115339876,11
2024-09-20 14:06:36.021,430.30834807983234,96
2024-09-20 14:06:36.054,430.30935911022885,7
2024-09-20 14:06:36.098,430.2805688886006,103
2024-09-20 14:06:36.114,430.3011543431642,1000
2024-09-20 14:06:36.158,430.27968319721856,999
2024-09-20 14:06:36.231,430.3131414873638,101
2024-09-20 14:06:36.303,430.2879716232191,14
2024-09-20 14:06:36.333,430.3179760900007,101
2024-09-20 14:06:36.349,430.2844378265541,1004
2024-09-20 14:06:36.653,430.2733492828,8
2024-09-20 14:06:36.676,430.2802728067836,996
2024-09-20 14:06:36.714,430.2985602761849,13
2024-09-20 14:06:36.811,430.2983585752585,13
2024-09-20 14:06:37.027,430.3142178524277,6
2024-09-20 14:06:37.067,430.2910580136676,1000
2024-09-20 14:06:37.498,430.30516597795946,102
2024-09-20 14:06:38.026,430.3608736799053,14
2024-09-20 14:06:38.032,430.31591586888567,10
2024-09-20 14:06:38.082,430.3249775881603,999
2024-09-20 14:06:38.096,430.3706145117759,1002
2024-09-20 14:06:38.100,430.356069567793,1005
2024-09-20 14:06:38.147,430.3680715212502,8
2024-09-20 14:06:38.155,430.3756057838683,104
2024-09-20 14:06:38.225,430.3605153374048,1000
2024-09-20 14:06:38.317,430.3658188331857,103
2024-09-20 14:06:38.323,430.3634664339698,996
2024-09-20 14:06:38.349,430.3531731507917,995
2024-09-20 14:06:38.423,430.36397694013147,1000
2024-09-20 14:06:38.520,430.28288845945207,98
2024-09-20 14:06:38.535,430.3460804594501,6
2024-09-20 14:06:38.545,430.3631189653397,1005
2024-09-20 14:06:38.615,430.30072938982767,12
2024-09-20 14:06:38.726,430.35399089063446,1005
2024-09-20 14:06:39.028,430.3953696275377,14
2024-09-20 14:06:39.052,430.3892456010779,103
2024-09-20 14:06:39.052,430.3484800874727,997
2024-09-20 14:06:39.180,430.34674701919175,13
2024-09-20 14:06:39.200,430.35884410103216,998
2024-09-20 14:06:39.201,430.3800000868257,8
2024-09-20 14:06:39.224,430.37871874586847,100
2024-09-20 14:06:39.272,430.35819133724135,11
2024-09-20 14:06:39.332,430.3633936064195,99
2024-09-20 14:06:39.374,430.3337474634713,104
2024-09-20 14:06:39.421,430.3572024070441,103
2024-09-20 14:06:39.434,430.3494819375141,103
2024-09-20 14:06:39.445,430.3644941519521,99
2024-09-20 14:06:39.456,430.368374811156,1003
2024-09-20 14:06:39.489,430.3954441589639,1004
2024-09-20 14:06:39.551,430.3909825096914,100
2024-09-20 14:06:39.554,430.3563028259893,10
2024-09-20 14:06:39.570,430.3927574652842,11
2024-09-20 14:06:39.684,430.35274052389167,103
2024-09-20 14:06:39.687,430.36582846735786,7
2024-09-20 14:06:39.701,430.3640760831929,7
2024-09-20 14:06:39.733,430.34959015925966,998
2024-09-20 14:06:39.789,430.33696647985226,105
2024-09-20 14:06:39.790,430.3344927062493,1003
2024-09-20 14:06:39.811,430.39434602394,11
2024-09-20 14:06:39.812,430.36318934621926,95
2024-09-20 14:06:39.885,430.3635382855769,996
2024-09-20 14:06:40.015,430.3564379999632,997
2024-09-20 14:06:40.405,430.3878589540376,14
2024-09-20 14:06:40.589,430.3766356483959,5
2024-09-20 14:06:40.742,430.3633654515379,103
2024-09-20 14:06:40.840,430.3444324583708,100
2024-09-20 14:06:40.882,430.3650135995246,995
2024-09-20 14:06:40.888,430.3864391636189,14
2024-09-20 14:06:40.900,430.34326278453113,997
2024-09-20 14:06:40.996,430.3924493521674,1000
2024-09-20 14:06:41.096,430.35197875399774,999
2024-09-20 14:06:41.261,430.3710932794514,996
2024-09-20 14:06:41.386,430.347007750965,995
2024-09-20 14:06:41.484,430.3532624858434,14
2024-09-20 14:06:41.667,430.3670068916599,999
2024-09-20 14:06:42.019,430.3272730184871,6
2024-09-20 14:06:42.326,430.3325557771237,5
2024-09-20 14:06:42.330,43.03546712649188,104
2024-09-20 14:06:42.409,430.3557845185898,996
2024-09-20 14:06:42.624,430.3215548177933,101
2024-09-20 14:06:42.687,430.3498839179744,998
2024-09-20 14:06:42.867,430.3577069534771,99
2024-09-20 14:06:42.914,430.3470813804362,103
2024-09-20 14:06:42.940,430.3298366201593,1000
2024-09-20 14:06:42.981,,1002
2024-09-20 14:06:43.043,430.3540767538193,996
2024-09-20 14:06:43.083,430.34060444011527,5
2024-09-20 14:06:43.136,430.3375946678828,999
2024-09-20 14:06:43.159,430.31798255064126,104
2024-09-20 14:06:43.245,430.3312293099582,1003
2024-09-20 14:06:43.511,430.3509569384928,997
2024-09-20 14:06:43.549,430.3190985411643,995
2024-09-20 14:06:43.792,430.3173766718502,7
2024-09-20 14:06:43.903,430.3361339263353,12
2024-09-20 14:06:45.012,430.3354845657743,103
2024-09-20 14:06:45.053,430.3517697931431,10
2024-09-20 14:06:45.130,430.34914758908127,995
2024-09-20 14:06:45.177,430.3583731789606,10
2024-09-20 14:06:45.202,430.3513457902401,998
2024-09-20 14:06:45.221,430.3500518428037,101
2024-09-20 14:06:45.277,430.3408481983688,8
2024-09-20 14:06:45.426,430.3501492912423,97
2024-09-20 14:06:45.507,430.3476238552136,99
2024-09-20 14:06:45.630,430.3692951221881,998
2024-09-20 14:06:45.656,430.3396996858713,102
2024-09-20 14:06:45.760,430.3550063266843,99
2024-09-20 14:06:45.761,430.3699362703548,996
2024-09-20 14:06:45.841,430.35356767820207,14
2024-09-20 14:06:45.919,430.3545223070252,14
2024-09-20 14:06:46.197,430.361551836157,14
2024-09-20 14:06:46.256,430.367871887308,11
2024-09-20 14:06:46.642,430.342256294312,995
2024-09-20 14:06:46.812,430.339585130622,11
2024-09-20 14:06:47.089,430.3296661480471,102
2024-09-20 14:06:47.145,430.33491293174137,105
2024-09-20 14:06:47.170,430.3238245368135,103
2024-09-20 14:06:47.680,430.3172615386599,1005
2024-09-20 14:06:47.770,430.3318885577218,105
2024-09-20 14:06:47.842,430.3160631509555,998
2024-09-20 14:06:47.940,43.03483528167087,1003
2024-09-20 14:06:47.947,430.327801673542,1004
2024-09-20 14:06:48.002,430.2646045759657,102
2024-09-20 14:06:48.004,430.26171364746426,104
2024-09-20 14:06:48.011,430.2616569613116,95
2024-09-20 14:06:48.043,430.2279997967972,995
2024-09-20 14:06:48.049,430.2597550150815,8
2024-09-20 14:06:48.050,430.2704034578993,100
2024-09-20 14:06:48.103,430.2480410306978,101
2024-09-20 14:06:48.112,430.25395126548807,999
2024-09-20 14:06:48.267,430.2566919242392,102
2024-09-20 14:06:48.350,430.2984169086681,7
2024-09-20 14:06:48.377,430.26629681550617,998
2024-09-20 14:06:48.381,430.2527690964437,996
2024-09-20 14:06:48.382,430.234402976369,96
2024-09-20 14:06:48.459,,101
2024-09-20 14:06:48.498,430.2386238653806,12
2024-09-20 14:06:48.500,430.2646881558887,101
2024-09-20 14:06:48.529,430.22041939441,7
2024-09-20 14:06:48.556,430.30947822239904,105
2024-09-20 14:06:48.557,430.2484371728006,7
2024-09-20 14:06:48.586,430.2218660065293,1002
2024-09-20 14:06:48.615,430.248612212901,7
2024-09-20 14:06:48.616,430.27719457770377,14
2024-09-20 14:06:48.676,430.30721132583193,102
2024-09-20 14:06:48.691,430.3261940717858,995
2024-09-20 14:06:48.725,430.2378813174632,95
2024-09-20 14:06:48.773,430.2666021205687,998
2024-09-20 14:06:48.831,430.28041786160594,99
2024-09-20 14:06:48.897,430.2404372715412,105
2024-09-20 14:06:48.930,430.2465814110834,98
2024-09-20 14:06:48.994,430.27151373371527,98
2024-09-20 14:06:49.013,430.2546589835597,1003
2024-09-20 14:06:49.062,430.2330951554745,9
2024-09-20 14:06:49.096,430.2619279860679,5
2024-09-20 14:06:49.130,430.2352245584488,995
2024-09-20 14:06:49.216,430.2562285656487,995
2024-09-20 14:06:49.238,430.2377347849686,105
2024-09-20 14:06:49.342,430.2530257979957,1003
2024-09-20 14:06:49.344,430.2604816881066,995
2024-09-20 14:06:49.350,430.2350318076082,95
2024-09-20 14:06:49.520,430.2568628661147,999
2024-09-20 14:06:49.581,430.2672947508478,97
2024-09-20 14:06:49.758,430.24359009839,104
2024-09-20 14:06:49.767,430.26221403610606,1003
2024-09-20 14:06:49.774,430.281720248634,13
2024-09-20 14:06:49.878,430.27935829980095,1005
2024-09-20 14:06:49.967,430.2834977183071,1001
2024-09-20 14:06:50.748,430.2349852961991,97
2024-09-20 14:06:50.868,430.2341239709991,8
2024-09-20 14:06:50.965,430.2230473519578,95
2024-09-20 14:06:51.409,430.2399384806336,10
2024-09-20 14:06:52.111,430.2542092170872,1004
2024-09-20 14:06:52.270,430.2801709801253,100
2024-09-20 14:06:52.306,430.2431320161211,14
2024-09-20 14:06:52.328,430.26902194273,997
2024-09-20 14:06:52.330,430.2274124655889,100
2024-09-20 14:06:52.335,430.2252188995337,100
2024-09-20 14:06:52.337,430.248870023355,998
2024-09-20 14:06:52.432,430.2900795754045,1003
2024-09-20 14:06:52.441,430.2575941352911,95
2024-09-20 14:06:52.515,430.2588667296773,104
2024-09-20 14:06:52.529,430.2528337023122,5
2024-09-20 14:06:52.536,430.2719820030463,96
2024-09-20 14:06:52.570,430.2445087654095,97
2024-09-20 14:06:52.597,430.2658267422322,96
2024-09-20 14:06:52.698,430.2285610703424,995
2024-09-20 14:06:52.713,430.243611639627,14
2024-09-20 14:06:52.715,430.2553900539497,14
2024-09-20 14:06:52.734,430.2715710032323,96
2024-09-20 14:06:52.752,430.258551938035,1001
2024-09-20 14:06:52.775,430.2266118498028,1001
2024-09-20 14:06:52.848,430.2673648720438,1002
2024-09-20 14:06:52.891,430.249937351085,14
2024-09-20 14:06:52.896,430.2292571451859,95
2024-09-20 14:06:52.909,430.2338866994546,999
2024-09-20 14:06:52.931,430.2224505853261,997
2024-09-20 14:06:52.970,430.259060603848,1001
2024-09-20 14:06:53.017,430.3445791637792,995
2024-09-20 14:06:53.053,430.2777573232369,1003
2024-09-20 14:06:53.077,430.3225767242809,12
2024-09-20 14:06:53.078,430.3398751994993,104
2024-09-20 14:06:53.080,430.3591955185996,100
2024-09-20 14:06:53.111,430.2612993200032,999
2024-09-20 14:06:53.227,430.34028902989377,1002
2024-09-20 14:06:53.242,430.2776138299944,7
2024-09-20 14:06:53.313,430.2739059871583,1000
2024-09-20 14:06:53.330,430.29114191462577,99
2024-09-20 14:06:53.332,430.2796533241085,102
2024-09-20 14:06:53.399,430.3056822239787,1003
2024-09-20 14:06:53.435,430.2662792121706,99
2024-09-20 14:06:53.481,430.3407987270343,6
2024-09-20 14:06:53.501,430.281321090944,95
2024-09-20 14:06:53.532,430.27790934495846,995
2024-09-20 14:06:53.570,430.33754188275327,6
2024-09-20 14:06:53.590,430.3572401646656,1000
2024-09-20 14:06:53.600,430.2717977957865,96
2024-09-20 14:06:53.649,430.2862606180564,100
2024-09-20 14:06:53.676,430.2761099043144,996
2024-09-20 14:06:53.681,430.294764835255,11
2024-09-20 14:06:53.749,430.2740661090555,103
2024-09-20 14:06:53.772,430.2843019014322,1005
2024-09-20 14:06:53.855,430.3454010166368,13
2024-09-20 14:06:53.860,430.2718250092912,103
2024-09-20 14:06:53.911,430.2708547768045,1002
2024-09-20 14:06:53.927,430.2906912628577,9
2024-09-20 14:06:53.938,430.2807878826041,99
2024-09-20 14:06:53.972,430.295026060234,96
2024-09-20 14:06:54.606,430.3516220323925,101
2024-09-20 14:06:55.039,430.3535189446537,1004
2024-09-20 14:06:55.197,430.359179583004,14
2024-09-20 14:06:55.493,430.3470866571263,1001
2024-09-20 14:06:55.977,43.03620582059892,101
2024-09-20 14:06:56.130,430.3427594021752,1005
2024-09-20 14:06:57.061,430.35097993302406,104
2024-09-20 14:06:57.142,430.3327286186131,1005
2024-09-20 14:06:57.157,430.3262374803008,96
2024-09-20 14:06:57.375,430.3163968110451,103
2024-09-20 14:06:57.522,430.32354957576337,105
2024-09-20 14:06:57.562,430.3296783177688,103
2024-09-20 14:06:57.591,430.353565971346,7
2024-09-20 14:06:57.666,430.3162279985635,998
2024-09-20 14:06:57.768,430.32651826270296,11
2024-09-20 14:06:57.820,430.32569137435263,1005
2024-09-20 14:06:57.859,430.33882048412215,11
2024-09-20 14:06:57.877,430.33293904213576,13
2024-09-20 14:06:58.181,430.3300800946043,996
2024-09-20 14:06:58.419,430.32055183149856,99
2024-09-20 14:06:58.582,430.3421052917495,100
2024-09-20 14:06:58.705,430.32798513686566,101
