Timestamp,Price,Size
2024-09-16 13:10:00.017,416.00615265141903,10
2024-09-16 13:10:00.019,415.9756621397913,103
2024-09-16 13:10:00.021,416.0216170381568,102
2024-09-16 13:10:00.052,415.9971240658883,105
2024-09-16 13:10:00.128,416.0132527320392,5
2024-09-16 13:10:00.131,415.9993215404271,1000
2024-09-16 13:10:00.260,416.042853113763,101
2024-09-16 13:10:00.310,415.9705613008225,11
2024-09-16 13:10:00.394,416.0133673705728,98
2024-09-16 13:10:00.399,415.9516140777508,1001
2024-09-16 13:10:00.471,416.02861514491815,14
2024-09-16 13:10:00.496,415.99460682108446,101
2024-09-16 13:10:00.567,416.0165369291326,104
2024-09-16 13:10:00.610,415.9598569498898,1005
2024-09-16 13:10:00.612,416.0641699535527,1000
2024-09-16 13:10:00.623,415.9525133225541,99
2024-09-16 13:10:00.766,416.0687848155931,10
2024-09-16 13:10:00.772,416.03077758356994,8
2024-09-16 13:10:00.787,416.0182910838373,13
2024-09-16 13:10:00.804,416.0019734147947,13
2024-09-16 13:10:00.827,415.96750638986447,97
2024-09-16 13:10:00.853,415.9751068378214,1002
2024-09-16 13:10:00.865,416.00170244011696,98
2024-09-16 13:10:00.910,416.0038342155872,12
2024-09-16 13:10:00.911,416.00344254493183,13
2024-09-16 13:10:00.921,416.070110870519,999
2024-09-16 13:10:00.953,415.98666014769583,999
2024-09-16 13:10:00.956,415.9795866322421,1001
2024-09-16 13:10:00.958,415.9879661742853,995
2024-09-16 13:10:01.012,415.9615621258102,12
2024-09-16 13:10:01.018,415.9511418409947,7
2024-09-16 13:10:01.084,416.0148808848814,995
2024-09-16 13:10:01.120,415.9699972590638,95
2024-09-16 13:10:01.160,415.9473732023828,997
2024-09-16 13:10:01.187,415.95449524537895,98
2024-09-16 13:10:01.193,416.0404176056288,999
2024-09-16 13:10:01.201,416.03281477553566,997
2024-09-16 13:10:01.207,415.96013005290666,104
2024-09-16 13:10:01.220,415.959812621922,104
2024-09-16 13:10:01.241,,6
2024-09-16 13:10:01.263,415.9886253772432,996
2024-09-16 13:10:01.308,415.9603318785937,103
2024-09-16 13:10:01.404,415.9391354802796,97
2024-09-16 13:10:01.435,415.9697519861235,12
2024-09-16 13:10:01.448,415.9484065553695,105
2024-09-16 13:10:01.472,416.0205090005273,10
2024-09-16 13:10:01.497,415.9977222846482,1000
2024-09-16 13:10:01.510,415.956003986604,14
2024-09-16 13:10:01.560,416.0180074482569,997
2024-09-16 13:10:01.622,416.0002644807609,12
2024-09-16 13:10:01.629,415.96175700707465,1002
2024-09-16 13:10:01.685,416.0245524403149,997
2024-09-16 13:10:01.709,415.9561601208077,997
2024-09-16 13:10:01.729,416.0172315670276,998
2024-09-16 13:10:01.835,415.9555648279179,102
2024-09-16 13:10:01.905,415.97780921281486,102
2024-09-16 13:10:01.906,415.96537799927455,1003
2024-09-16 13:10:01.948,416.006700152664,11
2024-09-16 13:10:01.973,415.947451155838,15
2024-09-16 13:10:02.047,415.9493475980107,1001
2024-09-16 13:10:02.081,415.9342071735469,12
2024-09-16 13:10:02.150,415.92642629236536,98
2024-09-16 13:10:02.231,415.91765738816326,99
2024-09-16 13:10:02.245,415.9433766224218,1005
2024-09-16 13:10:02.283,415.93317495654,98
2024-09-16 13:10:02.322,415.923140977789,1001
2024-09-16 13:10:02.335,415.9331339768116,9
2024-09-16 13:10:02.404,415.9146247187954,96
2024-09-16 13:10:02.542,415.9335006122485,97
2024-09-16 13:10:02.584,415.912742222444,99
2024-09-16 13:10:02.676,415.904050548708,11
2024-09-16 13:10:02.773,415.928594131141,1000
2024-09-16 13:10:02.777,415.943469883996,1004
2024-09-16 13:10:02.857,415.9425061458691,97
2024-09-16 13:10:03.296,415.9169767919469,1002
2024-09-16 13:10:03.347,415.94191201357546,95
2024-09-16 13:10:03.527,415.9569407200311,104
2024-09-16 13:10:03.527,415.92352152436695,97
2024-09-16 13:10:03.597,415.9386753006361,97
2024-09-16 13:10:03.737,415.9272463756667,997
2024-09-16 13:10:03.745,415.92696411369934,13
2024-09-16 13:10:03.822,415.92183573775696,15
2024-09-16 13:10:03.943,415.9528486337307,1001
2024-09-16 13:10:03.976,415.9495942557282,9
2024-09-16 13:10:04.112,415.8872388127265,998
2024-09-16 13:10:04.214,415.8954653338585,1000
2024-09-16 13:10:04.290,415.8724184078219,9
2024-09-16 13:10:04.296,415.8754051980384,103
2024-09-16 13:10:04.305,415.8798453929818,100
2024-09-16 13:10:04.341,415.9004548031052,99
2024-09-16 13:10:04.412,415.8841107490949,10
2024-09-16 13:10:04.428,415.8942977668619,998
2024-09-16 13:10:04.496,415.8783933278536,9
2024-09-16 13:10:04.547,415.8974670779082,1002
2024-09-16 13:10:04.562,415.9065639276796,102
2024-09-16 13:10:04.593,415.92077526524656,98
2024-09-16 13:10:04.623,415.88044430813153,100
2024-09-16 13:10:04.705,415.8953375039875,999
2024-09-16 13:10:04.737,415.8731902349884,101
2024-09-16 13:10:04.741,415.8886696268296,14
2024-09-16 13:10:04.795,415.8943323830321,996
2024-09-16 13:10:04.866,415.8807787318413,995
2024-09-16 13:10:04.934,415.8907375114597,1002
2024-09-16 13:10:05.023,415.8598216521626,102
2024-09-16 13:10:05.051,415.85102114927366,998
2024-09-16 13:10:05.079,415.8668008937877,996
2024-09-16 13:10:05.137,415.87145266290526,103
2024-09-16 13:10:05.153,415.8463293821804,6
2024-09-16 13:10:05.190,415.84691139194535,5
2024-09-16 13:10:05.197,415.85224836556966,104
2024-09-16 13:10:05.236,415.8399758660957,9
2024-09-16 13:10:05.320,415.8483056567725,97
2024-09-16 13:10:05.554,415.8623718175803,95
2024-09-16 13:10:05.608,415.8538373159148,1001
2024-09-16 13:10:05.617,,11
2024-09-16 13:10:05.741,415.8581864972675,8
2024-09-16 13:10:05.779,415.8751113675745,96
2024-09-16 13:10:05.848,415.8553489980184,13
2024-09-16 13:10:06.158,415.879198884097,14
2024-09-16 13:10:06.296,415.8520496933039,13
2024-09-16 13:10:06.320,415.8630588653946,13
2024-09-16 13:10:06.416,415.8750664163707,105
2024-09-16 13:10:06.419,415.86092392768353,105
2024-09-16 13:10:06.507,415.8418287605748,998
2024-09-16 13:10:06.680,415.8702168658993,1002
2024-09-16 13:10:06.889,-415.86393431687065,14
2024-09-16 13:10:08.035,415.9091734334319,105
2024-09-16 13:10:08.175,-415.9061769990342,5
2024-09-16 13:10:08.761,415.8990170968233,98
2024-09-16 13:10:08.851,415.9158852640148,996
2024-09-16 13:10:10.282,415.9253246098532,997
2024-09-16 13:10:10.422,415.93875437490976,1005
2024-09-16 13:10:10.537,415.9254413357184,999
2024-09-16 13:10:11.037,415.9231603086421,98
2024-09-16 13:10:11.075,-415.9335950082889,97
2024-09-16 13:10:11.541,415.930300620587,103
2024-09-16 13:10:12.073,416.0265154001988,15
2024-09-16 13:10:12.075,415.9473151193772,997
2024-09-16 13:10:12.156,415.932179532314,998
2024-09-16 13:10:12.205,416.0338454626403,100
2024-09-16 13:10:12.223,416.0414522819468,7
2024-09-16 13:10:12.321,415.9592782567222,8
2024-09-16 13:10:12.339,416.0092598148984,996
2024-09-16 13:10:12.439,415.9588676687288,999
2024-09-16 13:10:12.497,415.9339687004835,7
2024-09-16 13:10:12.521,416.0235928213563,1001
2024-09-16 13:10:12.597,415.9737631701316,103
2024-09-16 13:10:12.663,415.9434847544448,1001
2024-09-16 13:10:12.670,415.9282791263768,5
2024-09-16 13:10:12.675,415.9745189935386,96
2024-09-16 13:10:12.720,416.0050247509868,13
2024-09-16 13:10:12.753,415.9609938251656,95
2024-09-16 13:10:12.767,415.9859395994287,995
2024-09-16 13:10:12.890,416.046534480779,104
2024-09-16 13:10:12.892,415.9546148500029,96
2024-09-16 13:10:12.935,416.02870366092543,6
2024-09-16 13:10:13.056,41.60656368147554,95
2024-09-16 13:10:13.069,416.0563588324714,12
2024-09-16 13:10:13.085,416.0398055359806,10
2024-09-16 13:10:13.098,416.023092071204,12
2024-09-16 13:10:13.166,416.0414272294806,1004
2024-09-16 13:10:13.186,416.03212058580607,14
2024-09-16 13:10:13.230,416.0798025796873,1003
2024-09-16 13:10:13.329,416.05804556906384,102
2024-09-16 13:10:13.336,416.0150181579788,102
2024-09-16 13:10:13.355,416.0683109150268,6
2024-09-16 13:10:13.361,-416.0129180962642,105
2024-09-16 13:10:13.393,416.0168577306712,96
2024-09-16 13:10:13.475,416.0220965402211,9
2024-09-16 13:10:13.484,416.05449692067833,7
2024-09-16 13:10:13.488,416.0526906261034,997
2024-09-16 13:10:13.540,416.0341669950608,997
2024-09-16 13:10:13.637,416.0747940188782,5
2024-09-16 13:10:13.722,416.05096364905023,1002
2024-09-16 13:10:13.753,416.04264695333535,7
2024-09-16 13:10:13.753,-416.0611206209665,10
2024-09-16 13:10:13.784,416.0184736366962,1004
2024-09-16 13:10:13.829,416.0500445030273,997
2024-09-16 13:10:13.850,416.0438323813145,105
2024-09-16 13:10:13.959,416.04162581811937,97
2024-09-16 13:10:14.014,416.0941154507758,1003
2024-09-16 13:10:14.017,416.1035668675996,999
2024-09-16 13:10:14.097,416.1005276870199,101
2024-09-16 13:10:14.195,416.1112786456538,7
2024-09-16 13:10:14.204,416.108506532236,999
2024-09-16 13:10:14.298,416.0663113905524,15
2024-09-16 13:10:14.361,416.086834130699,1002
2024-09-16 13:10:14.406,416.0837643321298,15
2024-09-16 13:10:14.412,416.1079085273309,101
2024-09-16 13:10:14.415,416.0744752676061,995
2024-09-16 13:10:14.428,416.1085856921823,12
2024-09-16 13:10:14.448,416.0600747317239,10
2024-09-16 13:10:14.475,416.05822515513313,7
2024-09-16 13:10:14.482,416.1000615214455,105
2024-09-16 13:10:14.615,416.0927721424872,996
2024-09-16 13:10:14.631,416.1211149876187,102
2024-09-16 13:10:14.720,416.122207271261,102
2024-09-16 13:10:14.731,416.11113784665486,15
2024-09-16 13:10:14.759,416.1082746144514,100
2024-09-16 13:10:14.762,416.08372764404027,8
2024-09-16 13:10:14.891,416.0808232481153,995
2024-09-16 13:10:14.938,,10
2024-09-16 13:10:14.968,416.090365119738,10
2024-09-16 13:10:14.979,416.1175391613485,996
2024-09-16 13:10:15.118,416.1282586017797,996
2024-09-16 13:10:15.466,416.1130832395542,995
2024-09-16 13:10:16.014,416.1007079147005,998
2024-09-16 13:10:16.062,416.12056994116176,15
2024-09-16 13:10:16.081,416.1418025763246,100
2024-09-16 13:10:16.185,416.1225239388589,998
2024-09-16 13:10:16.352,416.1198757934776,9
2024-09-16 13:10:16.594,416.10699362694254,11
2024-09-16 13:10:16.801,416.1241343550919,11
2024-09-16 13:10:16.931,416.1503883951638,96
2024-09-16 13:10:17.142,416.1284387392824,101
2024-09-16 13:10:17.195,416.1530673676255,98
2024-09-16 13:10:17.309,416.145648944006,12
2024-09-16 13:10:17.334,416.1316500671681,98
2024-09-16 13:10:17.366,416.1255044850755,103
2024-09-16 13:10:17.403,416.1256888228637,1004
2024-09-16 13:10:17.443,416.13732980217605,997
2024-09-16 13:10:17.452,416.1108107260929,15
2024-09-16 13:10:17.463,416.1470097313032,997
2024-09-16 13:10:17.506,416.1252300215859,995
2024-09-16 13:10:17.512,416.0707884127023,99
2024-09-16 13:10:17.523,416.0911290734344,13
2024-09-16 13:10:17.549,416.10742884798174,1004
2024-09-16 13:10:17.585,416.11777210273215,100
2024-09-16 13:10:17.592,416.1317551273359,6
2024-09-16 13:10:17.603,416.14378810705625,105
2024-09-16 13:10:17.713,416.10532539524434,10
2024-09-16 13:10:17.741,416.0770203280203,102
2024-09-16 13:10:17.814,416.1076311365063,1003
2024-09-16 13:10:17.821,416.13278418094194,102
2024-09-16 13:10:17.825,416.11101667100326,6
2024-09-16 13:10:18.041,416.039782257435,998
2024-09-16 13:10:18.044,416.06750844168135,14
2024-09-16 13:10:18.061,416.07217339726856,7
2024-09-16 13:10:18.099,416.0165971793173,10
2024-09-16 13:10:18.121,416.0439381665941,9
2024-09-16 13:10:18.187,416.08207666310847,1004
2024-09-16 13:10:18.245,416.04510896913166,13
2024-09-16 13:10:18.276,416.03842131270375,999
2024-09-16 13:10:18.345,416.0843974449896,103
2024-09-16 13:10:18.378,416.0515272109482,1002
2024-09-16 13:10:18.382,416.0807190888325,1005
2024-09-16 13:10:18.401,416.0394121165063,12
2024-09-16 13:10:18.428,416.0813474550817,7
2024-09-16 13:10:18.451,416.0408050237048,105
2024-09-16 13:10:18.460,416.0647577324742,101
2024-09-16 13:10:18.597,416.0766699476703,995
2024-09-16 13:10:18.640,416.04626461754833,1004
2024-09-16 13:10:18.744,416.0342275621181,105
2024-09-16 13:10:18.764,416.0202962455973,97
2024-09-16 13:10:18.842,416.0098540966403,995
2024-09-16 13:10:18.898,416.09041203431127,996
2024-09-16 13:10:18.977,416.07544435970726,100
2024-09-16 13:10:19.143,416.09108281919526,95
2024-09-16 13:10:19.147,416.0834956527123,1003
2024-09-16 13:10:19.184,416.0752303030264,97
2024-09-16 13:10:19.221,416.0947166390412,1002
2024-09-16 13:10:19.312,416.0710694868884,105
2024-09-16 13:10:19.447,416.0873535455082,100
2024-09-16 13:10:19.648,416.0966061768505,8
2024-09-16 13:10:19.694,416.1120760658773,98
2024-09-16 13:10:19.773,416.0693965037791,996
2024-09-16 13:10:19.910,416.1197510134716,5
2024-09-16 13:10:19.960,416.08015419199023,102
2024-09-16 13:10:20.072,416.1272327540034,1003
2024-09-16 13:10:20.105,416.0960348954517,1000
2024-09-16 13:10:20.109,416.0959933073695,11
2024-09-16 13:10:20.524,416.10380980299817,11
2024-09-16 13:10:20.556,416.1208320644405,7
2024-09-16 13:10:20.750,416.1323955249581,101
2024-09-16 13:10:20.786,416.1363399582515,1000
2024-09-16 13:10:20.899,416.1163511388344,1002
2024-09-16 13:10:20.960,416.0958351551948,99
2024-09-16 13:10:21.191,416.1234189036881,5
2024-09-16 13:10:22.054,416.1438524848376,101
2024-09-16 13:10:22.332,416.1069913651053,15
2024-09-16 13:10:22.409,416.09921106722845,95
2024-09-16 13:10:22.663,416.09660971741175,5
2024-09-16 13:10:22.700,416.1526996244304,998
2024-09-16 13:10:22.720,416.12608918211487,99
2024-09-16 13:10:22.848,416.15074438521737,100
2024-09-16 13:10:22.904,416.1042175740276,1002
2024-09-16 13:10:22.924,416.1247868334469,1003
2024-09-16 13:10:22.994,416.1340082762774,999
2024-09-16 13:10:23.009,416.14025868404,998
2024-09-16 13:10:23.041,416.1722038329896,1001
2024-09-16 13:10:23.053,416.1864348220618,7
2024-09-16 13:10:23.167,416.1433777686227,98
2024-09-16 13:10:23.486,416.1863210061569,104
2024-09-16 13:10:23.590,416.183324324624,13
2024-09-16 13:10:23.648,416.1203263380854,995
2024-09-16 13:10:23.690,416.1749568778336,15
2024-09-16 13:10:23.874,416.12896538462553,996
2024-09-16 13:10:24.022,416.2237821512393,101
2024-09-16 13:10:24.088,416.2086716654868,100
2024-09-16 13:10:24.162,416.2175114579117,96
2024-09-16 13:10:24.181,416.2399916214353,14
2024-09-16 13:10:24.226,416.170357304869,995
2024-09-16 13:10:24.311,416.19428549694976,96
2024-09-16 13:10:24.312,416.1895114838435,995
2024-09-16 13:10:24.314,416.1545010055689,8
2024-09-16 13:10:24.321,416.2234752412159,7
2024-09-16 13:10:24.352,416.1547391307101,102
2024-09-16 13:10:24.363,416.1579218226464,1002
2024-09-16 13:10:24.383,416.2466450426657,98
2024-09-16 13:10:24.459,416.1456630821056,97
2024-09-16 13:10:24.473,416.252745667538,100
2024-09-16 13:10:24.482,416.1592307322693,98
2024-09-16 13:10:24.516,416.24983684950894,5
2024-09-16 13:10:24.546,416.24211951070816,1001
2024-09-16 13:10:24.569,416.2897790955609,96
2024-09-16 13:10:24.613,416.2187767147315,996
2024-09-16 13:10:24.677,416.1507783472468,101
2024-09-16 13:10:24.804,416.2769865723896,9
2024-09-16 13:10:24.828,416.24814085487714,995
2024-09-16 13:10:24.844,416.1471859086748,97
2024-09-16 13:10:24.883,416.22865402156793,96
2024-09-16 13:10:24.925,416.1407446170241,6
2024-09-16 13:10:24.926,416.22791950947664,1005
2024-09-16 13:10:24.947,416.2521797132795,99
2024-09-16 13:10:24.949,416.21219619626686,1001
2024-09-16 13:10:24.972,416.2634559230536,7
2024-09-16 13:10:25.020,416.1437615223445,996
2024-09-16 13:10:25.059,416.15637498676494,104
2024-09-16 13:10:25.073,-416.2125086932384,100
2024-09-16 13:10:25.197,416.2030835316588,10
2024-09-16 13:10:25.200,416.2151261175022,101
2024-09-16 13:10:25.273,416.225554872969,997
2024-09-16 13:10:25.343,416.1757401544299,15
2024-09-16 13:10:25.355,416.21339446202745,997
2024-09-16 13:10:25.412,416.15835140275976,997
2024-09-16 13:10:25.442,416.2073911999134,105
2024-09-16 13:10:25.544,416.2297588855892,10
2024-09-16 13:10:25.592,416.1985791866877,6
2024-09-16 13:10:25.596,416.2034579310399,998
2024-09-16 13:10:25.610,416.206893845525,1000
2024-09-16 13:10:25.745,416.1740865963328,98
2024-09-16 13:10:25.759,416.1952044152495,95
2024-09-16 13:10:25.851,416.153691813394,98
2024-09-16 13:10:25.924,416.1973108408208,999
2024-09-16 13:10:25.952,416.2063702752429,96
2024-09-16 13:10:25.954,416.1939762475294,101
2024-09-16 13:10:25.989,416.2197186459785,95
2024-09-16 13:10:26.077,416.2523268694908,100
2024-09-16 13:10:26.208,416.20760359855205,95
2024-09-16 13:10:26.467,416.2313337517939,99
2024-09-16 13:10:26.599,416.2390680697425,98
2024-09-16 13:10:26.930,416.24709182978097,101
2024-09-16 13:10:27.034,416.2043956537561,15
2024-09-16 13:10:27.044,416.2198931045885,104
2024-09-16 13:10:27.059,416.2022522185689,96
2024-09-16 13:10:27.060,416.2018928343506,1005
2024-09-16 13:10:27.169,416.2073450746036,1004
2024-09-16 13:10:27.185,416.2333036366204,105
2024-09-16 13:10:27.334,416.1893903055668,1005
2024-09-16 13:10:27.387,416.2082121387962,997
2024-09-16 13:10:27.514,416.1601591862161,14
2024-09-16 13:10:27.571,416.2049962379475,1004
2024-09-16 13:10:27.661,416.15641302091495,99
2024-09-16 13:10:27.726,416.1678466514692,11
2024-09-16 13:10:27.754,416.2097276137296,97
2024-09-16 13:10:27.772,416.2031124976932,1002
2024-09-16 13:10:27.815,416.1824308011696,1003
2024-09-16 13:10:27.978,416.1771891676594,1000
2024-09-16 13:10:27.988,416.206184675214,999
2024-09-16 13:10:28.654,416.145685062267,997
2024-09-16 13:10:29.065,416.1846097622423,995
2024-09-16 13:10:29.073,416.1876552581485,1001
2024-09-16 13:10:29.081,416.1886967806704,5
2024-09-16 13:10:29.157,416.1827299324813,12
2024-09-16 13:10:29.162,416.1746740666565,1002
2024-09-16 13:10:29.203,416.1572461198433,15
2024-09-16 13:10:29.216,416.1814922766627,98
2024-09-16 13:10:29.217,416.1751907060601,997
2024-09-16 13:10:29.219,416.17828815307007,1002
2024-09-16 13:10:29.390,416.1966201087016,1001
2024-09-16 13:10:29.532,416.1855870624101,15
2024-09-16 13:10:29.551,416.1851465507521,14
2024-09-16 13:10:29.578,416.16741728248167,102
2024-09-16 13:10:29.590,416.1578714625481,1003
2024-09-16 13:10:29.631,416.1986683791861,7
2024-09-16 13:10:29.664,416.18230398563264,102
2024-09-16 13:10:29.677,416.1579495340649,105
2024-09-16 13:10:29.691,416.2175598604487,96
2024-09-16 13:10:29.697,416.1760101584764,10
2024-09-16 13:10:29.711,416.159301328478,98
2024-09-16 13:10:29.717,416.1944762329428,998
2024-09-16 13:10:29.719,41.61830247297188,103
2024-09-16 13:10:29.784,416.1548395299764,95
2024-09-16 13:10:29.797,416.1594416552227,1003
2024-09-16 13:10:29.839,416.153647973252,1004
2024-09-16 13:10:29.861,416.174333009258,5
2024-09-16 13:10:29.880,416.1791225352511,9
2024-09-16 13:10:29.887,416.15866283017135,1004
2024-09-16 13:10:29.939,416.1765875475602,1005
2024-09-16 13:10:30.080,416.1681858246593,98
2024-09-16 13:10:31.041,416.1601786903655,13
2024-09-16 13:10:31.125,416.1601480730885,1003
2024-09-16 13:10:31.131,416.1800399668841,996
2024-09-16 13:10:31.225,416.1651819250034,13
2024-09-16 13:10:31.249,416.1588390237141,995
2024-09-16 13:10:31.552,416.151241732003,1002
2024-09-16 13:10:31.816,416.1574450999481,99
2024-09-16 13:10:31.829,416.1690759693005,103
2024-09-16 13:10:31.992,416.168369915687,103
2024-09-16 13:10:32.061,416.1815074689727,102
2024-09-16 13:10:32.176,416.1793346122433,12
2024-09-16 13:10:32.200,416.17825056518063,7
2024-09-16 13:10:32.215,416.163669278609,1004
2024-09-16 13:10:32.296,416.1865261651836,996
2024-09-16 13:10:32.329,416.18222790509446,999
2024-09-16 13:10:32.380,416.173001057745,96
2024-09-16 13:10:32.424,416.1771183201208,15
2024-09-16 13:10:32.468,416.1926508929195,996
2024-09-16 13:10:32.545,416.1746728170554,6
2024-09-16 13:10:32.580,416.1685802329025,1001
2024-09-16 13:10:32.763,416.1883757198461,998
2024-09-16 13:10:32.873,416.1832498439003,101
2024-09-16 13:10:32.926,416.1674288243033,1005
2024-09-16 13:10:33.021,416.208091980046,104
2024-09-16 13:10:33.076,416.2036956045823,9
2024-09-16 13:10:33.135,416.2123363361253,103
2024-09-16 13:10:33.163,416.2260149964559,11
2024-09-16 13:10:33.388,416.21138550086886,1005
2024-09-16 13:10:33.543,416.223082444889,1003
2024-09-16 13:10:33.574,416.228654988846,14
2024-09-16 13:10:33.621,416.2174013384844,12
2024-09-16 13:10:33.641,416.23908793756783,103
2024-09-16 13:10:33.751,416.21226063815226,103
2024-09-16 13:10:33.772,416.2100062061024,1003
2024-09-16 13:10:35.093,416.2642912886489,1005
2024-09-16 13:10:35.159,416.2401528368045,103
2024-09-16 13:10:35.189,416.2801888628868,105
2024-09-16 13:10:35.223,416.23875811182666,9
2024-09-16 13:10:35.300,416.24392632763073,12
2024-09-16 13:10:35.306,416.276745190503,12
2024-09-16 13:10:35.424,416.2273243814776,9
2024-09-16 13:10:35.493,416.2865862685919,15
2024-09-16 13:10:35.507,416.2312453590183,101
2024-09-16 13:10:35.533,416.2894758337652,997
2024-09-16 13:10:35.539,416.24752935391496,11
2024-09-16 13:10:35.563,416.2805688594842,999
2024-09-16 13:10:35.574,416.2161978395051,102
2024-09-16 13:10:35.630,416.230698233218,100
2024-09-16 13:10:35.744,416.3077226753032,997
2024-09-16 13:10:35.763,416.22080057452,8
2024-09-16 13:10:35.798,416.2531585042619,1002
2024-09-16 13:10:35.836,416.2950136268502,1001
2024-09-16 13:10:35.837,416.207037204432,12
2024-09-16 13:10:35.879,416.3209234505091,997
2024-09-16 13:10:36.012,416.29967767605206,6
2024-09-16 13:10:36.053,416.32919587944775,10
2024-09-16 13:10:36.338,416.3496215824517,13
2024-09-16 13:10:36.440,416.3230301372462,99
2024-09-16 13:10:36.642,,15
2024-09-16 13:10:36.713,416.3454933291188,104
2024-09-16 13:10:36.787,416.3305704478619,8
2024-09-16 13:10:37.108,416.3171361242281,99
2024-09-16 13:10:37.142,416.3138604197858,10
2024-09-16 13:10:37.156,416.3264342295979,1003
2024-09-16 13:10:37.176,416.3625858815719,9
2024-09-16 13:10:37.248,416.3274927261716,999
2024-09-16 13:10:37.293,416.3031039487608,1002
2024-09-16 13:10:37.495,416.3169511375801,998
2024-09-16 13:10:37.552,416.33652390195937,1002
2024-09-16 13:10:37.572,416.3768996349319,98
2024-09-16 13:10:37.612,416.3285329783944,1000
2024-09-16 13:10:37.631,416.3500675080766,5
2024-09-16 13:10:37.656,416.350775350166,102
2024-09-16 13:10:37.893,416.3310635586402,995
2024-09-16 13:10:37.932,416.32783309464656,105
2024-09-16 13:10:37.962,416.3044505806219,999
2024-09-16 13:10:38.071,416.3686210505909,95
2024-09-16 13:10:38.156,416.3330387204408,8
2024-09-16 13:10:38.178,416.3560335612042,99
2024-09-16 13:10:38.209,416.3528538194125,99
2024-09-16 13:10:38.235,416.3646399590805,7
2024-09-16 13:10:38.355,416.3427101049589,7
2024-09-16 13:10:38.390,416.3374447633564,5
2024-09-16 13:10:38.420,416.354795637786,995
2024-09-16 13:10:38.424,416.3390244184584,1003
2024-09-16 13:10:38.446,416.3292750339571,12
2024-09-16 13:10:38.482,416.3365518555776,1000
2024-09-16 13:10:38.515,416.33959140185306,14
2024-09-16 13:10:38.623,416.3132935401363,1004
2024-09-16 13:10:38.685,416.3563550361664,101
2024-09-16 13:10:38.810,416.3147812259808,13
2024-09-16 13:10:38.873,416.3542423316691,105
2024-09-16 13:10:38.971,416.3351482601021,995
2024-09-16 13:10:39.018,416.3230617560061,97
2024-09-16 13:10:39.115,416.3495492061605,998
2024-09-16 13:10:39.345,416.3106798557627,13
2024-09-16 13:10:39.347,416.3416127410693,1001
2024-09-16 13:10:39.362,416.3345130222186,8
2024-09-16 13:10:39.364,416.32698761104473,1004
2024-09-16 13:10:39.486,416.3116260021402,97
2024-09-16 13:10:39.603,416.3354550152901,1005
2024-09-16 13:10:39.842,416.3193350142062,9
2024-09-16 13:10:39.882,416.33023118963575,998
2024-09-16 13:10:39.884,416.3139275520598,7
2024-09-16 13:10:39.932,416.32039819116494,96
2024-09-16 13:10:40.076,416.3376447150373,6
2024-09-16 13:10:40.208,416.30882201150456,105
2024-09-16 13:10:40.213,416.31594824899855,104
2024-09-16 13:10:40.228,416.3347011006042,9
2024-09-16 13:10:40.336,416.352487180201,996
2024-09-16 13:10:40.395,416.3287813715239,1001
2024-09-16 13:10:40.400,416.3158579137313,103
2024-09-16 13:10:40.493,416.3586243619735,97
2024-09-16 13:10:40.550,416.3220210758315,9
2024-09-16 13:10:40.633,416.3024100485397,102
2024-09-16 13:10:40.716,416.34056547149,14
2024-09-16 13:10:40.777,416.34628284085136,103
2024-09-16 13:10:40.937,416.33715696634886,995
2024-09-16 13:10:40.959,416.3174809306567,5
2024-09-16 13:10:41.052,416.3253773157289,104
2024-09-16 13:10:41.088,416.357451603466,8
2024-09-16 13:10:41.128,416.3504205322453,104
2024-09-16 13:10:41.133,416.3281532062185,1003
2024-09-16 13:10:41.133,416.2880981837055,97
2024-09-16 13:10:41.242,416.336974039198,103
2024-09-16 13:10:41.417,416.3642699135012,10
2024-09-16 13:10:41.510,416.32748519624215,104
2024-09-16 13:10:41.546,416.3266352009419,998
2024-09-16 13:10:41.557,416.32399985185634,5
2024-09-16 13:10:41.597,416.3268935589957,9
2024-09-16 13:10:41.603,416.32003156773607,99
2024-09-16 13:10:41.671,,14
2024-09-16 13:10:41.727,416.3111696621373,101
2024-09-16 13:10:41.760,416.3646806297581,10
2024-09-16 13:10:41.824,416.3621091972849,1000
2024-09-16 13:10:41.885,-416.298952340212,8
2024-09-16 13:10:41.957,416.31664169292617,102
2024-09-16 13:10:41.964,416.35641660189503,99
2024-09-16 13:10:41.974,416.2998103549498,10
2024-09-16 13:10:42.023,416.3154022708741,100
2024-09-16 13:10:42.075,416.3066739437987,99
2024-09-16 13:10:42.251,416.32793930376033,1004
2024-09-16 13:10:42.308,416.3228239912676,98
2024-09-16 13:10:42.448,416.3030246675544,98
2024-09-16 13:10:42.602,416.3144242044405,1002
2024-09-16 13:10:42.622,416.3075595999626,1001
2024-09-16 13:10:42.741,416.3009199190296,13
2024-09-16 13:10:42.854,416.3320795678901,10
2024-09-16 13:10:42.857,416.3219670775604,101
2024-09-16 13:10:42.894,416.3187125197548,100
2024-09-16 13:10:43.079,-416.351783714425,11
2024-09-16 13:10:43.165,416.3168701151086,97
2024-09-16 13:10:43.305,416.3249877481121,6
2024-09-16 13:10:43.541,416.3166904900762,95
2024-09-16 13:10:43.700,416.3299636927397,104
2024-09-16 13:10:43.728,416.3223053385805,103
2024-09-16 13:10:43.875,416.3396147374016,13
2024-09-16 13:10:44.095,416.3341076708103,1000
2024-09-16 13:10:44.100,416.3425336557693,104
2024-09-16 13:10:44.245,416.3491065356492,96
2024-09-16 13:10:44.522,416.3501356968091,10
2024-09-16 13:10:44.558,416.3128463188491,1003
2024-09-16 13:10:44.575,416.3476151907152,95
2024-09-16 13:10:44.579,416.3578549576062,8
2024-09-16 13:10:44.748,416.3635488354437,995
2024-09-16 13:10:44.792,416.3414290149752,13
2024-09-16 13:10:45.059,416.3485935795399,8
2024-09-16 13:10:45.137,416.3742744930214,104
2024-09-16 13:10:45.197,416.3484318905284,95
2024-09-16 13:10:45.250,416.3362387429517,1001
2024-09-16 13:10:45.293,416.372783698576,7
2024-09-16 13:10:45.405,416.3204616882696,98
2024-09-16 13:10:45.449,416.36691550329846,100
2024-09-16 13:10:45.623,416.3411416532079,11
2024-09-16 13:10:45.646,416.3749454350149,97
2024-09-16 13:10:45.737,416.34614078753657,995
2024-09-16 13:10:45.779,416.34868403782207,999
2024-09-16 13:10:45.952,-416.3321448089473,101
2024-09-16 13:10:45.988,416.35501921678815,12
2024-09-16 13:10:46.064,416.35995458394905,96
2024-09-16 13:10:46.149,416.3750940730127,11
2024-09-16 13:10:46.206,416.36378813650254,11
2024-09-16 13:10:46.568,416.35951794476654,105
2024-09-16 13:10:47.010,416.39033210940096,1001
2024-09-16 13:10:47.074,416.3990305894872,999
2024-09-16 13:10:47.074,416.3656022958179,96
2024-09-16 13:10:47.127,416.3950247067209,103
2024-09-16 13:10:47.153,416.39172027089546,9
2024-09-16 13:10:47.184,416.3550912249568,9
2024-09-16 13:10:47.225,416.40046897112745,15
2024-09-16 13:10:47.231,416.3845901185771,1001
2024-09-16 13:10:47.242,416.3776976593146,1005
2024-09-16 13:10:47.297,416.3583664304159,13
2024-09-16 13:10:47.414,416.3678549522873,11
2024-09-16 13:10:47.431,416.38600918246,1000
2024-09-16 13:10:47.711,416.3539084304943,13
2024-09-16 13:10:47.862,416.3991411514612,100
2024-09-16 13:10:47.884,416.40505935313246,11
2024-09-16 13:10:47.923,416.3632186973563,97
2024-09-16 13:10:47.969,416.4109467342561,99
2024-09-16 13:10:48.007,416.3803424368732,996
2024-09-16 13:10:48.007,416.422511842988,100
2024-09-16 13:10:48.049,416.3759075283453,1002
2024-09-16 13:10:48.050,416.4171238565543,7
2024-09-16 13:10:48.063,416.4547651100027,97
2024-09-16 13:10:48.114,416.4577844502008,999
2024-09-16 13:10:48.254,416.4437892136887,6
2024-09-16 13:10:48.390,416.46514939600297,998
2024-09-16 13:10:48.540,416.397150414433,1005
2024-09-16 13:10:48.546,416.4379704875736,1005
2024-09-16 13:10:48.578,416.4572288825999,105
2024-09-16 13:10:48.631,416.4451186917494,96
2024-09-16 13:10:48.673,416.4491143781042,8
2024-09-16 13:10:48.728,416.3809108777466,5
2024-09-16 13:10:48.759,416.4381348111309,100
2024-09-16 13:10:48.796,416.4436722079441,98
2024-09-16 13:10:48.872,416.4148698500207,1003
2024-09-16 13:10:48.959,416.4450129566621,1005
2024-09-16 13:10:49.112,416.4320178001983,97
2024-09-16 13:10:49.167,416.5024448354872,7
2024-09-16 13:10:49.192,416.4563335757183,13
2024-09-16 13:10:49.254,416.460262146449,101
2024-09-16 13:10:49.274,416.48224971780655,998
2024-09-16 13:10:49.343,416.4498883818756,98
2024-09-16 13:10:49.548,416.45938008853045,100
2024-09-16 13:10:49.614,416.4498079913187,996
2024-09-16 13:10:49.644,416.4843094059047,10
2024-09-16 13:10:49.705,416.4614421339783,5
2024-09-16 13:10:49.720,416.4505044210727,999
2024-09-16 13:10:49.896,416.4674090847468,1002
2024-09-16 13:10:49.912,416.4619184755243,95
2024-09-16 13:10:49.947,416.50248660249787,100
2024-09-16 13:10:50.589,416.5791946354015,12
2024-09-16 13:10:50.598,416.5537649314903,1002
2024-09-16 13:10:50.643,416.5139017598618,102
2024-09-16 13:10:50.820,416.52677248573127,1000
2024-09-16 13:10:50.988,416.51707547907137,98
2024-09-16 13:10:51.015,416.5352646730299,5
2024-09-16 13:10:51.068,416.55966270189225,1001
2024-09-16 13:10:51.143,416.5250588594252,100
2024-09-16 13:10:51.265,416.5427310612733,999
2024-09-16 13:10:51.266,416.5185653413053,10
2024-09-16 13:10:51.294,416.5556923458593,15
2024-09-16 13:10:51.367,416.5705769834882,7
2024-09-16 13:10:51.456,416.5576288491628,99
2024-09-16 13:10:51.460,416.5278763679038,9
2024-09-16 13:10:51.487,416.5398884297398,998
2024-09-16 13:10:51.541,416.57057242793,999
2024-09-16 13:10:51.569,416.55343763774783,1005
2024-09-16 13:10:51.624,416.5385593266699,98
2024-09-16 13:10:51.696,416.557440559621,999
2024-09-16 13:10:51.719,416.5280088315078,5
2024-09-16 13:10:51.736,416.5372456711943,996
2024-09-16 13:10:51.771,416.550758686513,97
2024-09-16 13:10:51.830,416.534783007685,14
2024-09-16 13:10:51.862,416.5586465111916,1001
2024-09-16 13:10:51.870,416.53249905621175,6
2024-09-16 13:10:51.911,416.5610960454057,997
2024-09-16 13:10:51.945,416.55644503290017,1004
2024-09-16 13:10:51.977,416.5742812233407,1002
2024-09-16 13:10:51.979,416.5035923569833,6
2024-09-16 13:10:51.979,416.5243279197052,1000
2024-09-16 13:10:51.994,416.5164596442438,6
2024-09-16 13:10:52.047,416.5222431805227,95
2024-09-16 13:10:52.070,416.534403926691,105
2024-09-16 13:10:52.079,416.5361575914038,96
2024-09-16 13:10:52.209,416.52787981035823,101
2024-09-16 13:10:52.484,416.5439401655351,99
2024-09-16 13:10:52.697,-416.5423825831776,11
2024-09-16 13:10:52.770,416.524932005021,97
2024-09-16 13:10:52.803,416.5449205126836,1003
2024-09-16 13:10:52.807,416.5298119741376,998
2024-09-16 13:10:52.920,41.65253697683848,10
2024-09-16 13:10:53.042,416.5103108472535,1005
2024-09-16 13:10:53.115,416.46901730394114,995
2024-09-16 13:10:53.149,416.5178130932591,997
2024-09-16 13:10:53.160,416.4635578566235,1005
2024-09-16 13:10:53.268,416.500646128526,1003
2024-09-16 13:10:53.319,416.4941234543424,102
2024-09-16 13:10:53.367,416.4510000005005,998
2024-09-16 13:10:53.441,416.49676348962817,997
2024-09-16 13:10:53.586,41.65482380145027,96
2024-09-16 13:10:53.645,416.48514020427,99
2024-09-16 13:10:53.701,416.5072234405976,100
2024-09-16 13:10:53.768,416.4634019576261,15
2024-09-16 13:10:53.838,416.5064849190368,15
2024-09-16 13:10:53.845,416.5044808625694,997
2024-09-16 13:10:53.848,416.5057330080715,9
2024-09-16 13:10:53.888,416.51141955728224,1000
2024-09-16 13:10:53.895,416.45503043794656,999
2024-09-16 13:10:53.928,416.50910130218944,1002
2024-09-16 13:10:53.961,416.5216280005547,12
2024-09-16 13:10:53.964,416.5016836845742,5
2024-09-16 13:10:54.078,416.40870321590165,996
2024-09-16 13:10:54.108,416.46180206317314,995
2024-09-16 13:10:54.175,416.4569506812287,98
2024-09-16 13:10:54.189,416.4001841194808,1001
2024-09-16 13:10:54.294,416.4344907713688,14
2024-09-16 13:10:54.393,416.4172068875311,1003
2024-09-16 13:10:54.428,416.43313189685887,98
2024-09-16 13:10:54.511,416.42845681296507,97
2024-09-16 13:10:54.870,416.45841064560784,104
2024-09-16 13:10:54.884,416.4461571726823,95
2024-09-16 13:10:55.124,416.3817888837735,1001
2024-09-16 13:10:55.165,416.399061383287,996
2024-09-16 13:10:55.196,-416.3985572774266,1000
2024-09-16 13:10:55.215,416.4027000055246,102
2024-09-16 13:10:55.262,416.3876034434032,98
2024-09-16 13:10:55.379,416.4053759559964,6
2024-09-16 13:10:55.397,416.4006876458332,15
2024-09-16 13:10:55.461,416.3961695854659,14
2024-09-16 13:10:55.512,416.4199924805539,6
2024-09-16 13:10:55.538,416.41074521425526,1002
2024-09-16 13:10:55.686,416.37042353902007,9
2024-09-16 13:10:55.739,416.3974953492241,104
2024-09-16 13:10:55.747,416.4102795705912,998
2024-09-16 13:10:55.748,416.3994818678064,12
2024-09-16 13:10:55.772,416.419949776113,1002
2024-09-16 13:10:55.799,416.37813492700514,104
2024-09-16 13:10:55.876,416.4084104300697,998
2024-09-16 13:10:55.889,416.41843471728095,10
2024-09-16 13:10:55.974,416.3884371740165,102
2024-09-16 13:10:56.020,416.3936776482117,97
2024-09-16 13:10:56.048,416.3730904140332,95
2024-09-16 13:10:56.067,416.4115566659295,999
2024-09-16 13:10:56.117,416.36327617262174,15
2024-09-16 13:10:56.203,416.4131971148096,1001
2024-09-16 13:10:56.366,416.3926604754925,998
2024-09-16 13:10:56.440,416.3976351125893,1003
2024-09-16 13:10:56.471,416.3932161364852,98
2024-09-16 13:10:56.486,416.380919723318,1004
2024-09-16 13:10:56.490,416.3754269106146,15
2024-09-16 13:10:56.605,416.37909925962106,8
2024-09-16 13:10:56.660,416.39088901188137,1000
2024-09-16 13:10:56.702,416.3930293875677,97
2024-09-16 13:10:56.729,416.3632989748806,1003
2024-09-16 13:10:56.737,416.40380790364793,105
2024-09-16 13:10:56.779,416.3710321449928,1005
2024-09-16 13:10:56.814,416.3843343110783,15
2024-09-16 13:10:56.902,416.4028044898213,9
2024-09-16 13:10:56.945,416.3993274874764,101
2024-09-16 13:10:57.012,416.3615988823014,9
2024-09-16 13:10:57.113,416.3604882769251,5
2024-09-16 13:10:57.113,416.3377027596528,95
2024-09-16 13:10:57.124,416.3577718605735,998
2024-09-16 13:10:57.147,416.3699562890173,95
2024-09-16 13:10:57.169,416.3519445363745,11
2024-09-16 13:10:57.412,416.3471366744316,104
2024-09-16 13:10:57.602,416.33420451976747,998
2024-09-16 13:10:57.608,416.3356988516019,998
2024-09-16 13:10:57.611,416.3350354907997,99
2024-09-16 13:10:57.616,416.334779978319,15
2024-09-16 13:10:57.630,416.3707837595247,13
2024-09-16 13:10:57.676,416.33633579733566,995
2024-09-16 13:10:57.698,41.63249759693654,102
2024-09-16 13:10:57.772,416.3356646527973,98
2024-09-16 13:10:57.777,416.325665701146,11
2024-09-16 13:10:57.781,416.3489113855327,1004
2024-09-16 13:10:57.875,416.3446708776947,102
2024-09-16 13:10:57.938,416.3374257444025,1003
2024-09-16 13:10:57.988,416.34002805222417,105
2024-09-16 13:10:58.078,416.3600205217634,96
2024-09-16 13:10:58.200,416.3919837625905,105
2024-09-16 13:10:58.218,416.3468874537456,15
2024-09-16 13:10:58.283,416.3366258763826,7
2024-09-16 13:10:58.319,416.3555387473598,5
2024-09-16 13:10:58.396,416.3535890271129,95
2024-09-16 13:10:58.408,416.3889022335401,997
2024-09-16 13:10:58.435,416.3585592452371,998
2024-09-16 13:10:58.589,416.3789255519049,7
2024-09-16 13:10:58.678,41.6361814478092,8
2024-09-16 13:10:58.685,416.3330564213723,1002
2024-09-16 13:10:58.696,416.3420505267816,1004
2024-09-16 13:10:58.762,41.63740710167036,995
2024-09-16 13:10:58.883,416.3955334172352,103
2024-09-16 13:10:58.884,416.3520429995392,11
2024-09-16 13:10:58.950,416.34363185801686,5
2024-09-16 13:10:58.973,416.37421442854094,999
2024-09-16 13:10:59.038,416.397807032506,96
2024-09-16 13:10:59.041,416.3958863596606,10
2024-09-16 13:10:59.065,-416.4002321700683,997
2024-09-16 13:10:59.135,416.400545083008,1003
2024-09-16 13:10:59.164,416.37504160936857,997
2024-09-16 13:10:59.250,416.3850060330168,998
2024-09-16 13:10:59.251,416.3755455704055,1005
2024-09-16 13:10:59.253,-416.38093337488914,100
2024-09-16 13:10:59.272,416.39859049905954,98
2024-09-16 13:10:59.303,416.37160055483815,101
2024-09-16 13:10:59.343,416.3888561526747,14
2024-09-16 13:10:59.407,416.3823955456281,101
2024-09-16 13:10:59.484,416.3754075981445,13
2024-09-16 13:10:59.552,416.3739978863194,6
2024-09-16 13:10:59.667,416.3695862716848,98
2024-09-16 13:10:59.715,416.3939158955719,998
2024-09-16 13:10:59.758,416.4020170694173,15
2024-09-16 13:10:59.764,416.3824552905093,14
2024-09-16 13:10:59.835,416.4011466643894,11
2024-09-16 13:10:59.860,416.4236605105655,102
2024-09-16 13:10:59.941,416.3924078209787,1001
2024-09-16 13:10:59.947,416.3875772733274,99
2024-09-16 13:10:59.952,416.3992240300762,1003
2024-09-16 13:10:59.989,416.3941001259287,10
