Timestamp,Price,Size
2024-09-18 15:13:00.002,415.2811273090279,97
2024-09-18 15:13:00.025,415.2828702134627,1001
2024-09-18 15:13:00.145,415.2270899254442,104
2024-09-18 15:13:00.235,415.29294917523146,11
2024-09-18 15:13:00.293,415.24622694742527,5
2024-09-18 15:13:00.304,415.262319897404,13
2024-09-18 15:13:00.417,415.2809294038976,9
2024-09-18 15:13:00.436,415.2856896315599,102
2024-09-18 15:13:00.587,415.2830475230437,96
2024-09-18 15:13:00.644,415.2976125892868,103
2024-09-18 15:13:00.765,415.27703695439146,996
2024-09-18 15:13:00.806,415.2919536858277,1004
2024-09-18 15:13:00.814,415.2932222179011,5
2024-09-18 15:13:00.819,415.2773038776364,1003
2024-09-18 15:13:00.824,415.2803041572985,102
2024-09-18 15:13:00.858,415.2618691455122,96
2024-09-18 15:13:00.869,415.2786902945925,12
2024-09-18 15:13:00.877,415.2916733331796,1002
2024-09-18 15:13:00.878,415.264950064582,103
2024-09-18 15:13:00.924,415.26938597070045,997
2024-09-18 15:13:00.929,415.2890316732301,9
2024-09-18 15:13:00.933,415.27169889902734,105
2024-09-18 15:13:01.193,415.2964728309738,15
2024-09-18 15:13:01.537,415.2590855990536,96
2024-09-18 15:13:01.541,415.2856057334346,999
2024-09-18 15:13:01.550,415.275402151141,9
2024-09-18 15:13:01.602,415.2748931447406,9
2024-09-18 15:13:01.627,415.27377726892274,1003
2024-09-18 15:13:01.663,415.2868833643311,98
2024-09-18 15:13:01.670,415.2766975560122,1002
2024-09-18 15:13:01.781,415.29198734893146,999
2024-09-18 15:13:01.806,415.2881934732617,8
2024-09-18 15:13:01.855,415.2999313216568,5
2024-09-18 15:13:02.025,415.3065447810869,95
2024-09-18 15:13:02.083,415.2876349049281,98
2024-09-18 15:13:02.115,415.3198405529928,10
2024-09-18 15:13:02.137,415.28055703633726,1004
2024-09-18 15:13:02.147,415.3004483536103,13
2024-09-18 15:13:02.161,415.33947690904967,103
2024-09-18 15:13:02.210,415.28113423562905,5
2024-09-18 15:13:02.222,415.2666392884698,5
2024-09-18 15:13:02.281,415.2965731860038,7
2024-09-18 15:13:02.385,415.2864081044151,99
2024-09-18 15:13:02.415,415.3249602385181,5
2024-09-18 15:13:02.538,415.3115510000597,1000
2024-09-18 15:13:02.585,415.2980883535782,1003
2024-09-18 15:13:02.742,415.32057465559416,999
2024-09-18 15:13:02.751,415.29066500014886,1000
2024-09-18 15:13:02.765,415.33250661409846,13
2024-09-18 15:13:02.783,415.2720833250288,98
2024-09-18 15:13:02.811,415.30278233475286,1005
2024-09-18 15:13:02.842,415.2855005337234,12
2024-09-18 15:13:02.855,415.2718007936208,1005
2024-09-18 15:13:02.876,415.2998103061113,996
2024-09-18 15:13:02.919,415.28470792951725,998
2024-09-18 15:13:02.925,415.3566847269947,999
2024-09-18 15:13:02.949,415.2899018010233,998
2024-09-18 15:13:02.999,415.33448735215416,9
2024-09-18 15:13:03.020,415.3498608014542,13
2024-09-18 15:13:03.026,415.3393159640423,98
2024-09-18 15:13:03.035,415.332719763636,995
2024-09-18 15:13:03.120,415.3223897846576,1004
2024-09-18 15:13:03.164,415.3413650062378,9
2024-09-18 15:13:03.263,415.3223566906625,8
2024-09-18 15:13:03.267,,1000
2024-09-18 15:13:03.322,415.3863760455397,103
2024-09-18 15:13:03.353,415.34200885407887,995
2024-09-18 15:13:03.355,415.34066477794494,11
2024-09-18 15:13:03.381,415.3717688813679,104
2024-09-18 15:13:03.505,415.3276789912448,105
2024-09-18 15:13:03.528,415.3736597852047,1001
2024-09-18 15:13:03.554,415.3392070256532,100
2024-09-18 15:13:03.556,415.32562020432624,11
2024-09-18 15:13:03.688,415.3368620973114,1003
2024-09-18 15:13:03.751,415.3316563661271,103
2024-09-18 15:13:03.754,415.3622104263165,14
2024-09-18 15:13:03.769,415.3812052622416,5
2024-09-18 15:13:03.795,415.331791970496,95
2024-09-18 15:13:03.808,415.36178919466215,98
2024-09-18 15:13:03.831,415.3422336440797,13
2024-09-18 15:13:03.841,415.3394057004241,1003
2024-09-18 15:13:03.872,415.3773641649618,996
2024-09-18 15:13:03.877,,103
2024-09-18 15:13:03.886,409.9633843494064,10
2024-09-18 15:13:03.888,415.3528544532822,11
2024-09-18 15:13:03.932,415.3073357784016,101
2024-09-18 15:13:03.940,415.3257784824379,103
2024-09-18 15:13:04.034,415.28047058428615,998
2024-09-18 15:13:04.179,415.3166850750861,6
2024-09-18 15:13:04.309,415.2940807339277,7
2024-09-18 15:13:04.337,409.91214967971234,100
2024-09-18 15:13:04.409,415.2592328057056,105
2024-09-18 15:13:04.514,415.3298575775296,1003
2024-09-18 15:13:04.750,415.3020687168328,995
2024-09-18 15:13:04.776,415.3140842073524,15
2024-09-18 15:13:04.786,415.2983404480715,11
2024-09-18 15:13:04.845,415.3150528787408,15
2024-09-18 15:13:04.854,415.2645121796843,996
2024-09-18 15:13:04.863,415.3116291325688,13
2024-09-18 15:13:04.877,415.3355167017887,8
2024-09-18 15:13:04.958,415.27013281219325,98
2024-09-18 15:13:04.964,415.3108814711795,96
2024-09-18 15:13:05.054,-415.2452965147995,99
2024-09-18 15:13:05.101,415.2447192036392,12
2024-09-18 15:13:05.297,415.2275019267169,105
2024-09-18 15:13:05.416,415.2553953228152,8
2024-09-18 15:13:05.720,415.2501165486792,10
2024-09-18 15:13:05.745,415.25617212278496,96
2024-09-18 15:13:06.076,415.3131916118291,101
2024-09-18 15:13:06.166,415.29305264263024,9
2024-09-18 15:13:06.202,415.258307381651,15
2024-09-18 15:13:06.229,415.29551445077,5
2024-09-18 15:13:06.297,415.28671295934345,11
2024-09-18 15:13:06.467,415.2749372006362,102
2024-09-18 15:13:06.477,415.2849279250983,95
2024-09-18 15:13:06.868,415.3045364511151,15
2024-09-18 15:13:06.886,415.2828499561407,1001
2024-09-18 15:13:06.976,415.2511161228722,1005
2024-09-18 15:13:07.018,415.3321652054578,10
2024-09-18 15:13:07.130,415.27751829736735,100
2024-09-18 15:13:07.157,415.3290056478942,1002
2024-09-18 15:13:07.218,415.317709592954,995
2024-09-18 15:13:07.242,415.3355866868849,1004
2024-09-18 15:13:07.308,415.3246573700538,100
2024-09-18 15:13:07.310,415.31610923666,1002
2024-09-18 15:13:07.463,415.3344692301871,1003
2024-09-18 15:13:07.486,415.3237119940923,995
2024-09-18 15:13:07.524,415.2951754850546,96
2024-09-18 15:13:07.532,415.29622879209296,997
2024-09-18 15:13:07.533,415.3182757703642,103
2024-09-18 15:13:07.616,415.33018291371707,999
2024-09-18 15:13:07.683,415.3057841177962,100
2024-09-18 15:13:07.718,415.35144796861897,99
2024-09-18 15:13:07.862,415.2880142965009,998
2024-09-18 15:13:07.892,41.53172154306148,14
2024-09-18 15:13:07.959,415.2790868245097,97
2024-09-18 15:13:07.985,415.305406110771,7
2024-09-18 15:13:08.050,415.3886313648703,9
2024-09-18 15:13:08.102,415.35953405472,997
2024-09-18 15:13:08.189,415.39910800093577,103
2024-09-18 15:13:08.230,415.3349611604054,15
2024-09-18 15:13:08.257,415.3999839749256,1002
2024-09-18 15:13:08.304,415.40497930958674,996
2024-09-18 15:13:08.366,415.3921092648328,99
2024-09-18 15:13:08.416,415.3482731842093,97
2024-09-18 15:13:08.484,415.39703646769226,1003
2024-09-18 15:13:08.543,415.3927193888457,6
2024-09-18 15:13:08.586,415.3934068607573,13
2024-09-18 15:13:08.609,415.3465020002865,995
2024-09-18 15:13:08.708,415.3770865800429,104
2024-09-18 15:13:08.787,415.3467344263519,6
2024-09-18 15:13:08.834,,1000
2024-09-18 15:13:08.887,415.4082448074744,9
2024-09-18 15:13:08.911,415.37233943494425,96
2024-09-18 15:13:09.041,415.3723596292862,15
2024-09-18 15:13:09.089,415.3905595325458,1002
2024-09-18 15:13:09.225,415.3755202751376,995
2024-09-18 15:13:09.226,415.3858784882661,101
2024-09-18 15:13:09.377,415.3980820328528,999
2024-09-18 15:13:09.439,415.36525819637103,1001
2024-09-18 15:13:09.796,415.3719190536213,1001
2024-09-18 15:13:09.965,415.3634470987852,11
2024-09-18 15:13:09.989,415.4027215175699,9
2024-09-18 15:13:10.075,415.4366245023849,104
2024-09-18 15:13:10.162,415.42698833032,101
2024-09-18 15:13:10.239,415.4152151286398,5
2024-09-18 15:13:10.246,415.4271162066868,100
2024-09-18 15:13:10.345,415.4339660778769,14
2024-09-18 15:13:10.768,415.4256845587445,8
2024-09-18 15:13:10.913,415.41029205502895,6
2024-09-18 15:13:11.188,415.42204453401695,95
2024-09-18 15:13:11.421,415.4272685149233,99
2024-09-18 15:13:11.763,415.4130758545143,98
2024-09-18 15:13:11.887,415.40501609060993,1003
2024-09-18 15:13:11.912,415.399951792653,1003
2024-09-18 15:13:11.976,410.367340488433,12
2024-09-18 15:13:12.497,415.445419445085,14
2024-09-18 15:13:12.500,415.4326322277804,96
2024-09-18 15:13:12.797,410.3158411157768,15
2024-09-18 15:13:13.019,415.4688583752653,102
2024-09-18 15:13:13.191,415.4435162376402,8
2024-09-18 15:13:13.218,415.4485019507029,9
2024-09-18 15:13:13.301,415.43818049767793,995
2024-09-18 15:13:13.336,415.44129984525983,9
2024-09-18 15:13:13.452,415.4525042257957,1002
2024-09-18 15:13:13.523,415.45357973447744,8
2024-09-18 15:13:13.648,415.4513374766247,998
2024-09-18 15:13:13.692,415.4541125665029,5
2024-09-18 15:13:13.699,415.4770368909521,105
2024-09-18 15:13:13.716,415.4482698296316,1002
2024-09-18 15:13:13.734,415.4482598324148,101
2024-09-18 15:13:13.762,415.4353614161181,96
2024-09-18 15:13:13.769,415.4437877276632,9
2024-09-18 15:13:13.773,415.4410749758911,97
2024-09-18 15:13:13.789,,996
2024-09-18 15:13:13.796,415.4664681997469,1003
2024-09-18 15:13:13.815,415.4505986916224,105
2024-09-18 15:13:13.918,415.4709810537355,99
2024-09-18 15:13:14.077,415.43876963743713,998
2024-09-18 15:13:14.141,415.43078799025005,8
2024-09-18 15:13:14.234,415.43666019660975,1000
2024-09-18 15:13:14.370,415.4316580662308,9
2024-09-18 15:13:14.385,415.4313426074024,1003
2024-09-18 15:13:14.518,415.4677039643773,9
2024-09-18 15:13:14.614,415.4315751718746,7
2024-09-18 15:13:14.665,415.4422402383932,995
2024-09-18 15:13:14.887,415.4357214669584,14
2024-09-18 15:13:14.960,415.43470344871207,5
2024-09-18 15:13:14.989,415.4405042496104,103
2024-09-18 15:13:15.038,415.4819665145531,96
2024-09-18 15:13:15.056,415.4665378118604,997
2024-09-18 15:13:15.122,415.4880048361432,7
2024-09-18 15:13:15.180,415.47633299440633,998
2024-09-18 15:13:15.371,415.4803992251902,1003
2024-09-18 15:13:15.416,415.47183543411353,1005
2024-09-18 15:13:15.454,415.483289746323,15
2024-09-18 15:13:15.464,41.545934655838224,14
2024-09-18 15:13:15.554,415.473459430189,103
2024-09-18 15:13:15.586,415.480151391264,96
2024-09-18 15:13:15.599,415.49382722192087,95
2024-09-18 15:13:15.659,41.54808990065025,99
2024-09-18 15:13:15.871,415.50488683643306,98
2024-09-18 15:13:15.953,415.4816681488247,15
2024-09-18 15:13:15.987,415.47235701550574,15
2024-09-18 15:13:16.598,415.46988573859176,97
2024-09-18 15:13:16.827,415.4639805712857,100
2024-09-18 15:13:17.001,415.5255806131264,96
2024-09-18 15:13:17.091,415.5259920092108,995
2024-09-18 15:13:17.096,415.46383323426494,1002
2024-09-18 15:13:17.167,415.52724061346106,97
2024-09-18 15:13:17.221,415.5468682857597,8
2024-09-18 15:13:17.233,415.500333117893,9
2024-09-18 15:13:17.248,415.5405645154384,105
2024-09-18 15:13:17.315,415.4977971941031,11
2024-09-18 15:13:17.339,415.4954464112062,1004
2024-09-18 15:13:17.633,415.4840476423879,11
2024-09-18 15:13:17.642,415.5090306796985,105
2024-09-18 15:13:17.668,415.53115752705753,98
2024-09-18 15:13:17.712,415.5091657642383,1005
2024-09-18 15:13:17.754,-415.49242479666526,15
2024-09-18 15:13:17.815,415.4965986427976,101
2024-09-18 15:13:17.819,415.48512775967777,9
2024-09-18 15:13:17.912,415.5124323862703,996
2024-09-18 15:13:17.934,415.4836152379047,14
2024-09-18 15:13:17.989,415.5078022960358,995
2024-09-18 15:13:18.081,415.5519211758762,6
2024-09-18 15:13:18.084,415.47962232753366,9
2024-09-18 15:13:18.105,415.47459026303534,14
2024-09-18 15:13:18.107,415.4881034063914,10
2024-09-18 15:13:18.109,415.49992821451696,1002
2024-09-18 15:13:18.121,415.497488806984,997
2024-09-18 15:13:18.161,415.4933498664131,9
2024-09-18 15:13:18.186,415.55347506128334,99
2024-09-18 15:13:18.244,,1004
2024-09-18 15:13:18.370,415.5401225294408,1004
2024-09-18 15:13:18.421,410.2460777145764,100
2024-09-18 15:13:18.528,415.52205953138383,96
2024-09-18 15:13:18.534,415.4789703392053,11
2024-09-18 15:13:18.556,415.5173177119574,15
2024-09-18 15:13:18.789,415.5144590617741,1002
2024-09-18 15:13:18.845,415.5359286734797,99
2024-09-18 15:13:18.870,415.5180020991439,101
2024-09-18 15:13:18.871,415.52437382411375,98
2024-09-18 15:13:19.009,415.6598369545689,5
2024-09-18 15:13:19.022,415.59647007442095,996
2024-09-18 15:13:19.023,415.558726230574,105
2024-09-18 15:13:19.040,415.6263590497003,1000
2024-09-18 15:13:19.045,415.5854219055968,104
2024-09-18 15:13:19.181,415.5593773684483,6
2024-09-18 15:13:19.199,415.5855886374305,998
2024-09-18 15:13:19.257,415.58991990103976,1001
2024-09-18 15:13:19.280,415.5751306824272,7
2024-09-18 15:13:19.285,415.572195608083,96
2024-09-18 15:13:19.335,415.6014685137239,7
2024-09-18 15:13:19.366,415.5799170622789,1003
2024-09-18 15:13:19.506,415.60772707746617,997
2024-09-18 15:13:19.536,415.6020464514152,99
2024-09-18 15:13:19.541,415.57206646671466,12
2024-09-18 15:13:19.551,415.6056360571369,102
2024-09-18 15:13:19.592,415.55613158904384,6
2024-09-18 15:13:19.631,415.5858288386536,1000
2024-09-18 15:13:19.678,415.5722579940109,995
2024-09-18 15:13:19.700,415.6079291986717,10
2024-09-18 15:13:19.705,415.5882465624576,999
2024-09-18 15:13:19.729,415.5695805550928,995
2024-09-18 15:13:19.732,415.56809165713776,999
2024-09-18 15:13:19.748,415.5617417445106,10
2024-09-18 15:13:19.844,415.57217872882615,1004
2024-09-18 15:13:19.903,415.6156889712412,1005
2024-09-18 15:13:19.934,415.55959815684696,101
2024-09-18 15:13:19.947,415.6169879218129,15
2024-09-18 15:13:19.955,415.6103554249647,99
2024-09-18 15:13:20.022,415.6875451492588,101
2024-09-18 15:13:20.051,415.695714348441,12
2024-09-18 15:13:20.066,415.691868811554,105
2024-09-18 15:13:20.120,,6
2024-09-18 15:13:20.225,415.711941483132,1003
2024-09-18 15:13:20.259,415.6727167530948,10
2024-09-18 15:13:20.280,415.6725314256116,97
2024-09-18 15:13:20.312,415.699657178412,103
2024-09-18 15:13:20.393,415.687231228961,102
2024-09-18 15:13:20.619,415.71325838462167,998
2024-09-18 15:13:20.652,415.687339463083,1000
2024-09-18 15:13:21.038,415.6833958540528,995
2024-09-18 15:13:21.094,415.7066741520455,8
2024-09-18 15:13:21.197,415.67585598668927,1004
2024-09-18 15:13:21.204,415.73613869801744,15
2024-09-18 15:13:21.206,415.7259910012192,96
2024-09-18 15:13:21.214,415.6803119105953,5
2024-09-18 15:13:21.312,415.6861112533293,1001
2024-09-18 15:13:21.320,415.67268718387976,997
2024-09-18 15:13:21.455,415.7120271516418,98
2024-09-18 15:13:21.478,415.66982654204224,99
2024-09-18 15:13:21.478,415.6838382936641,11
2024-09-18 15:13:21.527,415.6952330161276,14
2024-09-18 15:13:21.541,415.7084525177263,1003
2024-09-18 15:13:21.548,415.68453181066377,5
2024-09-18 15:13:21.570,415.6941029872833,6
2024-09-18 15:13:21.781,415.70594399588896,13
2024-09-18 15:13:21.848,415.7324197283497,103
2024-09-18 15:13:21.864,415.688374389716,1002
2024-09-18 15:13:21.891,415.7281904291871,96
2024-09-18 15:13:21.907,415.678622202906,1004
2024-09-18 15:13:21.936,415.7195195219795,1001
2024-09-18 15:13:22.052,415.7063528472102,11
2024-09-18 15:13:22.073,415.65432803852815,996
2024-09-18 15:13:22.078,415.7069311685541,1004
2024-09-18 15:13:22.128,415.6317770122014,996
2024-09-18 15:13:22.223,415.7315655835526,12
2024-09-18 15:13:22.232,415.6798696540805,15
2024-09-18 15:13:22.250,415.69350693789625,100
2024-09-18 15:13:22.270,415.7330057328366,97
2024-09-18 15:13:22.295,415.7196486195724,1000
2024-09-18 15:13:22.302,415.6728263398204,7
2024-09-18 15:13:22.305,415.7079098890727,1002
2024-09-18 15:13:22.445,415.6835371802008,96
2024-09-18 15:13:22.502,415.6388158403501,5
2024-09-18 15:13:22.518,415.66438872280247,5
2024-09-18 15:13:22.521,415.69267377383954,95
2024-09-18 15:13:22.538,415.6931006022584,1002
2024-09-18 15:13:22.629,415.7088606871574,105
2024-09-18 15:13:22.661,415.6348751193302,102
2024-09-18 15:13:22.668,415.6596027746768,7
2024-09-18 15:13:22.753,415.6532564077911,105
2024-09-18 15:13:22.784,415.6661446445389,7
2024-09-18 15:13:22.908,415.7139385789381,97
2024-09-18 15:13:22.960,415.6283959368393,14
2024-09-18 15:13:23.062,415.65777706644457,997
2024-09-18 15:13:23.075,415.6542054851824,96
2024-09-18 15:13:23.105,410.2296986283475,97
2024-09-18 15:13:23.158,415.6715941714125,995
2024-09-18 15:13:23.209,415.6492893577693,5
2024-09-18 15:13:23.256,415.662760633224,1003
2024-09-18 15:13:23.271,415.65224412189497,98
2024-09-18 15:13:23.368,415.63929124928137,8
2024-09-18 15:13:23.399,415.6453136747064,12
2024-09-18 15:13:23.529,415.65804634100766,1003
2024-09-18 15:13:23.549,415.6546536622957,100
2024-09-18 15:13:23.668,415.6307527128928,14
2024-09-18 15:13:23.712,415.663622784394,996
2024-09-18 15:13:23.762,415.6415973595394,1004
2024-09-18 15:13:23.813,415.6444059576533,95
2024-09-18 15:13:23.922,415.6360770293345,998
2024-09-18 15:13:24.029,415.62853559539343,98
2024-09-18 15:13:24.374,415.6292250743123,9
2024-09-18 15:13:24.395,415.62394786054256,105
2024-09-18 15:13:24.409,415.6333192643769,11
2024-09-18 15:13:24.448,415.6223150981326,1004
2024-09-18 15:13:24.452,415.6358836743393,104
2024-09-18 15:13:24.544,415.6717689901732,98
2024-09-18 15:13:24.634,415.6394714242964,96
2024-09-18 15:13:24.653,415.6209853891512,95
2024-09-18 15:13:24.665,415.6225952243892,105
2024-09-18 15:13:24.690,415.6208800101821,100
2024-09-18 15:13:24.738,415.6484564721744,101
2024-09-18 15:13:24.751,415.6389845277431,8
2024-09-18 15:13:24.760,415.6557742010298,1003
2024-09-18 15:13:24.780,415.6626394095472,995
2024-09-18 15:13:24.792,415.62494307863824,12
2024-09-18 15:13:24.813,,14
2024-09-18 15:13:24.833,415.6587635022215,1003
2024-09-18 15:13:24.840,415.6643458127085,97
2024-09-18 15:13:24.873,415.6441210712352,1003
2024-09-18 15:13:24.898,415.6129347866043,996
2024-09-18 15:13:24.903,415.66226546400736,99
2024-09-18 15:13:24.907,415.64100917765376,96
2024-09-18 15:13:24.924,415.63721776330215,999
2024-09-18 15:13:24.969,415.6291657055728,996
2024-09-18 15:13:24.976,415.6529216492371,5
2024-09-18 15:13:24.978,415.6356582391056,1003
2024-09-18 15:13:25.058,415.7078478930015,101
2024-09-18 15:13:25.059,415.70390056154986,11
2024-09-18 15:13:25.062,415.7155416449518,104
2024-09-18 15:13:25.102,415.6928377970794,1004
2024-09-18 15:13:25.125,415.6596930295228,6
2024-09-18 15:13:25.165,415.6993142795478,6
2024-09-18 15:13:25.191,415.7116478286253,1001
2024-09-18 15:13:25.232,415.725378102318,1005
2024-09-18 15:13:25.358,415.68584569141655,7
2024-09-18 15:13:25.375,415.71512774916073,6
2024-09-18 15:13:25.636,415.6771831954008,10
2024-09-18 15:13:25.637,415.6784250755021,15
2024-09-18 15:13:25.643,415.68392398646415,1003
2024-09-18 15:13:25.653,415.7091702083185,97
2024-09-18 15:13:25.663,415.7144229903722,10
2024-09-18 15:13:25.665,415.7025629940374,100
2024-09-18 15:13:25.705,415.69661221739375,101
2024-09-18 15:13:25.891,415.7078350021296,103
2024-09-18 15:13:25.902,415.6781882741553,1000
2024-09-18 15:13:25.969,415.7010349451104,12
2024-09-18 15:13:25.995,415.730446202484,998
2024-09-18 15:13:26.054,415.7047266408486,996
2024-09-18 15:13:26.335,415.6922232684181,999
2024-09-18 15:13:26.362,415.6899576955483,97
2024-09-18 15:13:26.450,415.6783372778265,996
2024-09-18 15:13:26.461,41.56836542716742,995
2024-09-18 15:13:26.655,415.6903453550154,5
2024-09-18 15:13:26.663,415.6977565131901,1005
2024-09-18 15:13:26.687,415.6994943434144,13
2024-09-18 15:13:26.690,415.6991273174724,1002
2024-09-18 15:13:27.165,415.66561637740176,1005
2024-09-18 15:13:27.199,415.6978462652705,999
2024-09-18 15:13:27.279,415.68198763494814,98
2024-09-18 15:13:27.280,-415.6933826418551,95
2024-09-18 15:13:27.322,415.6928846650984,100
2024-09-18 15:13:27.400,415.6597186148108,8
2024-09-18 15:13:27.418,415.6549335548544,7
2024-09-18 15:13:27.426,415.6524061164797,7
2024-09-18 15:13:27.428,415.6865476233644,12
2024-09-18 15:13:27.507,415.7036686384554,13
2024-09-18 15:13:27.635,415.6679186626595,14
2024-09-18 15:13:27.657,415.7050886459957,1000
2024-09-18 15:13:27.674,415.683965538273,7
2024-09-18 15:13:27.717,415.6715320763271,10
2024-09-18 15:13:27.800,415.70398738503314,996
2024-09-18 15:13:27.816,415.6707410820869,1005
2024-09-18 15:13:27.828,415.6751340035702,1002
2024-09-18 15:13:28.080,415.7323988183881,999
2024-09-18 15:13:28.112,415.7061883738853,97
2024-09-18 15:13:28.298,415.73149308903817,997
2024-09-18 15:13:28.416,415.7138529865137,102
2024-09-18 15:13:28.495,415.7245009146381,100
2024-09-18 15:13:28.702,415.7146572819416,101
2024-09-18 15:13:28.822,415.7200232401871,996
2024-09-18 15:13:28.932,415.68494529826586,99
2024-09-18 15:13:29.009,415.7129286749582,6
2024-09-18 15:13:29.096,415.7277591408504,996
2024-09-18 15:13:29.205,415.7538700004039,14
2024-09-18 15:13:29.238,415.7511323996301,97
2024-09-18 15:13:29.255,415.7365950298913,1002
2024-09-18 15:13:29.267,415.7305564019178,99
2024-09-18 15:13:29.425,415.72625162271646,1002
2024-09-18 15:13:29.433,415.759698644202,998
2024-09-18 15:13:29.491,415.7167400713371,6
2024-09-18 15:13:29.547,415.7150543433998,1005
2024-09-18 15:13:29.648,,1002
2024-09-18 15:13:29.718,415.7352536395881,98
2024-09-18 15:13:29.832,415.7484256457268,15
2024-09-18 15:13:30.032,415.7422077188318,100
2024-09-18 15:13:30.089,415.7548883782676,97
2024-09-18 15:13:30.142,415.75193817769775,15
2024-09-18 15:13:30.162,415.7479112037559,8
2024-09-18 15:13:30.171,415.7247344500659,1004
2024-09-18 15:13:30.173,415.7619269327025,7
2024-09-18 15:13:30.191,410.1404862627294,999
2024-09-18 15:13:30.192,415.7564306830883,13
2024-09-18 15:13:30.382,415.7554344144745,1004
2024-09-18 15:13:30.627,415.7593941360432,998
2024-09-18 15:13:30.723,415.74848565606106,995
2024-09-18 15:13:30.776,415.7412782032266,1004
2024-09-18 15:13:30.890,415.7433166771656,998
2024-09-18 15:13:30.911,415.7675141330244,102
2024-09-18 15:13:30.915,415.74353305634185,10
2024-09-18 15:13:30.951,415.74207936727584,99
2024-09-18 15:13:30.963,415.7508591987782,14
2024-09-18 15:13:30.973,415.75775656674585,12
2024-09-18 15:13:30.989,415.7639876370335,102
2024-09-18 15:13:31.034,415.7406227572392,995
2024-09-18 15:13:31.216,415.7728157906776,101
2024-09-18 15:13:31.373,415.7448551013623,999
2024-09-18 15:13:31.386,415.7526927543102,1005
2024-09-18 15:13:31.399,415.735996060052,15
2024-09-18 15:13:31.422,415.7409747984825,102
2024-09-18 15:13:31.540,415.7462530966365,13
2024-09-18 15:13:31.655,415.7463446830976,105
2024-09-18 15:13:31.690,415.7502883764676,105
2024-09-18 15:13:31.886,415.761143532608,104
2024-09-18 15:13:31.931,415.73002861450647,8
2024-09-18 15:13:31.996,415.7664436833438,1002
2024-09-18 15:13:32.015,415.7339306437462,1003
2024-09-18 15:13:32.038,415.7756542536058,104
2024-09-18 15:13:32.050,415.7590095356464,97
2024-09-18 15:13:32.139,415.7544074870671,8
2024-09-18 15:13:32.272,415.7803480885616,101
2024-09-18 15:13:32.279,415.720392121779,95
2024-09-18 15:13:32.400,415.7599146194206,995
2024-09-18 15:13:32.436,415.7312528115952,1005
2024-09-18 15:13:32.449,415.7455223084646,999
2024-09-18 15:13:32.462,415.7707468808218,101
2024-09-18 15:13:32.473,415.7240529896202,104
2024-09-18 15:13:32.484,415.7526593925825,101
2024-09-18 15:13:32.498,415.7473427150051,12
2024-09-18 15:13:32.549,415.7405886004783,6
2024-09-18 15:13:32.598,415.7664224127149,97
2024-09-18 15:13:32.607,415.730063184454,104
2024-09-18 15:13:32.707,415.7340840816709,8
2024-09-18 15:13:32.711,415.7610509801799,104
2024-09-18 15:13:32.824,415.7752007520319,1005
2024-09-18 15:13:32.847,415.7567667443121,14
2024-09-18 15:13:32.893,415.7337912385477,5
2024-09-18 15:13:33.038,415.7234141875267,9
2024-09-18 15:13:33.133,415.7408890951052,104
2024-09-18 15:13:33.684,415.7257672915104,100
2024-09-18 15:13:34.006,415.7145384080847,5
2024-09-18 15:13:34.006,415.7250180515724,996
2024-09-18 15:13:34.027,415.72719003038986,99
2024-09-18 15:13:34.126,415.7175267608737,1001
2024-09-18 15:13:34.158,415.7152775773408,1003
2024-09-18 15:13:34.170,415.71936166681127,1005
2024-09-18 15:13:34.354,415.7174373438419,95
2024-09-18 15:13:34.459,415.7291283744041,1003
2024-09-18 15:13:34.463,415.7210089838607,1001
2024-09-18 15:13:34.481,415.7380442949968,97
2024-09-18 15:13:34.490,415.7119442301423,14
2024-09-18 15:13:34.887,415.7321647055362,104
2024-09-18 15:13:35.050,415.6965866718896,1005
2024-09-18 15:13:35.053,415.6931174618269,12
2024-09-18 15:13:35.082,415.6859054086221,102
2024-09-18 15:13:35.118,415.68540365057686,95
2024-09-18 15:13:35.174,415.7128062415921,95
2024-09-18 15:13:35.176,415.6882882775707,997
2024-09-18 15:13:35.217,415.70489050683113,997
2024-09-18 15:13:35.239,415.67941645194463,1005
2024-09-18 15:13:35.241,415.69664318641344,6
2024-09-18 15:13:35.267,415.6869716850498,995
2024-09-18 15:13:35.289,415.68475230304216,1003
2024-09-18 15:13:35.304,415.6936525180898,1004
2024-09-18 15:13:35.312,415.7034041671554,5
2024-09-18 15:13:35.377,415.6857900510213,995
2024-09-18 15:13:35.569,415.69419791817296,998
2024-09-18 15:13:35.599,415.7056620019693,1005
2024-09-18 15:13:35.640,415.68354411416186,14
2024-09-18 15:13:35.863,415.71247098241344,95
2024-09-18 15:13:35.994,415.6970674675418,104
2024-09-18 15:13:36.006,415.6447456936074,97
2024-09-18 15:13:36.044,415.6483799510034,99
2024-09-18 15:13:36.073,415.6618311463968,998
2024-09-18 15:13:36.160,415.6286144749528,105
2024-09-18 15:13:36.190,415.6656298856728,1005
2024-09-18 15:13:36.241,415.6763510404673,100
2024-09-18 15:13:36.277,415.6639299848225,998
2024-09-18 15:13:36.286,415.6443978002799,104
2024-09-18 15:13:36.348,415.6749301873053,98
2024-09-18 15:13:36.350,415.67304769005096,5
2024-09-18 15:13:36.367,415.6364537886661,1001
2024-09-18 15:13:36.392,415.64701251782793,98
2024-09-18 15:13:36.401,415.6507269991698,6
2024-09-18 15:13:36.413,415.6512223818001,1004
2024-09-18 15:13:36.414,415.6283578226137,96
2024-09-18 15:13:36.446,415.6384455493837,997
2024-09-18 15:13:36.630,415.6830123067319,5
2024-09-18 15:13:36.646,415.648536221,995
2024-09-18 15:13:36.703,415.6416504183272,13
2024-09-18 15:13:36.753,415.67962522135934,1005
2024-09-18 15:13:36.756,415.6766853318717,99
2024-09-18 15:13:36.770,415.6436126490233,6
2024-09-18 15:13:36.833,415.6499703654374,99
2024-09-18 15:13:36.841,415.66734222746726,996
2024-09-18 15:13:36.865,415.6665386556528,96
2024-09-18 15:13:36.977,415.6699769460132,7
2024-09-18 15:13:37.307,415.6707562102004,105
2024-09-18 15:13:38.001,415.6312085819514,98
2024-09-18 15:13:38.012,415.5974408461172,11
2024-09-18 15:13:38.019,415.6045291440128,995
2024-09-18 15:13:38.061,415.5917679130849,12
2024-09-18 15:13:38.202,415.6212350462468,98
2024-09-18 15:13:38.344,415.5862732640226,105
2024-09-18 15:13:38.493,415.5843864938498,1005
2024-09-18 15:13:38.568,415.5769758558212,13
2024-09-18 15:13:38.582,415.6552484899777,14
2024-09-18 15:13:38.655,415.6141046111268,13
2024-09-18 15:13:38.726,415.5960700573671,98
2024-09-18 15:13:38.736,415.5904424525032,1002
2024-09-18 15:13:38.755,415.60307951163634,999
2024-09-18 15:13:38.771,415.6830053597972,1002
2024-09-18 15:13:38.788,415.6154294366137,15
2024-09-18 15:13:38.802,415.5990263822472,97
2024-09-18 15:13:38.821,415.615082120241,1004
2024-09-18 15:13:38.821,415.6064191523757,7
2024-09-18 15:13:38.833,415.5805810143626,99
2024-09-18 15:13:38.848,415.6351272265144,1001
2024-09-18 15:13:38.853,415.64389967520594,6
2024-09-18 15:13:38.858,415.6101256495383,14
2024-09-18 15:13:38.989,415.5785839705987,9
2024-09-18 15:13:38.992,415.5717226744189,5
2024-09-18 15:13:39.045,415.5873443184077,96
2024-09-18 15:13:39.050,415.6424828973849,100
2024-09-18 15:13:39.164,409.9255908634755,997
2024-09-18 15:13:39.234,415.621793532017,12
2024-09-18 15:13:39.272,415.6404274537464,14
2024-09-18 15:13:39.289,415.6190569348657,1004
2024-09-18 15:13:39.304,415.62250650244965,100
2024-09-18 15:13:39.537,415.6062721571381,1005
2024-09-18 15:13:39.556,415.6208409056159,103
2024-09-18 15:13:39.562,41.55689833000256,100
2024-09-18 15:13:39.584,415.5794375325373,1005
2024-09-18 15:13:39.787,415.634536706722,999
2024-09-18 15:13:39.844,415.6108325340708,97
2024-09-18 15:13:39.865,415.61427153958687,105
2024-09-18 15:13:39.877,415.6126495396474,102
2024-09-18 15:13:39.937,415.64073359792735,1002
2024-09-18 15:13:39.966,415.6083721940696,1000
2024-09-18 15:13:41.110,415.55155084964673,996
2024-09-18 15:13:41.133,415.57037175063033,7
2024-09-18 15:13:41.191,415.5488041156019,9
2024-09-18 15:13:41.220,415.54779397089845,1002
2024-09-18 15:13:41.241,415.53281421190985,102
2024-09-18 15:13:41.284,415.5360396234095,995
2024-09-18 15:13:41.437,415.5570269856327,1000
2024-09-18 15:13:41.523,41.55585527259187,7
2024-09-18 15:13:41.577,415.54595136668433,1001
2024-09-18 15:13:41.589,415.5140229448781,5
2024-09-18 15:13:41.616,415.6076229804045,6
2024-09-18 15:13:41.627,415.5134335417416,102
2024-09-18 15:13:41.738,415.55410101132287,1003
2024-09-18 15:13:41.798,415.57921014581177,1002
2024-09-18 15:13:41.805,415.5266689788021,999
2024-09-18 15:13:41.817,415.522230029166,103
2024-09-18 15:13:41.874,415.53940358704654,12
2024-09-18 15:13:42.053,415.543786308697,11
2024-09-18 15:13:42.116,415.5639769826975,9
2024-09-18 15:13:42.159,415.5614323647092,998
2024-09-18 15:13:42.316,415.5665526377617,6
2024-09-18 15:13:42.336,415.5185768101543,96
2024-09-18 15:13:42.757,409.9170842663565,100
2024-09-18 15:13:42.935,415.5585774603444,103
2024-09-18 15:13:43.090,415.4646395357646,105
2024-09-18 15:13:43.126,415.5056155619338,996
2024-09-18 15:13:43.141,415.4738098045897,99
2024-09-18 15:13:43.167,415.5078406312597,14
2024-09-18 15:13:43.211,415.4844999524677,95
2024-09-18 15:13:43.213,415.5238295891291,1004
2024-09-18 15:13:43.239,415.50357887092105,99
2024-09-18 15:13:43.267,415.5001000491717,8
2024-09-18 15:13:43.311,415.5076976861757,996
2024-09-18 15:13:43.358,415.5114605700147,97
2024-09-18 15:13:43.373,415.4595828470161,13
2024-09-18 15:13:43.379,415.5112310061868,103
2024-09-18 15:13:43.391,415.4996561659702,1002
2024-09-18 15:13:43.484,415.4790308728726,998
2024-09-18 15:13:43.597,415.4760228194717,96
2024-09-18 15:13:43.623,415.5052830353743,103
2024-09-18 15:13:43.630,415.4919554917888,9
2024-09-18 15:13:43.715,415.4834411193896,1005
2024-09-18 15:13:43.735,415.4738835034997,97
2024-09-18 15:13:43.782,415.5065313785386,998
2024-09-18 15:13:43.809,415.4722210520894,5
2024-09-18 15:13:43.821,415.4987907358461,5
2024-09-18 15:13:43.831,415.50668392517184,1003
2024-09-18 15:13:43.918,415.5262734068042,8
2024-09-18 15:13:43.922,415.46800161194034,1001
2024-09-18 15:13:43.929,415.509306940493,99
2024-09-18 15:13:43.946,415.5157411279596,8
2024-09-18 15:13:43.972,415.5006262007519,11
2024-09-18 15:13:43.985,415.48333331970224,1001
2024-09-18 15:13:44.227,415.4782376642562,13
2024-09-18 15:13:44.233,415.4775665771927,1004
2024-09-18 15:13:44.380,415.4756534926264,12
2024-09-18 15:13:44.450,415.47872488326266,995
2024-09-18 15:13:44.525,415.4912496744464,103
2024-09-18 15:13:44.664,415.5039475553119,1004
2024-09-18 15:13:44.669,415.4714377377258,101
2024-09-18 15:13:44.932,415.493853994328,1004
2024-09-18 15:13:44.957,415.4834860387063,1005
2024-09-18 15:13:45.064,415.5376696667848,98
2024-09-18 15:13:45.113,415.4928777123507,103
2024-09-18 15:13:45.160,415.502654301421,12
2024-09-18 15:13:45.179,415.48943086651707,997
2024-09-18 15:13:45.185,415.4867242902965,96
2024-09-18 15:13:45.220,415.4806386608013,8
2024-09-18 15:13:45.223,415.462051214932,101
2024-09-18 15:13:45.230,415.4814159563621,1002
2024-09-18 15:13:45.340,415.5524398030723,999
2024-09-18 15:13:45.356,415.5205332399783,95
2024-09-18 15:13:45.390,415.5335444510678,102
2024-09-18 15:13:45.587,415.5439611407039,1002
2024-09-18 15:13:45.659,415.522375275574,98
2024-09-18 15:13:45.677,415.5465398170032,996
2024-09-18 15:13:45.686,415.51365122680863,995
2024-09-18 15:13:45.704,415.50027161033046,1005
2024-09-18 15:13:45.830,415.4730726258917,5
2024-09-18 15:13:45.947,415.50992153716646,100
2024-09-18 15:13:45.949,415.5061566637508,1000
2024-09-18 15:13:46.247,409.92202617171193,997
2024-09-18 15:13:46.399,415.5128956559523,103
2024-09-18 15:13:46.484,415.5386635137767,998
2024-09-18 15:13:46.943,415.53749108781216,100
2024-09-18 15:13:47.185,415.52489380519154,98
2024-09-18 15:13:47.453,415.5310300054414,101
2024-09-18 15:13:47.456,415.5334767779991,102
2024-09-18 15:13:47.568,415.519824379384,6
2024-09-18 15:13:47.746,415.5113732386116,102
2024-09-18 15:13:47.747,415.5091005945577,1001
2024-09-18 15:13:47.769,415.5269809602226,995
2024-09-18 15:13:47.814,415.5122803317331,13
2024-09-18 15:13:47.864,415.5101938784366,1004
2024-09-18 15:13:48.000,415.5870370014737,997
2024-09-18 15:13:48.115,415.5391793074963,11
2024-09-18 15:13:48.183,415.5645592773658,1003
2024-09-18 15:13:48.247,415.5792243111383,1001
2024-09-18 15:13:48.332,415.5407853768676,100
2024-09-18 15:13:48.344,415.5923472911604,104
2024-09-18 15:13:48.539,-415.5519770793856,5
2024-09-18 15:13:48.619,415.5811879091085,14
2024-09-18 15:13:48.794,,1002
2024-09-18 15:13:49.005,415.49597151174993,999
2024-09-18 15:13:49.015,415.5706032044519,1002
2024-09-18 15:13:49.031,415.5947702007815,8
2024-09-18 15:13:49.035,415.5847778941301,1005
2024-09-18 15:13:49.043,415.52589676636063,14
2024-09-18 15:13:49.137,415.4870271329135,99
2024-09-18 15:13:49.165,415.5398452219444,999
2024-09-18 15:13:49.318,415.5883073404293,100
2024-09-18 15:13:49.364,415.5345906163584,1002
2024-09-18 15:13:49.414,415.5707037706102,101
2024-09-18 15:13:49.430,415.5726066354161,8
2024-09-18 15:13:49.437,415.4814525681132,97
2024-09-18 15:13:49.476,415.52016209365297,8
2024-09-18 15:13:49.476,415.4795505986634,13
2024-09-18 15:13:49.540,415.499668747139,99
2024-09-18 15:13:49.567,415.5734273376793,12
2024-09-18 15:13:49.604,415.5855509469053,102
2024-09-18 15:13:49.614,415.5727812943927,101
2024-09-18 15:13:49.630,415.5073225219218,104
2024-09-18 15:13:49.679,415.51585708945566,9
2024-09-18 15:13:49.736,415.5454967575543,104
2024-09-18 15:13:49.751,415.5864335682141,999
2024-09-18 15:13:49.756,415.5003446171001,102
2024-09-18 15:13:49.930,415.5833331042666,100
2024-09-18 15:13:49.975,415.4891434381978,102
2024-09-18 15:13:49.984,415.5710528005774,11
2024-09-18 15:13:50.008,415.5320277585033,102
2024-09-18 15:13:50.021,415.5480862393196,13
2024-09-18 15:13:50.075,415.5483697078262,5
2024-09-18 15:13:50.090,415.5573731069011,8
2024-09-18 15:13:50.119,415.60091641685017,15
2024-09-18 15:13:50.152,415.6002767503705,1005
2024-09-18 15:13:50.177,415.5271728018017,1003
2024-09-18 15:13:50.318,415.5366891607468,98
2024-09-18 15:13:50.366,415.5386897627391,15
2024-09-18 15:13:50.371,415.5564944163814,12
2024-09-18 15:13:50.412,415.5490289922093,100
2024-09-18 15:13:50.421,415.5490861772352,99
2024-09-18 15:13:50.428,415.5643490249864,105
2024-09-18 15:13:50.556,415.5660266704865,997
2024-09-18 15:13:50.582,415.5632517873304,1003
2024-09-18 15:13:50.594,415.5522785736615,995
2024-09-18 15:13:50.694,415.53380974428126,1001
2024-09-18 15:13:50.698,415.56497467574286,95
2024-09-18 15:13:50.734,415.5374240312756,11
2024-09-18 15:13:50.751,415.54897065707024,996
2024-09-18 15:13:50.752,415.5411135814914,1002
2024-09-18 15:13:50.753,415.552182934903,12
2024-09-18 15:13:50.828,415.5489079320768,101
2024-09-18 15:13:50.879,415.60947669407045,103
2024-09-18 15:13:50.886,415.5321322039909,5
2024-09-18 15:13:50.957,415.5921254688441,5
2024-09-18 15:13:50.959,415.5454598649423,101
2024-09-18 15:13:50.971,415.57915375714623,1002
2024-09-18 15:13:50.993,409.7925033540832,13
2024-09-18 15:13:51.384,415.5892258903552,996
2024-09-18 15:13:51.824,415.5946384908923,95
2024-09-18 15:13:52.060,415.57660029991575,1000
2024-09-18 15:13:52.116,415.5401410678634,999
2024-09-18 15:13:52.122,415.6007535630376,997
2024-09-18 15:13:52.296,415.5808751354701,101
2024-09-18 15:13:52.314,415.5654009951277,5
2024-09-18 15:13:52.328,415.5690932584506,1000
2024-09-18 15:13:52.338,415.59986891496885,1005
2024-09-18 15:13:52.368,415.5981454258954,5
2024-09-18 15:13:52.423,415.5164066022204,996
2024-09-18 15:13:52.437,415.57388341821775,1004
2024-09-18 15:13:52.490,415.5633889912384,98
2024-09-18 15:13:52.671,415.56077347285776,5
2024-09-18 15:13:52.694,415.5247563527672,1004
2024-09-18 15:13:52.731,415.6098618142517,9
2024-09-18 15:13:52.747,415.5770510870594,996
2024-09-18 15:13:52.804,415.53682499429016,104
2024-09-18 15:13:52.936,415.540706258746,1004
2024-09-18 15:13:52.952,415.58582471770296,12
2024-09-18 15:13:52.952,415.5187895823735,13
2024-09-18 15:13:52.969,415.5385674472644,1004
2024-09-18 15:13:53.044,415.51963218427926,96
2024-09-18 15:13:53.546,415.50841133814464,101
2024-09-18 15:13:53.775,415.5059283189905,1002
2024-09-18 15:13:54.012,-415.5365753930778,7
2024-09-18 15:13:54.030,415.5199561680251,13
2024-09-18 15:13:54.059,415.5151915798463,15
2024-09-18 15:13:54.059,415.5111509261311,997
2024-09-18 15:13:54.085,415.45016519777806,998
2024-09-18 15:13:54.105,415.4703182081386,13
2024-09-18 15:13:54.131,415.48790359110944,1001
2024-09-18 15:13:54.238,415.5113648426944,10
2024-09-18 15:13:54.297,415.4821131406474,8
2024-09-18 15:13:54.324,415.5376047418324,11
2024-09-18 15:13:54.338,415.46274288187846,1004
2024-09-18 15:13:54.372,415.50355016331,96
2024-09-18 15:13:54.399,415.4669433193837,997
2024-09-18 15:13:54.458,415.5162570022176,97
2024-09-18 15:13:54.542,415.47646529454073,8
2024-09-18 15:13:54.568,415.50357035680463,13
2024-09-18 15:13:54.657,415.49345023441015,104
2024-09-18 15:13:54.713,415.47160475017273,95
2024-09-18 15:13:54.845,415.50222496395696,96
2024-09-18 15:13:54.863,415.4790718111559,96
2024-09-18 15:13:54.946,415.49893860998543,104
2024-09-18 15:13:54.969,415.4610142932795,13
2024-09-18 15:13:55.034,415.50067422422194,100
2024-09-18 15:13:55.047,415.4508949356604,1004
2024-09-18 15:13:55.166,415.503596608796,96
2024-09-18 15:13:55.302,415.45926276590217,1004
2024-09-18 15:13:55.378,41.548748184242285,97
2024-09-18 15:13:55.509,415.45703965318,13
2024-09-18 15:13:55.690,415.474372947469,11
2024-09-18 15:13:55.842,415.49837934602334,1004
2024-09-18 15:13:55.868,415.498863792969,103
2024-09-18 15:13:56.065,415.5479262401048,1003
2024-09-18 15:13:56.397,415.5440089451049,1005
2024-09-18 15:13:56.610,415.5260983581468,98
2024-09-18 15:13:56.688,415.5100830307642,5
2024-09-18 15:13:56.796,415.5325389333076,999
2024-09-18 15:13:57.016,415.5964753156381,7
2024-09-18 15:13:57.035,415.6268891168915,1001
2024-09-18 15:13:57.070,415.6252324128709,104
2024-09-18 15:13:57.095,415.57832138890745,995
2024-09-18 15:13:57.114,415.6240564103289,12
2024-09-18 15:13:57.157,415.6038435038409,98
2024-09-18 15:13:57.483,415.6459779345738,9
2024-09-18 15:13:57.494,415.5506704073737,10
2024-09-18 15:13:57.586,415.5529654075101,8
2024-09-18 15:13:57.665,415.5435665509164,12
2024-09-18 15:13:57.718,415.6220190743143,996
2024-09-18 15:13:57.802,415.5464892091221,998
2024-09-18 15:13:57.826,415.54995161211633,12
2024-09-18 15:13:57.827,415.59230223420855,5
2024-09-18 15:13:57.832,415.5520676540784,14
2024-09-18 15:13:57.875,415.5878483644021,14
2024-09-18 15:13:57.885,415.5513316114602,12
2024-09-18 15:13:57.895,415.5953783129379,11
2024-09-18 15:13:57.909,415.63462069805934,8
2024-09-18 15:13:57.915,415.5928352138882,97
2024-09-18 15:13:58.065,41.54190827959416,1005
2024-09-18 15:13:58.073,415.46837714370906,10
2024-09-18 15:13:58.154,415.4293701624909,97
2024-09-18 15:13:58.218,415.4839981595581,103
2024-09-18 15:13:58.224,415.49982610432914,99
2024-09-18 15:13:58.265,415.44624399977977,995
2024-09-18 15:13:58.350,415.4398511036018,100
2024-09-18 15:13:58.382,415.4305648201148,5
2024-09-18 15:13:58.415,415.50727882077183,13
2024-09-18 15:13:58.423,415.393718092041,101
2024-09-18 15:13:58.455,415.4547339120068,95
2024-09-18 15:13:58.561,415.4894814709296,998
2024-09-18 15:13:58.565,415.48505672518695,103
2024-09-18 15:13:58.566,415.5342483186893,96
2024-09-18 15:13:58.571,415.4789415487896,1001
2024-09-18 15:13:58.603,415.4696392630014,5
2024-09-18 15:13:58.630,415.42880957805903,1004
2024-09-18 15:13:58.640,415.51167207122114,95
2024-09-18 15:13:58.793,415.42936895178366,10
2024-09-18 15:13:58.815,415.5603947020634,15
2024-09-18 15:13:58.859,415.5078453108861,104
2024-09-18 15:13:58.865,415.522721121828,13
2024-09-18 15:13:59.085,415.4534311491424,1005
2024-09-18 15:13:59.224,415.4461623303277,10
2024-09-18 15:13:59.300,415.450238635618,14
2024-09-18 15:13:59.389,415.3907450136617,995
2024-09-18 15:13:59.407,415.4037052041247,999
2024-09-18 15:13:59.500,415.3989149441428,12
2024-09-18 15:13:59.640,415.4217543999084,6
2024-09-18 15:13:59.669,415.37959561880336,98
2024-09-18 15:13:59.721,415.41166184307326,15
2024-09-18 15:13:59.738,415.41764197554863,15
2024-09-18 15:13:59.836,415.4557686046278,13
