Timestamp,Price,Size
2024-09-20 11:44:00.079,428.2837329574387,997
2024-09-20 11:44:00.169,42.835412425972414,15
2024-09-20 11:44:00.221,428.288545899652,100
2024-09-20 11:44:00.226,428.2685682819336,1005
2024-09-20 11:44:00.232,42.83534505665958,995
2024-09-20 11:44:00.275,428.2970672006978,11
2024-09-20 11:44:00.296,428.3395233167201,1002
2024-09-20 11:44:00.340,428.3237350786019,999
2024-09-20 11:44:00.389,428.2519331402152,8
2024-09-20 11:44:00.415,428.26475652518,996
2024-09-20 11:44:00.463,428.3542261636892,997
2024-09-20 11:44:00.491,428.3081487988504,9
2024-09-20 11:44:00.500,,9
2024-09-20 11:44:00.547,428.3493743591486,13
2024-09-20 11:44:00.571,428.29177473853576,1005
2024-09-20 11:44:00.585,428.3524211053099,14
2024-09-20 11:44:00.612,428.3546789941833,104
2024-09-20 11:44:00.676,428.2576255243621,11
2024-09-20 11:44:00.689,428.2985978812224,12
2024-09-20 11:44:00.707,428.2753424235937,1004
2024-09-20 11:44:00.711,428.2908495187439,104
2024-09-20 11:44:00.717,428.2690489523826,9
2024-09-20 11:44:00.729,428.2585790564099,102
2024-09-20 11:44:00.781,428.2980496351951,11
2024-09-20 11:44:00.858,428.3252308678792,997
2024-09-20 11:44:00.886,428.2986888594127,11
2024-09-20 11:44:00.897,428.3492389618966,1005
2024-09-20 11:44:00.915,428.3233740725856,9
2024-09-20 11:44:00.921,428.3009760981919,105
2024-09-20 11:44:00.944,428.3549106644471,1000
2024-09-20 11:44:01.254,428.3120741012685,105
2024-09-20 11:44:02.032,428.3019508589941,996
2024-09-20 11:44:02.049,428.30999285899816,998
2024-09-20 11:44:02.050,428.2874542015916,9
2024-09-20 11:44:02.056,428.29648954971856,997
2024-09-20 11:44:02.200,428.2916798183733,1000
2024-09-20 11:44:02.263,428.3005629679808,14
2024-09-20 11:44:02.278,428.3556584221758,99
2024-09-20 11:44:02.312,428.30337546273694,96
2024-09-20 11:44:02.328,428.3701807526249,12
2024-09-20 11:44:02.378,428.3025964629147,13
2024-09-20 11:44:02.388,428.2918911158724,6
2024-09-20 11:44:02.485,428.3187441264554,15
2024-09-20 11:44:02.542,428.3351727896548,996
2024-09-20 11:44:02.557,428.3125435414918,999
2024-09-20 11:44:02.616,428.3315577693695,6
2024-09-20 11:44:02.619,428.32859279044106,100
2024-09-20 11:44:02.687,428.3293180520062,1003
2024-09-20 11:44:02.702,428.3362670468745,10
2024-09-20 11:44:02.722,428.3161094880317,100
2024-09-20 11:44:02.736,428.2918456833291,1002
2024-09-20 11:44:02.769,428.2989337462217,1003
2024-09-20 11:44:02.773,428.347809431931,13
2024-09-20 11:44:02.798,428.34263398266427,1005
2024-09-20 11:44:02.845,428.3617348385472,8
2024-09-20 11:44:02.888,428.327576261236,98
2024-09-20 11:44:02.896,428.3071474479722,99
2024-09-20 11:44:02.992,428.2836622794064,9
2024-09-20 11:44:02.997,428.3575596833295,105
2024-09-20 11:44:02.998,428.35630729499286,998
2024-09-20 11:44:03.013,428.2731602285127,95
2024-09-20 11:44:03.171,428.2689388491988,10
2024-09-20 11:44:03.278,428.3250962061096,14
2024-09-20 11:44:03.298,428.2869412584184,1003
2024-09-20 11:44:03.435,428.2918754639956,12
2024-09-20 11:44:03.520,428.26160320475145,97
2024-09-20 11:44:03.535,428.29428309880336,8
2024-09-20 11:44:03.547,428.3152810277887,8
2024-09-20 11:44:03.565,428.2620250815481,999
2024-09-20 11:44:03.618,428.3198122086575,95
2024-09-20 11:44:03.741,428.2794396653791,97
2024-09-20 11:44:03.764,428.28081552033575,6
2024-09-20 11:44:03.765,428.2983823858969,97
2024-09-20 11:44:03.772,428.26202319246585,10
2024-09-20 11:44:03.854,428.3097713409626,998
2024-09-20 11:44:03.885,428.2992161728805,9
2024-09-20 11:44:03.897,428.27205236696335,999
2024-09-20 11:44:04.636,428.29130291046965,15
2024-09-20 11:44:04.688,428.2706356886988,8
2024-09-20 11:44:04.943,428.2726301885278,100
2024-09-20 11:44:05.234,428.36211636776807,1002
2024-09-20 11:44:05.245,428.3613981149313,999
2024-09-20 11:44:05.259,428.3252681163576,99
2024-09-20 11:44:05.263,428.3590917284301,15
2024-09-20 11:44:05.335,428.3118585869293,6
2024-09-20 11:44:05.350,428.3750703018119,103
2024-09-20 11:44:05.572,428.3234339163653,999
2024-09-20 11:44:05.633,428.330758717316,95
2024-09-20 11:44:05.633,428.3108495329239,5
2024-09-20 11:44:05.655,428.3603188053949,1005
2024-09-20 11:44:05.656,428.3594676844079,6
2024-09-20 11:44:05.688,428.3699593963845,14
2024-09-20 11:44:05.722,428.33000224549056,1001
2024-09-20 11:44:05.749,428.3133896635828,9
2024-09-20 11:44:05.761,428.36653427954354,96
2024-09-20 11:44:05.820,428.333474589292,1000
2024-09-20 11:44:05.821,428.3254850058037,997
2024-09-20 11:44:05.861,428.31075258338814,95
2024-09-20 11:44:06.009,428.3137769917879,14
2024-09-20 11:44:06.027,428.33622474295817,99
2024-09-20 11:44:06.052,428.3652154950086,8
2024-09-20 11:44:06.055,428.2431258037247,11
2024-09-20 11:44:06.095,428.21696351555374,97
2024-09-20 11:44:06.161,428.35883265339606,1002
2024-09-20 11:44:06.169,428.3570967743323,13
2024-09-20 11:44:06.175,428.2533018208064,99
2024-09-20 11:44:06.256,428.21071422261264,8
2024-09-20 11:44:06.297,428.2320352419308,1005
2024-09-20 11:44:06.348,428.366232488809,999
2024-09-20 11:44:06.622,428.2722724861042,12
2024-09-20 11:44:06.626,428.25509421475874,1005
2024-09-20 11:44:06.632,428.29424189821697,8
2024-09-20 11:44:06.666,428.3438402062533,101
2024-09-20 11:44:06.672,428.3537666190009,6
2024-09-20 11:44:06.720,428.2951429092865,996
2024-09-20 11:44:06.736,428.35152749352574,995
2024-09-20 11:44:06.765,428.3630706953417,15
2024-09-20 11:44:06.847,428.2354376997884,96
2024-09-20 11:44:06.853,428.33467377806267,97
2024-09-20 11:44:06.862,428.2827938347096,98
2024-09-20 11:44:06.943,428.341264193052,100
2024-09-20 11:44:06.992,428.2906234396903,5
2024-09-20 11:44:07.021,428.29134245313776,1003
2024-09-20 11:44:07.031,428.2789142334394,99
2024-09-20 11:44:07.034,428.2754830804227,13
2024-09-20 11:44:07.096,428.26504773993656,1003
2024-09-20 11:44:07.178,428.3223423080908,10
2024-09-20 11:44:07.217,428.31009815801417,99
2024-09-20 11:44:07.235,428.3225288760352,8
2024-09-20 11:44:07.253,428.2812331851549,13
2024-09-20 11:44:07.257,428.3108256548354,1003
2024-09-20 11:44:07.258,428.2944850232355,996
2024-09-20 11:44:07.263,428.3029312580118,5
2024-09-20 11:44:07.274,428.2873864292651,104
2024-09-20 11:44:07.290,428.2551602198735,999
2024-09-20 11:44:07.362,428.31766450791866,11
2024-09-20 11:44:07.454,428.3246005399393,999
2024-09-20 11:44:07.516,428.2716746155896,1001
2024-09-20 11:44:07.542,428.3057835844402,105
2024-09-20 11:44:07.626,428.3187017611834,97
2024-09-20 11:44:07.630,428.2776222893866,100
2024-09-20 11:44:07.689,428.3285449751539,102
2024-09-20 11:44:07.691,428.3422780787441,1000
2024-09-20 11:44:07.725,428.3048688349399,97
2024-09-20 11:44:07.758,428.27477991704507,98
2024-09-20 11:44:07.800,428.3191255191069,1004
2024-09-20 11:44:07.823,428.28766795286657,9
2024-09-20 11:44:07.835,428.2461017353508,5
2024-09-20 11:44:07.946,428.28999357561776,101
2024-09-20 11:44:07.949,428.3059848704799,13
2024-09-20 11:44:08.048,428.31867393185047,101
2024-09-20 11:44:08.060,428.3316091880529,11
2024-09-20 11:44:08.477,428.33446712412047,97
2024-09-20 11:44:08.934,428.3144463944524,1000
2024-09-20 11:44:09.034,428.4103872657664,998
2024-09-20 11:44:09.103,428.3199206731175,14
2024-09-20 11:44:09.133,428.407280144468,99
2024-09-20 11:44:09.144,428.3957062491864,95
2024-09-20 11:44:09.151,428.382890290056,999
2024-09-20 11:44:09.207,428.3165114747454,1005
2024-09-20 11:44:09.260,428.3827051022976,998
2024-09-20 11:44:09.306,428.3052604786166,96
2024-09-20 11:44:09.356,428.38631366967286,1001
2024-09-20 11:44:09.362,428.3644494018437,103
2024-09-20 11:44:09.377,428.3763102093631,1005
2024-09-20 11:44:09.478,428.3129979622296,105
2024-09-20 11:44:09.588,428.3751175902142,8
2024-09-20 11:44:09.656,428.3608640486617,995
2024-09-20 11:44:09.668,428.3987006322662,1005
2024-09-20 11:44:09.734,428.37975757247017,996
2024-09-20 11:44:09.779,428.401717958718,997
2024-09-20 11:44:09.811,428.3689332276044,13
2024-09-20 11:44:09.812,428.4055889536236,5
2024-09-20 11:44:09.868,428.37260864154393,8
2024-09-20 11:44:09.870,428.3961985638879,10
2024-09-20 11:44:09.885,,98
2024-09-20 11:44:09.931,428.3596802456465,995
2024-09-20 11:44:09.947,428.40395018529273,1004
2024-09-20 11:44:09.951,428.4095133618548,15
2024-09-20 11:44:09.959,428.3699199401743,96
2024-09-20 11:44:10.022,428.4044671448399,103
2024-09-20 11:44:10.034,428.42241268098144,15
2024-09-20 11:44:10.114,428.3814495133798,5
2024-09-20 11:44:10.157,428.4688874519099,97
2024-09-20 11:44:10.162,-428.4254866886329,996
2024-09-20 11:44:10.215,428.47150039188,13
2024-09-20 11:44:10.435,428.4555750091896,98
2024-09-20 11:44:10.444,428.44502691680697,96
2024-09-20 11:44:10.478,428.4294107580839,995
2024-09-20 11:44:10.485,428.4284966267375,15
2024-09-20 11:44:10.513,428.4574228955554,1001
2024-09-20 11:44:10.620,428.39582853013457,95
2024-09-20 11:44:10.674,428.468038025117,14
2024-09-20 11:44:10.758,428.41544284344855,101
2024-09-20 11:44:10.913,428.3889211607949,1000
2024-09-20 11:44:10.925,428.4629484347003,997
2024-09-20 11:44:11.625,428.4625371654668,999
2024-09-20 11:44:12.071,428.4396441093628,97
2024-09-20 11:44:12.095,-428.4332140372553,100
2024-09-20 11:44:12.117,428.4283268390765,1001
2024-09-20 11:44:12.132,428.4365808770854,98
2024-09-20 11:44:12.431,428.4512128822193,100
2024-09-20 11:44:12.485,428.4232015943558,995
2024-09-20 11:44:12.582,428.4327261768694,100
2024-09-20 11:44:12.620,428.4225457132304,14
2024-09-20 11:44:12.701,428.4458165652455,6
2024-09-20 11:44:12.909,428.45647249792313,1002
2024-09-20 11:44:12.939,428.4505992287973,101
2024-09-20 11:44:12.961,428.4328348361648,996
2024-09-20 11:44:12.992,428.4480436726472,99
2024-09-20 11:44:13.059,428.5167010714075,6
2024-09-20 11:44:13.060,428.5821750697487,104
2024-09-20 11:44:13.068,428.4928682706709,999
2024-09-20 11:44:13.091,428.5441384757684,996
2024-09-20 11:44:13.113,428.5350432467012,105
2024-09-20 11:44:13.122,428.5394571503128,14
2024-09-20 11:44:13.141,428.4974077147903,14
2024-09-20 11:44:13.170,428.57210879929113,12
2024-09-20 11:44:13.171,428.5142879324168,98
2024-09-20 11:44:13.333,428.4973707889905,8
2024-09-20 11:44:13.390,428.4999734173807,6
2024-09-20 11:44:13.425,428.51273496020633,5
2024-09-20 11:44:13.458,428.5159103397204,996
2024-09-20 11:44:13.504,428.5161614288881,13
2024-09-20 11:44:13.551,428.5887346475248,1004
2024-09-20 11:44:13.678,428.4912868835872,1003
2024-09-20 11:44:13.683,428.4550797278313,1004
2024-09-20 11:44:13.764,428.5064712095461,996
2024-09-20 11:44:13.839,428.5864918653159,101
2024-09-20 11:44:13.944,428.4768241202611,7
2024-09-20 11:44:13.955,428.4772420552037,999
2024-09-20 11:44:13.965,428.584153111706,995
2024-09-20 11:44:14.016,428.6254244454527,95
2024-09-20 11:44:14.025,428.5693394226643,15
2024-09-20 11:44:14.049,428.5845259032824,96
2024-09-20 11:44:14.074,428.55716566614086,104
2024-09-20 11:44:14.090,428.5442068324096,7
2024-09-20 11:44:14.196,428.6583433277325,9
2024-09-20 11:44:14.212,428.6061819125831,6
2024-09-20 11:44:14.326,428.5625734619071,13
2024-09-20 11:44:14.348,428.58444817014646,999
2024-09-20 11:44:14.412,428.594466274367,995
2024-09-20 11:44:14.439,428.5750383148752,999
2024-09-20 11:44:14.473,428.6366105755288,8
2024-09-20 11:44:14.528,428.6459403315825,997
2024-09-20 11:44:14.558,428.5568389653191,105
2024-09-20 11:44:14.565,428.6370595831573,999
2024-09-20 11:44:14.608,428.5610035042524,6
2024-09-20 11:44:14.699,428.5365837018925,1003
2024-09-20 11:44:14.876,428.6293743638856,998
2024-09-20 11:44:14.897,428.5610490106232,1000
2024-09-20 11:44:14.907,428.5610016907393,995
2024-09-20 11:44:14.969,428.56502529860126,1000
2024-09-20 11:44:14.987,428.5329396359032,103
2024-09-20 11:44:14.991,428.6277299195557,102
2024-09-20 11:44:15.572,428.61260728039935,6
2024-09-20 11:44:15.580,428.6359000771836,10
2024-09-20 11:44:15.781,428.6332997205618,996
2024-09-20 11:44:15.953,428.5944203325899,1001
2024-09-20 11:44:15.954,428.5923572193501,999
2024-09-20 11:44:16.043,428.60341948602496,7
2024-09-20 11:44:16.057,428.6002590639757,1003
2024-09-20 11:44:16.070,428.64697594038296,98
2024-09-20 11:44:16.124,428.61944928706896,99
2024-09-20 11:44:16.127,428.5672488949081,997
2024-09-20 11:44:16.195,428.65518392888026,8
2024-09-20 11:44:16.238,428.60925484168695,10
2024-09-20 11:44:16.294,428.6183256467116,998
2024-09-20 11:44:16.302,428.6147024454099,99
2024-09-20 11:44:16.306,428.63966481048425,101
2024-09-20 11:44:16.330,428.5927545144357,5
2024-09-20 11:44:16.432,428.6125774035251,103
2024-09-20 11:44:16.504,428.601476571449,13
2024-09-20 11:44:16.504,428.6293510098084,9
2024-09-20 11:44:16.537,428.607677634535,15
2024-09-20 11:44:16.600,428.6276923423094,996
2024-09-20 11:44:16.709,428.6364441768562,9
2024-09-20 11:44:16.723,428.56884616052986,12
2024-09-20 11:44:16.725,428.6346942704462,1003
2024-09-20 11:44:16.760,428.57930765640407,13
2024-09-20 11:44:16.835,428.5742843642028,13
2024-09-20 11:44:16.843,428.6003875213003,6
2024-09-20 11:44:16.851,428.6542300211912,100
2024-09-20 11:44:16.869,428.6073514894662,99
2024-09-20 11:44:16.968,428.5906752522393,6
2024-09-20 11:44:16.968,428.6180002002784,14
2024-09-20 11:44:16.980,428.580253826876,998
2024-09-20 11:44:16.983,428.60993998420656,11
2024-09-20 11:44:17.016,428.527852055462,15
2024-09-20 11:44:17.075,428.5446646734664,6
2024-09-20 11:44:17.091,428.5426366072848,14
2024-09-20 11:44:17.101,428.4984741860617,98
2024-09-20 11:44:17.222,428.5045164735826,7
2024-09-20 11:44:17.229,428.5245277057766,998
2024-09-20 11:44:17.242,428.51195559123096,14
2024-09-20 11:44:17.287,428.5088862672602,102
2024-09-20 11:44:17.347,428.5583542788556,996
2024-09-20 11:44:17.362,428.5169715333536,105
2024-09-20 11:44:17.363,428.5248096377031,96
2024-09-20 11:44:17.512,428.52246991299256,1004
2024-09-20 11:44:17.516,428.5349127557562,96
2024-09-20 11:44:17.550,428.52897092738925,1004
2024-09-20 11:44:17.637,428.5232725266647,996
2024-09-20 11:44:17.757,428.5237858011917,1002
2024-09-20 11:44:17.772,428.545563121416,8
2024-09-20 11:44:17.830,428.5376116491159,99
2024-09-20 11:44:17.880,42.84952369813488,995
2024-09-20 11:44:17.887,428.52893684942507,10
2024-09-20 11:44:17.954,428.5280147170344,14
2024-09-20 11:44:17.994,428.5432304515132,1005
2024-09-20 11:44:18.043,428.54860733428166,9
2024-09-20 11:44:18.048,,6
2024-09-20 11:44:18.073,428.5293713830151,995
2024-09-20 11:44:18.202,428.5358011400239,1000
2024-09-20 11:44:18.203,428.5317015846885,995
2024-09-20 11:44:18.400,428.53667280206616,1005
2024-09-20 11:44:18.472,428.5240250309758,996
2024-09-20 11:44:18.480,428.5167724824744,13
2024-09-20 11:44:18.513,428.52901060744415,9
2024-09-20 11:44:18.533,428.5273550890181,1000
2024-09-20 11:44:18.553,428.53197540978425,102
2024-09-20 11:44:18.572,428.53578667991405,102
2024-09-20 11:44:18.624,428.52334488222846,15
2024-09-20 11:44:18.725,428.5349245874989,1004
2024-09-20 11:44:18.904,428.5285796665932,11
2024-09-20 11:44:18.989,428.54869644355705,1005
2024-09-20 11:44:19.102,428.5588784634132,6
2024-09-20 11:44:19.320,428.5957592260151,95
2024-09-20 11:44:19.328,428.5104950438151,1004
2024-09-20 11:44:19.395,428.5503625941827,1002
2024-09-20 11:44:19.423,428.5303939819229,95
2024-09-20 11:44:19.520,428.52995121433895,12
2024-09-20 11:44:19.581,428.5361208375088,104
2024-09-20 11:44:19.655,428.603085757262,100
2024-09-20 11:44:19.680,428.5309369351927,997
2024-09-20 11:44:19.687,428.5373349164199,1002
2024-09-20 11:44:19.865,428.5237521705783,5
2024-09-20 11:44:19.883,428.5239198887974,1003
2024-09-20 11:44:19.969,428.5178262313343,1004
2024-09-20 11:44:20.034,428.574406084005,1005
2024-09-20 11:44:20.075,428.562723636876,996
2024-09-20 11:44:20.172,428.5532940795212,98
2024-09-20 11:44:20.196,428.5515208781138,1002
2024-09-20 11:44:20.201,428.5803926437361,97
2024-09-20 11:44:20.645,428.5852428141452,15
2024-09-20 11:44:20.649,428.5747812321535,10
2024-09-20 11:44:20.655,42.85554189941093,998
2024-09-20 11:44:20.815,428.60448168609736,12
2024-09-20 11:44:20.867,428.5895377242429,1003
2024-09-20 11:44:20.940,428.5949207552188,1001
2024-09-20 11:44:21.365,428.6062977730362,101
2024-09-20 11:44:21.482,428.6097056330271,102
2024-09-20 11:44:21.728,428.6035379931038,103
2024-09-20 11:44:21.809,,1004
2024-09-20 11:44:21.930,428.61597419112906,8
2024-09-20 11:44:22.076,428.5895168300687,1004
2024-09-20 11:44:22.121,428.6255253724578,10
2024-09-20 11:44:22.134,428.6101998052565,10
2024-09-20 11:44:22.157,428.5761098756855,6
2024-09-20 11:44:22.160,428.59231312197153,996
2024-09-20 11:44:22.197,428.623046519572,103
2024-09-20 11:44:22.230,428.5922212140913,98
2024-09-20 11:44:22.293,428.65074961783057,1005
2024-09-20 11:44:22.305,428.5926853547503,8
2024-09-20 11:44:22.472,428.5867566051388,1000
2024-09-20 11:44:22.507,428.5977358884954,105
2024-09-20 11:44:22.542,428.626790606004,996
2024-09-20 11:44:22.547,428.607326338999,15
2024-09-20 11:44:22.640,428.5941694901829,105
2024-09-20 11:44:22.687,428.61625554503314,1001
2024-09-20 11:44:22.708,428.59839572041056,105
2024-09-20 11:44:22.731,428.6101938938805,7
2024-09-20 11:44:22.751,428.5921721417862,8
2024-09-20 11:44:22.751,428.5727810510047,8
2024-09-20 11:44:22.769,428.60231767185553,15
2024-09-20 11:44:22.781,428.5780239519973,1003
2024-09-20 11:44:22.875,428.5976885311736,99
2024-09-20 11:44:22.891,428.5859901422685,999
2024-09-20 11:44:22.912,428.6330288933813,999
2024-09-20 11:44:22.975,428.6049295926125,104
2024-09-20 11:44:22.995,428.6347311598176,7
2024-09-20 11:44:22.999,428.581074038662,99
2024-09-20 11:44:23.048,428.4470722141705,102
2024-09-20 11:44:23.129,42.85824434175632,8
2024-09-20 11:44:23.135,428.6307516171693,96
2024-09-20 11:44:23.275,428.5339706213375,10
2024-09-20 11:44:23.303,428.53086743196434,5
2024-09-20 11:44:23.392,428.5116782035207,6
2024-09-20 11:44:23.471,428.5937242658546,11
2024-09-20 11:44:23.516,428.61075089904966,100
2024-09-20 11:44:23.533,,99
2024-09-20 11:44:23.534,428.46334948513856,14
2024-09-20 11:44:23.548,428.52914215560605,102
2024-09-20 11:44:23.566,428.4283968647117,1003
2024-09-20 11:44:23.596,428.4987541488619,12
2024-09-20 11:44:23.612,428.4452318217634,99
2024-09-20 11:44:23.652,428.461419339442,103
2024-09-20 11:44:23.685,428.622558260778,996
2024-09-20 11:44:23.688,428.5650286545718,5
2024-09-20 11:44:23.713,428.4692649628628,9
2024-09-20 11:44:23.737,428.45252555952345,15
2024-09-20 11:44:23.790,428.5979723483159,996
2024-09-20 11:44:24.012,428.42732672623663,1001
2024-09-20 11:44:24.038,428.461213892021,1003
2024-09-20 11:44:24.082,428.473018143255,99
2024-09-20 11:44:24.090,428.4895089731995,13
2024-09-20 11:44:24.132,428.47531516523895,95
2024-09-20 11:44:24.204,428.45867908013935,1001
2024-09-20 11:44:24.233,428.4959710041291,998
2024-09-20 11:44:24.250,428.4459591878321,15
2024-09-20 11:44:24.323,428.4701292754212,97
2024-09-20 11:44:24.324,428.4910935772557,999
2024-09-20 11:44:24.535,,102
2024-09-20 11:44:24.541,428.44089691897256,9
2024-09-20 11:44:24.569,428.4906079776737,7
2024-09-20 11:44:24.571,428.4566716026849,98
2024-09-20 11:44:24.615,428.4787772384972,7
2024-09-20 11:44:24.819,428.4627058761366,96
2024-09-20 11:44:24.955,428.4750291952011,15
2024-09-20 11:44:24.970,428.43006436254433,14
2024-09-20 11:44:24.972,428.4490564532336,9
2024-09-20 11:44:25.037,428.5284618705137,997
2024-09-20 11:44:25.079,428.48226233327694,8
2024-09-20 11:44:25.082,428.49977758604064,102
2024-09-20 11:44:25.112,428.51032283074807,1001
2024-09-20 11:44:25.141,428.4519179770697,999
2024-09-20 11:44:25.165,428.5208932099968,8
2024-09-20 11:44:25.186,-428.509440409506,1004
2024-09-20 11:44:25.208,428.4991999968073,104
2024-09-20 11:44:25.213,428.4460149956038,995
2024-09-20 11:44:25.216,428.4537026944495,13
2024-09-20 11:44:25.302,428.51118421462775,103
2024-09-20 11:44:25.350,428.5347018933212,1000
2024-09-20 11:44:25.425,428.5120964947008,14
2024-09-20 11:44:25.463,428.4804755273885,97
2024-09-20 11:44:25.603,428.4818165754528,1000
2024-09-20 11:44:25.640,428.5359456983657,102
2024-09-20 11:44:25.733,428.45503719585656,996
2024-09-20 11:44:25.801,428.50411839151735,995
2024-09-20 11:44:25.803,428.4844279600633,1004
2024-09-20 11:44:25.812,428.5212675354989,10
2024-09-20 11:44:25.831,428.5560875621815,10
2024-09-20 11:44:25.840,428.502871588531,98
2024-09-20 11:44:25.844,428.5093006521746,101
2024-09-20 11:44:25.915,428.4622488051534,97
2024-09-20 11:44:25.974,428.5130412280784,9
2024-09-20 11:44:26.020,428.5524563619491,1002
2024-09-20 11:44:26.034,428.5371278708228,997
2024-09-20 11:44:26.038,428.5533061695104,100
2024-09-20 11:44:26.071,428.5193600516438,15
2024-09-20 11:44:26.101,428.55176057820273,1004
2024-09-20 11:44:26.110,428.55735315820624,14
2024-09-20 11:44:26.112,428.5134527899264,101
2024-09-20 11:44:26.269,428.5471439495395,100
2024-09-20 11:44:26.291,428.5517806406677,1004
2024-09-20 11:44:26.323,428.53780894233336,14
2024-09-20 11:44:26.333,428.5102915012436,999
2024-09-20 11:44:26.342,428.5206596554472,995
2024-09-20 11:44:26.426,428.57322839123054,1000
2024-09-20 11:44:26.434,428.54453158960325,1005
2024-09-20 11:44:26.488,428.5515683805157,99
2024-09-20 11:44:26.495,428.5535948462396,14
2024-09-20 11:44:26.527,428.540102358157,104
2024-09-20 11:44:26.560,428.5155563435083,1001
2024-09-20 11:44:26.746,428.4917983372504,104
2024-09-20 11:44:27.052,428.57131958961065,13
2024-09-20 11:44:27.069,428.5616738022868,13
2024-09-20 11:44:27.101,428.585758476074,14
2024-09-20 11:44:27.145,428.5305636326452,103
2024-09-20 11:44:27.188,428.5592231673561,1004
2024-09-20 11:44:27.320,428.565314562833,95
2024-09-20 11:44:27.390,428.5638535265092,999
2024-09-20 11:44:27.417,428.544688703201,998
2024-09-20 11:44:27.532,428.5514483936565,103
2024-09-20 11:44:27.553,428.555573746097,1000
2024-09-20 11:44:27.570,428.5847189565982,99
2024-09-20 11:44:27.583,428.5734918312011,996
2024-09-20 11:44:27.645,428.559510829995,100
2024-09-20 11:44:27.685,428.5474593093264,9
2024-09-20 11:44:27.940,428.5512462685057,103
2024-09-20 11:44:27.953,428.552252015281,11
2024-09-20 11:44:27.954,428.5892105198952,11
2024-09-20 11:44:28.002,428.57345059569866,1005
2024-09-20 11:44:28.383,428.5769748550488,1003
2024-09-20 11:44:29.049,428.41012156876775,1004
2024-09-20 11:44:29.069,428.4780254356745,97
2024-09-20 11:44:29.207,428.4378404636752,997
2024-09-20 11:44:29.240,428.5248659991994,996
2024-09-20 11:44:29.290,428.4563317890491,995
2024-09-20 11:44:29.339,428.40423110338617,96
2024-09-20 11:44:29.379,428.4319166017185,1004
2024-09-20 11:44:29.414,428.5523223883623,99
2024-09-20 11:44:29.426,428.4139876952503,1004
2024-09-20 11:44:29.465,428.4028497785244,8
2024-09-20 11:44:29.490,428.4345848208322,13
2024-09-20 11:44:29.539,428.4561753426208,5
2024-09-20 11:44:29.543,428.5551955283456,12
2024-09-20 11:44:29.633,428.41953724572295,8
2024-09-20 11:44:29.675,428.51150534792,1004
2024-09-20 11:44:29.809,428.4940439115071,9
2024-09-20 11:44:29.817,428.4614589252172,13
2024-09-20 11:44:29.820,428.5251779737689,97
2024-09-20 11:44:29.848,428.4077601573304,1001
2024-09-20 11:44:29.857,428.4085437894777,15
2024-09-20 11:44:29.885,428.4163427286654,8
2024-09-20 11:44:29.924,428.4264944218683,9
2024-09-20 11:44:29.960,428.55073032471694,1000
2024-09-20 11:44:29.971,428.4809091841197,105
2024-09-20 11:44:29.977,428.4098294855749,7
2024-09-20 11:44:30.077,428.4924126443933,10
2024-09-20 11:44:30.186,428.4995402559329,1002
2024-09-20 11:44:30.194,428.50053304360455,14
2024-09-20 11:44:30.770,428.4831534575588,998
2024-09-20 11:44:30.967,428.5021897485233,1005
2024-09-20 11:44:31.014,428.5078715414049,97
2024-09-20 11:44:31.248,428.4961753805901,12
2024-09-20 11:44:31.916,428.4750572162171,5
2024-09-20 11:44:32.037,428.4675292989855,12
2024-09-20 11:44:32.058,428.4415842597182,1002
2024-09-20 11:44:32.133,428.4465826236553,7
2024-09-20 11:44:32.166,428.4467544059637,99
2024-09-20 11:44:32.297,428.4487113655608,998
2024-09-20 11:44:32.316,428.42642947044834,96
2024-09-20 11:44:32.358,428.4458686258727,15
2024-09-20 11:44:32.415,428.4403330655732,1005
2024-09-20 11:44:32.423,428.4335580066193,6
2024-09-20 11:44:32.528,428.4527376299974,7
2024-09-20 11:44:32.551,428.4107095666183,99
2024-09-20 11:44:32.612,428.4185169954719,101
2024-09-20 11:44:32.618,428.4523971369008,9
2024-09-20 11:44:32.670,428.4282176443173,996
2024-09-20 11:44:32.766,428.4401639619738,1003
2024-09-20 11:44:32.941,428.4660407974971,96
2024-09-20 11:44:32.983,428.43839888603503,1005
2024-09-20 11:44:33.102,428.47812549398685,102
2024-09-20 11:44:33.131,428.50534464594,1002
2024-09-20 11:44:33.144,428.4690637274208,104
2024-09-20 11:44:33.201,428.5070828777007,103
2024-09-20 11:44:33.222,428.50380663551726,11
2024-09-20 11:44:33.262,428.4710214082786,998
2024-09-20 11:44:33.284,428.490905943855,97
2024-09-20 11:44:33.323,428.4986178256081,996
2024-09-20 11:44:33.341,428.48419235790345,104
2024-09-20 11:44:33.365,428.4982760042809,1004
2024-09-20 11:44:33.374,428.46064761116537,95
2024-09-20 11:44:33.387,428.4817690057225,6
2024-09-20 11:44:33.394,428.4789085679709,5
2024-09-20 11:44:33.403,428.5105155795491,15
2024-09-20 11:44:33.495,428.4642611983222,14
2024-09-20 11:44:33.559,428.4549859779031,1002
2024-09-20 11:44:33.584,428.46071341257226,9
2024-09-20 11:44:33.593,428.4859728001361,15
2024-09-20 11:44:33.612,428.46251946805336,1001
2024-09-20 11:44:33.662,428.48996181088665,103
2024-09-20 11:44:33.723,428.478166696054,997
2024-09-20 11:44:33.740,428.4679314476772,9
2024-09-20 11:44:33.743,428.4494839204459,103
2024-09-20 11:44:33.774,428.46634754300055,103
2024-09-20 11:44:33.782,428.4674120131903,105
2024-09-20 11:44:33.793,428.4878087070937,101
2024-09-20 11:44:33.883,428.49762261143854,102
2024-09-20 11:44:33.955,428.48883426464624,13
2024-09-20 11:44:33.964,428.4843457698897,12
2024-09-20 11:44:34.182,428.4825963588309,97
2024-09-20 11:44:34.192,428.4720504342721,6
2024-09-20 11:44:34.239,428.4738511376725,14
2024-09-20 11:44:34.356,428.452059177292,9
2024-09-20 11:44:34.368,428.3870621484811,100
2024-09-20 11:44:34.369,428.48853343972,8
2024-09-20 11:44:34.402,428.4427320342844,1004
2024-09-20 11:44:34.409,428.4830089000197,7
2024-09-20 11:44:34.486,428.4848553098391,995
2024-09-20 11:44:34.540,428.3910841641229,99
2024-09-20 11:44:34.618,428.4112650541022,102
2024-09-20 11:44:34.671,428.3897263235871,11
2024-09-20 11:44:34.776,428.3911496293997,996
2024-09-20 11:44:34.805,428.4189439404431,1001
2024-09-20 11:44:34.871,428.4016685953689,98
2024-09-20 11:44:35.021,428.3286262905996,7
2024-09-20 11:44:35.027,428.37682567986406,15
2024-09-20 11:44:35.092,428.3426190333329,8
2024-09-20 11:44:35.105,428.3988369724775,97
2024-09-20 11:44:35.139,428.35536182049344,95
2024-09-20 11:44:35.140,428.38891229023307,997
2024-09-20 11:44:35.275,428.41083136292025,103
2024-09-20 11:44:35.305,428.3777909944977,11
2024-09-20 11:44:35.316,428.4232968958372,9
2024-09-20 11:44:35.367,428.3554652869171,1000
2024-09-20 11:44:35.461,428.3282756614431,1004
2024-09-20 11:44:35.480,428.30869901932925,15
2024-09-20 11:44:35.509,428.40800086711766,999
2024-09-20 11:44:35.511,428.3534367482251,104
2024-09-20 11:44:35.576,428.39991678755,97
2024-09-20 11:44:35.631,428.32117074931335,9
2024-09-20 11:44:35.659,428.3221057178028,97
2024-09-20 11:44:35.688,42.83062797379446,104
2024-09-20 11:44:35.740,428.3742064768719,999
2024-09-20 11:44:35.798,428.36216015387305,96
2024-09-20 11:44:35.814,428.3240422665214,1003
2024-09-20 11:44:35.879,428.3689505653964,10
2024-09-20 11:44:35.890,428.3962347146643,96
2024-09-20 11:44:35.913,428.3056799806336,96
2024-09-20 11:44:35.922,428.3258016568043,1002
2024-09-20 11:44:35.969,428.3640093437755,103
2024-09-20 11:44:35.976,428.4098504657192,100
2024-09-20 11:44:36.008,428.42715979187386,11
2024-09-20 11:44:36.092,428.4184287424852,95
2024-09-20 11:44:36.173,428.4037494663068,99
2024-09-20 11:44:36.276,428.3886971915117,102
2024-09-20 11:44:36.335,428.39159593745774,95
2024-09-20 11:44:36.414,428.4465209732561,999
2024-09-20 11:44:36.422,428.387056205714,12
2024-09-20 11:44:36.486,428.31103374756606,999
2024-09-20 11:44:36.499,428.4273240115174,1002
2024-09-20 11:44:36.527,428.3807702684413,996
2024-09-20 11:44:36.535,428.3694750475662,99
2024-09-20 11:44:36.558,428.4371247228402,101
2024-09-20 11:44:36.561,428.4181273243988,5
2024-09-20 11:44:36.592,428.3829366885412,11
2024-09-20 11:44:36.593,428.3801193655565,105
2024-09-20 11:44:36.635,428.43294934588187,12
2024-09-20 11:44:36.684,428.379923999945,101
2024-09-20 11:44:36.719,428.310462750081,1003
2024-09-20 11:44:36.736,428.41133285029247,9
2024-09-20 11:44:36.759,428.4197123210976,102
2024-09-20 11:44:36.764,428.3931730982784,99
2024-09-20 11:44:36.766,428.4439597887816,998
2024-09-20 11:44:36.819,428.3623399380145,1001
2024-09-20 11:44:36.854,428.3720808175729,997
2024-09-20 11:44:36.856,428.4489450608469,95
2024-09-20 11:44:36.890,428.350548158809,998
2024-09-20 11:44:36.935,428.39857951072736,6
2024-09-20 11:44:36.958,428.462604851478,998
2024-09-20 11:44:36.989,428.3681684552245,995
2024-09-20 11:44:37.198,428.47543062815663,5
2024-09-20 11:44:37.262,428.480677177244,104
2024-09-20 11:44:37.400,428.47604700256255,100
2024-09-20 11:44:37.520,428.47359994148735,9
2024-09-20 11:44:37.604,428.49708317214896,96
2024-09-20 11:44:37.672,428.4823261108554,996
2024-09-20 11:44:37.831,428.45626591502383,9
2024-09-20 11:44:37.869,428.491590756246,100
2024-09-20 11:44:37.870,428.4789354009061,97
2024-09-20 11:44:38.064,428.4269671501637,997
2024-09-20 11:44:38.095,428.4581325895708,97
2024-09-20 11:44:38.104,428.4194409023384,8
2024-09-20 11:44:38.116,428.4600439984315,14
2024-09-20 11:44:38.224,428.4433054711333,999
2024-09-20 11:44:38.251,428.43039589069366,9
2024-09-20 11:44:38.426,428.41726319381786,10
2024-09-20 11:44:38.558,428.4055277003454,997
2024-09-20 11:44:38.573,428.4721944755783,998
2024-09-20 11:44:38.589,428.4209532637827,13
2024-09-20 11:44:38.617,428.4359895344015,14
2024-09-20 11:44:38.661,,1002
2024-09-20 11:44:38.720,428.4517071313513,7
2024-09-20 11:44:39.093,428.4111863573325,98
2024-09-20 11:44:39.097,428.4411544349336,1004
2024-09-20 11:44:39.114,428.3967337301941,100
2024-09-20 11:44:39.173,428.4431598704196,6
2024-09-20 11:44:39.186,428.3797762005824,12
2024-09-20 11:44:39.197,428.4467123745648,1002
2024-09-20 11:44:39.329,428.4355565501463,96
2024-09-20 11:44:39.421,428.4751144885206,105
2024-09-20 11:44:39.451,428.44393795662415,102
2024-09-20 11:44:39.460,428.4534830047338,102
2024-09-20 11:44:39.476,428.4279385933645,99
2024-09-20 11:44:39.495,428.4274732144521,102
2024-09-20 11:44:39.507,428.39302721564985,101
2024-09-20 11:44:39.515,428.40204039698096,13
2024-09-20 11:44:39.531,428.4557066392268,97
2024-09-20 11:44:39.575,428.4459614968093,8
2024-09-20 11:44:39.618,428.41219335056456,1005
2024-09-20 11:44:39.628,428.3835637224479,999
2024-09-20 11:44:39.675,428.4264111182442,100
2024-09-20 11:44:39.686,428.4114812531408,102
2024-09-20 11:44:39.759,428.4545900541253,12
2024-09-20 11:44:39.838,428.3956771393173,1001
2024-09-20 11:44:39.850,428.4401723745728,97
2024-09-20 11:44:39.905,42.844309192368506,1004
2024-09-20 11:44:39.910,428.4277780865093,13
2024-09-20 11:44:39.981,428.4211807349971,102
2024-09-20 11:44:40.002,428.3996122336856,999
2024-09-20 11:44:40.067,428.4115462150584,98
2024-09-20 11:44:40.308,428.3839702127095,14
2024-09-20 11:44:40.320,428.3784346551504,14
2024-09-20 11:44:40.434,428.3875251876675,999
2024-09-20 11:44:40.519,428.4100384945605,105
2024-09-20 11:44:40.558,428.3822397718586,103
2024-09-20 11:44:40.758,428.3868829879382,12
2024-09-20 11:44:40.845,428.417588265778,100
2024-09-20 11:44:41.032,428.3916154743482,104
2024-09-20 11:44:41.068,428.375009429683,10
2024-09-20 11:44:41.099,428.4043211272059,14
2024-09-20 11:44:41.121,428.4033611521233,99
2024-09-20 11:44:41.133,428.4505471258157,9
2024-09-20 11:44:41.161,428.3997682584221,15
2024-09-20 11:44:41.309,428.38078600695593,1004
2024-09-20 11:44:41.341,428.3964262647219,998
2024-09-20 11:44:41.363,428.4185870901715,100
2024-09-20 11:44:41.397,428.3767298942389,5
2024-09-20 11:44:41.428,428.4453608122046,10
2024-09-20 11:44:41.456,428.4477623027847,96
2024-09-20 11:44:41.484,428.41092699133134,14
2024-09-20 11:44:41.559,428.3818318836824,8
2024-09-20 11:44:41.617,428.3864519277903,1001
2024-09-20 11:44:41.639,428.4172572029277,7
2024-09-20 11:44:41.672,428.3816476908876,996
2024-09-20 11:44:41.680,428.3928509237655,5
2024-09-20 11:44:41.724,428.4480314612743,997
2024-09-20 11:44:41.751,428.4115194780142,98
2024-09-20 11:44:41.773,428.4015342931233,13
2024-09-20 11:44:41.781,428.3785292806978,97
2024-09-20 11:44:41.781,428.40310330436034,998
2024-09-20 11:44:41.801,428.3662537958738,13
2024-09-20 11:44:41.838,428.38334194918514,95
2024-09-20 11:44:41.877,428.3626613681543,15
2024-09-20 11:44:41.880,428.3794276797259,103
2024-09-20 11:44:41.921,428.4131641505874,95
2024-09-20 11:44:42.004,428.4538057175799,996
2024-09-20 11:44:42.069,428.4461358374645,6
2024-09-20 11:44:42.077,428.46287356745455,95
2024-09-20 11:44:42.077,428.4420026632004,9
2024-09-20 11:44:42.199,428.4631222244706,1002
2024-09-20 11:44:42.212,428.4775511201811,995
2024-09-20 11:44:42.247,428.403288412067,998
2024-09-20 11:44:42.281,428.4567133730202,11
2024-09-20 11:44:42.359,428.4077173026918,97
2024-09-20 11:44:42.472,428.4640565016763,103
2024-09-20 11:44:42.520,428.4656409206075,1005
2024-09-20 11:44:42.534,428.4559754687738,14
2024-09-20 11:44:42.563,428.4505867473874,99
2024-09-20 11:44:42.650,428.45452592563953,101
2024-09-20 11:44:42.681,428.4594733090734,105
2024-09-20 11:44:42.805,428.4339577649633,999
2024-09-20 11:44:42.818,428.4442214575095,999
2024-09-20 11:44:42.970,428.4025069247152,996
2024-09-20 11:44:43.015,428.46804024608383,105
2024-09-20 11:44:43.297,428.4661152503065,99
2024-09-20 11:44:43.390,428.4377227258967,10
2024-09-20 11:44:43.403,428.4659009217999,1005
2024-09-20 11:44:43.407,428.4364955665672,995
2024-09-20 11:44:43.451,428.4677017021395,98
2024-09-20 11:44:43.504,428.4384609932241,6
2024-09-20 11:44:43.552,428.4856084982376,996
2024-09-20 11:44:43.587,428.44639976994887,998
2024-09-20 11:44:43.636,428.4762136443008,101
2024-09-20 11:44:43.728,428.4779987628317,102
2024-09-20 11:44:43.763,-428.4384927159517,105
2024-09-20 11:44:43.789,428.436935336617,96
2024-09-20 11:44:43.808,428.45825860586064,1002
2024-09-20 11:44:43.895,428.46005086175256,999
2024-09-20 11:44:43.938,428.4544583129487,1005
2024-09-20 11:44:44.056,428.489614263728,14
2024-09-20 11:44:44.286,428.47953833350846,998
2024-09-20 11:44:44.983,428.47271252866216,1005
2024-09-20 11:44:45.005,428.4870788495508,11
2024-09-20 11:44:45.032,428.50988453705946,100
2024-09-20 11:44:45.125,428.49114006265154,104
2024-09-20 11:44:45.172,428.5184440161137,1000
2024-09-20 11:44:45.209,428.50811059055815,1002
2024-09-20 11:44:45.419,428.45649166480655,101
2024-09-20 11:44:45.504,428.4836238780484,1003
2024-09-20 11:44:45.546,428.4789385236112,996
2024-09-20 11:44:45.577,428.4664867380919,9
2024-09-20 11:44:45.630,428.4613385480459,96
2024-09-20 11:44:45.862,428.4830276991791,7
2024-09-20 11:44:46.050,428.5041896251156,1000
2024-09-20 11:44:46.305,428.4885608075514,10
2024-09-20 11:44:46.755,428.5016851830492,6
2024-09-20 11:44:47.039,428.318338213889,7
2024-09-20 11:44:47.145,428.375813242992,996
2024-09-20 11:44:47.145,428.426339329963,12
2024-09-20 11:44:47.158,428.3386817752548,6
2024-09-20 11:44:47.232,428.3248964863584,98
2024-09-20 11:44:47.238,428.3574077946385,14
2024-09-20 11:44:47.244,428.3434682648296,100
2024-09-20 11:44:47.297,428.4936904240072,1002
2024-09-20 11:44:47.337,428.374783885256,1001
2024-09-20 11:44:47.338,428.3567407468093,1001
2024-09-20 11:44:47.340,428.4950741257886,7
2024-09-20 11:44:47.348,428.35148304459096,98
2024-09-20 11:44:47.393,428.4924727921946,998
2024-09-20 11:44:47.411,428.4551335484508,100
2024-09-20 11:44:47.439,428.3673276944929,95
2024-09-20 11:44:47.446,428.3385415230753,14
2024-09-20 11:44:47.450,428.4678950795846,104
2024-09-20 11:44:47.468,428.4081775574172,105
2024-09-20 11:44:47.480,428.3648226312294,5
2024-09-20 11:44:47.588,428.3068789274339,100
2024-09-20 11:44:47.596,428.31495895196014,11
2024-09-20 11:44:47.677,428.3174846765735,100
2024-09-20 11:44:47.708,428.4476812630579,97
2024-09-20 11:44:47.811,428.3252634416998,999
2024-09-20 11:44:47.889,428.3503096917878,101
2024-09-20 11:44:47.941,428.486579312237,97
2024-09-20 11:44:48.046,428.35077282860175,1005
2024-09-20 11:44:48.053,428.30200497551976,10
2024-09-20 11:44:48.058,428.2914082019408,9
2024-09-20 11:44:48.166,428.3279609414055,1005
2024-09-20 11:44:48.191,428.3317361911714,15
2024-09-20 11:44:48.341,428.3314291440369,1004
2024-09-20 11:44:48.458,428.3438216131136,97
2024-09-20 11:44:48.495,428.2861413514875,14
2024-09-20 11:44:48.799,428.3379284932336,9
2024-09-20 11:44:48.862,428.3563836550771,99
2024-09-20 11:44:49.135,428.29108146450017,96
2024-09-20 11:44:49.263,428.3533871426392,1004
2024-09-20 11:44:49.284,428.2898535859184,14
2024-09-20 11:44:49.305,428.2715858707053,1004
2024-09-20 11:44:49.341,428.34916050676645,1001
2024-09-20 11:44:49.355,428.30031705036384,996
2024-09-20 11:44:49.388,428.3498097983171,1002
2024-09-20 11:44:49.594,428.2817928243223,103
2024-09-20 11:44:49.683,428.27135938249097,996
2024-09-20 11:44:49.695,428.3423031115148,1005
2024-09-20 11:44:49.697,428.3351741386562,99
2024-09-20 11:44:49.756,428.36365569768014,1005
2024-09-20 11:44:49.757,428.3165083731478,11
2024-09-20 11:44:49.759,428.31442019759737,9
2024-09-20 11:44:49.966,428.2858674110904,95
2024-09-20 11:44:50.228,428.2525274843368,101
2024-09-20 11:44:50.242,428.172004256958,8
2024-09-20 11:44:50.247,428.1954999522935,5
2024-09-20 11:44:50.407,428.2062344406016,7
2024-09-20 11:44:50.417,428.1950653923464,9
2024-09-20 11:44:50.450,428.1947442628051,12
2024-09-20 11:44:50.453,428.2337213126672,9
2024-09-20 11:44:50.481,428.2617503199915,11
2024-09-20 11:44:50.491,428.23427981763047,102
2024-09-20 11:44:50.526,428.2613721649112,1004
2024-09-20 11:44:50.559,428.21145305272415,9
2024-09-20 11:44:50.617,428.2739562292432,1005
2024-09-20 11:44:50.678,428.23584260830745,100
2024-09-20 11:44:50.718,428.214359441854,95
2024-09-20 11:44:51.069,428.21209556063576,6
2024-09-20 11:44:51.115,428.187076654065,5
2024-09-20 11:44:51.127,428.1966345119391,105
2024-09-20 11:44:51.401,428.19042789519983,6
2024-09-20 11:44:51.506,428.1817066959367,7
2024-09-20 11:44:51.554,428.1973647359169,103
2024-09-20 11:44:52.067,428.2069844762892,102
2024-09-20 11:44:52.089,428.229133647473,102
2024-09-20 11:44:52.094,428.22453479886974,12
2024-09-20 11:44:52.111,428.205735881538,1002
2024-09-20 11:44:52.379,428.2252745513953,9
2024-09-20 11:44:52.401,428.2125936525512,95
2024-09-20 11:44:52.416,428.2084318887356,998
2024-09-20 11:44:52.435,-428.2219269251813,7
2024-09-20 11:44:52.457,428.2010454257454,8
2024-09-20 11:44:52.487,428.2187778303399,100
2024-09-20 11:44:52.514,428.2086149273216,95
2024-09-20 11:44:52.590,428.2329405122264,999
2024-09-20 11:44:52.694,428.2131662839888,103
2024-09-20 11:44:52.696,428.21022690136914,6
2024-09-20 11:44:52.709,428.2068511477733,1002
2024-09-20 11:44:52.711,428.2345588814479,999
2024-09-20 11:44:52.771,428.2113944547235,999
2024-09-20 11:44:52.919,428.2275507019367,100
2024-09-20 11:44:52.936,428.19545652593376,997
2024-09-20 11:44:52.949,428.2066325979866,103
2024-09-20 11:44:54.015,428.2339385811989,1001
2024-09-20 11:44:54.108,-428.2102170799947,997
2024-09-20 11:44:54.523,428.2036673517347,95
2024-09-20 11:44:54.547,428.21239817586144,96
2024-09-20 11:44:55.017,428.1946417157468,98
2024-09-20 11:44:55.031,428.1924985239,103
2024-09-20 11:44:55.071,428.1935707291397,15
2024-09-20 11:44:55.113,428.2126412964364,5
2024-09-20 11:44:55.213,428.2024458927064,99
2024-09-20 11:44:55.220,428.2022043073644,12
2024-09-20 11:44:55.248,428.1996825700907,996
2024-09-20 11:44:55.609,428.2097718596661,102
2024-09-20 11:44:55.711,428.1999499699805,1005
2024-09-20 11:44:55.760,428.186543213981,998
2024-09-20 11:44:55.869,428.1978475298208,97
2024-09-20 11:44:56.118,428.18070058056,1002
2024-09-20 11:44:56.262,428.1948343886523,1000
2024-09-20 11:44:56.473,428.17454666334567,103
2024-09-20 11:44:56.575,428.1724119827588,97
2024-09-20 11:44:56.693,428.1769934144912,997
2024-09-20 11:44:56.949,428.1756714979277,1003
2024-09-20 11:44:57.016,428.1753755756338,105
2024-09-20 11:44:57.059,428.16205910768775,105
2024-09-20 11:44:57.115,428.15956041034457,13
2024-09-20 11:44:57.131,428.20868713975625,996
2024-09-20 11:44:57.160,428.2538564572927,5
2024-09-20 11:44:57.316,428.2444432299094,102
2024-09-20 11:44:57.318,428.1670850271108,996
2024-09-20 11:44:57.330,428.1640639789239,105
2024-09-20 11:44:57.334,428.1645870269086,1000
2024-09-20 11:44:57.443,,1001
2024-09-20 11:44:57.527,428.2552504806586,1001
2024-09-20 11:44:57.529,428.2030310731563,100
2024-09-20 11:44:57.592,428.25666040885255,1005
2024-09-20 11:44:57.621,428.2331852668257,103
2024-09-20 11:44:57.660,428.1954395258661,999
2024-09-20 11:44:57.772,428.1715307653009,95
2024-09-20 11:44:57.823,428.22786944364753,998
2024-09-20 11:44:57.828,428.2167182278604,104
2024-09-20 11:44:57.845,428.2319933432252,13
2024-09-20 11:44:57.901,428.1511644320508,999
2024-09-20 11:44:57.982,428.1809276948785,95
2024-09-20 11:44:58.021,428.2626132727662,995
2024-09-20 11:44:58.025,428.2448981274515,998
2024-09-20 11:44:58.093,428.2349593757428,15
2024-09-20 11:44:58.123,428.24017883754175,14
2024-09-20 11:44:58.131,428.23373597658224,99
2024-09-20 11:44:58.244,428.2522824110735,103
2024-09-20 11:44:58.245,428.2435357855288,11
2024-09-20 11:44:58.247,428.2341979605739,15
2024-09-20 11:44:58.254,428.2435862271684,5
2024-09-20 11:44:58.272,428.24329946360666,999
2024-09-20 11:44:58.293,428.2523724988955,1002
2024-09-20 11:44:58.319,428.2538426053811,12
2024-09-20 11:44:58.320,428.2398448226625,999
2024-09-20 11:44:58.386,428.2597493515792,1005
2024-09-20 11:44:58.434,428.2659582254592,1004
2024-09-20 11:44:58.497,428.23926271222746,999
2024-09-20 11:44:58.668,428.29127768462905,99
2024-09-20 11:44:58.731,428.2345190589435,15
2024-09-20 11:44:58.741,428.2560906075532,13
2024-09-20 11:44:58.755,428.2508180165592,6
2024-09-20 11:44:58.785,428.2437807648938,100
2024-09-20 11:44:58.852,428.2750710636254,102
2024-09-20 11:44:58.877,428.2503295017895,103
2024-09-20 11:44:58.936,428.25223879518,9
2024-09-20 11:44:58.944,428.2607266443786,7
2024-09-20 11:44:59.026,428.2795344906673,1000
2024-09-20 11:44:59.029,428.23795021930187,95
2024-09-20 11:44:59.058,428.25302797849326,6
2024-09-20 11:44:59.075,428.24233799892977,8
2024-09-20 11:44:59.105,428.2194527440541,99
2024-09-20 11:44:59.131,428.2163868570516,105
2024-09-20 11:44:59.160,428.2215760443432,1003
2024-09-20 11:44:59.199,428.2646157549966,97
2024-09-20 11:44:59.203,428.2602908669629,999
2024-09-20 11:44:59.263,428.3008300575255,96
2024-09-20 11:44:59.315,428.23631645121617,12
2024-09-20 11:44:59.328,428.249713726779,8
2024-09-20 11:44:59.328,428.2822989661536,100
2024-09-20 11:44:59.420,428.2751426707315,101
2024-09-20 11:44:59.438,428.2698971212418,11
2024-09-20 11:44:59.478,428.26396140059535,6
2024-09-20 11:44:59.479,428.29432300505374,103
2024-09-20 11:44:59.537,428.2070895477472,1003
2024-09-20 11:44:59.571,428.2840404677066,13
2024-09-20 11:44:59.656,428.2158292622561,14
2024-09-20 11:44:59.683,428.20891330483255,105
2024-09-20 11:44:59.751,428.2453877509351,100
2024-09-20 11:44:59.789,428.2467390340631,101
2024-09-20 11:44:59.847,428.1935518091696,96
2024-09-20 11:44:59.910,428.2514462687622,100
2024-09-20 11:44:59.942,428.2313042997979,101
2024-09-20 11:44:59.945,428.2441392294802,100
2024-09-20 11:44:59.951,428.249337662172,996
2024-09-20 11:44:59.957,428.2464082751718,7
