Timestamp,Price,Size
2024-09-16 10:52:00.194,417.9654814953661,997
2024-09-16 10:52:00.369,417.9585468748943,8
2024-09-16 10:52:00.465,-41.7947158811614,1002
2024-09-16 10:52:00.480,417.9941951765864,100
2024-09-16 10:52:00.612,417.9748709186477,100
2024-09-16 10:52:00.761,417.9923133882448,1002
2024-09-16 10:52:00.937,417.9584696045236,8
2024-09-16 10:52:00.943,417.9769955551838,996
2024-09-16 10:52:01.062,418.0254156344831,15
2024-09-16 10:52:01.070,417.9721359260532,6
2024-09-16 10:52:01.191,417.9959693460654,11
2024-09-16 10:52:01.194,,95
2024-09-16 10:52:01.288,417.99057687126094,99
2024-09-16 10:52:01.313,417.956208263616,100
2024-09-16 10:52:01.454,417.9722214207554,103
2024-09-16 10:52:01.468,417.9619696448729,1004
2024-09-16 10:52:01.559,418.0065675693216,10
2024-09-16 10:52:01.570,417.9633457527485,999
2024-09-16 10:52:01.571,417.9685145158633,9
2024-09-16 10:52:01.615,417.9692952313218,7
2024-09-16 10:52:01.617,417.9613391136625,997
2024-09-16 10:52:01.652,417.921323284811,101
2024-09-16 10:52:01.653,417.9622531563169,104
2024-09-16 10:52:01.655,417.9780347100797,100
2024-09-16 10:52:01.661,,99
2024-09-16 10:52:01.733,417.956482027666,95
2024-09-16 10:52:01.734,417.96129630288686,13
2024-09-16 10:52:01.771,41.79900317768305,11
2024-09-16 10:52:01.772,417.92085208767867,1000
2024-09-16 10:52:01.774,417.9545089125151,998
2024-09-16 10:52:01.777,417.9408061013191,1000
2024-09-16 10:52:01.855,417.97234198375406,105
2024-09-16 10:52:01.864,417.9320027703665,95
2024-09-16 10:52:01.877,417.99476789902246,10
2024-09-16 10:52:01.882,417.9735191717601,997
2024-09-16 10:52:01.893,417.9830986651759,1002
2024-09-16 10:52:01.912,417.979587743902,99
2024-09-16 10:52:03.617,418.0228919638172,7
2024-09-16 10:52:03.639,418.0377829160213,14
2024-09-16 10:52:03.771,418.01763995437113,999
2024-09-16 10:52:04.206,418.0608679682465,11
2024-09-16 10:52:04.461,,102
2024-09-16 10:52:05.568,418.08332842114817,1000
2024-09-16 10:52:06.022,418.0794919066264,997
2024-09-16 10:52:06.034,418.1058612409,15
2024-09-16 10:52:06.045,418.0419376800488,1003
2024-09-16 10:52:06.061,418.0476087938167,999
2024-09-16 10:52:06.077,418.0597278180302,13
2024-09-16 10:52:06.090,418.02396739088425,995
2024-09-16 10:52:06.097,418.0369172401053,100
2024-09-16 10:52:06.098,418.0464654314724,996
2024-09-16 10:52:06.107,418.0299472332788,9
2024-09-16 10:52:06.114,418.0704089166584,995
2024-09-16 10:52:06.125,418.0108129797776,103
2024-09-16 10:52:06.141,418.0903803992776,100
2024-09-16 10:52:06.285,418.0581908845724,96
2024-09-16 10:52:06.353,418.0825736489724,103
2024-09-16 10:52:06.377,418.0776892259789,101
2024-09-16 10:52:06.400,418.0112834489319,7
2024-09-16 10:52:06.436,418.07577357436816,11
2024-09-16 10:52:06.468,418.05055173848046,15
2024-09-16 10:52:06.509,418.03853346570185,104
2024-09-16 10:52:06.538,418.0397491400431,1005
2024-09-16 10:52:06.588,418.0864561193711,103
2024-09-16 10:52:06.672,418.03362801299824,11
2024-09-16 10:52:06.719,418.0546586456312,7
2024-09-16 10:52:06.760,418.0436939524432,103
2024-09-16 10:52:06.775,418.04786279974513,999
2024-09-16 10:52:06.784,418.0014547251199,95
2024-09-16 10:52:06.919,418.111470424376,104
2024-09-16 10:52:06.953,417.9959553646982,1004
2024-09-16 10:52:06.987,418.0288806826362,1002
2024-09-16 10:52:06.997,418.02695123212703,101
2024-09-16 10:52:07.183,417.9985327615764,15
2024-09-16 10:52:07.355,418.0260822815153,15
2024-09-16 10:52:07.581,418.0135971650357,14
2024-09-16 10:52:07.645,418.0011755862922,999
2024-09-16 10:52:07.706,417.9991086894134,105
2024-09-16 10:52:07.824,418.0093725838399,995
2024-09-16 10:52:07.984,418.0241589319335,102
2024-09-16 10:52:08.066,418.0163295463877,98
2024-09-16 10:52:08.070,418.0036358993886,8
2024-09-16 10:52:08.095,418.0107715944852,8
2024-09-16 10:52:08.161,418.0295830950235,99
2024-09-16 10:52:08.162,418.0259583782217,996
2024-09-16 10:52:08.230,418.02751746980624,998
2024-09-16 10:52:08.292,418.0215723706961,1001
2024-09-16 10:52:08.309,418.02681380978754,98
2024-09-16 10:52:08.330,418.01538478447816,13
2024-09-16 10:52:08.351,418.0170634711424,995
2024-09-16 10:52:08.355,418.0025635258494,102
2024-09-16 10:52:08.384,417.99495946906376,11
2024-09-16 10:52:08.402,418.0246860241079,15
2024-09-16 10:52:08.414,418.0198276509275,1002
2024-09-16 10:52:08.438,418.0219452995504,995
2024-09-16 10:52:08.614,417.9989256799655,1003
2024-09-16 10:52:08.622,418.0295857021801,14
2024-09-16 10:52:08.654,418.0194642648529,104
2024-09-16 10:52:08.760,418.03181723645,9
2024-09-16 10:52:08.852,418.0331543787863,998
2024-09-16 10:52:08.853,418.0186020602498,97
2024-09-16 10:52:08.945,418.0063993916618,1002
2024-09-16 10:52:09.086,418.0408073934093,999
2024-09-16 10:52:09.298,418.0363925595873,7
2024-09-16 10:52:09.327,418.0262740181816,99
2024-09-16 10:52:09.380,418.0349473010783,100
2024-09-16 10:52:09.399,418.0369192097497,1001
2024-09-16 10:52:09.410,418.0393169848915,99
2024-09-16 10:52:09.510,418.0453494341015,99
2024-09-16 10:52:09.755,418.02689700502,996
2024-09-16 10:52:10.717,418.0569043625198,5
2024-09-16 10:52:11.188,418.0257858862614,15
2024-09-16 10:52:11.202,418.04674537025215,105
2024-09-16 10:52:11.341,,14
2024-09-16 10:52:11.442,418.0324316027545,1002
2024-09-16 10:52:11.507,418.0671211082057,96
2024-09-16 10:52:11.514,418.0709141948016,98
2024-09-16 10:52:11.536,418.0623856558191,100
2024-09-16 10:52:11.580,418.0601739229826,7
2024-09-16 10:52:11.583,418.0330861937745,12
2024-09-16 10:52:11.707,418.0545926232638,997
2024-09-16 10:52:11.864,418.0267797079303,100
2024-09-16 10:52:11.882,418.058338297365,995
2024-09-16 10:52:12.012,418.01905089803154,1000
2024-09-16 10:52:12.370,418.0073882864863,13
2024-09-16 10:52:12.395,418.05330445222734,10
2024-09-16 10:52:12.535,418.0561851559709,105
2024-09-16 10:52:12.574,418.0405160429789,999
2024-09-16 10:52:12.582,418.04807288372257,1000
2024-09-16 10:52:12.589,418.0335746895316,13
2024-09-16 10:52:12.704,417.99940190540985,12
2024-09-16 10:52:12.772,418.0057019351864,995
2024-09-16 10:52:12.777,418.00751413905374,98
2024-09-16 10:52:12.828,418.04184639146143,97
2024-09-16 10:52:12.919,418.0368445414635,5
2024-09-16 10:52:12.957,418.0313901701603,1001
2024-09-16 10:52:13.108,417.965839415972,104
2024-09-16 10:52:13.510,417.9635950598693,996
2024-09-16 10:52:13.865,417.9785631603257,103
2024-09-16 10:52:14.029,417.9433803172201,96
2024-09-16 10:52:14.050,417.9463162931266,101
2024-09-16 10:52:14.080,417.9608066154005,100
2024-09-16 10:52:14.135,417.95738881224526,8
2024-09-16 10:52:14.170,417.9714426458845,5
2024-09-16 10:52:14.184,417.96342806076046,101
2024-09-16 10:52:14.186,417.96277277322446,101
2024-09-16 10:52:14.203,417.9550242091472,8
2024-09-16 10:52:14.294,417.9440517150946,8
2024-09-16 10:52:14.299,417.9333258531704,10
2024-09-16 10:52:14.335,417.9513569780168,1000
2024-09-16 10:52:14.362,417.95725249737137,97
2024-09-16 10:52:14.363,-417.9324544066059,98
2024-09-16 10:52:14.389,417.97050242621657,97
2024-09-16 10:52:14.448,417.9418110736242,13
2024-09-16 10:52:14.500,417.9640252264808,1000
2024-09-16 10:52:14.548,417.94767432849216,97
2024-09-16 10:52:14.562,417.97811565001615,1000
2024-09-16 10:52:14.688,417.9433782874378,13
2024-09-16 10:52:14.717,417.9338661620598,102
2024-09-16 10:52:14.725,417.9628189228036,96
2024-09-16 10:52:14.732,417.9419919106296,1001
2024-09-16 10:52:14.747,417.965359382082,999
2024-09-16 10:52:14.813,418.0005811393902,995
2024-09-16 10:52:14.814,417.94423871495496,11
2024-09-16 10:52:14.833,417.97446901201903,98
2024-09-16 10:52:14.846,417.9901821600537,998
2024-09-16 10:52:14.887,417.9409063092824,1000
2024-09-16 10:52:14.903,418.0067249782175,13
2024-09-16 10:52:15.062,418.01929284511766,101
2024-09-16 10:52:15.101,417.9845751754038,95
2024-09-16 10:52:15.114,417.9986859049194,5
2024-09-16 10:52:15.117,417.9707488253789,1001
2024-09-16 10:52:15.139,418.0270266685261,99
2024-09-16 10:52:15.172,418.0311298389862,997
2024-09-16 10:52:15.260,417.9877380434076,13
2024-09-16 10:52:15.285,418.0127783147789,1000
2024-09-16 10:52:15.287,418.03965087560346,97
2024-09-16 10:52:15.302,418.0161717608532,5
2024-09-16 10:52:15.333,417.9553091158694,13
2024-09-16 10:52:15.349,418.03859385741663,100
2024-09-16 10:52:15.386,417.966411605123,7
2024-09-16 10:52:15.427,418.0123309122127,999
2024-09-16 10:52:15.433,418.0315061535824,11
2024-09-16 10:52:15.465,418.024588057206,6
2024-09-16 10:52:15.471,417.9958528424991,1002
2024-09-16 10:52:15.600,418.0170482670601,102
2024-09-16 10:52:15.604,417.9940766362964,999
2024-09-16 10:52:15.622,417.9539211479905,997
2024-09-16 10:52:15.690,418.05411996516943,1000
2024-09-16 10:52:15.727,417.9851747568832,10
2024-09-16 10:52:15.799,417.98972719868107,102
2024-09-16 10:52:15.816,418.03101217035777,998
2024-09-16 10:52:15.829,417.9816788785324,1005
2024-09-16 10:52:15.833,418.03822119245706,99
2024-09-16 10:52:15.835,417.96623822940194,6
2024-09-16 10:52:15.913,418.0013653961896,998
2024-09-16 10:52:15.916,418.0237223354719,95
2024-09-16 10:52:15.943,418.0343423262349,10
2024-09-16 10:52:16.564,418.0565449078743,100
2024-09-16 10:52:16.622,418.0440670595647,96
2024-09-16 10:52:16.667,418.0429857117603,15
2024-09-16 10:52:16.763,418.0446331431944,1002
2024-09-16 10:52:16.888,418.0360694539402,995
2024-09-16 10:52:17.030,418.0108939794413,6
2024-09-16 10:52:17.123,418.03368634823175,995
2024-09-16 10:52:17.317,418.0211966465526,104
2024-09-16 10:52:17.321,417.9939987012568,13
2024-09-16 10:52:17.391,418.04124033291646,12
2024-09-16 10:52:17.486,418.02233657284586,101
2024-09-16 10:52:17.540,418.0073309552346,98
2024-09-16 10:52:17.685,418.0239068262073,103
2024-09-16 10:52:17.856,418.0415084944399,996
2024-09-16 10:52:17.956,418.0212781470794,1005
2024-09-16 10:52:18.317,417.9794996163496,9
2024-09-16 10:52:18.785,417.9841634431744,98
2024-09-16 10:52:19.157,417.9183969472351,9
2024-09-16 10:52:19.420,417.9581547090736,12
2024-09-16 10:52:19.596,417.9666150873233,1001
2024-09-16 10:52:19.597,417.9278904312652,997
2024-09-16 10:52:19.950,417.9664295037382,101
2024-09-16 10:52:19.997,417.9496828957252,98
2024-09-16 10:52:20.333,417.9110819095514,98
2024-09-16 10:52:20.788,417.88900999600594,101
2024-09-16 10:52:21.003,417.91933078364434,5
2024-09-16 10:52:21.105,417.9295617562501,1001
2024-09-16 10:52:21.148,417.9246812187343,96
2024-09-16 10:52:21.151,417.919253895748,13
2024-09-16 10:52:21.237,417.9097978325211,11
2024-09-16 10:52:21.274,417.90501695215846,1003
2024-09-16 10:52:21.556,417.9254565216685,15
2024-09-16 10:52:21.560,417.94842958729447,99
2024-09-16 10:52:21.610,417.9139220271015,11
2024-09-16 10:52:21.652,417.9205476375699,105
2024-09-16 10:52:21.780,417.9072957136702,8
2024-09-16 10:52:21.917,417.946243252065,5
2024-09-16 10:52:21.982,417.9385407361631,1001
2024-09-16 10:52:22.010,417.8768549797927,14
2024-09-16 10:52:22.036,417.90641432679496,96
2024-09-16 10:52:22.086,417.9713777080512,98
2024-09-16 10:52:22.104,417.8702256815668,103
2024-09-16 10:52:22.125,417.8823259600352,103
2024-09-16 10:52:22.177,417.911363402692,98
2024-09-16 10:52:22.189,417.879917044222,9
2024-09-16 10:52:22.195,417.9429097441971,997
2024-09-16 10:52:22.229,417.94294907697326,998
2024-09-16 10:52:22.293,417.9265503085622,99
2024-09-16 10:52:22.348,417.9468338932396,104
2024-09-16 10:52:22.398,417.89337567864544,103
2024-09-16 10:52:22.403,417.90827653398657,1001
2024-09-16 10:52:22.444,417.9252340283391,996
2024-09-16 10:52:22.444,417.93921662685466,103
2024-09-16 10:52:22.532,417.9704206698254,96
2024-09-16 10:52:22.559,417.9427016381989,105
2024-09-16 10:52:22.578,417.9632465184848,13
2024-09-16 10:52:22.592,417.9385190189079,7
2024-09-16 10:52:22.667,417.9547641322808,6
2024-09-16 10:52:22.671,417.9200291158439,6
2024-09-16 10:52:22.743,417.90021606800366,99
2024-09-16 10:52:22.782,417.9346376420613,100
2024-09-16 10:52:22.784,417.9144563015605,104
2024-09-16 10:52:22.889,417.9270120471704,104
2024-09-16 10:52:22.937,417.8864782809099,10
2024-09-16 10:52:22.999,417.9156542996889,995
2024-09-16 10:52:23.012,417.9779303986916,6
2024-09-16 10:52:23.151,417.9885074279172,11
2024-09-16 10:52:23.225,417.99198379770047,1003
2024-09-16 10:52:23.271,417.9522457846053,999
2024-09-16 10:52:23.298,417.9636836117645,10
2024-09-16 10:52:23.340,417.98932340105233,97
2024-09-16 10:52:23.542,-417.9890402338437,1004
2024-09-16 10:52:23.700,417.97290054865,105
2024-09-16 10:52:23.757,,99
2024-09-16 10:52:23.760,417.9619716827016,7
2024-09-16 10:52:23.796,417.97060204232736,14
2024-09-16 10:52:23.991,417.9744579372526,12
2024-09-16 10:52:24.042,417.959509184824,996
2024-09-16 10:52:24.074,417.9436336026741,1000
2024-09-16 10:52:24.081,417.9392644337723,15
2024-09-16 10:52:24.114,417.95877393131457,13
2024-09-16 10:52:24.261,417.9691220841214,997
2024-09-16 10:52:24.424,417.95886969954495,9
2024-09-16 10:52:24.434,417.94778672716006,9
2024-09-16 10:52:24.478,417.93955289605015,999
2024-09-16 10:52:24.590,417.95976552791376,999
2024-09-16 10:52:24.725,417.9692442557931,1002
2024-09-16 10:52:24.792,417.9853062863801,98
2024-09-16 10:52:24.856,417.9415432478226,996
2024-09-16 10:52:25.088,417.9343044147949,5
2024-09-16 10:52:26.013,417.9619311157194,7
2024-09-16 10:52:26.043,417.93946194017417,11
2024-09-16 10:52:26.104,417.9324559194864,95
2024-09-16 10:52:26.182,417.9561838592203,7
2024-09-16 10:52:26.209,417.94849141780895,12
2024-09-16 10:52:26.426,417.9566252764035,998
2024-09-16 10:52:26.439,,9
2024-09-16 10:52:26.442,417.9519548584726,9
2024-09-16 10:52:26.492,417.9538005788769,14
2024-09-16 10:52:26.674,417.9276328042181,13
2024-09-16 10:52:26.723,417.9511155105129,1002
2024-09-16 10:52:26.825,417.9518425856182,103
2024-09-16 10:52:27.019,417.9734520669096,995
2024-09-16 10:52:27.019,417.968452638907,5
2024-09-16 10:52:27.071,417.9487531372057,99
2024-09-16 10:52:27.161,417.9461788575312,8
2024-09-16 10:52:27.185,417.97477183326777,1001
2024-09-16 10:52:27.215,417.9801840675039,996
2024-09-16 10:52:27.217,417.95958970768265,14
2024-09-16 10:52:27.230,417.9439135344011,101
2024-09-16 10:52:27.249,417.9817547696995,100
2024-09-16 10:52:27.292,417.94609486202063,9
2024-09-16 10:52:27.344,417.9555591710538,1004
2024-09-16 10:52:27.354,417.9812014074932,97
2024-09-16 10:52:27.425,417.9673230159141,102
2024-09-16 10:52:27.518,417.9754810299268,99
2024-09-16 10:52:27.538,417.95841803496944,9
2024-09-16 10:52:27.562,417.9756479752512,105
2024-09-16 10:52:27.639,417.99010470081777,11
2024-09-16 10:52:27.651,417.9886097304096,995
2024-09-16 10:52:27.662,417.9592984691743,1000
2024-09-16 10:52:27.676,417.9764232398892,6
2024-09-16 10:52:27.746,417.9400739364815,97
2024-09-16 10:52:27.770,417.9757427247499,1004
2024-09-16 10:52:27.786,417.9536729958807,10
2024-09-16 10:52:27.935,417.9503321954244,13
2024-09-16 10:52:27.941,417.9460165453448,9
2024-09-16 10:52:27.943,417.9355477176696,1002
2024-09-16 10:52:27.946,418.0018461811979,99
2024-09-16 10:52:27.959,417.948822914228,105
2024-09-16 10:52:28.065,418.00043248303206,96
2024-09-16 10:52:28.125,417.9995013656168,96
2024-09-16 10:52:28.204,417.9931550212287,1005
2024-09-16 10:52:28.247,417.9861587733776,14
2024-09-16 10:52:28.341,417.9750645951663,1001
2024-09-16 10:52:28.364,417.9952078848433,999
2024-09-16 10:52:28.413,417.98201412479415,6
2024-09-16 10:52:28.419,418.000352483483,101
2024-09-16 10:52:28.443,417.99460609290384,1003
2024-09-16 10:52:28.466,418.01214747333904,10
2024-09-16 10:52:28.508,417.98225867476185,101
2024-09-16 10:52:28.534,417.9682604815767,97
2024-09-16 10:52:28.626,418.0056280331861,103
2024-09-16 10:52:28.730,418.0048201266422,96
2024-09-16 10:52:28.756,417.9743802273909,7
2024-09-16 10:52:28.767,417.9714586815885,101
2024-09-16 10:52:28.806,417.9943631762313,995
2024-09-16 10:52:28.979,417.9633133124442,102
2024-09-16 10:52:29.009,418.08473817875296,98
2024-09-16 10:52:29.034,418.09700636830814,10
2024-09-16 10:52:29.073,418.10935606788,98
2024-09-16 10:52:29.107,418.05273933321433,8
2024-09-16 10:52:29.190,418.0770771914478,105
2024-09-16 10:52:29.212,418.05575340188943,95
2024-09-16 10:52:29.257,418.0994151621008,996
2024-09-16 10:52:29.289,418.0499998181215,13
2024-09-16 10:52:29.339,418.0392824364905,997
2024-09-16 10:52:29.358,418.08717784231567,104
2024-09-16 10:52:29.358,418.0801773061708,103
2024-09-16 10:52:29.367,418.0698219919683,11
2024-09-16 10:52:29.496,418.088236178853,6
2024-09-16 10:52:29.504,418.0883009368308,1003
2024-09-16 10:52:29.512,418.0873175127238,7
2024-09-16 10:52:29.537,418.0896229470912,1004
2024-09-16 10:52:29.583,418.0673515810265,102
2024-09-16 10:52:29.591,418.0948732194984,5
2024-09-16 10:52:29.718,,998
2024-09-16 10:52:29.724,418.0899390113332,1002
2024-09-16 10:52:29.770,418.0964045845616,101
2024-09-16 10:52:29.871,418.03797758880233,100
2024-09-16 10:52:29.904,418.0406119073713,1002
2024-09-16 10:52:29.940,418.0789319061383,999
2024-09-16 10:52:29.945,418.0736506085625,105
2024-09-16 10:52:29.964,418.0935050895928,1003
2024-09-16 10:52:30.206,418.0934919001738,14
2024-09-16 10:52:30.381,418.1243113071467,100
2024-09-16 10:52:30.685,418.1048251296503,1003
2024-09-16 10:52:30.868,418.1087013799765,105
2024-09-16 10:52:30.934,418.12549140063646,100
2024-09-16 10:52:31.076,418.10580242855366,104
2024-09-16 10:52:31.146,418.1282610199398,99
2024-09-16 10:52:31.199,418.093831755604,96
2024-09-16 10:52:31.231,418.1116744041043,6
2024-09-16 10:52:31.259,418.131735442092,96
2024-09-16 10:52:31.330,418.0943432484493,5
2024-09-16 10:52:31.342,418.1165815592509,1003
2024-09-16 10:52:31.422,418.1245333291809,95
2024-09-16 10:52:31.554,418.0947792755686,100
2024-09-16 10:52:31.571,418.100136718124,1005
2024-09-16 10:52:31.608,418.1320486876781,98
2024-09-16 10:52:31.689,418.1060566062411,103
2024-09-16 10:52:31.719,418.116729414685,99
2024-09-16 10:52:31.777,418.1315171990929,105
2024-09-16 10:52:31.988,418.0779377200548,101
2024-09-16 10:52:32.097,418.08806929623927,998
2024-09-16 10:52:33.017,418.0334035749997,7
2024-09-16 10:52:33.114,418.0752942676247,13
2024-09-16 10:52:33.221,418.0261206477464,9
2024-09-16 10:52:33.284,418.04673525813536,97
2024-09-16 10:52:33.487,418.0667104848305,96
2024-09-16 10:52:33.548,,995
2024-09-16 10:52:33.980,418.0736874131542,97
2024-09-16 10:52:34.034,417.997946714812,105
2024-09-16 10:52:34.150,418.00120410066216,1002
2024-09-16 10:52:34.162,418.0310110448765,99
2024-09-16 10:52:34.167,417.9924420831285,105
2024-09-16 10:52:34.177,417.993755170947,102
2024-09-16 10:52:34.261,418.0263602101711,6
2024-09-16 10:52:34.292,418.0191849820689,1000
2024-09-16 10:52:34.423,417.98018166176286,995
2024-09-16 10:52:34.429,418.0154095252937,996
2024-09-16 10:52:34.474,418.0290673026245,14
2024-09-16 10:52:34.600,417.9966849076378,96
2024-09-16 10:52:34.642,417.96608906136726,1003
2024-09-16 10:52:34.699,417.97553169346793,1005
2024-09-16 10:52:34.816,417.9719815004814,97
2024-09-16 10:52:34.888,418.0178995417482,15
2024-09-16 10:52:34.912,418.0125435601481,1004
2024-09-16 10:52:35.008,417.9976529320214,101
2024-09-16 10:52:35.054,417.9789005665433,11
2024-09-16 10:52:35.064,417.991716239248,999
2024-09-16 10:52:35.088,417.9774976500892,998
2024-09-16 10:52:35.168,417.9835625124634,12
2024-09-16 10:52:35.240,417.9995564451818,997
2024-09-16 10:52:35.289,417.98782346375225,105
2024-09-16 10:52:35.357,418.0169640237654,10
2024-09-16 10:52:35.441,417.9953329636851,12
2024-09-16 10:52:35.453,417.9961092169597,995
2024-09-16 10:52:35.546,417.9992370750792,1000
2024-09-16 10:52:35.571,418.0068055671547,999
2024-09-16 10:52:35.622,417.9866045690691,5
2024-09-16 10:52:35.628,417.9901604303667,96
2024-09-16 10:52:35.644,417.9677216969831,1005
2024-09-16 10:52:35.682,418.0050667063149,99
2024-09-16 10:52:35.698,417.9971240607409,997
2024-09-16 10:52:35.855,417.9863071901892,99
2024-09-16 10:52:35.858,418.0128970372041,1003
2024-09-16 10:52:35.899,417.9849771956416,7
2024-09-16 10:52:35.911,417.9879085510372,105
2024-09-16 10:52:35.926,417.9948650239934,104
2024-09-16 10:52:36.468,417.9744532977813,12
2024-09-16 10:52:37.096,417.9182662816098,999
2024-09-16 10:52:37.395,417.9390036799183,6
2024-09-16 10:52:37.413,417.9153418995918,96
2024-09-16 10:52:37.503,417.9605524491885,11
2024-09-16 10:52:37.605,417.9546936513526,105
2024-09-16 10:52:37.677,418.0060711393636,104
2024-09-16 10:52:37.716,417.9911371030784,1005
2024-09-16 10:52:37.817,417.9760397628365,1003
2024-09-16 10:52:37.991,417.9750977461887,7
2024-09-16 10:52:38.005,417.9112703099372,7
2024-09-16 10:52:38.025,417.9216900510602,5
2024-09-16 10:52:38.093,417.9269405383124,105
2024-09-16 10:52:38.171,417.9117561179869,97
2024-09-16 10:52:38.176,417.86866358070125,103
2024-09-16 10:52:38.221,417.9394029644382,103
2024-09-16 10:52:38.250,417.8812702559506,10
2024-09-16 10:52:38.355,417.898809436662,5
2024-09-16 10:52:38.367,417.9071995385781,1001
2024-09-16 10:52:38.395,417.8876579320654,11
2024-09-16 10:52:38.457,417.898886274146,998
2024-09-16 10:52:38.501,417.9330930703288,1005
2024-09-16 10:52:38.513,417.91236700209583,100
2024-09-16 10:52:38.582,417.88769138682864,95
2024-09-16 10:52:38.637,417.9009599384086,98
2024-09-16 10:52:38.690,417.8748688406728,101
2024-09-16 10:52:38.726,417.90047417776384,11
2024-09-16 10:52:38.728,417.935774245878,11
2024-09-16 10:52:38.731,417.9248346508087,10
2024-09-16 10:52:38.735,417.91814320178696,8
2024-09-16 10:52:38.776,417.8943638464638,1003
2024-09-16 10:52:38.779,417.8580209475421,997
2024-09-16 10:52:38.846,417.8748020768024,7
2024-09-16 10:52:38.886,417.9258522683952,102
2024-09-16 10:52:38.887,417.9123585090073,95
2024-09-16 10:52:38.891,417.92865796231433,997
2024-09-16 10:52:38.929,417.8642172754823,13
2024-09-16 10:52:39.048,417.9195553406293,9
2024-09-16 10:52:39.110,417.94146807108245,96
2024-09-16 10:52:39.299,417.91537563741616,96
2024-09-16 10:52:39.302,,995
2024-09-16 10:52:39.329,417.9406122390846,12
2024-09-16 10:52:39.397,417.9154632990964,96
2024-09-16 10:52:39.424,417.9474413383844,103
2024-09-16 10:52:39.452,417.9235578120757,1005
2024-09-16 10:52:39.596,417.94534514616674,1002
2024-09-16 10:52:39.617,,103
2024-09-16 10:52:39.731,417.9711044098783,100
2024-09-16 10:52:39.778,417.9310626299128,14
2024-09-16 10:52:39.783,417.9173713987743,14
2024-09-16 10:52:39.825,417.934676949755,6
2024-09-16 10:52:39.946,417.94139513950137,6
2024-09-16 10:52:40.020,417.94524834313415,103
2024-09-16 10:52:40.203,417.95147834151567,103
2024-09-16 10:52:40.240,417.9721304092424,99
2024-09-16 10:52:40.537,417.9678248527102,1000
2024-09-16 10:52:40.653,417.9418969273815,12
2024-09-16 10:52:41.018,417.9574190754821,95
2024-09-16 10:52:41.130,41.79790625878009,11
2024-09-16 10:52:41.139,417.9494019148959,7
2024-09-16 10:52:41.296,417.96239926890814,1001
2024-09-16 10:52:41.306,417.9174191247026,98
2024-09-16 10:52:41.357,417.9417657830349,101
2024-09-16 10:52:41.374,417.9501743520016,95
2024-09-16 10:52:41.425,417.93083116151735,1004
2024-09-16 10:52:41.448,417.91226466840425,96
2024-09-16 10:52:41.456,417.9796051440212,1003
2024-09-16 10:52:41.468,417.9303637964949,99
2024-09-16 10:52:41.513,417.93425913313627,102
2024-09-16 10:52:41.566,417.9471584752274,1002
2024-09-16 10:52:41.571,417.932406265178,1000
2024-09-16 10:52:41.598,417.91863159703024,104
2024-09-16 10:52:41.647,417.9045401478761,104
2024-09-16 10:52:41.667,417.9191404976049,100
2024-09-16 10:52:41.681,417.9216769332338,15
2024-09-16 10:52:41.770,417.9100423272191,1001
2024-09-16 10:52:41.795,417.9230541797236,996
2024-09-16 10:52:41.796,417.9237201656552,95
2024-09-16 10:52:41.816,417.9578726838796,1003
2024-09-16 10:52:41.845,417.9113577154188,1004
2024-09-16 10:52:41.877,417.9092939539759,1004
2024-09-16 10:52:41.889,417.9263100287257,8
2024-09-16 10:52:41.898,417.9379052394007,14
2024-09-16 10:52:41.983,417.9568155715298,105
2024-09-16 10:52:42.205,417.91812336207073,7
2024-09-16 10:52:43.123,417.9333874468071,12
2024-09-16 10:52:44.019,417.9065433678904,5
2024-09-16 10:52:44.040,417.9083099405339,995
2024-09-16 10:52:44.134,417.91058729681816,101
2024-09-16 10:52:44.146,417.9418024710936,15
2024-09-16 10:52:44.182,417.9054031237452,1001
2024-09-16 10:52:44.259,417.9333477712157,8
2024-09-16 10:52:44.277,417.9095333413972,102
2024-09-16 10:52:44.320,417.8922530772393,97
2024-09-16 10:52:44.337,417.8947920337953,5
2024-09-16 10:52:44.363,417.9257634361336,10
2024-09-16 10:52:44.382,417.9593538262099,996
2024-09-16 10:52:44.548,417.9034876235447,6
2024-09-16 10:52:44.572,417.966641993612,5
2024-09-16 10:52:44.609,417.9477948048973,7
2024-09-16 10:52:44.627,417.8955633757837,97
2024-09-16 10:52:44.692,417.9043750440984,7
2024-09-16 10:52:44.720,417.9034898944943,96
2024-09-16 10:52:44.811,417.8994139166471,10
2024-09-16 10:52:44.854,417.9209534968113,7
2024-09-16 10:52:44.857,417.88928336107,98
2024-09-16 10:52:44.870,417.97995858467846,101
2024-09-16 10:52:44.891,417.907531752646,995
2024-09-16 10:52:44.895,417.8990488494632,11
2024-09-16 10:52:44.899,417.9096798455252,998
2024-09-16 10:52:44.911,417.912973772938,997
2024-09-16 10:52:45.047,417.9465309794805,8
2024-09-16 10:52:45.281,418.0092307670444,99
2024-09-16 10:52:45.419,417.95839485752566,105
2024-09-16 10:52:45.557,418.0108725933708,13
2024-09-16 10:52:45.558,417.95695773422256,103
2024-09-16 10:52:45.638,-418.0112472576399,10
2024-09-16 10:52:45.676,417.9664912992832,999
2024-09-16 10:52:45.694,417.98971522556064,1001
2024-09-16 10:52:45.745,418.0101186546216,11
2024-09-16 10:52:45.839,418.0051808174565,95
2024-09-16 10:52:45.856,417.99031692858455,1001
2024-09-16 10:52:45.898,417.9898560939811,98
2024-09-16 10:52:46.014,417.9368138730464,15
2024-09-16 10:52:46.149,417.9264462041154,104
2024-09-16 10:52:46.171,417.88167756192064,14
2024-09-16 10:52:46.173,417.93901339116377,998
2024-09-16 10:52:46.179,417.9130604603279,1005
2024-09-16 10:52:46.245,417.9414932522965,998
2024-09-16 10:52:46.254,-417.8591537510066,1001
2024-09-16 10:52:46.297,417.86169395335287,1001
2024-09-16 10:52:46.303,417.8454200636867,15
2024-09-16 10:52:46.444,417.9556415974705,1004
2024-09-16 10:52:46.526,417.9700174332032,12
2024-09-16 10:52:46.594,417.8344635011039,1000
2024-09-16 10:52:46.669,417.8585128649333,998
2024-09-16 10:52:46.670,417.9569382549651,1000
2024-09-16 10:52:46.735,417.8563142993804,1002
2024-09-16 10:52:46.787,417.8558595756497,998
2024-09-16 10:52:46.813,417.83529879392967,14
2024-09-16 10:52:46.854,417.87334708415,8
2024-09-16 10:52:46.902,417.9651885388829,996
2024-09-16 10:52:46.908,417.94033822258825,103
2024-09-16 10:52:46.945,417.9223205713614,5
2024-09-16 10:52:46.951,417.90938558637305,11
2024-09-16 10:52:46.962,417.86070349658553,95
2024-09-16 10:52:47.029,417.8589715465859,1003
2024-09-16 10:52:47.040,417.8506964427257,100
2024-09-16 10:52:47.102,417.8571683845561,12
2024-09-16 10:52:47.124,417.85046732296246,100
2024-09-16 10:52:47.144,417.77778190920594,15
2024-09-16 10:52:47.200,417.7849895674892,98
2024-09-16 10:52:47.299,417.8042956301319,103
2024-09-16 10:52:47.308,417.7920398297834,97
2024-09-16 10:52:47.408,417.7966084449261,1000
2024-09-16 10:52:47.535,417.83195409813897,103
2024-09-16 10:52:47.590,417.7789361358804,95
2024-09-16 10:52:47.612,417.8086583656241,1004
2024-09-16 10:52:47.907,417.8189024723877,7
2024-09-16 10:52:48.025,417.8141687034904,1003
2024-09-16 10:52:48.046,417.8329690954256,103
2024-09-16 10:52:48.083,417.8069144048452,100
2024-09-16 10:52:48.091,417.8005058092635,102
2024-09-16 10:52:48.142,417.7738495899849,99
2024-09-16 10:52:48.233,417.80357541860593,1003
2024-09-16 10:52:48.245,417.77508815146126,1002
2024-09-16 10:52:48.285,417.79996963430153,95
2024-09-16 10:52:48.300,417.7699451171344,5
2024-09-16 10:52:48.336,417.8067308505194,13
2024-09-16 10:52:48.346,417.7716875185738,9
2024-09-16 10:52:48.391,417.7974750586463,97
2024-09-16 10:52:48.408,417.8140861962727,8
2024-09-16 10:52:48.411,417.7837210247749,11
2024-09-16 10:52:48.464,417.7790185771301,995
2024-09-16 10:52:48.487,417.7960928323846,999
2024-09-16 10:52:48.490,417.8092566982245,102
2024-09-16 10:52:48.503,417.8090426755596,103
2024-09-16 10:52:48.538,417.78578613883946,1004
2024-09-16 10:52:48.557,417.7848769144605,8
2024-09-16 10:52:48.560,417.7662321521786,999
2024-09-16 10:52:48.595,417.8064861310332,1001
2024-09-16 10:52:48.630,417.77970093576175,12
2024-09-16 10:52:48.665,417.7888944081439,10
2024-09-16 10:52:48.806,417.8203291511655,15
2024-09-16 10:52:48.820,417.7908707790854,1005
2024-09-16 10:52:48.845,417.80537554238833,8
2024-09-16 10:52:48.882,417.7843169406989,105
2024-09-16 10:52:48.932,417.77995422162655,1004
2024-09-16 10:52:48.966,417.8232397391743,104
2024-09-16 10:52:49.019,417.7664925497282,1000
2024-09-16 10:52:49.074,417.8359693377793,995
2024-09-16 10:52:49.084,417.7971652004536,5
2024-09-16 10:52:49.085,417.8031238944925,1003
2024-09-16 10:52:49.088,417.78052357417687,999
2024-09-16 10:52:49.110,417.7857785884474,14
2024-09-16 10:52:49.208,417.7713327477167,5
2024-09-16 10:52:49.222,417.8204295795387,1003
2024-09-16 10:52:49.272,417.7783598388676,1001
2024-09-16 10:52:49.284,417.8453659128325,1003
2024-09-16 10:52:49.289,417.775258125078,10
2024-09-16 10:52:49.363,417.79521941995057,102
2024-09-16 10:52:49.393,417.8074716242748,8
2024-09-16 10:52:49.402,417.8133948931047,15
2024-09-16 10:52:49.407,417.8001752399729,5
2024-09-16 10:52:49.438,417.7920118323342,8
2024-09-16 10:52:49.484,417.8187948882576,10
2024-09-16 10:52:49.519,417.7708637549965,101
2024-09-16 10:52:49.611,417.7887805156071,1004
2024-09-16 10:52:49.635,417.8024776058283,7
2024-09-16 10:52:49.654,417.78412926794505,12
2024-09-16 10:52:49.717,417.8281836159674,13
2024-09-16 10:52:49.815,417.80213604570105,103
2024-09-16 10:52:49.908,417.7909687203935,7
2024-09-16 10:52:49.911,417.8144000245891,102
2024-09-16 10:52:49.938,417.7972081099791,13
2024-09-16 10:52:49.970,417.8169318548268,96
2024-09-16 10:52:50.823,417.780463484926,996
2024-09-16 10:52:51.103,417.7893622896605,1005
2024-09-16 10:52:51.348,417.7962972257057,104
2024-09-16 10:52:51.392,417.7905972034095,15
2024-09-16 10:52:51.550,417.7956031222113,103
2024-09-16 10:52:51.815,417.7992250602523,101
2024-09-16 10:52:51.875,417.77431161735257,995
2024-09-16 10:52:52.297,417.8102978385637,9
2024-09-16 10:52:52.672,417.80080885871627,97
2024-09-16 10:52:53.031,417.8077262782825,5
2024-09-16 10:52:53.081,417.8001215021724,97
2024-09-16 10:52:53.163,417.7992830970485,996
2024-09-16 10:52:53.428,417.81391934286233,13
2024-09-16 10:52:53.474,417.8283290421929,95
2024-09-16 10:52:53.545,417.8159576086705,104
2024-09-16 10:52:53.859,417.8148341907266,14
2024-09-16 10:52:54.070,417.790826133844,999
2024-09-16 10:52:54.083,417.7753291691621,96
2024-09-16 10:52:54.121,417.8024624811024,11
2024-09-16 10:52:54.133,417.81883064765583,105
2024-09-16 10:52:54.153,417.7951575358912,9
2024-09-16 10:52:54.315,417.7902641049928,99
2024-09-16 10:52:54.322,417.79648348741335,100
2024-09-16 10:52:54.345,417.7477366466143,996
2024-09-16 10:52:54.426,417.8087436003773,15
2024-09-16 10:52:54.479,417.8152471754759,105
2024-09-16 10:52:54.494,417.785306953527,96
2024-09-16 10:52:54.555,417.7796587721264,11
2024-09-16 10:52:54.589,417.7509287185474,97
2024-09-16 10:52:54.589,417.7897990880485,8
2024-09-16 10:52:54.591,417.80212122486574,5
2024-09-16 10:52:54.819,417.79966094333247,99
2024-09-16 10:52:54.871,417.7680656798903,6
2024-09-16 10:52:54.894,417.7442988138553,998
2024-09-16 10:52:54.919,417.80140967591393,5
2024-09-16 10:52:54.928,417.8006587805025,8
2024-09-16 10:52:54.954,417.7565232257475,7
2024-09-16 10:52:54.983,417.7970908009885,102
2024-09-16 10:52:55.089,417.7783785716292,101
2024-09-16 10:52:55.159,417.75836929082175,1001
2024-09-16 10:52:55.212,417.7609732574314,102
2024-09-16 10:52:55.221,417.75300743266246,13
2024-09-16 10:52:55.237,41.775323862905,997
2024-09-16 10:52:55.278,417.7392887280744,105
2024-09-16 10:52:55.408,417.7505411732763,105
2024-09-16 10:52:55.563,417.7643840811257,13
2024-09-16 10:52:55.659,417.7716033345974,995
2024-09-16 10:52:55.788,417.74473856773335,12
2024-09-16 10:52:55.807,417.79076584278016,12
2024-09-16 10:52:55.816,417.75860746023193,100
2024-09-16 10:52:55.838,417.7532332510357,14
2024-09-16 10:52:56.022,417.666902740264,997
2024-09-16 10:52:56.058,417.68866018473966,97
2024-09-16 10:52:56.129,417.6844085562915,101
2024-09-16 10:52:56.170,417.6694274056043,10
2024-09-16 10:52:56.193,417.6930564109832,6
2024-09-16 10:52:56.201,417.6852868473554,101
2024-09-16 10:52:56.202,417.6969843287209,104
2024-09-16 10:52:56.338,417.7155773225443,1003
2024-09-16 10:52:56.447,417.74251003140216,104
2024-09-16 10:52:56.451,417.7192349781776,7
2024-09-16 10:52:56.491,417.6745265625965,9
2024-09-16 10:52:56.503,417.6837922084877,999
2024-09-16 10:52:56.523,417.73250724381023,996
2024-09-16 10:52:56.544,417.67089684659055,95
2024-09-16 10:52:56.559,417.6714897066603,9
2024-09-16 10:52:56.706,417.6869697449049,11
2024-09-16 10:52:56.772,417.7108031490511,15
2024-09-16 10:52:56.840,417.6981460791401,5
2024-09-16 10:52:56.957,417.6921834269442,99
2024-09-16 10:52:56.959,417.70849202045446,6
2024-09-16 10:52:56.960,417.70268548310617,101
2024-09-16 10:52:56.977,417.682614460697,102
2024-09-16 10:52:57.072,417.63545140904887,1004
2024-09-16 10:52:57.109,417.5815971592583,103
2024-09-16 10:52:57.136,417.5936960283644,14
2024-09-16 10:52:57.139,417.5700693063198,995
2024-09-16 10:52:57.207,417.65218591510165,15
2024-09-16 10:52:57.255,417.6447845405994,13
2024-09-16 10:52:57.282,417.6198314863967,12
2024-09-16 10:52:57.301,417.59189776793096,999
2024-09-16 10:52:57.338,417.62563949043465,13
2024-09-16 10:52:57.420,417.5871003634954,98
2024-09-16 10:52:57.426,417.58109629107366,998
2024-09-16 10:52:57.438,417.5798251239633,97
2024-09-16 10:52:57.490,417.60006584565537,95
2024-09-16 10:52:57.493,417.62657648942667,100
2024-09-16 10:52:57.533,417.6259295511804,1005
2024-09-16 10:52:57.557,417.5734066972964,97
2024-09-16 10:52:57.575,417.62796065473697,98
2024-09-16 10:52:57.604,417.5893521714063,5
2024-09-16 10:52:57.606,417.66602771674695,10
2024-09-16 10:52:57.620,-417.6447179393962,1000
2024-09-16 10:52:57.697,417.59708522443054,1002
2024-09-16 10:52:57.821,417.5812973735513,102
2024-09-16 10:52:57.844,417.6266034525081,999
2024-09-16 10:52:57.871,417.60957192452105,11
2024-09-16 10:52:57.879,417.6393938923349,7
2024-09-16 10:52:57.920,417.6156459245448,9
2024-09-16 10:52:57.960,417.59761392223095,998
2024-09-16 10:52:57.960,417.57619805968704,1004
2024-09-16 10:52:57.963,417.6012606859738,96
2024-09-16 10:52:58.005,417.6482088389361,15
2024-09-16 10:52:58.045,417.6268697874154,8
2024-09-16 10:52:58.054,417.6659013960468,6
2024-09-16 10:52:58.062,417.6007449496015,97
2024-09-16 10:52:58.105,417.5936883204567,101
2024-09-16 10:52:58.173,417.6081817274838,97
2024-09-16 10:52:58.262,417.643003784912,8
2024-09-16 10:52:58.274,417.66437047956697,15
2024-09-16 10:52:58.319,417.6799025046666,1003
2024-09-16 10:52:58.328,417.6383730009205,104
2024-09-16 10:52:58.331,417.6449751855274,1003
2024-09-16 10:52:58.392,417.61747566450737,995
2024-09-16 10:52:58.436,417.63068344824165,103
2024-09-16 10:52:58.440,417.6127142041978,100
2024-09-16 10:52:58.464,417.6844181378036,10
2024-09-16 10:52:58.599,417.6748684511922,98
2024-09-16 10:52:58.720,417.6508992111007,1004
2024-09-16 10:52:58.762,417.6904405758141,97
2024-09-16 10:52:58.890,417.6602654707508,98
2024-09-16 10:52:58.893,417.6793879486019,1001
2024-09-16 10:52:58.930,417.6226738276261,10
2024-09-16 10:52:58.968,417.61830595954615,14
2024-09-16 10:52:59.026,417.7616717225675,12
2024-09-16 10:52:59.033,417.72032689831786,1000
2024-09-16 10:52:59.077,417.67956631942303,1002
2024-09-16 10:52:59.104,417.7013199022855,12
2024-09-16 10:52:59.112,417.7075920408348,1001
2024-09-16 10:52:59.128,417.80208650633097,1005
2024-09-16 10:52:59.238,417.681007713414,1003
2024-09-16 10:52:59.242,417.7206651191128,1003
2024-09-16 10:52:59.320,417.68183775556827,8
2024-09-16 10:52:59.356,417.7077161268711,1001
2024-09-16 10:52:59.394,417.717059122374,100
2024-09-16 10:52:59.463,417.6954600230424,105
2024-09-16 10:52:59.519,417.7954585882193,9
2024-09-16 10:52:59.634,417.66822535510966,1002
2024-09-16 10:52:59.657,417.7042740778355,103
2024-09-16 10:52:59.675,417.7517205641633,995
2024-09-16 10:52:59.695,417.65873767753686,9
2024-09-16 10:52:59.705,417.7407340591227,13
2024-09-16 10:52:59.729,417.8079446432336,5
2024-09-16 10:52:59.805,41.775140165036326,95
2024-09-16 10:52:59.846,417.8110412602193,1003
2024-09-16 10:52:59.849,417.6697018121546,996
2024-09-16 10:52:59.855,417.70324668247,96
2024-09-16 10:52:59.861,417.6953306532242,98
2024-09-16 10:52:59.959,417.7089169424039,104
2024-09-16 10:52:59.975,417.8022423113164,996
