Timestamp,Price,Size
2024-09-16 13:42:00.000,415.0993585573915,1004
2024-09-16 13:42:00.491,415.082102584471,12
2024-09-16 13:42:00.528,415.1194369209411,103
2024-09-16 13:42:00.534,415.1030026245572,12
2024-09-16 13:42:00.560,415.1020420991135,15
2024-09-16 13:42:00.611,415.09854983092526,12
2024-09-16 13:42:00.619,415.0967946599721,7
2024-09-16 13:42:00.663,415.09347914795006,997
2024-09-16 13:42:00.810,415.098821269848,105
2024-09-16 13:42:01.008,415.0969712412958,1000
2024-09-16 13:42:01.029,415.10722159044656,996
2024-09-16 13:42:01.145,415.1095763687419,15
2024-09-16 13:42:01.240,415.0962941075167,100
2024-09-16 13:42:01.286,415.1003644196454,8
2024-09-16 13:42:01.294,415.1087617307012,5
2024-09-16 13:42:01.338,415.1068076805673,15
2024-09-16 13:42:01.370,415.07939546473614,1004
2024-09-16 13:42:01.532,415.10604220362126,14
2024-09-16 13:42:01.724,415.1188178454876,98
2024-09-16 13:42:01.782,415.10117244656897,15
2024-09-16 13:42:01.958,415.0991399368515,104
2024-09-16 13:42:02.077,415.1147750120918,1005
2024-09-16 13:42:02.137,415.07200703839874,104
2024-09-16 13:42:02.336,415.0655979123741,8
2024-09-16 13:42:02.460,415.0924040416451,97
2024-09-16 13:42:02.518,415.0870064944017,104
2024-09-16 13:42:02.539,-415.1026813055882,9
2024-09-16 13:42:02.562,415.1041114070965,1004
2024-09-16 13:42:02.622,415.1042694177175,105
2024-09-16 13:42:02.657,415.0870562444874,1000
2024-09-16 13:42:02.832,415.1234087896544,103
2024-09-16 13:42:02.879,415.0836313059218,95
2024-09-16 13:42:02.896,415.10230105288224,5
2024-09-16 13:42:02.899,415.0919316478564,100
2024-09-16 13:42:02.945,415.1156458645145,105
2024-09-16 13:42:03.044,415.08202304148114,997
2024-09-16 13:42:03.157,415.0995990464473,97
2024-09-16 13:42:03.229,415.1162299018314,997
2024-09-16 13:42:03.372,415.1060969343766,96
2024-09-16 13:42:03.432,415.1264935618517,11
2024-09-16 13:42:03.527,415.098544114379,8
2024-09-16 13:42:03.657,415.0918180224576,998
2024-09-16 13:42:03.763,415.09204819872303,98
2024-09-16 13:42:03.777,415.0773502055041,13
2024-09-16 13:42:03.822,415.12020490897487,996
2024-09-16 13:42:03.967,415.0963376189323,10
2024-09-16 13:42:04.139,415.08549855534943,1003
2024-09-16 13:42:04.290,415.06127699267006,97
2024-09-16 13:42:04.318,415.08721573022746,99
2024-09-16 13:42:04.890,415.0680787748339,98
2024-09-16 13:42:05.127,415.0228617096601,105
2024-09-16 13:42:05.255,415.02526186700254,7
2024-09-16 13:42:05.445,415.0450757480384,1000
2024-09-16 13:42:05.794,415.02694679234736,995
2024-09-16 13:42:06.092,414.9963789175336,1005
2024-09-16 13:42:06.130,415.01974228078086,10
2024-09-16 13:42:06.137,415.0234981090381,102
2024-09-16 13:42:06.142,415.0348241058355,1000
2024-09-16 13:42:06.187,-415.010898121393,7
2024-09-16 13:42:06.208,415.0233357716857,1000
2024-09-16 13:42:06.282,415.0457993780596,995
2024-09-16 13:42:06.285,415.05974539979,9
2024-09-16 13:42:06.350,415.0263403161414,10
2024-09-16 13:42:06.361,415.0186844164146,12
2024-09-16 13:42:06.400,415.0120219920752,97
2024-09-16 13:42:06.415,415.0598592514544,1001
2024-09-16 13:42:06.507,415.01762340960994,100
2024-09-16 13:42:06.517,415.0877685468524,13
2024-09-16 13:42:06.573,415.0397485582483,1004
2024-09-16 13:42:06.635,415.0787970940547,1005
2024-09-16 13:42:06.649,415.0782718108706,998
2024-09-16 13:42:06.689,415.0513542332733,99
2024-09-16 13:42:06.690,415.0464725584653,1000
2024-09-16 13:42:06.718,415.09066496600326,995
2024-09-16 13:42:06.734,415.03235411933633,103
2024-09-16 13:42:06.736,415.034121023564,15
2024-09-16 13:42:06.760,414.9944334356836,7
2024-09-16 13:42:06.809,414.99636725675526,99
2024-09-16 13:42:06.843,415.0657176433896,95
2024-09-16 13:42:06.912,415.0641061751579,98
2024-09-16 13:42:06.954,415.0227520041021,996
2024-09-16 13:42:06.967,415.0708318266752,15
2024-09-16 13:42:06.995,415.0184030590103,96
2024-09-16 13:42:07.001,415.0170153341842,1003
2024-09-16 13:42:07.070,415.0324062526742,996
2024-09-16 13:42:07.079,,9
2024-09-16 13:42:07.106,415.06423981047226,8
2024-09-16 13:42:07.108,415.06179269554445,1005
2024-09-16 13:42:07.155,415.0509518338554,105
2024-09-16 13:42:07.305,415.04249775288486,1004
2024-09-16 13:42:07.331,415.0589412045536,13
2024-09-16 13:42:07.362,415.0433701727915,6
2024-09-16 13:42:07.382,415.0425244528252,997
2024-09-16 13:42:07.486,415.0582659927158,14
2024-09-16 13:42:07.497,415.05677069521846,98
2024-09-16 13:42:07.518,415.0559164317525,98
2024-09-16 13:42:07.581,415.0597540373692,1004
2024-09-16 13:42:07.591,415.0547133459933,997
2024-09-16 13:42:07.633,415.0626893230535,11
2024-09-16 13:42:07.647,415.03571043742784,5
2024-09-16 13:42:07.648,415.06443281959423,99
2024-09-16 13:42:07.689,415.035232555358,1000
2024-09-16 13:42:07.804,415.0590684058655,996
2024-09-16 13:42:07.874,415.0284101233376,8
2024-09-16 13:42:07.891,415.04998193776686,100
2024-09-16 13:42:07.911,415.0667533321309,97
2024-09-16 13:42:07.929,415.03961283931056,5
2024-09-16 13:42:07.934,415.0166621905239,13
2024-09-16 13:42:07.946,415.0636147916263,997
2024-09-16 13:42:07.953,415.0336013578824,11
2024-09-16 13:42:08.002,415.0067067276853,999
2024-09-16 13:42:08.007,415.00087029716855,95
2024-09-16 13:42:08.013,414.99724366660456,999
2024-09-16 13:42:08.047,415.01418798748784,97
2024-09-16 13:42:08.150,415.05158848281377,997
2024-09-16 13:42:08.169,415.0028392688458,10
2024-09-16 13:42:08.172,415.0096129612993,14
2024-09-16 13:42:08.207,415.04059022238505,15
2024-09-16 13:42:08.292,415.0135130721642,1005
2024-09-16 13:42:08.298,415.0297715792205,105
2024-09-16 13:42:08.421,414.9995127450357,96
2024-09-16 13:42:08.498,415.0025669139096,9
2024-09-16 13:42:08.574,415.0075498180753,8
2024-09-16 13:42:08.576,414.9992819197162,99
2024-09-16 13:42:08.612,415.0079777838901,997
2024-09-16 13:42:08.642,414.9896852135062,1005
2024-09-16 13:42:08.738,-415.0128573178125,996
2024-09-16 13:42:08.772,414.9872665618621,999
2024-09-16 13:42:08.777,415.033424365139,998
2024-09-16 13:42:08.783,415.0003841568226,15
2024-09-16 13:42:08.807,415.00156108613,5
2024-09-16 13:42:08.854,415.0164016595902,1005
2024-09-16 13:42:08.877,415.05939529398336,14
2024-09-16 13:42:08.886,415.0267779256676,98
2024-09-16 13:42:08.896,415.012460290981,12
2024-09-16 13:42:08.909,415.0014580822434,102
2024-09-16 13:42:08.921,415.0003892934951,1004
2024-09-16 13:42:09.058,415.0712315085872,101
2024-09-16 13:42:09.068,415.05337661824535,1005
2024-09-16 13:42:09.070,415.0157179794592,7
2024-09-16 13:42:09.148,415.0336940740568,11
2024-09-16 13:42:09.169,415.0441411891576,999
2024-09-16 13:42:09.181,41.50367769277878,99
2024-09-16 13:42:09.191,415.0221482132184,97
2024-09-16 13:42:09.227,415.0426305563248,105
2024-09-16 13:42:09.230,415.0320746792795,1005
2024-09-16 13:42:09.255,415.0334179529775,100
2024-09-16 13:42:09.424,415.024459273399,1004
2024-09-16 13:42:09.445,415.04364500654304,999
2024-09-16 13:42:09.455,415.0487356742555,11
2024-09-16 13:42:09.480,415.0415133731403,1003
2024-09-16 13:42:09.499,415.0193564474996,102
2024-09-16 13:42:09.539,415.0163895177461,104
2024-09-16 13:42:09.584,415.0150368052525,100
2024-09-16 13:42:09.613,415.030840968929,996
2024-09-16 13:42:09.657,415.0235075732176,15
2024-09-16 13:42:09.668,415.0269344902153,10
2024-09-16 13:42:09.775,41.50069711628702,999
2024-09-16 13:42:09.830,415.022887152527,1000
2024-09-16 13:42:09.833,415.0322375920517,96
2024-09-16 13:42:09.903,415.0083189487853,13
2024-09-16 13:42:09.924,415.0337489712626,14
2024-09-16 13:42:09.959,415.0720548128712,10
2024-09-16 13:42:09.963,415.0384115544219,995
2024-09-16 13:42:09.974,415.0270122001461,101
2024-09-16 13:42:09.986,415.0675561018255,997
2024-09-16 13:42:10.005,414.9934017473543,105
2024-09-16 13:42:10.085,415.0223759562419,997
2024-09-16 13:42:10.114,415.0270080851622,9
2024-09-16 13:42:10.180,415.0227408184392,8
2024-09-16 13:42:10.305,415.0583006522568,15
2024-09-16 13:42:10.322,415.0363924753838,105
2024-09-16 13:42:10.354,415.0118346921995,9
2024-09-16 13:42:10.374,415.02484134477214,1001
2024-09-16 13:42:10.499,415.0658781221843,8
2024-09-16 13:42:10.519,415.0667422196189,14
2024-09-16 13:42:10.523,41.499968699129575,1001
2024-09-16 13:42:10.625,415.07996938845866,1002
2024-09-16 13:42:10.658,415.0100233434703,98
2024-09-16 13:42:10.660,415.0042976413434,1002
2024-09-16 13:42:10.697,415.0626804032333,102
2024-09-16 13:42:10.861,415.0738111307213,6
2024-09-16 13:42:10.869,415.0694528229489,7
2024-09-16 13:42:11.095,415.0398688544978,1003
2024-09-16 13:42:11.356,415.040423674452,998
2024-09-16 13:42:11.396,415.03061480989817,1001
2024-09-16 13:42:11.447,415.0160130980781,995
2024-09-16 13:42:11.573,415.0073385526123,10
2024-09-16 13:42:11.632,415.0277414968824,105
2024-09-16 13:42:11.699,415.01669715869497,102
2024-09-16 13:42:11.706,415.0375281578967,5
2024-09-16 13:42:11.761,414.9855555769394,1000
2024-09-16 13:42:11.852,415.03673721845394,997
2024-09-16 13:42:11.976,415.0032555067066,1002
2024-09-16 13:42:12.015,414.9734063507096,6
2024-09-16 13:42:12.054,415.0153743853648,13
2024-09-16 13:42:12.099,414.9754463699009,999
2024-09-16 13:42:12.108,414.99689404769777,1005
2024-09-16 13:42:12.168,414.9748796307389,6
2024-09-16 13:42:12.169,414.9747358771157,1002
2024-09-16 13:42:12.187,414.99069685878777,14
2024-09-16 13:42:12.208,414.9885494957072,998
2024-09-16 13:42:12.259,415.0143866993028,1002
2024-09-16 13:42:12.265,414.9822036556891,7
2024-09-16 13:42:12.366,414.9955551350434,1003
2024-09-16 13:42:12.453,414.9954789262218,97
2024-09-16 13:42:12.456,414.99889579629513,103
2024-09-16 13:42:12.471,415.0304483070869,15
2024-09-16 13:42:12.473,414.9873655274998,9
2024-09-16 13:42:12.479,415.023845150565,1001
2024-09-16 13:42:12.481,414.96606451101184,98
2024-09-16 13:42:12.557,414.9861561959684,95
2024-09-16 13:42:12.666,414.9944097736926,999
2024-09-16 13:42:12.713,415.0300406820121,97
2024-09-16 13:42:12.784,415.0136101633711,995
2024-09-16 13:42:12.794,414.9734810833463,999
2024-09-16 13:42:12.809,414.9419349547847,99
2024-09-16 13:42:12.823,414.9864097788637,1003
2024-09-16 13:42:12.837,414.98537847874326,97
2024-09-16 13:42:12.909,414.9877883605669,100
2024-09-16 13:42:13.551,414.9408070951037,1004
2024-09-16 13:42:13.723,414.9334747775542,105
2024-09-16 13:42:14.008,414.9250629153737,98
2024-09-16 13:42:14.048,414.9530028404658,1005
2024-09-16 13:42:14.086,414.92469416946926,105
2024-09-16 13:42:14.126,414.9239704808058,15
2024-09-16 13:42:14.135,414.90791851289816,13
2024-09-16 13:42:14.159,414.93956718702265,95
2024-09-16 13:42:14.201,414.972508517711,1001
2024-09-16 13:42:14.209,414.9305981081121,998
2024-09-16 13:42:14.230,414.9380735395951,1004
2024-09-16 13:42:14.326,414.90655827938286,10
2024-09-16 13:42:14.386,414.9345185633918,997
2024-09-16 13:42:14.442,414.9267626845759,1004
2024-09-16 13:42:14.461,414.92719725448063,1001
2024-09-16 13:42:14.466,414.9554925819442,999
2024-09-16 13:42:14.540,414.9198426143872,99
2024-09-16 13:42:14.615,414.93688137608245,101
2024-09-16 13:42:14.688,414.9416300239993,102
2024-09-16 13:42:14.730,414.95391448592295,995
2024-09-16 13:42:14.732,414.9335946157979,995
2024-09-16 13:42:14.748,414.9281990653253,1004
2024-09-16 13:42:14.874,414.92195500220026,99
2024-09-16 13:42:14.884,414.9440815151201,6
2024-09-16 13:42:14.900,414.92650674596746,1005
2024-09-16 13:42:14.922,414.9369014911496,10
2024-09-16 13:42:14.932,414.92538435864986,12
2024-09-16 13:42:15.049,414.92308062723737,9
2024-09-16 13:42:15.092,414.92588956354814,104
2024-09-16 13:42:15.101,414.9340435551296,105
2024-09-16 13:42:15.187,414.9181338938702,95
2024-09-16 13:42:15.289,414.9137116476375,999
2024-09-16 13:42:15.337,414.93634451026935,11
2024-09-16 13:42:15.408,414.9298585565082,9
2024-09-16 13:42:15.446,414.9259321163645,100
2024-09-16 13:42:15.507,414.9244302497222,6
2024-09-16 13:42:15.537,414.9108463504183,8
2024-09-16 13:42:15.547,414.9369827000221,100
2024-09-16 13:42:15.594,414.9288352422672,14
2024-09-16 13:42:15.629,414.9018937577864,1000
2024-09-16 13:42:15.676,414.93529979822415,99
2024-09-16 13:42:15.815,414.9104856592221,996
2024-09-16 13:42:15.823,414.918974074509,996
2024-09-16 13:42:15.823,414.9326480559509,1005
2024-09-16 13:42:15.834,414.9334274226702,1000
2024-09-16 13:42:15.855,41.49177022071267,13
2024-09-16 13:42:15.866,414.9356532401469,996
2024-09-16 13:42:15.928,414.9303607265665,101
2024-09-16 13:42:15.953,-414.9331155708231,1003
2024-09-16 13:42:15.971,414.9295065799345,12
2024-09-16 13:42:15.982,414.93067549606144,105
2024-09-16 13:42:16.023,414.9468395470944,96
2024-09-16 13:42:16.031,414.94279157462,1001
2024-09-16 13:42:16.442,414.9641607341754,95
2024-09-16 13:42:16.605,414.95466855683526,100
2024-09-16 13:42:16.995,414.9433568084653,95
2024-09-16 13:42:16.996,414.9577923372488,15
2024-09-16 13:42:17.175,414.9207339668967,1005
2024-09-16 13:42:17.269,414.9084873414186,96
2024-09-16 13:42:17.306,414.9053453369625,1000
2024-09-16 13:42:17.307,414.9605975761033,7
2024-09-16 13:42:17.338,414.9163069302742,1004
2024-09-16 13:42:17.385,414.9115089222046,8
2024-09-16 13:42:17.455,414.9227023385655,1005
2024-09-16 13:42:17.499,414.9110703238598,6
2024-09-16 13:42:17.531,414.9187186264902,11
2024-09-16 13:42:17.646,414.90543017727504,5
2024-09-16 13:42:17.664,414.8984232466023,103
2024-09-16 13:42:17.713,414.9046111039383,6
2024-09-16 13:42:17.791,414.9446824429834,8
2024-09-16 13:42:17.822,414.919443836941,11
2024-09-16 13:42:17.853,414.94350181938455,10
2024-09-16 13:42:17.895,414.8777234242047,99
2024-09-16 13:42:18.042,414.908131329837,101
2024-09-16 13:42:18.152,414.9457540650881,96
2024-09-16 13:42:18.162,414.9567555346524,1004
2024-09-16 13:42:18.165,414.9143673444748,1004
2024-09-16 13:42:18.177,414.9646848725137,998
2024-09-16 13:42:18.271,414.9392556247146,5
2024-09-16 13:42:18.274,414.9363037253043,97
2024-09-16 13:42:18.354,414.9131237245956,100
2024-09-16 13:42:18.464,414.9203361635143,13
2024-09-16 13:42:18.517,414.9305849503161,10
2024-09-16 13:42:18.518,414.91514051224726,1004
2024-09-16 13:42:18.568,414.9237825230503,97
2024-09-16 13:42:18.704,414.9663479065373,7
2024-09-16 13:42:18.746,414.96748488761153,103
2024-09-16 13:42:18.756,414.9330353892057,996
2024-09-16 13:42:18.839,414.9284143282652,15
2024-09-16 13:42:18.897,414.922004667444,1000
2024-09-16 13:42:18.935,414.9584573075964,11
2024-09-16 13:42:19.120,414.91819143782686,99
2024-09-16 13:42:19.207,414.961039157982,104
2024-09-16 13:42:19.221,414.9229451777418,1000
2024-09-16 13:42:19.266,414.9591987969896,1003
2024-09-16 13:42:19.335,,104
2024-09-16 13:42:19.354,414.9698915957887,6
2024-09-16 13:42:19.369,414.9594487963668,1005
2024-09-16 13:42:19.403,414.9538460681941,998
2024-09-16 13:42:19.404,414.8967168171946,8
2024-09-16 13:42:19.414,414.9307325684481,6
2024-09-16 13:42:19.429,414.9709620894259,99
2024-09-16 13:42:19.453,414.9638336077177,5
2024-09-16 13:42:19.485,-414.9527182466449,1005
2024-09-16 13:42:19.501,414.9156115533768,101
2024-09-16 13:42:19.515,414.9810723962843,97
2024-09-16 13:42:19.524,414.9511421267993,105
2024-09-16 13:42:19.548,414.9447906457151,99
2024-09-16 13:42:19.721,414.9574371589603,996
2024-09-16 13:42:19.826,414.9759098423635,104
2024-09-16 13:42:19.898,414.9658639067772,103
2024-09-16 13:42:19.926,414.960093322448,5
2024-09-16 13:42:19.940,414.9082940761168,105
2024-09-16 13:42:19.945,414.96424349479145,15
2024-09-16 13:42:19.959,414.9099450604223,104
2024-09-16 13:42:19.980,414.95187446411904,102
2024-09-16 13:42:19.992,414.93477434009714,1001
2024-09-16 13:42:19.999,414.91031496898864,997
2024-09-16 13:42:20.002,414.8959634191472,14
2024-09-16 13:42:20.030,414.90104553368326,996
2024-09-16 13:42:20.044,414.8940853153428,12
2024-09-16 13:42:20.119,414.89799588021134,11
2024-09-16 13:42:20.169,414.8756093959677,103
2024-09-16 13:42:20.248,414.8567118949696,103
2024-09-16 13:42:20.311,414.89266905774514,96
2024-09-16 13:42:20.450,414.90047789258927,997
2024-09-16 13:42:20.456,414.8928618619753,1002
2024-09-16 13:42:20.545,414.8849223668843,100
2024-09-16 13:42:20.618,414.8835474609023,98
2024-09-16 13:42:20.670,414.9006257102846,998
2024-09-16 13:42:20.677,414.8855599547448,98
2024-09-16 13:42:20.693,414.8955459066152,11
2024-09-16 13:42:20.726,414.8596674522793,995
2024-09-16 13:42:20.921,414.8768099648671,996
2024-09-16 13:42:20.970,414.90084159171465,1004
2024-09-16 13:42:22.009,414.9472457358952,1000
2024-09-16 13:42:22.028,414.97021936962017,1001
2024-09-16 13:42:22.051,414.97438112249216,13
2024-09-16 13:42:22.101,414.9405862179998,15
2024-09-16 13:42:22.123,414.9124640982807,5
2024-09-16 13:42:22.144,414.96828077645785,12
2024-09-16 13:42:22.157,414.9145356094292,1001
2024-09-16 13:42:22.263,414.9336998779834,6
2024-09-16 13:42:22.263,,1001
2024-09-16 13:42:22.315,414.9164408471476,1004
2024-09-16 13:42:22.326,414.9146207249256,101
2024-09-16 13:42:22.329,414.9080117354463,8
2024-09-16 13:42:22.336,414.95891889338384,1003
2024-09-16 13:42:22.344,414.95043869426553,998
2024-09-16 13:42:22.416,-414.924852675669,99
2024-09-16 13:42:22.458,414.9573956219326,999
2024-09-16 13:42:22.477,414.9309198632701,96
2024-09-16 13:42:22.483,414.9321635840059,15
2024-09-16 13:42:22.597,414.97024973308,5
2024-09-16 13:42:22.614,-414.9662971150194,997
2024-09-16 13:42:22.724,414.9258629383684,1003
2024-09-16 13:42:22.733,414.9035297449389,99
2024-09-16 13:42:22.807,414.9320911096616,10
2024-09-16 13:42:22.817,414.925489405444,101
2024-09-16 13:42:23.021,415.0169509582125,995
2024-09-16 13:42:23.059,415.0114876971577,96
2024-09-16 13:42:23.129,415.0004507828506,9
2024-09-16 13:42:23.136,415.01601013043535,1001
2024-09-16 13:42:23.139,414.9788584304433,104
2024-09-16 13:42:23.190,415.0221693868613,96
2024-09-16 13:42:23.213,414.9936203622711,100
2024-09-16 13:42:23.281,415.0060364190295,14
2024-09-16 13:42:23.356,414.96454538077415,7
2024-09-16 13:42:23.378,414.9557839158478,15
2024-09-16 13:42:23.447,415.023629512166,8
2024-09-16 13:42:23.495,415.003715879717,105
2024-09-16 13:42:23.531,415.0062678491151,1000
2024-09-16 13:42:23.545,414.9795617864161,102
2024-09-16 13:42:23.589,415.00473160531953,97
2024-09-16 13:42:23.646,415.0218797831855,100
2024-09-16 13:42:23.659,415.0299332492372,13
2024-09-16 13:42:23.664,415.0299059679969,8
2024-09-16 13:42:23.758,414.9600599479674,12
2024-09-16 13:42:23.813,415.0053513513589,1005
2024-09-16 13:42:23.893,415.0050840813649,100
2024-09-16 13:42:23.935,415.0059047818102,1002
2024-09-16 13:42:23.943,415.000181621755,97
2024-09-16 13:42:24.033,414.8995364698096,105
2024-09-16 13:42:24.046,414.9537116941552,13
2024-09-16 13:42:24.076,414.94278179271646,95
2024-09-16 13:42:24.161,414.9386784439434,995
2024-09-16 13:42:24.198,414.9254805096822,11
2024-09-16 13:42:24.216,414.9653369694975,995
2024-09-16 13:42:24.291,414.9713557001545,11
2024-09-16 13:42:24.315,414.9699977937063,996
2024-09-16 13:42:24.318,414.9606149854207,100
2024-09-16 13:42:24.334,414.9484793744633,1005
2024-09-16 13:42:24.357,414.942091773454,998
2024-09-16 13:42:24.358,414.9291436290532,12
2024-09-16 13:42:24.364,414.9976507172855,995
2024-09-16 13:42:24.377,414.9403019337988,15
2024-09-16 13:42:24.386,414.9804692188068,5
2024-09-16 13:42:24.447,414.94252269526544,995
2024-09-16 13:42:24.469,414.91409388986574,998
2024-09-16 13:42:24.489,414.9201961630246,99
2024-09-16 13:42:24.546,414.9609727734615,6
2024-09-16 13:42:24.575,414.9634917697132,1005
2024-09-16 13:42:24.634,414.92926856111,999
2024-09-16 13:42:24.708,414.9077620600014,97
2024-09-16 13:42:24.710,414.94921703491934,101
2024-09-16 13:42:24.748,414.9530614663333,98
2024-09-16 13:42:24.801,414.987902722584,100
2024-09-16 13:42:24.852,414.93852841823474,996
2024-09-16 13:42:24.870,414.9356942227468,95
2024-09-16 13:42:24.921,414.9218262800299,999
2024-09-16 13:42:24.923,414.9367755552974,12
2024-09-16 13:42:25.221,414.94288050151255,9
2024-09-16 13:42:25.258,414.9290634256901,1003
2024-09-16 13:42:25.399,414.92925494637706,9
2024-09-16 13:42:25.946,414.9064552834071,1001
2024-09-16 13:42:26.049,414.8883245454008,8
2024-09-16 13:42:26.061,414.8312157045845,10
2024-09-16 13:42:26.120,414.92936547072907,97
2024-09-16 13:42:26.128,414.8366227088843,104
2024-09-16 13:42:26.137,414.8877201204076,996
2024-09-16 13:42:26.157,414.9009138448884,99
2024-09-16 13:42:26.164,414.9157274016038,1004
2024-09-16 13:42:26.228,414.8313785350451,7
2024-09-16 13:42:26.383,414.8368975905319,997
2024-09-16 13:42:26.394,414.8380636134888,101
2024-09-16 13:42:26.458,414.8267016576965,102
2024-09-16 13:42:26.462,414.8824024553778,1000
2024-09-16 13:42:26.474,414.88781619495,10
2024-09-16 13:42:26.515,414.8909543522839,8
2024-09-16 13:42:26.521,414.848643601885,1005
2024-09-16 13:42:26.566,414.8196012633712,1003
2024-09-16 13:42:26.590,414.9099298563781,10
2024-09-16 13:42:26.617,414.9044651443443,100
2024-09-16 13:42:26.631,414.8183497450856,7
2024-09-16 13:42:26.671,414.8246597990465,1004
2024-09-16 13:42:26.711,414.89150928063447,105
2024-09-16 13:42:26.724,41.48697316497966,98
2024-09-16 13:42:26.745,414.8135779580583,95
2024-09-16 13:42:26.776,414.8226101784109,101
2024-09-16 13:42:26.898,414.90747209425206,1000
2024-09-16 13:42:26.993,414.8825736906041,7
2024-09-16 13:42:27.079,414.8831705790465,1000
2024-09-16 13:42:27.099,414.8785498595506,1005
2024-09-16 13:42:27.099,414.8967586751628,1002
2024-09-16 13:42:27.126,414.9190838659829,10
2024-09-16 13:42:27.163,414.97761536997217,99
2024-09-16 13:42:27.171,414.89988694056535,13
2024-09-16 13:42:27.262,414.8977217058833,15
2024-09-16 13:42:27.299,414.8639741887129,15
2024-09-16 13:42:27.352,414.9441563759365,100
2024-09-16 13:42:27.362,414.9593727150892,100
2024-09-16 13:42:27.386,-414.9514457509782,999
2024-09-16 13:42:27.498,414.8613874483272,100
2024-09-16 13:42:27.511,414.9155653946286,104
2024-09-16 13:42:27.528,414.9453983598046,997
2024-09-16 13:42:27.536,414.9625153445472,102
2024-09-16 13:42:27.607,414.8692394453085,7
2024-09-16 13:42:27.608,414.9473651497457,1002
2024-09-16 13:42:27.609,414.9441170262685,1002
2024-09-16 13:42:27.640,414.9139128347397,97
2024-09-16 13:42:27.645,414.9787625342968,15
2024-09-16 13:42:27.688,414.8559131160877,104
2024-09-16 13:42:27.704,414.9788009490146,997
2024-09-16 13:42:27.749,414.9294631579267,104
2024-09-16 13:42:27.753,414.8657089310871,996
2024-09-16 13:42:27.786,414.9758567906385,1002
2024-09-16 13:42:27.965,414.9125998377789,1004
2024-09-16 13:42:27.986,414.9673281145224,96
2024-09-16 13:42:28.800,414.9397932836432,1003
2024-09-16 13:42:30.022,414.8691640149524,99
2024-09-16 13:42:30.210,414.9113630746959,95
2024-09-16 13:42:30.224,414.92442008898905,12
2024-09-16 13:42:30.363,414.8705283378927,1001
2024-09-16 13:42:30.388,414.9333713476371,999
2024-09-16 13:42:30.485,414.8980443369605,101
2024-09-16 13:42:31.115,415.0124247574994,12
2024-09-16 13:42:31.183,,14
2024-09-16 13:42:31.209,414.95340758182346,14
2024-09-16 13:42:31.261,414.8889708544922,103
2024-09-16 13:42:31.316,414.9376549560571,102
2024-09-16 13:42:31.323,414.9967768526385,96
2024-09-16 13:42:31.356,414.95762833270857,99
2024-09-16 13:42:31.433,414.9640299411208,15
2024-09-16 13:42:31.483,415.0004738301553,13
2024-09-16 13:42:31.490,414.9751753175085,97
2024-09-16 13:42:31.514,414.9170146527474,104
2024-09-16 13:42:31.518,414.9576587006461,8
2024-09-16 13:42:31.554,414.98631109725966,5
2024-09-16 13:42:31.572,414.961059347408,14
2024-09-16 13:42:31.585,414.9648837964857,101
2024-09-16 13:42:31.600,414.9770168714254,999
2024-09-16 13:42:31.637,414.992481323034,1004
2024-09-16 13:42:31.645,414.9630054455937,103
2024-09-16 13:42:31.649,414.9783784452702,95
2024-09-16 13:42:31.678,-414.95356323587583,12
2024-09-16 13:42:31.772,414.9759341404955,105
2024-09-16 13:42:31.795,414.99314706643554,105
2024-09-16 13:42:31.860,414.9923517957355,10
2024-09-16 13:42:31.878,414.9385834630247,103
2024-09-16 13:42:31.893,414.9254745174951,13
2024-09-16 13:42:31.903,414.9238685836463,1002
2024-09-16 13:42:31.923,414.9727102165088,8
2024-09-16 13:42:31.950,414.926563415382,996
2024-09-16 13:42:32.062,414.9782416778528,97
2024-09-16 13:42:32.136,414.98417675269616,15
2024-09-16 13:42:32.233,414.96287971398885,9
2024-09-16 13:42:32.318,414.98137219159474,11
2024-09-16 13:42:32.362,415.00670979318943,13
2024-09-16 13:42:32.601,414.9915695361868,95
2024-09-16 13:42:32.660,414.95867820863833,14
2024-09-16 13:42:32.701,414.9945950317593,9
2024-09-16 13:42:32.851,414.9834280155034,7
2024-09-16 13:42:32.897,414.977777205829,100
2024-09-16 13:42:33.008,414.9822653702393,6
2024-09-16 13:42:33.135,414.9531370219237,996
2024-09-16 13:42:33.338,414.9741085748658,13
2024-09-16 13:42:33.411,414.96122950328703,15
2024-09-16 13:42:33.434,414.9867473185183,1001
2024-09-16 13:42:33.513,415.00210996869833,103
2024-09-16 13:42:33.563,414.9715242683908,102
2024-09-16 13:42:33.579,41.4995086445559,6
2024-09-16 13:42:33.715,415.0102578265637,11
2024-09-16 13:42:33.750,414.9537666849899,1000
2024-09-16 13:42:34.038,414.9670959125461,5
2024-09-16 13:42:34.045,415.0160574705882,1003
2024-09-16 13:42:34.049,415.00344187729496,7
2024-09-16 13:42:34.071,414.9933232370403,103
2024-09-16 13:42:34.095,414.9809448000174,104
2024-09-16 13:42:34.169,414.9873487107,1005
2024-09-16 13:42:34.171,415.0086798479691,15
2024-09-16 13:42:34.194,415.0215439498234,999
2024-09-16 13:42:34.305,414.997729199212,8
2024-09-16 13:42:34.319,414.9746527487828,12
2024-09-16 13:42:34.377,415.0264961136772,998
2024-09-16 13:42:34.379,415.00777499894656,97
2024-09-16 13:42:34.401,414.9778526095701,12
2024-09-16 13:42:34.433,415.0026137508571,6
2024-09-16 13:42:34.558,415.0019401094679,995
2024-09-16 13:42:34.569,414.9974706265927,13
2024-09-16 13:42:34.623,415.002630602645,99
2024-09-16 13:42:34.656,,15
2024-09-16 13:42:34.739,415.0125027634586,99
2024-09-16 13:42:34.741,414.9565169839215,97
2024-09-16 13:42:34.751,415.0026893333479,997
2024-09-16 13:42:34.789,414.9814275563603,996
2024-09-16 13:42:34.795,414.9883480831649,9
2024-09-16 13:42:34.823,415.0087995203852,9
2024-09-16 13:42:34.835,414.98760734139046,104
2024-09-16 13:42:34.847,414.9957718918608,15
2024-09-16 13:42:34.901,414.96416258970896,6
2024-09-16 13:42:34.907,415.0040675949457,95
2024-09-16 13:42:34.921,414.9590091880938,99
2024-09-16 13:42:35.039,414.9456296135455,15
2024-09-16 13:42:35.275,414.9348726741528,104
2024-09-16 13:42:35.297,414.94307009653664,5
2024-09-16 13:42:35.299,414.9207793618005,103
2024-09-16 13:42:35.401,414.9407202057836,995
2024-09-16 13:42:35.407,414.9277425372175,13
2024-09-16 13:42:35.461,414.9435555884047,105
2024-09-16 13:42:35.466,414.9417029959872,99
2024-09-16 13:42:35.479,414.9449566617097,101
2024-09-16 13:42:35.491,414.9821587055094,999
2024-09-16 13:42:35.612,414.9774711926897,1005
2024-09-16 13:42:35.660,414.9287361466029,5
2024-09-16 13:42:35.661,414.99320205216566,1005
2024-09-16 13:42:35.662,414.9527965973887,104
2024-09-16 13:42:35.695,414.99289766327183,10
2024-09-16 13:42:35.718,414.9339924490449,1003
2024-09-16 13:42:35.811,414.9515544045199,5
2024-09-16 13:42:36.016,414.9279940948266,12
2024-09-16 13:42:36.120,,1004
2024-09-16 13:42:36.214,414.8778731076307,102
2024-09-16 13:42:36.243,414.9553164841181,6
2024-09-16 13:42:36.246,414.937662004633,10
2024-09-16 13:42:36.297,414.9130825907111,5
2024-09-16 13:42:36.365,414.8882211620247,997
2024-09-16 13:42:36.379,414.9594482721183,999
2024-09-16 13:42:36.606,414.9190008926945,13
2024-09-16 13:42:36.796,414.910334429007,8
2024-09-16 13:42:36.830,414.86103295518274,13
2024-09-16 13:42:36.844,414.9297896456882,99
2024-09-16 13:42:36.920,414.9440984661467,1002
2024-09-16 13:42:36.955,-414.84131954797135,99
2024-09-16 13:42:37.819,414.84278096588736,98
2024-09-16 13:42:38.185,414.8380671639507,995
2024-09-16 13:42:38.550,414.8273544169587,1004
2024-09-16 13:42:38.668,414.84471363758695,98
2024-09-16 13:42:38.724,414.8348782971422,96
2024-09-16 13:42:38.955,414.8385628435347,96
2024-09-16 13:42:38.996,414.8349895616346,12
2024-09-16 13:42:39.212,414.8974477137488,13
2024-09-16 13:42:39.539,414.9031511945447,5
2024-09-16 13:42:39.632,414.89713626495336,9
2024-09-16 13:42:39.722,-414.882962166403,8
2024-09-16 13:42:39.757,,9
2024-09-16 13:42:40.165,414.8922408199096,6
2024-09-16 13:42:40.174,41.49005679444434,1004
2024-09-16 13:42:40.224,414.9181826577692,998
2024-09-16 13:42:40.257,414.8904827583281,100
2024-09-16 13:42:40.273,414.9100424033816,103
2024-09-16 13:42:40.515,414.92556440054096,997
2024-09-16 13:42:40.663,414.9038359207776,15
2024-09-16 13:42:40.929,414.9121216589534,102
2024-09-16 13:42:40.975,414.92719632682207,6
2024-09-16 13:42:41.015,414.9387420613604,13
2024-09-16 13:42:41.037,414.9099807444144,1005
2024-09-16 13:42:41.073,414.86441989049393,6
2024-09-16 13:42:41.108,414.9076369710808,101
2024-09-16 13:42:41.176,41.4935661390392,95
2024-09-16 13:42:41.203,414.90577551143554,1003
2024-09-16 13:42:41.211,414.87713454128414,11
2024-09-16 13:42:41.262,414.9289829688763,105
2024-09-16 13:42:41.424,414.8791446006131,12
2024-09-16 13:42:41.512,414.8606805770981,101
2024-09-16 13:42:41.536,414.8944284580595,1004
2024-09-16 13:42:41.617,414.90131095406,5
2024-09-16 13:42:41.639,414.8812557053926,7
2024-09-16 13:42:41.681,414.92811691702417,102
2024-09-16 13:42:41.715,414.8728426616522,103
2024-09-16 13:42:41.731,414.8645059513698,6
2024-09-16 13:42:41.753,414.9176096351021,9
2024-09-16 13:42:41.899,414.9254063171164,95
2024-09-16 13:42:41.949,414.8886558231373,8
2024-09-16 13:42:41.965,414.91226601668745,99
2024-09-16 13:42:41.979,414.87130582197415,10
2024-09-16 13:42:42.061,414.9382775869137,1002
2024-09-16 13:42:42.072,414.91098096529225,1001
2024-09-16 13:42:42.149,414.887616059203,1004
2024-09-16 13:42:42.277,414.8878774293369,100
2024-09-16 13:42:42.324,414.9224199105448,996
2024-09-16 13:42:42.328,414.94022013165534,105
2024-09-16 13:42:42.352,414.9274739029523,12
2024-09-16 13:42:42.373,414.90506268878266,1003
2024-09-16 13:42:42.380,,14
2024-09-16 13:42:42.381,414.9305054195473,1003
2024-09-16 13:42:42.489,414.8914954552116,999
2024-09-16 13:42:42.501,414.9469602919263,13
2024-09-16 13:42:42.511,414.9507357394081,5
2024-09-16 13:42:42.613,414.9142233611709,14
2024-09-16 13:42:42.698,414.9188467572241,12
2024-09-16 13:42:42.726,414.93594329926174,8
2024-09-16 13:42:42.752,414.87982412104304,99
2024-09-16 13:42:42.850,414.9347944111532,11
2024-09-16 13:42:42.947,414.9106000619972,998
2024-09-16 13:42:42.956,414.9243263998381,999
2024-09-16 13:42:43.868,414.8597171673215,104
2024-09-16 13:42:43.988,414.87329771103606,996
2024-09-16 13:42:44.015,414.8728810771639,6
2024-09-16 13:42:44.035,414.80064841731536,1005
2024-09-16 13:42:44.091,414.8403021437532,997
2024-09-16 13:42:44.176,414.8033811126491,1002
2024-09-16 13:42:44.177,414.8461425269044,10
2024-09-16 13:42:44.384,414.8281320707397,95
2024-09-16 13:42:44.448,414.8371602514728,999
2024-09-16 13:42:44.481,414.8444406712027,96
2024-09-16 13:42:44.515,414.804606278116,95
2024-09-16 13:42:44.522,414.7943793953483,1001
2024-09-16 13:42:44.540,41.483200089361176,999
2024-09-16 13:42:44.545,414.8455941253927,13
2024-09-16 13:42:44.556,414.8369711613103,6
2024-09-16 13:42:44.640,414.8310362805554,10
2024-09-16 13:42:44.676,414.843836602257,997
2024-09-16 13:42:44.690,414.7937557721887,8
2024-09-16 13:42:44.742,414.7875200081376,995
2024-09-16 13:42:44.743,414.85555948917823,10
2024-09-16 13:42:44.754,414.8539907249966,102
2024-09-16 13:42:44.768,414.840150167573,12
2024-09-16 13:42:44.772,414.8425861427848,12
2024-09-16 13:42:44.828,414.7841393707905,14
2024-09-16 13:42:44.839,414.86022445202127,995
2024-09-16 13:42:44.844,414.86891876508713,1004
2024-09-16 13:42:44.895,414.8388417419866,97
2024-09-16 13:42:44.897,414.84669826602885,997
2024-09-16 13:42:44.918,414.87070593975335,1003
2024-09-16 13:42:44.932,414.8105973323604,1004
2024-09-16 13:42:44.951,414.7869619218256,15
2024-09-16 13:42:45.017,414.8158272231649,5
2024-09-16 13:42:45.118,414.8240462407053,10
2024-09-16 13:42:45.135,414.7970183180865,996
2024-09-16 13:42:45.144,414.8197397942208,997
2024-09-16 13:42:45.201,414.7940237888728,10
2024-09-16 13:42:45.228,414.8039789119211,14
2024-09-16 13:42:45.238,414.8235705639468,102
2024-09-16 13:42:45.272,414.7908905020277,1004
2024-09-16 13:42:45.349,414.821090898264,14
2024-09-16 13:42:45.419,414.808260482253,101
2024-09-16 13:42:45.911,414.8246281197152,7
2024-09-16 13:42:46.470,414.8193409872911,104
2024-09-16 13:42:46.714,414.8198638051384,1002
2024-09-16 13:42:47.060,414.79504569056417,11
2024-09-16 13:42:47.115,414.8026146411397,998
2024-09-16 13:42:47.172,414.8105216318537,95
2024-09-16 13:42:47.374,414.7734349469608,996
2024-09-16 13:42:47.414,414.7900656184178,7
2024-09-16 13:42:47.427,414.7938798761514,1002
2024-09-16 13:42:47.487,414.8095447521097,996
2024-09-16 13:42:47.831,414.8143873542823,997
2024-09-16 13:42:47.942,414.81041193252616,101
2024-09-16 13:42:47.993,414.7798399836031,12
2024-09-16 13:42:48.013,414.8098400631294,998
2024-09-16 13:42:48.056,414.8280021038725,997
2024-09-16 13:42:48.112,414.8043739691725,105
2024-09-16 13:42:48.126,414.8355095248193,999
2024-09-16 13:42:48.183,414.7918676835398,98
2024-09-16 13:42:48.232,414.8313604230732,6
2024-09-16 13:42:48.341,414.8431823836802,99
2024-09-16 13:42:48.363,414.7801149616658,7
2024-09-16 13:42:48.415,414.78008824953065,100
2024-09-16 13:42:48.461,414.8220352979404,104
2024-09-16 13:42:48.549,414.8558778616714,99
2024-09-16 13:42:48.566,414.8322820573956,100
2024-09-16 13:42:48.570,414.8437132029544,5
2024-09-16 13:42:48.651,414.8133053990094,1002
2024-09-16 13:42:48.653,414.8299788902695,13
2024-09-16 13:42:48.677,414.8392177595893,105
2024-09-16 13:42:48.688,414.82282276054224,102
2024-09-16 13:42:48.703,414.82912134634,10
2024-09-16 13:42:48.704,414.8196615015631,99
2024-09-16 13:42:48.758,414.8114004358009,1003
2024-09-16 13:42:48.779,414.8015436225752,997
2024-09-16 13:42:48.799,414.7864647808144,103
2024-09-16 13:42:48.860,41.4862012939582,100
2024-09-16 13:42:48.902,414.79746588452224,12
2024-09-16 13:42:48.908,414.8137861619113,13
2024-09-16 13:42:48.915,414.80572421414536,999
2024-09-16 13:42:48.916,414.8386973979725,15
2024-09-16 13:42:48.958,414.8142251475736,1001
2024-09-16 13:42:49.012,414.8307688135984,7
2024-09-16 13:42:49.042,414.8380134800602,101
2024-09-16 13:42:49.048,,1001
2024-09-16 13:42:49.269,414.8562979997339,1002
2024-09-16 13:42:49.494,414.8360407436658,1004
2024-09-16 13:42:49.525,414.80891422046494,104
2024-09-16 13:42:49.573,414.8394203842238,1002
2024-09-16 13:42:49.629,414.8571729139917,101
2024-09-16 13:42:49.644,414.811302583034,1000
2024-09-16 13:42:49.703,414.8186743111117,10
2024-09-16 13:42:49.879,414.8220242552336,105
2024-09-16 13:42:50.006,414.8823303683414,995
2024-09-16 13:42:50.091,,13
2024-09-16 13:42:50.117,414.8697629931527,98
2024-09-16 13:42:50.164,414.8453324781205,100
2024-09-16 13:42:50.184,414.8898110322624,995
2024-09-16 13:42:50.194,414.85238094244,997
2024-09-16 13:42:50.199,414.8529670071172,1002
2024-09-16 13:42:50.229,414.8202462371609,14
2024-09-16 13:42:50.253,414.84676930705257,96
2024-09-16 13:42:50.320,414.8775167742079,97
2024-09-16 13:42:50.330,414.8494396765289,10
2024-09-16 13:42:50.411,414.87250609954384,96
2024-09-16 13:42:50.509,414.8781059957132,98
2024-09-16 13:42:50.512,414.8141444989612,99
2024-09-16 13:42:50.551,414.8493834037779,97
2024-09-16 13:42:50.651,414.8694699703738,995
2024-09-16 13:42:50.745,414.8919287815065,105
2024-09-16 13:42:50.769,414.8821816424543,14
2024-09-16 13:42:50.783,414.9006754257664,1004
2024-09-16 13:42:50.840,414.8581458311944,11
2024-09-16 13:42:50.871,414.8953967163204,999
2024-09-16 13:42:50.951,414.8843849258081,15
2024-09-16 13:42:50.961,414.8823203591949,7
2024-09-16 13:42:50.991,414.8350021488915,8
2024-09-16 13:42:51.699,414.78811319044894,1004
2024-09-16 13:42:51.859,414.8084367252783,9
2024-09-16 13:42:51.924,414.7932544419862,996
2024-09-16 13:42:52.082,414.7954674891599,104
2024-09-16 13:42:52.162,414.7694017581484,995
2024-09-16 13:42:52.175,414.76380662096784,999
2024-09-16 13:42:52.216,414.8629330254595,10
2024-09-16 13:42:52.246,414.7695182328578,998
2024-09-16 13:42:52.291,414.76401335153656,998
2024-09-16 13:42:52.311,414.861904379653,998
2024-09-16 13:42:52.341,414.8037612918025,8
2024-09-16 13:42:52.382,414.78636811434205,1000
2024-09-16 13:42:52.401,414.7648802868892,1000
2024-09-16 13:42:52.443,414.7705925825852,96
2024-09-16 13:42:52.524,414.8424751572702,998
2024-09-16 13:42:52.585,414.8086575672951,1004
2024-09-16 13:42:52.635,414.8098914961694,98
2024-09-16 13:42:52.661,414.8075457489368,11
2024-09-16 13:42:52.690,414.82465080276944,1002
2024-09-16 13:42:52.783,414.8056005705601,998
2024-09-16 13:42:52.816,414.7897302763224,9
2024-09-16 13:42:52.836,414.7937817226989,103
2024-09-16 13:42:52.883,414.8209842782349,995
2024-09-16 13:42:52.897,414.7734024012087,97
2024-09-16 13:42:52.951,414.8273374128719,996
2024-09-16 13:42:52.960,414.7804709945588,100
2024-09-16 13:42:52.982,414.81269796472,1003
2024-09-16 13:42:53.168,414.8960110602415,15
2024-09-16 13:42:53.219,414.8854420900017,8
2024-09-16 13:42:53.332,414.8415383314158,98
2024-09-16 13:42:53.351,414.83738131079576,14
2024-09-16 13:42:53.352,414.8503182533946,100
2024-09-16 13:42:53.428,414.8292488526202,998
2024-09-16 13:42:53.527,414.8293869689527,11
2024-09-16 13:42:53.601,414.83886261017057,1001
2024-09-16 13:42:53.644,414.8253882223189,1001
2024-09-16 13:42:53.658,414.82610208547976,103
2024-09-16 13:42:53.668,414.8611757741451,15
2024-09-16 13:42:53.688,414.8587004743253,7
2024-09-16 13:42:53.868,414.8239850621304,1000
2024-09-16 13:42:53.870,414.83367657802296,999
2024-09-16 13:42:53.918,-414.8498801576049,1003
2024-09-16 13:42:54.052,414.8799570019438,100
2024-09-16 13:42:54.119,414.8433115988652,998
2024-09-16 13:42:54.160,414.84098523157735,14
2024-09-16 13:42:54.250,414.8626445865858,101
2024-09-16 13:42:54.253,414.8391644865631,9
2024-09-16 13:42:54.440,414.85859639720206,12
2024-09-16 13:42:54.499,414.8813321823458,102
2024-09-16 13:42:54.549,414.8766195469993,104
2024-09-16 13:42:54.619,414.8513394576186,1000
2024-09-16 13:42:54.655,414.8420936044709,998
2024-09-16 13:42:54.698,414.8853080395123,101
2024-09-16 13:42:54.701,414.8706305001716,5
2024-09-16 13:42:54.721,414.87983138660536,1001
2024-09-16 13:42:54.731,414.8519987402481,103
2024-09-16 13:42:54.777,414.8703461928589,996
2024-09-16 13:42:54.804,414.8838642265592,98
2024-09-16 13:42:54.805,414.8514639727301,104
2024-09-16 13:42:54.965,414.86079481614576,12
2024-09-16 13:42:54.999,414.87063701535646,9
2024-09-16 13:42:55.020,414.8585503259323,97
2024-09-16 13:42:55.114,414.8786188230732,1003
2024-09-16 13:42:55.160,414.87781619744834,11
2024-09-16 13:42:55.217,414.8637097872637,6
2024-09-16 13:42:55.218,414.8489899343573,5
2024-09-16 13:42:55.251,414.8493322897977,9
2024-09-16 13:42:55.441,414.87377234986445,1001
2024-09-16 13:42:55.445,414.87065058074063,99
2024-09-16 13:42:55.539,414.88230604768296,998
2024-09-16 13:42:55.557,414.8754591428058,995
2024-09-16 13:42:55.582,414.8900546850041,7
2024-09-16 13:42:55.585,414.8823668889139,9
2024-09-16 13:42:55.631,414.8695436290058,995
2024-09-16 13:42:55.775,414.86719663277296,96
2024-09-16 13:42:55.869,414.8526652115526,101
2024-09-16 13:42:55.926,414.864513451051,101
2024-09-16 13:42:55.939,414.85580341290273,1004
2024-09-16 13:42:56.017,414.99765912528727,100
2024-09-16 13:42:56.041,-414.9367795760194,997
2024-09-16 13:42:56.054,414.9687191832192,999
2024-09-16 13:42:56.080,414.99582619510574,14
2024-09-16 13:42:56.141,414.9715825091941,1003
2024-09-16 13:42:56.151,414.9464353733308,8
2024-09-16 13:42:56.235,414.9444146444306,5
2024-09-16 13:42:56.266,414.9765966199831,995
2024-09-16 13:42:56.284,,8
2024-09-16 13:42:56.309,414.917274614208,100
2024-09-16 13:42:56.338,414.92827868794257,1001
2024-09-16 13:42:56.356,414.99672657376766,101
2024-09-16 13:42:56.359,414.97192650513045,998
2024-09-16 13:42:56.366,414.9265603815802,15
2024-09-16 13:42:56.374,414.9137283284854,12
2024-09-16 13:42:56.379,415.0032855450468,1003
2024-09-16 13:42:56.399,414.9316262359035,6
2024-09-16 13:42:56.404,414.9526802103397,5
2024-09-16 13:42:56.427,414.9583386369154,103
2024-09-16 13:42:56.435,414.99249559946185,99
2024-09-16 13:42:56.451,414.9998317874241,9
2024-09-16 13:42:56.508,414.9533570076585,102
2024-09-16 13:42:56.619,-414.9913338900769,105
2024-09-16 13:42:56.739,414.8909880129848,103
2024-09-16 13:42:56.745,414.9406068661909,997
2024-09-16 13:42:56.757,414.8974585487866,97
2024-09-16 13:42:56.799,414.9859891679188,998
2024-09-16 13:42:56.874,414.92989618417874,9
2024-09-16 13:42:56.885,414.9921058008879,1000
2024-09-16 13:42:56.957,414.9628757381601,100
2024-09-16 13:42:57.005,414.9528901772168,996
2024-09-16 13:42:57.733,414.9488941048239,14
2024-09-16 13:42:57.942,414.9343507601248,14
2024-09-16 13:42:58.020,414.937145013544,996
2024-09-16 13:42:58.086,414.959500096342,999
2024-09-16 13:42:58.130,414.9541463165895,996
2024-09-16 13:42:58.224,414.9364832047381,997
2024-09-16 13:42:58.300,414.9617505995492,99
2024-09-16 13:42:58.328,414.9530767816328,10
2024-09-16 13:42:58.403,414.96470875165534,5
2024-09-16 13:42:58.466,414.9480804577123,999
2024-09-16 13:42:58.482,414.9486770381252,995
2024-09-16 13:42:58.547,414.92727978199576,1002
2024-09-16 13:42:58.614,414.9501881050076,102
2024-09-16 13:42:58.713,414.9501730531781,12
2024-09-16 13:42:58.723,414.93666141381465,105
2024-09-16 13:42:58.747,414.934236292538,95
2024-09-16 13:42:58.750,414.9545240070531,105
2024-09-16 13:42:58.764,414.9359594972527,101
2024-09-16 13:42:58.877,414.9438671054144,13
2024-09-16 13:42:58.906,414.9422725231641,98
2024-09-16 13:42:58.922,414.9515365424308,12
2024-09-16 13:42:58.954,414.95044951807535,13
2024-09-16 13:42:58.977,414.9300622110742,9
2024-09-16 13:42:59.098,414.9153434124433,100
2024-09-16 13:42:59.183,414.9260109948392,14
2024-09-16 13:42:59.371,414.91230815006,99
2024-09-16 13:42:59.976,414.9044879141744,5
