Timestamp,Price,Size
2024-09-20 12:08:00.063,428.8574803086533,103
2024-09-20 12:08:00.154,428.8375913617106,995
2024-09-20 12:08:00.167,428.8500183118167,99
2024-09-20 12:08:00.167,428.8568232013656,8
2024-09-20 12:08:00.186,428.8235840479901,1005
2024-09-20 12:08:00.209,428.83710757611686,103
2024-09-20 12:08:00.334,-428.8392091330704,102
2024-09-20 12:08:00.362,428.8455371486199,996
2024-09-20 12:08:00.383,428.8564582184619,996
2024-09-20 12:08:00.396,428.8370148413507,95
2024-09-20 12:08:00.402,428.8254712246368,13
2024-09-20 12:08:00.414,428.83045441012734,998
2024-09-20 12:08:00.462,428.846672387947,98
2024-09-20 12:08:00.476,428.8526429748928,9
2024-09-20 12:08:00.481,428.8551842619365,104
2024-09-20 12:08:00.539,428.8356637237016,12
2024-09-20 12:08:00.568,428.8719562125895,105
2024-09-20 12:08:00.613,428.8512874312056,100
2024-09-20 12:08:00.657,428.8332827534568,995
2024-09-20 12:08:00.678,428.8528127381722,8
2024-09-20 12:08:00.682,428.8544923561457,10
2024-09-20 12:08:00.691,428.85052938587273,7
2024-09-20 12:08:00.710,428.8327786467879,1001
2024-09-20 12:08:00.721,428.8174588380602,6
2024-09-20 12:08:00.745,,1003
2024-09-20 12:08:00.767,428.8293402223324,1002
2024-09-20 12:08:00.784,428.8395413075565,105
2024-09-20 12:08:00.826,,1002
2024-09-20 12:08:00.847,428.84692047602726,99
2024-09-20 12:08:00.854,428.83344303943807,1002
2024-09-20 12:08:01.021,428.85913997790607,996
2024-09-20 12:08:01.160,428.8973261519411,996
2024-09-20 12:08:01.171,428.8781528117028,1001
2024-09-20 12:08:01.233,428.8564079425779,104
2024-09-20 12:08:01.234,428.8769348462556,102
2024-09-20 12:08:01.326,428.843976155862,997
2024-09-20 12:08:01.374,428.88784004695526,13
2024-09-20 12:08:01.377,428.8442244678534,15
2024-09-20 12:08:01.384,428.8681035376583,5
2024-09-20 12:08:01.460,428.8896773578722,97
2024-09-20 12:08:01.543,428.8752067543304,10
2024-09-20 12:08:01.571,428.8717796236169,998
2024-09-20 12:08:01.619,428.87664874428816,9
2024-09-20 12:08:01.728,428.8462773741009,99
2024-09-20 12:08:01.789,428.8673767744039,997
2024-09-20 12:08:01.790,428.86731938378017,103
2024-09-20 12:08:01.809,428.8013073841915,105
2024-09-20 12:08:01.840,428.8924902742394,14
2024-09-20 12:08:01.882,428.87210216548766,103
2024-09-20 12:08:01.889,428.8753263432373,1002
2024-09-20 12:08:01.946,428.82156529849465,1005
2024-09-20 12:08:01.952,428.87330130029727,14
2024-09-20 12:08:01.962,428.8466344453088,995
2024-09-20 12:08:01.970,428.8786492883323,98
2024-09-20 12:08:02.231,428.812678968149,101
2024-09-20 12:08:02.408,428.8184277687883,98
2024-09-20 12:08:02.896,428.8095959837179,10
2024-09-20 12:08:03.000,428.682508748482,1002
2024-09-20 12:08:03.025,428.6989781737629,1003
2024-09-20 12:08:03.149,428.6627805717386,99
2024-09-20 12:08:03.208,428.7871782890472,12
2024-09-20 12:08:03.223,428.7441432408888,5
2024-09-20 12:08:03.271,428.7757179966802,998
2024-09-20 12:08:03.271,428.7218886147128,6
2024-09-20 12:08:03.368,428.8077997086366,12
2024-09-20 12:08:03.430,428.6799783816199,995
2024-09-20 12:08:03.447,428.6944504667303,101
2024-09-20 12:08:03.456,428.7891199104039,98
2024-09-20 12:08:03.514,428.6936827083782,1003
2024-09-20 12:08:03.557,428.6928948349994,97
2024-09-20 12:08:03.563,428.703714106725,9
2024-09-20 12:08:03.577,428.8029762886749,1001
2024-09-20 12:08:03.616,428.662851756221,8
2024-09-20 12:08:03.660,428.6782009198297,15
2024-09-20 12:08:03.730,428.7561339622428,104
2024-09-20 12:08:03.737,428.6700753678421,1001
2024-09-20 12:08:03.749,428.7046846985085,101
2024-09-20 12:08:03.792,428.6922664900714,1000
2024-09-20 12:08:03.833,428.6766858603296,95
2024-09-20 12:08:03.861,428.69638657891386,998
2024-09-20 12:08:03.871,428.66545021767234,96
2024-09-20 12:08:03.914,428.76601276270674,995
2024-09-20 12:08:03.951,428.69171006255135,95
2024-09-20 12:08:04.038,428.701879224537,104
2024-09-20 12:08:04.145,428.6739104923084,1004
2024-09-20 12:08:04.164,428.6721424552823,14
2024-09-20 12:08:04.307,428.6538881048588,1003
2024-09-20 12:08:04.377,428.6881889057466,105
2024-09-20 12:08:04.620,428.6559848328744,1004
2024-09-20 12:08:04.650,428.6717504898741,1005
2024-09-20 12:08:04.684,428.6782796973127,6
2024-09-20 12:08:04.712,428.700755981908,14
2024-09-20 12:08:04.728,428.66866192901614,8
2024-09-20 12:08:04.743,428.67632690906055,998
2024-09-20 12:08:04.788,428.6786052520253,8
2024-09-20 12:08:04.809,428.7115205794677,1003
2024-09-20 12:08:04.959,428.6857974782168,999
2024-09-20 12:08:05.178,428.6987362428867,998
2024-09-20 12:08:05.913,428.70289890945145,103
2024-09-20 12:08:05.989,428.7091693140985,13
2024-09-20 12:08:06.006,428.702371343157,11
2024-09-20 12:08:06.158,428.6666306796313,11
2024-09-20 12:08:06.417,428.6766109680405,97
2024-09-20 12:08:06.453,428.65252064513385,15
2024-09-20 12:08:06.462,428.6681338418544,6
2024-09-20 12:08:06.486,428.6770099127705,1005
2024-09-20 12:08:06.521,428.6720931947754,1001
2024-09-20 12:08:06.538,428.6463597325968,15
2024-09-20 12:08:06.591,428.6672980724077,997
2024-09-20 12:08:06.680,428.6836591565838,95
2024-09-20 12:08:06.693,428.6754381918471,9
2024-09-20 12:08:06.873,428.6696133973394,95
2024-09-20 12:08:06.879,428.6472688996373,102
2024-09-20 12:08:06.883,428.66158333940655,12
2024-09-20 12:08:06.889,428.6542087845565,5
2024-09-20 12:08:06.895,428.68425979993066,1005
2024-09-20 12:08:06.913,428.7075865726767,1002
2024-09-20 12:08:06.913,428.6589796108971,998
2024-09-20 12:08:06.980,428.63839506054114,1003
2024-09-20 12:08:07.011,428.6993622641841,15
2024-09-20 12:08:07.047,428.67001522842014,10
2024-09-20 12:08:07.152,428.6790010574237,11
2024-09-20 12:08:07.211,428.6780685783324,8
2024-09-20 12:08:07.432,428.6948289840064,97
2024-09-20 12:08:07.455,428.678401145354,6
2024-09-20 12:08:07.504,428.7015786259281,8
2024-09-20 12:08:07.712,428.685774007143,97
2024-09-20 12:08:07.856,428.71214213790296,104
2024-09-20 12:08:07.949,428.6796304570064,6
2024-09-20 12:08:08.229,42.86671193851758,5
2024-09-20 12:08:08.362,428.650895511636,100
2024-09-20 12:08:08.392,428.65337582208986,96
2024-09-20 12:08:08.402,428.62336223933335,15
2024-09-20 12:08:08.636,428.63518888664686,99
2024-09-20 12:08:08.637,428.61092779056656,99
2024-09-20 12:08:08.653,428.6471258156472,10
2024-09-20 12:08:08.737,428.6484096795501,8
2024-09-20 12:08:08.754,428.6647531213871,11
2024-09-20 12:08:08.763,428.6680871983195,997
2024-09-20 12:08:08.965,428.62350642617776,103
2024-09-20 12:08:09.095,428.61634752034985,95
2024-09-20 12:08:09.168,428.5803823552959,14
2024-09-20 12:08:09.221,428.5708582222192,5
2024-09-20 12:08:09.324,428.5518181411729,15
2024-09-20 12:08:09.330,428.6276871468416,8
2024-09-20 12:08:09.432,428.5805858206316,1000
2024-09-20 12:08:09.528,428.58407598267,105
2024-09-20 12:08:09.622,428.573393468261,96
2024-09-20 12:08:09.634,428.60533460976177,15
2024-09-20 12:08:09.757,428.5716476414309,98
2024-09-20 12:08:09.856,428.5839486067002,999
2024-09-20 12:08:09.975,428.5857106482942,98
2024-09-20 12:08:10.428,428.6421924951256,14
2024-09-20 12:08:11.201,428.6230684351809,9
2024-09-20 12:08:11.416,428.6363373728217,1005
2024-09-20 12:08:11.490,428.6485298767226,9
2024-09-20 12:08:11.711,428.6556366917421,995
2024-09-20 12:08:11.811,428.6366139514068,998
2024-09-20 12:08:11.883,428.61403072237965,997
2024-09-20 12:08:11.904,428.6460221330258,1000
2024-09-20 12:08:12.562,428.6040829511704,5
2024-09-20 12:08:12.589,428.5867573480989,6
2024-09-20 12:08:12.624,428.5920800721789,102
2024-09-20 12:08:13.161,428.58498696142976,11
2024-09-20 12:08:13.171,428.5894404361857,8
2024-09-20 12:08:13.208,428.5825892146965,101
2024-09-20 12:08:13.380,428.5888805312503,9
2024-09-20 12:08:13.614,428.5894959038661,98
2024-09-20 12:08:13.664,428.593602255624,1001
2024-09-20 12:08:13.704,428.59358918129766,6
2024-09-20 12:08:13.944,428.591931356619,12
2024-09-20 12:08:14.182,428.5842096624164,6
2024-09-20 12:08:15.009,428.5755416247,12
2024-09-20 12:08:15.009,428.5843815706272,15
2024-09-20 12:08:15.048,428.5443421372021,14
2024-09-20 12:08:15.048,428.5483441750994,104
2024-09-20 12:08:15.152,428.58947950535935,95
2024-09-20 12:08:15.195,428.5234592109587,105
2024-09-20 12:08:15.282,428.56798907032913,104
2024-09-20 12:08:15.284,428.5646990977752,11
2024-09-20 12:08:15.291,428.5591284059895,997
2024-09-20 12:08:15.426,428.5185206574308,6
2024-09-20 12:08:15.502,428.5827118966236,1002
2024-09-20 12:08:15.514,428.5861350945835,999
2024-09-20 12:08:15.573,428.58121949999565,995
2024-09-20 12:08:15.627,428.521184888126,105
2024-09-20 12:08:15.643,428.5301222318177,101
2024-09-20 12:08:15.743,428.5188972558598,12
2024-09-20 12:08:15.758,428.5848107744963,8
2024-09-20 12:08:15.794,428.5801436826391,102
2024-09-20 12:08:15.847,428.5848350635658,1000
2024-09-20 12:08:15.949,428.5369505630365,7
2024-09-20 12:08:15.952,428.535320342767,1005
2024-09-20 12:08:15.959,428.5678800464306,104
2024-09-20 12:08:16.160,428.5349526129853,102
2024-09-20 12:08:16.337,428.539732397507,998
2024-09-20 12:08:16.459,428.5451266653836,1005
2024-09-20 12:08:16.940,428.52516532536106,997
2024-09-20 12:08:17.266,428.5564168777331,1002
2024-09-20 12:08:17.325,428.5825795718993,7
2024-09-20 12:08:17.595,428.5372349096888,9
2024-09-20 12:08:17.762,428.5770894365648,99
2024-09-20 12:08:18.133,428.63373142112073,1003
2024-09-20 12:08:18.145,428.6398599763141,1000
2024-09-20 12:08:18.158,428.649414989092,1004
2024-09-20 12:08:18.189,428.627841720648,98
2024-09-20 12:08:18.421,428.7004251728876,8
2024-09-20 12:08:18.424,428.6860159848083,97
2024-09-20 12:08:18.430,428.6023102578762,6
2024-09-20 12:08:18.434,428.6808110057795,6
2024-09-20 12:08:18.561,428.68772804020887,1004
2024-09-20 12:08:18.575,428.6845299316777,999
2024-09-20 12:08:18.585,428.6217201467358,96
2024-09-20 12:08:18.613,428.648006826285,8
2024-09-20 12:08:18.665,428.61900942989286,5
2024-09-20 12:08:18.668,428.6651804052874,1004
2024-09-20 12:08:18.676,428.6730206023945,105
2024-09-20 12:08:18.699,428.6537429644047,5
2024-09-20 12:08:18.859,428.6369744226747,14
2024-09-20 12:08:18.898,428.6338499639359,1000
2024-09-20 12:08:18.909,428.6573992964504,105
2024-09-20 12:08:18.959,428.66631966351696,5
2024-09-20 12:08:18.964,428.6758506494903,101
2024-09-20 12:08:18.970,428.67653170572777,96
2024-09-20 12:08:19.004,428.614096594394,14
2024-09-20 12:08:19.070,428.6455944517863,996
2024-09-20 12:08:19.086,428.6166814114228,96
2024-09-20 12:08:19.113,428.6568622184823,999
2024-09-20 12:08:19.251,428.6746850271336,1001
2024-09-20 12:08:19.261,428.6906985629846,998
2024-09-20 12:08:19.268,428.62327248125536,102
2024-09-20 12:08:19.326,428.69221211217575,96
2024-09-20 12:08:19.473,428.6621714210601,95
2024-09-20 12:08:19.490,428.68873182992553,15
2024-09-20 12:08:19.492,428.65755630008505,13
2024-09-20 12:08:19.521,428.6387856532928,1004
2024-09-20 12:08:19.532,428.6216299294072,997
2024-09-20 12:08:19.552,428.682829125585,96
2024-09-20 12:08:19.617,428.671772003246,14
2024-09-20 12:08:19.683,428.69731427798615,102
2024-09-20 12:08:19.687,428.7162313378225,11
2024-09-20 12:08:19.689,428.6383024843075,8
2024-09-20 12:08:19.707,428.6400401668369,104
2024-09-20 12:08:19.742,428.6064359425398,102
2024-09-20 12:08:19.784,428.643883747651,96
2024-09-20 12:08:19.829,428.68035345006143,6
2024-09-20 12:08:19.861,428.6556726812801,999
2024-09-20 12:08:19.876,428.64010305218,8
2024-09-20 12:08:19.879,428.670489483139,999
2024-09-20 12:08:19.907,428.6731102714207,100
2024-09-20 12:08:19.917,428.6457129704502,8
2024-09-20 12:08:19.948,428.6608145719222,100
2024-09-20 12:08:19.991,428.64168233461066,15
2024-09-20 12:08:19.995,428.6458816009522,9
2024-09-20 12:08:20.056,428.7122661996901,99
2024-09-20 12:08:20.139,428.7131372764176,97
2024-09-20 12:08:20.505,428.7174810643562,103
2024-09-20 12:08:21.035,428.7954991273717,8
2024-09-20 12:08:21.109,428.7777864001759,15
2024-09-20 12:08:21.117,-428.7828534264047,101
2024-09-20 12:08:21.121,428.8029581343656,104
2024-09-20 12:08:21.270,428.7291543960276,998
2024-09-20 12:08:21.303,428.735338338142,105
2024-09-20 12:08:21.384,428.7553844133595,102
2024-09-20 12:08:21.403,428.7329986830555,8
2024-09-20 12:08:21.409,428.768325560743,1002
2024-09-20 12:08:21.632,428.7338950159656,1002
2024-09-20 12:08:21.692,-428.769225525042,95
2024-09-20 12:08:21.727,428.7226225950032,995
2024-09-20 12:08:21.739,428.76266422637326,95
2024-09-20 12:08:21.768,428.7114957484689,13
2024-09-20 12:08:21.781,428.7567026445406,14
2024-09-20 12:08:21.837,428.7623056074544,998
2024-09-20 12:08:21.865,428.7569071578044,15
2024-09-20 12:08:21.960,428.77649151257054,13
2024-09-20 12:08:22.096,428.7058601167039,100
2024-09-20 12:08:22.159,428.6985590832406,101
2024-09-20 12:08:22.274,428.7016620267328,96
2024-09-20 12:08:22.275,428.7258822041276,100
2024-09-20 12:08:22.477,428.7143399787635,8
2024-09-20 12:08:22.757,428.6915336930862,8
2024-09-20 12:08:22.765,428.68875073153873,100
2024-09-20 12:08:22.918,428.680662725038,6
2024-09-20 12:08:23.019,428.6822435080067,14
2024-09-20 12:08:23.074,428.6149635768346,103
2024-09-20 12:08:23.181,428.6283541951443,104
2024-09-20 12:08:23.471,428.65247888595127,999
2024-09-20 12:08:23.657,428.63889756716975,102
2024-09-20 12:08:23.680,428.6053920981701,96
2024-09-20 12:08:23.864,428.6270079380061,14
2024-09-20 12:08:23.944,428.6246089409725,1003
2024-09-20 12:08:23.993,428.6179709217975,103
2024-09-20 12:08:23.995,428.6742880978655,12
2024-09-20 12:08:24.099,428.61947243174217,1003
2024-09-20 12:08:24.297,428.61159104853033,8
2024-09-20 12:08:25.415,428.6069665519077,105
2024-09-20 12:08:25.568,428.60599819133154,1002
2024-09-20 12:08:25.933,428.60470176080827,99
2024-09-20 12:08:26.380,428.6117022390716,995
2024-09-20 12:08:27.020,428.6437354765162,102
2024-09-20 12:08:27.063,428.60334762446416,104
2024-09-20 12:08:27.078,428.6480360980791,8
2024-09-20 12:08:27.094,428.6543141864733,96
2024-09-20 12:08:27.121,428.60480915420993,12
2024-09-20 12:08:27.155,428.6044468490813,104
2024-09-20 12:08:27.227,428.6146819566866,103
2024-09-20 12:08:27.279,428.6414149330595,9
2024-09-20 12:08:27.307,428.61597767803096,998
2024-09-20 12:08:27.344,428.5952284238752,995
2024-09-20 12:08:27.372,428.6251867511966,105
2024-09-20 12:08:27.460,42.86312026869774,1000
2024-09-20 12:08:27.468,428.61949215214497,100
2024-09-20 12:08:27.560,428.651595285545,1002
2024-09-20 12:08:27.568,428.6521936402865,100
2024-09-20 12:08:27.703,428.6285352661307,9
2024-09-20 12:08:27.706,42.86205418899911,97
2024-09-20 12:08:27.743,428.647228978569,97
2024-09-20 12:08:27.807,428.6011076974335,998
2024-09-20 12:08:27.821,428.6485528401774,13
2024-09-20 12:08:27.863,428.62510916420223,999
2024-09-20 12:08:27.983,428.6263890975207,6
2024-09-20 12:08:28.062,428.6798548096335,102
2024-09-20 12:08:28.107,428.66295990683466,999
2024-09-20 12:08:28.199,428.64160123803066,15
2024-09-20 12:08:28.243,428.6605401857216,98
2024-09-20 12:08:28.459,428.640391824029,104
2024-09-20 12:08:28.526,428.6653033475505,105
2024-09-20 12:08:28.570,428.6531757571867,998
2024-09-20 12:08:28.607,428.6566799251313,99
2024-09-20 12:08:28.654,428.6505120502234,11
2024-09-20 12:08:28.682,428.6589077530428,1003
2024-09-20 12:08:28.723,428.6837244321293,997
2024-09-20 12:08:28.782,428.66116875269046,10
2024-09-20 12:08:29.041,428.5949029032377,13
2024-09-20 12:08:29.117,428.573618481988,14
2024-09-20 12:08:29.119,428.60711883213776,99
2024-09-20 12:08:29.139,428.5745071217033,1004
2024-09-20 12:08:29.203,428.6407952338052,98
2024-09-20 12:08:29.261,428.66162303137736,104
2024-09-20 12:08:29.307,428.60109045217297,997
2024-09-20 12:08:29.356,428.5849611072783,103
2024-09-20 12:08:29.416,428.6322589586291,104
2024-09-20 12:08:29.436,428.6479592656772,998
2024-09-20 12:08:29.438,428.6355001985507,14
2024-09-20 12:08:29.457,428.6226177924773,10
2024-09-20 12:08:29.478,428.6354405060517,100
2024-09-20 12:08:29.483,428.6607833569101,10
2024-09-20 12:08:29.497,428.63305531262966,1002
2024-09-20 12:08:29.504,428.573075090187,98
2024-09-20 12:08:29.601,428.6016802752236,95
2024-09-20 12:08:29.610,428.6377001601135,997
2024-09-20 12:08:29.648,428.62633022357744,98
2024-09-20 12:08:29.717,428.6122605750054,999
2024-09-20 12:08:29.789,428.6347258540997,11
2024-09-20 12:08:29.799,428.61483312453566,95
2024-09-20 12:08:29.804,428.5888245710548,104
2024-09-20 12:08:29.820,428.582450687907,96
2024-09-20 12:08:29.858,428.6457176822293,1005
2024-09-20 12:08:29.947,428.65717706749655,999
2024-09-20 12:08:29.959,428.6562604481288,102
2024-09-20 12:08:30.029,428.6491706914797,96
2024-09-20 12:08:30.111,428.6271349808464,998
2024-09-20 12:08:30.143,428.59944505420617,997
2024-09-20 12:08:30.146,428.6638076802277,98
2024-09-20 12:08:30.265,428.6503802720295,1000
2024-09-20 12:08:30.291,428.6901426969485,14
2024-09-20 12:08:30.301,428.63898744945055,95
2024-09-20 12:08:30.309,428.5833097099946,996
2024-09-20 12:08:30.319,428.6232815568392,1003
2024-09-20 12:08:30.397,428.6814290536152,95
2024-09-20 12:08:30.423,428.616193377111,1002
2024-09-20 12:08:30.436,428.6212872260876,102
2024-09-20 12:08:30.454,428.6241027529494,7
2024-09-20 12:08:30.501,428.6346754521202,99
2024-09-20 12:08:30.514,428.6588781223044,1005
2024-09-20 12:08:30.548,428.61786829700577,13
2024-09-20 12:08:30.550,428.6044881031079,998
2024-09-20 12:08:30.662,428.6459150822412,97
2024-09-20 12:08:30.692,428.62345765336346,999
2024-09-20 12:08:30.722,428.65433669329286,1003
2024-09-20 12:08:30.764,428.6198483778932,12
2024-09-20 12:08:30.768,428.67649545446056,999
2024-09-20 12:08:30.792,-428.6315074126593,95
2024-09-20 12:08:30.812,428.6489287711023,1003
2024-09-20 12:08:30.838,428.63776051271225,95
2024-09-20 12:08:30.916,428.6474828955716,103
2024-09-20 12:08:31.076,428.6293738450708,1000
2024-09-20 12:08:31.134,428.635274369996,104
2024-09-20 12:08:31.313,428.62062350980045,97
2024-09-20 12:08:31.359,428.6692735882096,99
2024-09-20 12:08:31.461,428.6114815936389,1000
2024-09-20 12:08:31.570,428.6654772674689,999
2024-09-20 12:08:32.014,428.6515422686984,1003
2024-09-20 12:08:32.031,428.6345387713967,1002
2024-09-20 12:08:32.040,-42.8637292732076,105
2024-09-20 12:08:32.058,428.6579592248731,1001
2024-09-20 12:08:32.066,42.867078293273096,97
2024-09-20 12:08:32.118,428.6197295130776,7
2024-09-20 12:08:32.136,428.6431011889244,104
2024-09-20 12:08:32.187,428.6596245468662,10
2024-09-20 12:08:32.243,428.6548202322984,105
2024-09-20 12:08:32.247,428.65764836854186,102
2024-09-20 12:08:32.260,428.6372139751148,104
2024-09-20 12:08:32.273,428.6611308316794,1005
2024-09-20 12:08:32.301,428.6648434258424,104
2024-09-20 12:08:32.413,428.65692153974175,1002
2024-09-20 12:08:32.429,428.6335891917826,95
2024-09-20 12:08:32.621,428.6558084491064,103
2024-09-20 12:08:32.678,428.62533546982326,13
2024-09-20 12:08:32.681,428.6527790414384,105
2024-09-20 12:08:32.753,428.6479279973056,10
2024-09-20 12:08:32.845,428.60785372019154,1003
2024-09-20 12:08:32.867,428.6758375700554,13
2024-09-20 12:08:32.869,428.6361750731504,995
2024-09-20 12:08:32.897,428.6335530833969,96
2024-09-20 12:08:32.932,428.6747343171021,96
2024-09-20 12:08:32.963,428.631263811113,95
2024-09-20 12:08:32.970,428.6455919033577,1001
2024-09-20 12:08:32.984,428.665919629157,6
2024-09-20 12:08:33.088,428.612937985107,97
2024-09-20 12:08:33.104,428.6016896284455,997
2024-09-20 12:08:33.250,428.6043672880408,8
2024-09-20 12:08:33.269,428.6102956469428,104
2024-09-20 12:08:33.327,428.6131754311382,1005
2024-09-20 12:08:33.349,428.6124988955776,9
2024-09-20 12:08:33.373,428.62299856766055,997
2024-09-20 12:08:33.419,428.6533329259864,99
2024-09-20 12:08:33.512,428.6638638111386,1001
2024-09-20 12:08:33.525,428.618509945758,1001
2024-09-20 12:08:33.550,428.6077822209269,1002
2024-09-20 12:08:33.554,428.57294849144336,97
2024-09-20 12:08:33.728,428.5979685971527,998
2024-09-20 12:08:33.751,428.6409631331816,1001
2024-09-20 12:08:33.758,428.5976363860907,10
2024-09-20 12:08:33.761,428.5813307283824,999
2024-09-20 12:08:33.764,428.6851991118398,5
2024-09-20 12:08:33.790,428.5864808978928,100
2024-09-20 12:08:33.832,428.6693047795292,1002
2024-09-20 12:08:33.926,428.5582045244652,995
2024-09-20 12:08:34.411,428.5690192141804,14
2024-09-20 12:08:34.413,428.55182016606193,1000
2024-09-20 12:08:34.415,428.5496841170103,13
2024-09-20 12:08:34.732,428.576212420799,105
2024-09-20 12:08:34.735,428.55741098177015,1001
2024-09-20 12:08:34.838,428.5761473319891,1004
2024-09-20 12:08:34.999,428.565551984411,6
2024-09-20 12:08:35.008,428.5131383682865,1000
2024-09-20 12:08:35.009,428.50174478772857,104
2024-09-20 12:08:35.009,428.4802724505499,10
2024-09-20 12:08:35.030,428.5100126803024,11
2024-09-20 12:08:35.122,428.5606986447688,997
2024-09-20 12:08:35.143,428.5018867172889,101
2024-09-20 12:08:35.178,428.5690505166765,997
2024-09-20 12:08:35.216,428.5178986016014,99
2024-09-20 12:08:35.296,428.5198921930944,96
2024-09-20 12:08:35.428,428.5166874285402,6
2024-09-20 12:08:35.460,428.5211812840094,102
2024-09-20 12:08:35.501,428.529403321817,999
2024-09-20 12:08:35.508,428.5579806085457,101
2024-09-20 12:08:35.518,428.5502829307665,103
2024-09-20 12:08:35.531,-428.4988433832413,13
2024-09-20 12:08:35.532,428.5488306147924,1003
2024-09-20 12:08:35.603,428.512362091131,12
2024-09-20 12:08:35.757,428.5616896700472,999
2024-09-20 12:08:35.835,428.5499404526742,1001
2024-09-20 12:08:35.886,428.5078193621155,6
2024-09-20 12:08:35.984,428.5591848118548,102
2024-09-20 12:08:35.996,428.5578511237153,10
2024-09-20 12:08:35.999,428.5319269764333,5
2024-09-20 12:08:36.055,428.47040017507874,14
2024-09-20 12:08:36.107,428.49222554216175,999
2024-09-20 12:08:36.112,428.4450652082802,8
2024-09-20 12:08:36.222,428.4278103926525,101
2024-09-20 12:08:36.242,-428.4493469950393,6
2024-09-20 12:08:36.268,428.4440295457689,1004
2024-09-20 12:08:36.303,428.4343126353703,13
2024-09-20 12:08:36.322,428.537315609239,1004
2024-09-20 12:08:36.379,428.463059704518,101
2024-09-20 12:08:36.422,428.4521292226451,102
2024-09-20 12:08:36.508,428.4532473536962,95
2024-09-20 12:08:36.512,428.45814894205614,100
2024-09-20 12:08:36.532,428.4365402387819,100
2024-09-20 12:08:36.603,428.4611736289252,9
2024-09-20 12:08:36.648,428.462495351778,100
2024-09-20 12:08:36.661,428.476327237375,98
2024-09-20 12:08:36.661,428.4227298928338,999
2024-09-20 12:08:36.679,428.4479562573887,104
2024-09-20 12:08:36.682,428.4422472938188,104
2024-09-20 12:08:36.711,428.5024976054027,9
2024-09-20 12:08:36.739,428.4744091828387,1003
2024-09-20 12:08:36.762,428.5040296928949,102
2024-09-20 12:08:36.773,428.4238105681873,13
2024-09-20 12:08:36.856,428.55664801383847,104
2024-09-20 12:08:36.868,-428.4560765604065,100
2024-09-20 12:08:36.872,428.44701476512415,1002
2024-09-20 12:08:36.877,428.4220202655658,11
2024-09-20 12:08:36.975,428.44104183435786,1003
2024-09-20 12:08:37.088,428.4262186076527,11
2024-09-20 12:08:37.131,428.4404753665676,7
2024-09-20 12:08:37.134,428.4233973139336,95
2024-09-20 12:08:37.139,428.4518569396647,1003
2024-09-20 12:08:37.140,428.4260670081943,995
2024-09-20 12:08:37.199,428.4375182315275,98
2024-09-20 12:08:37.259,428.4471020148339,101
2024-09-20 12:08:37.345,428.4233795210953,1003
2024-09-20 12:08:37.503,428.4237782971583,8
2024-09-20 12:08:37.553,428.43659776165697,15
2024-09-20 12:08:37.580,428.44620168420886,98
2024-09-20 12:08:37.610,428.4279171159494,103
2024-09-20 12:08:37.610,428.4175390092565,996
2024-09-20 12:08:37.611,428.4285918565608,13
2024-09-20 12:08:37.639,428.45364273364265,103
2024-09-20 12:08:37.690,428.4520338035336,103
2024-09-20 12:08:37.776,428.465384444594,14
2024-09-20 12:08:37.973,428.4289185232852,1002
2024-09-20 12:08:37.996,428.4453207609696,15
2024-09-20 12:08:38.184,428.5084154775223,101
2024-09-20 12:08:38.239,428.5167931644612,995
2024-09-20 12:08:38.320,428.4502244385601,8
2024-09-20 12:08:38.325,428.5029116835108,9
2024-09-20 12:08:38.406,428.5194185586764,105
2024-09-20 12:08:38.476,428.4467777880396,1001
2024-09-20 12:08:38.558,428.5018335324686,101
2024-09-20 12:08:38.656,428.5114626367335,98
2024-09-20 12:08:38.743,428.4915320075453,1005
2024-09-20 12:08:38.974,428.46416111717207,996
2024-09-20 12:08:39.038,428.55601949143824,1001
2024-09-20 12:08:39.043,428.57894855585937,997
2024-09-20 12:08:39.200,428.5758990206908,996
2024-09-20 12:08:39.419,428.5239216731173,1002
2024-09-20 12:08:39.430,428.54550785212,13
2024-09-20 12:08:39.439,428.5800015352687,1003
2024-09-20 12:08:39.489,428.5436188896388,1003
2024-09-20 12:08:39.574,428.5881295662501,13
2024-09-20 12:08:39.625,428.5857967421173,101
2024-09-20 12:08:39.634,428.5736583628215,104
2024-09-20 12:08:39.743,428.566515114107,96
2024-09-20 12:08:40.009,428.5613275542583,1004
2024-09-20 12:08:40.080,428.546154730931,104
2024-09-20 12:08:40.169,428.49143439068064,1001
2024-09-20 12:08:40.170,428.5462164593085,6
2024-09-20 12:08:40.185,428.5578543476513,12
2024-09-20 12:08:40.222,428.5468960849662,97
2024-09-20 12:08:40.274,428.5455753860823,98
2024-09-20 12:08:40.368,428.5433052788502,11
2024-09-20 12:08:40.392,428.5405599728103,7
2024-09-20 12:08:40.494,428.5590281530388,103
2024-09-20 12:08:40.517,428.5215562897434,11
2024-09-20 12:08:40.528,428.5440938214023,9
2024-09-20 12:08:40.685,428.48451809127096,12
2024-09-20 12:08:40.709,428.5558771033101,95
2024-09-20 12:08:40.713,428.4782451578123,997
2024-09-20 12:08:40.810,428.5552602083972,95
2024-09-20 12:08:40.859,428.4843297785159,99
2024-09-20 12:08:41.089,428.5103614485282,14
2024-09-20 12:08:41.116,428.48256033979845,9
2024-09-20 12:08:41.119,-428.4825907615661,95
2024-09-20 12:08:41.137,428.4921634645045,14
2024-09-20 12:08:41.158,428.5025092868503,104
2024-09-20 12:08:41.328,428.519514136776,12
2024-09-20 12:08:41.337,428.5050076092167,7
2024-09-20 12:08:41.363,428.4975729954079,13
2024-09-20 12:08:41.398,428.50097739314464,95
2024-09-20 12:08:41.498,428.5146512525499,98
2024-09-20 12:08:41.507,428.4761116754086,1005
2024-09-20 12:08:41.552,428.462018394794,996
2024-09-20 12:08:41.579,428.5196778030948,5
2024-09-20 12:08:41.600,428.5146315670215,1000
2024-09-20 12:08:41.811,428.50046863539256,995
2024-09-20 12:08:41.850,428.5057623434525,103
2024-09-20 12:08:41.865,428.4883181959093,104
2024-09-20 12:08:42.080,428.50378261991017,1005
2024-09-20 12:08:42.107,428.5237737420225,102
2024-09-20 12:08:42.115,428.51243686800814,998
2024-09-20 12:08:42.160,428.51588645603726,10
2024-09-20 12:08:42.210,428.5151862743795,14
2024-09-20 12:08:42.290,428.51398719365136,104
2024-09-20 12:08:42.293,428.4904865787087,1001
2024-09-20 12:08:42.324,428.509188372538,5
2024-09-20 12:08:42.368,428.4913203752996,95
2024-09-20 12:08:42.371,428.51052266295056,6
2024-09-20 12:08:42.511,428.512717202557,11
2024-09-20 12:08:42.516,428.5110585510067,5
2024-09-20 12:08:42.539,428.5058537509741,999
2024-09-20 12:08:42.611,428.54065915361946,999
2024-09-20 12:08:42.620,428.51086786673307,105
2024-09-20 12:08:42.621,428.4927156496126,6
2024-09-20 12:08:42.651,428.521399563132,1000
2024-09-20 12:08:42.706,428.50649404738107,1001
2024-09-20 12:08:42.714,428.5224324160756,100
2024-09-20 12:08:42.720,428.5095328784183,7
2024-09-20 12:08:42.758,428.47687232005376,996
2024-09-20 12:08:42.761,428.4943147248573,96
2024-09-20 12:08:42.811,428.4835717360378,102
2024-09-20 12:08:42.838,428.5085275267999,96
2024-09-20 12:08:42.934,428.51280671089046,6
2024-09-20 12:08:42.964,428.5197856624034,1003
2024-09-20 12:08:43.047,428.6023543430003,1003
2024-09-20 12:08:43.057,428.53145346568914,97
2024-09-20 12:08:43.060,428.5877051491875,15
2024-09-20 12:08:43.102,428.5957007835128,11
2024-09-20 12:08:43.143,428.55124036487854,102
2024-09-20 12:08:43.158,428.58800163297326,1004
2024-09-20 12:08:43.234,428.54890887211445,6
2024-09-20 12:08:43.238,428.5457166561304,1004
2024-09-20 12:08:43.274,428.51804811739294,999
2024-09-20 12:08:43.341,428.5336240904504,999
2024-09-20 12:08:43.358,428.5352022011765,7
2024-09-20 12:08:43.394,428.5861153801233,105
2024-09-20 12:08:43.535,428.548249374126,8
2024-09-20 12:08:43.607,428.564474107946,103
2024-09-20 12:08:43.660,428.5828884088749,6
2024-09-20 12:08:43.687,428.6036290938894,996
2024-09-20 12:08:43.690,428.5914451526575,1004
2024-09-20 12:08:43.699,428.59456023090735,1002
2024-09-20 12:08:43.712,428.5877739824579,99
2024-09-20 12:08:43.720,428.6114584296728,103
2024-09-20 12:08:43.738,428.5785068595063,95
2024-09-20 12:08:43.752,428.5975336678145,7
2024-09-20 12:08:43.812,428.5956879555295,11
2024-09-20 12:08:43.826,428.5991385031993,1004
2024-09-20 12:08:43.845,428.5616693875889,102
2024-09-20 12:08:43.875,428.5966539356556,99
2024-09-20 12:08:43.893,428.617194027733,998
2024-09-20 12:08:43.942,428.54568144731854,8
2024-09-20 12:08:43.950,428.5929110465555,97
2024-09-20 12:08:43.994,428.54619794385417,102
2024-09-20 12:08:44.028,428.5216048748986,1004
2024-09-20 12:08:44.217,428.5210903828981,13
2024-09-20 12:08:44.267,428.5591445832714,7
2024-09-20 12:08:44.273,428.5706225002074,1005
2024-09-20 12:08:44.275,428.5564936044454,1002
2024-09-20 12:08:44.341,428.5424397971682,6
2024-09-20 12:08:44.360,428.5351397142337,15
2024-09-20 12:08:44.363,428.5741416990347,99
2024-09-20 12:08:44.372,428.5627070764915,99
2024-09-20 12:08:44.439,428.5347828198124,99
2024-09-20 12:08:44.523,428.5314065197406,9
2024-09-20 12:08:44.601,428.5398098271539,12
2024-09-20 12:08:44.643,428.5404203037225,6
2024-09-20 12:08:44.666,428.5208515639083,1005
2024-09-20 12:08:44.703,428.56726819529024,104
2024-09-20 12:08:44.730,428.5772351040004,1005
2024-09-20 12:08:44.754,428.5568982686941,96
2024-09-20 12:08:44.811,428.5663518628878,997
2024-09-20 12:08:44.815,428.51515584024025,8
2024-09-20 12:08:44.851,428.5075262747643,97
2024-09-20 12:08:44.867,428.5501655825011,105
2024-09-20 12:08:44.885,428.5408566434267,1001
2024-09-20 12:08:44.885,428.54122955974265,998
2024-09-20 12:08:44.913,428.5185339248836,15
2024-09-20 12:08:44.937,428.53316539292575,995
2024-09-20 12:08:44.952,428.5598106395127,5
2024-09-20 12:08:44.965,428.5572538345672,1001
2024-09-20 12:08:44.989,428.53582639745713,7
2024-09-20 12:08:45.008,428.4877366654555,7
2024-09-20 12:08:45.066,428.4869189303595,10
2024-09-20 12:08:45.111,428.5150133802711,101
2024-09-20 12:08:45.114,42.84882311181346,13
2024-09-20 12:08:45.143,428.4788163279008,103
2024-09-20 12:08:45.162,428.5073315482187,95
2024-09-20 12:08:45.215,428.5038528244318,103
2024-09-20 12:08:45.223,428.4848242315097,996
2024-09-20 12:08:45.429,428.4719720528212,999
2024-09-20 12:08:45.436,428.4717605567884,995
2024-09-20 12:08:45.481,428.5017383487224,96
2024-09-20 12:08:45.634,428.50120946954974,13
2024-09-20 12:08:45.702,428.4925751829919,7
2024-09-20 12:08:45.738,428.4794936355504,995
2024-09-20 12:08:45.964,428.4871633900184,97
2024-09-20 12:08:46.049,428.56978184494767,7
2024-09-20 12:08:46.115,428.4892345801698,995
2024-09-20 12:08:46.138,428.53880970687135,1005
2024-09-20 12:08:46.139,428.5397447493201,996
2024-09-20 12:08:46.241,428.57362365423,102
2024-09-20 12:08:46.277,428.5581194504344,103
2024-09-20 12:08:46.305,428.5852288738211,101
2024-09-20 12:08:46.317,428.5911282872359,97
2024-09-20 12:08:46.323,428.5253578181917,14
2024-09-20 12:08:46.425,428.5814311513705,996
2024-09-20 12:08:46.435,428.5445210496758,998
2024-09-20 12:08:46.454,428.5845973217012,7
2024-09-20 12:08:46.462,428.4759976312847,1005
2024-09-20 12:08:46.558,428.5785608436215,98
2024-09-20 12:08:46.609,428.5812004576444,98
2024-09-20 12:08:46.743,428.6008973939087,999
2024-09-20 12:08:46.792,428.5938885708812,8
2024-09-20 12:08:46.865,428.58880608226985,105
2024-09-20 12:08:46.994,428.5609414760119,98
2024-09-20 12:08:47.101,428.59007572044186,997
2024-09-20 12:08:47.176,428.6249246484662,1001
2024-09-20 12:08:47.230,428.6156758896026,95
2024-09-20 12:08:47.292,428.6148833549731,96
2024-09-20 12:08:47.294,428.6487439620526,14
2024-09-20 12:08:47.354,428.6038483237137,996
2024-09-20 12:08:47.400,428.6169604467013,7
2024-09-20 12:08:47.419,428.59675018565656,1001
2024-09-20 12:08:47.448,428.5961041482077,6
2024-09-20 12:08:47.450,428.6410605035654,998
2024-09-20 12:08:47.470,428.64003707545686,1002
2024-09-20 12:08:47.576,428.6044819438585,10
2024-09-20 12:08:47.619,428.62380181568136,96
2024-09-20 12:08:47.690,428.5733242340015,97
2024-09-20 12:08:47.694,428.6231896521999,95
2024-09-20 12:08:47.694,428.6489164039455,8
2024-09-20 12:08:47.744,428.634522387436,101
2024-09-20 12:08:47.818,428.5963792547655,997
2024-09-20 12:08:47.909,428.6208567681696,15
2024-09-20 12:08:47.921,428.6044124561244,8
2024-09-20 12:08:47.976,428.62616624354496,13
2024-09-20 12:08:48.003,428.5685585767528,8
2024-09-20 12:08:48.462,428.5684208243966,97
2024-09-20 12:08:48.606,428.5522878591565,13
2024-09-20 12:08:48.666,428.5681951787892,995
2024-09-20 12:08:48.710,428.5612819516396,7
2024-09-20 12:08:49.028,428.5186381003401,12
2024-09-20 12:08:49.183,428.5054305168029,96
2024-09-20 12:08:49.204,428.5170878913284,104
2024-09-20 12:08:49.261,428.5480381804511,104
2024-09-20 12:08:49.269,428.55331998800784,997
2024-09-20 12:08:49.291,428.5354467778664,999
2024-09-20 12:08:49.309,428.52426781873214,103
2024-09-20 12:08:49.355,428.535304548715,9
2024-09-20 12:08:49.407,428.50223979794606,96
2024-09-20 12:08:49.565,428.5221455196739,1003
2024-09-20 12:08:49.622,428.5163021491778,5
2024-09-20 12:08:49.647,428.51864620386726,11
2024-09-20 12:08:49.704,428.5278749166995,6
2024-09-20 12:08:49.805,428.5113596695272,97
2024-09-20 12:08:49.893,428.5495076033071,95
2024-09-20 12:08:49.931,428.526771775224,1005
2024-09-20 12:08:49.946,428.5342315517216,100
2024-09-20 12:08:50.109,428.4743489969465,100
2024-09-20 12:08:50.164,428.50418014384616,97
2024-09-20 12:08:50.216,428.47746745443055,999
2024-09-20 12:08:50.375,428.5101002274265,11
2024-09-20 12:08:50.509,428.4921233335112,99
2024-09-20 12:08:50.629,428.47603966033375,98
2024-09-20 12:08:50.657,428.4855368556268,104
2024-09-20 12:08:50.748,428.5119542678074,103
2024-09-20 12:08:50.823,428.5112052488625,97
2024-09-20 12:08:50.854,428.51396088414936,997
2024-09-20 12:08:50.868,-428.48265329066805,103
2024-09-20 12:08:50.919,428.4816309263786,100
2024-09-20 12:08:50.932,428.49776061250833,95
2024-09-20 12:08:50.952,428.517817688412,1004
2024-09-20 12:08:50.952,428.4648248594015,11
2024-09-20 12:08:50.990,428.51344487861513,103
2024-09-20 12:08:51.012,428.4840325290141,12
2024-09-20 12:08:51.027,428.4294877935711,101
2024-09-20 12:08:51.032,428.4411686352792,95
2024-09-20 12:08:51.158,428.4616934283026,8
2024-09-20 12:08:51.239,-428.4455661201793,100
2024-09-20 12:08:51.249,428.47549012673215,12
2024-09-20 12:08:51.268,428.483575308537,997
2024-09-20 12:08:51.273,428.42851410036616,95
2024-09-20 12:08:51.321,428.4427238068692,1000
2024-09-20 12:08:51.402,428.4324705375789,999
2024-09-20 12:08:51.506,428.4424691121126,98
2024-09-20 12:08:51.516,428.4295540392172,95
2024-09-20 12:08:51.592,428.48186168102256,9
2024-09-20 12:08:51.663,428.4734423382209,998
2024-09-20 12:08:51.727,428.4838379659838,1003
2024-09-20 12:08:51.892,428.4308299953952,1001
2024-09-20 12:08:51.992,428.4301076567516,1005
2024-09-20 12:08:52.020,428.47346849156617,100
2024-09-20 12:08:52.023,428.4051584565549,14
2024-09-20 12:08:52.030,428.42723828512,105
2024-09-20 12:08:52.059,428.4948660624767,11
2024-09-20 12:08:52.059,428.42284728814,15
2024-09-20 12:08:52.180,428.4268952625363,95
2024-09-20 12:08:52.215,428.4873231756996,103
2024-09-20 12:08:52.217,428.4591818945465,995
2024-09-20 12:08:52.324,428.4511268796695,10
2024-09-20 12:08:52.375,428.4319255986375,1000
2024-09-20 12:08:52.391,428.405692941774,999
2024-09-20 12:08:52.484,428.4589289650765,96
2024-09-20 12:08:52.500,-428.4774364053265,5
2024-09-20 12:08:52.567,42.85029047004417,99
2024-09-20 12:08:52.603,428.4391863114422,999
2024-09-20 12:08:52.612,428.4135070946359,9
2024-09-20 12:08:52.623,428.4125543831038,1002
2024-09-20 12:08:52.753,428.52525496175537,97
2024-09-20 12:08:52.803,428.5142081657357,95
2024-09-20 12:08:52.863,428.3934773481219,1002
2024-09-20 12:08:52.969,428.4984049912746,996
2024-09-20 12:08:52.982,428.5234806444147,103
2024-09-20 12:08:52.990,428.5127313393163,96
2024-09-20 12:08:53.006,428.5054315464666,7
2024-09-20 12:08:53.084,428.5265271239514,99
2024-09-20 12:08:53.188,428.5053101324765,1001
2024-09-20 12:08:53.197,428.5121736961272,100
2024-09-20 12:08:53.308,428.524832399068,102
2024-09-20 12:08:53.374,428.5542096358967,98
2024-09-20 12:08:53.439,428.5191669880403,998
2024-09-20 12:08:53.441,428.5358155992458,12
2024-09-20 12:08:53.460,428.49224510060606,1001
2024-09-20 12:08:53.504,428.52731613214473,13
2024-09-20 12:08:53.547,-428.51310982496926,997
2024-09-20 12:08:53.562,428.5057699909504,13
2024-09-20 12:08:53.681,428.5269496374946,995
2024-09-20 12:08:53.728,428.5297996596002,1002
2024-09-20 12:08:53.730,428.5440952298128,98
2024-09-20 12:08:53.754,428.5363267266357,13
2024-09-20 12:08:53.760,428.5199754601457,997
2024-09-20 12:08:53.794,428.5305833178907,95
2024-09-20 12:08:53.905,428.5185074745752,96
2024-09-20 12:08:53.908,428.5011110558116,1003
2024-09-20 12:08:54.255,428.5570203944848,99
2024-09-20 12:08:54.469,428.54855633270734,13
2024-09-20 12:08:55.302,428.5551666018992,1000
2024-09-20 12:08:55.330,428.59070007093527,8
2024-09-20 12:08:55.360,428.5622245223892,5
2024-09-20 12:08:55.582,428.5509741676816,997
2024-09-20 12:08:55.614,428.5604025114024,995
2024-09-20 12:08:55.807,428.5724020476685,997
2024-09-20 12:08:55.887,428.5562817697594,101
2024-09-20 12:08:55.977,428.5790819729405,1005
2024-09-20 12:08:56.045,428.4993268176291,997
2024-09-20 12:08:56.049,428.5316856177373,15
2024-09-20 12:08:56.055,428.5426652854353,13
2024-09-20 12:08:56.115,428.5659192107776,1005
2024-09-20 12:08:56.160,428.5689836896581,6
2024-09-20 12:08:56.185,428.5628176807789,102
2024-09-20 12:08:56.208,428.5220161256084,7
2024-09-20 12:08:56.258,428.5805450792375,1002
2024-09-20 12:08:56.294,428.5719829981285,6
2024-09-20 12:08:56.305,428.5410057389297,995
2024-09-20 12:08:56.318,428.5611657844191,1001
2024-09-20 12:08:56.429,428.5148111794605,95
2024-09-20 12:08:56.458,428.5631062750919,95
2024-09-20 12:08:56.477,428.4906689063904,997
2024-09-20 12:08:56.483,42.85647895709351,101
2024-09-20 12:08:56.496,-428.5741084444572,102
2024-09-20 12:08:56.521,428.5835628274823,99
2024-09-20 12:08:56.592,428.5658745271397,996
2024-09-20 12:08:56.596,428.5543724306767,1001
2024-09-20 12:08:56.605,428.54352364100856,1003
2024-09-20 12:08:56.704,428.5345166289628,15
2024-09-20 12:08:56.745,428.5127348363552,995
2024-09-20 12:08:56.759,428.4943935840235,6
2024-09-20 12:08:56.836,428.56717547035225,9
2024-09-20 12:08:56.865,428.56247235348775,7
2024-09-20 12:08:56.947,428.56431961001454,101
2024-09-20 12:08:56.961,428.5187750236309,1003
2024-09-20 12:08:57.050,428.6137585529179,997
2024-09-20 12:08:57.107,428.5917233518204,997
2024-09-20 12:08:57.108,428.5814021552987,103
2024-09-20 12:08:57.167,428.5528608004637,1002
2024-09-20 12:08:57.212,428.54525554280434,98
2024-09-20 12:08:57.226,428.5800072378298,11
2024-09-20 12:08:57.275,428.5767316528399,102
2024-09-20 12:08:57.447,428.570335228146,1003
2024-09-20 12:08:57.479,428.57716492415136,997
2024-09-20 12:08:57.508,428.57685385360287,1004
2024-09-20 12:08:57.513,428.5884249421997,13
2024-09-20 12:08:57.522,428.5921167730215,11
2024-09-20 12:08:57.558,428.5664989669109,11
2024-09-20 12:08:57.570,428.5955005350234,97
2024-09-20 12:08:57.587,428.6016372700389,13
2024-09-20 12:08:57.592,428.5919601947303,14
2024-09-20 12:08:57.676,428.5766059149116,1001
2024-09-20 12:08:57.677,428.5536138462874,101
2024-09-20 12:08:57.692,428.5565633556748,10
2024-09-20 12:08:57.693,428.5544238898673,1003
2024-09-20 12:08:57.711,428.596485773078,1005
2024-09-20 12:08:57.734,428.5331292312127,5
2024-09-20 12:08:57.756,428.5740779199333,8
2024-09-20 12:08:57.808,428.5496009763434,1003
2024-09-20 12:08:57.852,428.55695872779575,996
2024-09-20 12:08:57.923,428.551338289021,7
2024-09-20 12:08:57.937,428.58474339142487,96
2024-09-20 12:08:58.063,428.551492977173,1000
2024-09-20 12:08:58.345,428.5333136619441,105
2024-09-20 12:08:58.521,428.5263128373501,1005
2024-09-20 12:08:58.831,428.55941230112046,105
2024-09-20 12:08:58.856,428.5546903136707,8
2024-09-20 12:08:58.966,428.5527162172066,1002
2024-09-20 12:08:59.000,428.5372103930304,13
2024-09-20 12:08:59.000,428.51015103319423,996
2024-09-20 12:08:59.028,428.50714030959546,103
2024-09-20 12:08:59.164,428.5450575841953,95
2024-09-20 12:08:59.248,428.5244452762572,100
2024-09-20 12:08:59.260,428.5354577226984,1004
2024-09-20 12:08:59.359,428.5323598521105,13
2024-09-20 12:08:59.618,428.5257719624031,995
2024-09-20 12:08:59.626,428.5352775524679,14
2024-09-20 12:08:59.641,428.51447132873017,997
2024-09-20 12:08:59.644,428.5238406802733,1001
2024-09-20 12:08:59.674,428.52705704869066,1004
2024-09-20 12:08:59.779,428.5370587710185,1004
2024-09-20 12:08:59.803,428.5147283120789,101
2024-09-20 12:08:59.836,428.5093129844706,1003
2024-09-20 12:08:59.847,428.5215858298861,9
2024-09-20 12:08:59.886,428.51201567706886,14
2024-09-20 12:08:59.903,428.5433939832617,1004
2024-09-20 12:08:59.926,428.5355635716151,1000
2024-09-20 12:08:59.936,428.53558712661095,99
2024-09-20 12:08:59.938,428.5134102012773,1002
2024-09-20 12:08:59.944,428.5303083812324,8
2024-09-20 12:08:59.995,428.51237738818713,99
