Timestamp,Price,Size
2024-09-16 14:25:01.221,414.9239908083096,995
2024-09-16 14:25:01.293,414.91113327829015,1004
2024-09-16 14:25:01.298,414.924957143808,101
2024-09-16 14:25:01.364,414.8957501926532,1002
2024-09-16 14:25:01.391,414.8771026451969,6
2024-09-16 14:25:01.429,414.87241842853473,13
2024-09-16 14:25:01.541,414.8956099890566,1004
2024-09-16 14:25:01.816,414.8722228995791,101
2024-09-16 14:25:01.912,414.9052020693662,8
2024-09-16 14:25:01.937,414.9000560924055,15
2024-09-16 14:25:02.018,414.9739494986668,998
2024-09-16 14:25:02.021,414.922502029852,99
2024-09-16 14:25:02.055,414.9349957099783,98
2024-09-16 14:25:02.177,414.931015945208,95
2024-09-16 14:25:02.235,414.9324888824785,105
2024-09-16 14:25:02.235,414.93118028741645,13
2024-09-16 14:25:02.260,414.9399209780362,97
2024-09-16 14:25:02.277,414.95411136039,99
2024-09-16 14:25:02.279,414.9096621692991,103
2024-09-16 14:25:02.322,414.9421733189209,100
2024-09-16 14:25:02.371,414.91681161164007,8
2024-09-16 14:25:02.444,414.9147309113055,1005
2024-09-16 14:25:02.454,414.9630915203218,102
2024-09-16 14:25:02.464,414.93906878962656,998
2024-09-16 14:25:02.485,414.92632687734056,995
2024-09-16 14:25:02.504,414.9602363676423,95
2024-09-16 14:25:02.507,414.9288088937638,995
2024-09-16 14:25:02.658,414.9588022911381,1002
2024-09-16 14:25:02.666,414.95537486787646,1000
2024-09-16 14:25:02.689,414.9445634297274,104
2024-09-16 14:25:02.705,414.9466276456314,105
2024-09-16 14:25:02.776,414.9303262136386,105
2024-09-16 14:25:02.854,414.9477538616808,1000
2024-09-16 14:25:02.866,414.936399370738,11
2024-09-16 14:25:02.887,414.918913031284,99
2024-09-16 14:25:03.043,414.97319719467407,105
2024-09-16 14:25:03.086,414.97606814255136,6
2024-09-16 14:25:03.155,414.9798401477679,15
2024-09-16 14:25:03.278,414.9655421249869,96
2024-09-16 14:25:03.292,414.9850017910168,7
2024-09-16 14:25:03.310,414.9946861967021,7
2024-09-16 14:25:03.460,414.9915705543453,101
2024-09-16 14:25:03.527,414.9592649617628,8
2024-09-16 14:25:03.535,414.99030343570536,5
2024-09-16 14:25:03.582,414.9598436911956,998
2024-09-16 14:25:03.590,414.9505049267109,995
2024-09-16 14:25:03.602,414.9791306221997,15
2024-09-16 14:25:03.616,415.0021277928034,9
2024-09-16 14:25:03.693,414.9570654118147,995
2024-09-16 14:25:03.715,414.992493854905,1004
2024-09-16 14:25:03.723,414.9773221671647,15
2024-09-16 14:25:03.785,414.9621666308136,104
2024-09-16 14:25:03.821,415.0000621646461,5
2024-09-16 14:25:03.841,414.99660970986713,999
2024-09-16 14:25:03.853,414.978936360169,8
2024-09-16 14:25:03.923,414.9771063305439,996
2024-09-16 14:25:03.983,414.9572119833844,1000
2024-09-16 14:25:04.079,414.98803789905554,99
2024-09-16 14:25:04.110,414.90241895240894,13
2024-09-16 14:25:04.165,415.0020750427845,1001
2024-09-16 14:25:04.169,414.8999120313293,998
2024-09-16 14:25:04.182,414.960373912802,10
2024-09-16 14:25:04.192,414.99370324278334,5
2024-09-16 14:25:04.194,414.977121512746,105
2024-09-16 14:25:04.300,414.9130041797881,101
2024-09-16 14:25:04.339,414.9189247061179,996
2024-09-16 14:25:04.344,414.8969614853932,10
2024-09-16 14:25:04.359,414.9630988001365,5
2024-09-16 14:25:04.445,414.983639453639,105
2024-09-16 14:25:04.478,414.9012930644032,98
2024-09-16 14:25:04.512,414.9727874952615,95
2024-09-16 14:25:04.593,414.9098427605797,105
2024-09-16 14:25:04.701,414.9808439859987,11
2024-09-16 14:25:04.938,414.9401674184862,1000
2024-09-16 14:25:05.037,414.9429496670471,96
2024-09-16 14:25:05.115,414.90711404780245,1004
2024-09-16 14:25:05.203,414.9223142913107,5
2024-09-16 14:25:05.278,414.9315348994693,99
2024-09-16 14:25:05.281,414.9233955402611,102
2024-09-16 14:25:05.297,414.9122774273537,11
2024-09-16 14:25:05.357,414.9341613359762,15
2024-09-16 14:25:05.362,414.8841582088862,13
2024-09-16 14:25:05.388,414.9353303997506,1002
2024-09-16 14:25:05.457,414.9238368262936,14
2024-09-16 14:25:05.494,414.92921405653,97
2024-09-16 14:25:05.643,414.8910134735934,1001
2024-09-16 14:25:05.833,414.9298426948665,102
2024-09-16 14:25:05.856,414.9012091229431,97
2024-09-16 14:25:05.976,414.9036129378623,102
2024-09-16 14:25:06.000,414.9521696090344,998
2024-09-16 14:25:06.021,414.93710421933184,102
2024-09-16 14:25:06.078,414.94486420320845,96
2024-09-16 14:25:06.084,414.94709350099873,101
2024-09-16 14:25:06.091,414.961669233837,103
2024-09-16 14:25:06.094,414.9521978382775,1001
2024-09-16 14:25:06.097,414.9166144680006,996
2024-09-16 14:25:06.146,414.9594311951709,103
2024-09-16 14:25:06.254,414.9528132497693,5
2024-09-16 14:25:06.294,414.96805549392326,14
2024-09-16 14:25:06.304,414.9552688010892,9
2024-09-16 14:25:06.307,414.9346637675032,995
2024-09-16 14:25:06.307,414.9192404706911,104
2024-09-16 14:25:06.346,414.9377193423147,995
2024-09-16 14:25:06.482,414.9409315468704,1005
2024-09-16 14:25:06.513,414.94089113804455,998
2024-09-16 14:25:06.529,414.97740213893786,7
2024-09-16 14:25:06.598,414.95421415661326,101
2024-09-16 14:25:06.619,414.9525666368072,13
2024-09-16 14:25:06.647,414.9574915195994,6
2024-09-16 14:25:06.658,414.9691028828194,13
2024-09-16 14:25:06.721,414.9510658067202,9
2024-09-16 14:25:06.742,414.9679673756858,9
2024-09-16 14:25:06.748,414.94087676340325,5
2024-09-16 14:25:06.768,414.940516324418,98
2024-09-16 14:25:06.779,414.9735860389461,10
2024-09-16 14:25:06.842,414.926244681116,8
2024-09-16 14:25:06.910,-414.9865415239986,13
2024-09-16 14:25:07.034,414.9761366308732,100
2024-09-16 14:25:07.050,415.008886938816,14
2024-09-16 14:25:07.148,414.957922491567,98
2024-09-16 14:25:07.153,414.9740342038425,11
2024-09-16 14:25:07.217,414.9382608829362,103
2024-09-16 14:25:07.222,414.9409953249522,10
2024-09-16 14:25:07.253,414.9715029898833,997
2024-09-16 14:25:07.270,414.9640574078574,1003
2024-09-16 14:25:07.358,414.9515754585145,11
2024-09-16 14:25:07.385,414.9544367448676,9
2024-09-16 14:25:07.393,414.960040135138,101
2024-09-16 14:25:07.436,414.9327005747873,97
2024-09-16 14:25:07.451,414.9917854149061,5
2024-09-16 14:25:07.489,414.9685628129669,997
2024-09-16 14:25:07.551,415.00907622672224,13
2024-09-16 14:25:07.626,415.0193614641167,998
2024-09-16 14:25:07.651,414.9639773368582,11
2024-09-16 14:25:07.653,414.9394003739441,103
2024-09-16 14:25:07.697,414.9523965997186,1000
2024-09-16 14:25:07.720,414.9503162427041,96
2024-09-16 14:25:07.779,414.938689680454,1003
2024-09-16 14:25:07.826,414.936398376385,11
2024-09-16 14:25:07.857,414.938551023729,97
2024-09-16 14:25:07.968,414.9862809033725,13
2024-09-16 14:25:07.986,415.0274737999303,98
2024-09-16 14:25:08.105,415.0186218067056,98
2024-09-16 14:25:08.169,415.0759853922739,996
2024-09-16 14:25:08.225,415.017406269864,10
2024-09-16 14:25:08.248,415.0209341276896,999
2024-09-16 14:25:08.278,415.0166463637988,996
2024-09-16 14:25:08.330,415.0225533009882,7
2024-09-16 14:25:08.417,415.0603039214002,998
2024-09-16 14:25:08.425,415.0191969312004,1000
2024-09-16 14:25:08.470,415.00226528846656,103
2024-09-16 14:25:08.489,415.0538148417248,95
2024-09-16 14:25:08.524,415.05047720784825,1005
2024-09-16 14:25:08.613,415.0377528847072,1004
2024-09-16 14:25:08.672,415.05837128199033,1000
2024-09-16 14:25:08.749,415.0253472504334,99
2024-09-16 14:25:08.912,415.0313055933777,997
2024-09-16 14:25:08.957,415.04627692630544,1002
2024-09-16 14:25:09.027,415.0047724121092,97
2024-09-16 14:25:09.151,414.9523066012336,1005
2024-09-16 14:25:09.163,414.9858384710729,1005
2024-09-16 14:25:09.452,414.9319026890795,15
2024-09-16 14:25:09.738,414.9648264192812,1000
2024-09-16 14:25:09.775,414.9652787035228,9
2024-09-16 14:25:09.816,414.9852368957583,15
2024-09-16 14:25:10.015,415.0044620312997,98
2024-09-16 14:25:10.019,414.9541700461305,102
2024-09-16 14:25:10.063,415.0155296104117,97
2024-09-16 14:25:10.189,415.01520473433766,995
2024-09-16 14:25:10.207,415.0196396741076,997
2024-09-16 14:25:10.246,415.0246766172584,1001
2024-09-16 14:25:10.251,414.996838564345,104
2024-09-16 14:25:10.292,414.94547905444495,997
2024-09-16 14:25:10.369,415.01529133656055,7
2024-09-16 14:25:10.416,414.94842681062,103
2024-09-16 14:25:10.437,415.0086981262137,1001
2024-09-16 14:25:10.477,415.0141245105544,8
2024-09-16 14:25:10.483,414.9446915739596,6
2024-09-16 14:25:10.488,414.9506661397565,15
2024-09-16 14:25:10.516,415.0091155964828,998
2024-09-16 14:25:10.528,415.0073818172724,6
2024-09-16 14:25:10.591,415.022366780702,99
2024-09-16 14:25:10.704,415.0152247095946,13
2024-09-16 14:25:10.708,415.0118373216122,998
2024-09-16 14:25:10.722,414.9704750708961,1002
2024-09-16 14:25:10.723,415.0255730725772,11
2024-09-16 14:25:10.728,414.9465126778581,9
2024-09-16 14:25:10.740,415.0180962957372,1003
2024-09-16 14:25:10.774,414.9679288862156,997
2024-09-16 14:25:10.823,414.9262710390671,10
2024-09-16 14:25:10.837,414.9811649557988,95
2024-09-16 14:25:11.012,414.98777089737024,995
2024-09-16 14:25:11.015,415.0000617264016,102
2024-09-16 14:25:11.078,414.99051632760205,95
2024-09-16 14:25:11.101,415.0128389467329,1002
2024-09-16 14:25:11.248,414.9913327979188,102
2024-09-16 14:25:11.282,415.01155886835727,13
2024-09-16 14:25:11.612,414.9913292378155,97
2024-09-16 14:25:11.694,414.97435709671015,1002
2024-09-16 14:25:11.993,415.0026146661826,10
2024-09-16 14:25:12.068,415.0740412084416,96
2024-09-16 14:25:12.085,415.0237254825752,14
2024-09-16 14:25:12.099,415.0522353480091,997
2024-09-16 14:25:12.215,415.0655305677649,996
2024-09-16 14:25:12.241,415.0054922925273,99
2024-09-16 14:25:12.256,415.0093724017418,997
2024-09-16 14:25:12.277,415.0722285251881,7
2024-09-16 14:25:12.308,415.0851348841336,1004
2024-09-16 14:25:12.362,415.02521428181024,1002
2024-09-16 14:25:12.396,415.0523080387964,95
2024-09-16 14:25:12.429,415.0139483902802,996
2024-09-16 14:25:12.490,415.0597034584365,104
2024-09-16 14:25:12.520,415.0815199457638,11
2024-09-16 14:25:12.653,415.0210938048815,998
2024-09-16 14:25:12.687,415.0274872387788,98
2024-09-16 14:25:12.706,415.0857135180655,9
2024-09-16 14:25:12.717,415.09427346029054,14
2024-09-16 14:25:12.722,415.0691167426887,99
2024-09-16 14:25:12.738,415.0763084224957,13
2024-09-16 14:25:12.766,415.0695780410642,99
2024-09-16 14:25:12.794,415.0404074991922,997
2024-09-16 14:25:12.818,415.0851516363825,15
2024-09-16 14:25:12.872,415.0806080491279,1000
2024-09-16 14:25:12.875,415.0864853215513,1005
2024-09-16 14:25:12.961,415.0798450043443,1002
2024-09-16 14:25:13.119,415.088824079152,13
2024-09-16 14:25:13.233,415.0767165163438,14
2024-09-16 14:25:13.278,415.1031162551859,14
2024-09-16 14:25:13.464,415.0840952680284,1005
2024-09-16 14:25:13.637,415.0877062426711,13
2024-09-16 14:25:13.641,415.07828881645753,98
2024-09-16 14:25:13.644,415.0859194216794,6
2024-09-16 14:25:13.710,415.0997452240362,14
2024-09-16 14:25:13.968,415.1150264864266,5
2024-09-16 14:25:14.062,415.1371863963313,998
2024-09-16 14:25:14.104,415.0777349657384,1000
2024-09-16 14:25:14.578,415.0907689219444,101
2024-09-16 14:25:14.812,415.1085972760907,104
2024-09-16 14:25:15.076,415.1391387507912,6
2024-09-16 14:25:15.083,415.1608200917984,7
2024-09-16 14:25:15.097,415.1385616855561,96
2024-09-16 14:25:15.281,415.13725868666165,104
2024-09-16 14:25:15.337,415.1242178108815,13
2024-09-16 14:25:15.413,415.1307385621197,100
2024-09-16 14:25:15.504,415.13093076043697,14
2024-09-16 14:25:15.596,-415.1306011451652,7
2024-09-16 14:25:15.944,415.1321634880864,1001
2024-09-16 14:25:16.170,415.11685662022535,9
2024-09-16 14:25:16.271,415.1288955723025,7
2024-09-16 14:25:16.317,415.12021234064616,1001
2024-09-16 14:25:16.364,415.1611817170104,1004
2024-09-16 14:25:16.442,415.1652357863586,6
2024-09-16 14:25:16.543,415.11991424034073,1005
2024-09-16 14:25:16.597,415.11073523128914,99
2024-09-16 14:25:16.598,415.1418798056077,13
2024-09-16 14:25:16.628,415.1381688386849,11
2024-09-16 14:25:16.685,415.1509642049775,995
2024-09-16 14:25:16.729,415.130109287222,96
2024-09-16 14:25:16.748,415.1683312161861,11
2024-09-16 14:25:16.871,415.16435438545534,14
2024-09-16 14:25:16.905,415.1407099906547,12
2024-09-16 14:25:16.906,415.1678424644021,997
2024-09-16 14:25:16.958,415.1750721528332,1002
2024-09-16 14:25:16.974,415.1557141268389,6
2024-09-16 14:25:17.037,415.1366037068426,99
2024-09-16 14:25:17.128,415.1289501504504,7
2024-09-16 14:25:17.130,415.1284710014016,99
2024-09-16 14:25:17.134,415.1281548925994,1002
2024-09-16 14:25:17.198,415.1353327676579,99
2024-09-16 14:25:17.287,415.1335457001571,1000
2024-09-16 14:25:17.328,415.1338212698019,99
2024-09-16 14:25:17.382,415.121817426153,999
2024-09-16 14:25:17.386,415.1232667376696,15
2024-09-16 14:25:17.421,415.1394021990502,13
2024-09-16 14:25:17.450,415.14283844983225,95
2024-09-16 14:25:17.462,415.1165470571178,1001
2024-09-16 14:25:17.484,415.1342216013063,1001
2024-09-16 14:25:17.504,415.13195668184136,101
2024-09-16 14:25:17.511,415.1502818627443,7
2024-09-16 14:25:17.603,415.1356778455848,1003
2024-09-16 14:25:17.812,415.1340645139213,1004
2024-09-16 14:25:17.897,415.1539469678577,11
2024-09-16 14:25:17.898,415.129052022597,12
2024-09-16 14:25:18.032,415.11729757988354,1000
2024-09-16 14:25:18.074,415.1327386915054,98
2024-09-16 14:25:18.112,415.11583704206834,99
2024-09-16 14:25:18.129,415.11836845912393,103
2024-09-16 14:25:18.192,415.1255248585829,100
2024-09-16 14:25:18.195,415.130219164913,996
2024-09-16 14:25:18.202,415.11665132188926,7
2024-09-16 14:25:18.205,415.0931516946489,98
2024-09-16 14:25:18.270,415.12337973209645,99
2024-09-16 14:25:18.318,415.1133149709818,996
2024-09-16 14:25:18.328,415.1268400717707,1002
2024-09-16 14:25:18.371,415.1254654310825,12
2024-09-16 14:25:18.371,,995
2024-09-16 14:25:18.521,415.1142768039671,1000
2024-09-16 14:25:18.575,415.1007854421933,999
2024-09-16 14:25:18.593,415.1032377522177,11
2024-09-16 14:25:18.608,415.12836234245,104
2024-09-16 14:25:18.610,415.1207886600304,8
2024-09-16 14:25:18.678,415.1169204872792,95
2024-09-16 14:25:18.681,415.10635700366265,10
2024-09-16 14:25:18.695,415.1235496446576,104
2024-09-16 14:25:18.710,415.1321024003788,96
2024-09-16 14:25:18.908,415.1069881549293,11
2024-09-16 14:25:19.052,415.10842182177953,1004
2024-09-16 14:25:19.283,415.1263273775937,1004
2024-09-16 14:25:19.422,415.1102957680478,6
2024-09-16 14:25:19.590,415.1137559331663,95
2024-09-16 14:25:19.799,415.1166553891373,999
2024-09-16 14:25:20.007,415.1352914834954,8
2024-09-16 14:25:20.051,415.136560941621,97
2024-09-16 14:25:21.289,415.12737791922206,101
2024-09-16 14:25:21.348,415.12308851507606,1000
2024-09-16 14:25:21.496,415.12051943865936,1000
2024-09-16 14:25:21.563,415.13422843359024,8
2024-09-16 14:25:21.716,415.12229861352125,997
2024-09-16 14:25:21.746,415.1177073601506,1004
2024-09-16 14:25:21.863,415.11996962990855,104
2024-09-16 14:25:22.008,415.0352972013033,997
2024-09-16 14:25:22.015,415.0286429297674,100
2024-09-16 14:25:22.028,415.0156204473099,105
2024-09-16 14:25:22.073,414.96635972779256,999
2024-09-16 14:25:22.083,415.0958759361564,15
2024-09-16 14:25:22.088,415.0139420883831,996
2024-09-16 14:25:22.147,415.1321163746472,99
2024-09-16 14:25:22.209,-415.0255077018468,1004
2024-09-16 14:25:22.255,415.00338804233337,6
2024-09-16 14:25:22.258,415.1115221099156,105
2024-09-16 14:25:22.303,414.97884641339857,1005
2024-09-16 14:25:22.354,415.032099231607,995
2024-09-16 14:25:22.370,415.078280486012,104
2024-09-16 14:25:22.395,415.0134800100653,8
2024-09-16 14:25:22.401,415.1057916030089,15
2024-09-16 14:25:22.402,415.0354970962753,11
2024-09-16 14:25:22.474,415.0409171103916,1004
2024-09-16 14:25:22.550,415.1150023968215,98
2024-09-16 14:25:22.551,415.1322969909866,12
2024-09-16 14:25:22.555,415.0441417464502,13
2024-09-16 14:25:22.588,415.0654711847475,15
2024-09-16 14:25:22.743,415.1186271794234,98
2024-09-16 14:25:22.772,415.1016262668842,101
2024-09-16 14:25:22.839,415.02607670975567,99
2024-09-16 14:25:22.849,415.0103874074347,8
2024-09-16 14:25:22.898,415.118867901752,995
2024-09-16 14:25:22.923,415.0188319449687,100
2024-09-16 14:25:22.931,415.11027675265774,99
2024-09-16 14:25:22.933,415.02399487498377,1001
2024-09-16 14:25:22.960,415.1228970966203,98
2024-09-16 14:25:23.046,414.914993928728,104
2024-09-16 14:25:23.069,414.9467761539424,105
2024-09-16 14:25:23.171,414.9515934557844,1002
2024-09-16 14:25:23.173,414.9646595520117,11
2024-09-16 14:25:23.190,414.9536890946198,12
2024-09-16 14:25:23.192,414.9342042421638,96
2024-09-16 14:25:23.233,414.93890208304384,1000
2024-09-16 14:25:23.282,414.9203397804415,97
2024-09-16 14:25:23.381,414.9465303872708,14
2024-09-16 14:25:23.431,414.9249026873099,104
2024-09-16 14:25:23.474,414.9433569923111,14
2024-09-16 14:25:23.481,414.92991434637554,101
2024-09-16 14:25:23.524,414.9101203329875,1000
2024-09-16 14:25:23.556,414.9532410299459,15
2024-09-16 14:25:23.558,414.9404752938772,9
2024-09-16 14:25:23.602,-414.9128361362801,1002
2024-09-16 14:25:23.623,414.9211667504264,105
2024-09-16 14:25:23.626,414.9460274456889,1003
2024-09-16 14:25:23.658,414.9630928870063,1004
2024-09-16 14:25:23.665,414.974384428078,104
2024-09-16 14:25:23.688,414.95688265691626,6
2024-09-16 14:25:23.719,414.9129736354242,98
2024-09-16 14:25:23.742,414.9374093729611,101
2024-09-16 14:25:23.765,414.9197078629842,96
2024-09-16 14:25:23.829,414.9369290467294,7
2024-09-16 14:25:23.864,414.94261198946526,998
2024-09-16 14:25:23.947,414.9495368678235,1000
2024-09-16 14:25:23.992,414.9442940689901,1001
2024-09-16 14:25:24.011,414.9340285690834,12
2024-09-16 14:25:24.194,414.9320691022339,99
2024-09-16 14:25:24.219,414.9467337699669,11
2024-09-16 14:25:24.280,414.9374137248098,1001
2024-09-16 14:25:24.423,414.95178440481993,104
2024-09-16 14:25:24.720,414.9407652175012,996
2024-09-16 14:25:24.766,414.9234817889659,10
2024-09-16 14:25:24.885,414.9433041735688,97
2024-09-16 14:25:25.117,,996
2024-09-16 14:25:25.179,414.9068181158279,95
2024-09-16 14:25:25.317,414.9448268117362,9
2024-09-16 14:25:25.547,414.9213566616101,6
2024-09-16 14:25:26.045,414.7961500060025,15
2024-09-16 14:25:26.110,414.8728475323439,6
2024-09-16 14:25:26.133,414.8806325218769,103
2024-09-16 14:25:26.184,414.88765165484847,5
2024-09-16 14:25:26.201,414.8801354619701,9
2024-09-16 14:25:26.224,414.819043524565,7
2024-09-16 14:25:26.226,414.9010032462309,1001
2024-09-16 14:25:26.264,414.8773720348141,1001
2024-09-16 14:25:26.282,414.901091350874,1005
2024-09-16 14:25:26.296,414.8542477210954,7
2024-09-16 14:25:26.341,414.8309443903713,1005
2024-09-16 14:25:26.343,414.8819583442551,102
2024-09-16 14:25:26.355,414.8749295232173,7
2024-09-16 14:25:26.412,414.91297480646057,102
2024-09-16 14:25:26.421,414.89831059719,10
2024-09-16 14:25:26.454,414.8439165694799,97
2024-09-16 14:25:26.504,414.86742937028,1001
2024-09-16 14:25:26.533,,7
2024-09-16 14:25:26.577,414.88068657696255,105
2024-09-16 14:25:26.578,414.8898755877078,997
2024-09-16 14:25:26.729,414.9028625761782,101
2024-09-16 14:25:26.783,414.8223873585392,13
2024-09-16 14:25:26.863,414.8808482645362,10
2024-09-16 14:25:26.911,414.8402813566799,5
2024-09-16 14:25:26.916,414.86199850952136,104
2024-09-16 14:25:26.953,414.88626831207296,997
2024-09-16 14:25:26.973,414.9013947609481,105
2024-09-16 14:25:27.128,-414.7954437748413,6
2024-09-16 14:25:28.090,414.795465793042,105
2024-09-16 14:25:29.055,414.7705075931197,96
2024-09-16 14:25:29.452,414.7728874610378,14
2024-09-16 14:25:29.557,414.7686757489382,997
2024-09-16 14:25:29.686,414.74378606307687,9
2024-09-16 14:25:29.763,414.7471498828338,98
2024-09-16 14:25:29.957,414.7633909067097,12
2024-09-16 14:25:30.036,414.703710005106,997
2024-09-16 14:25:30.094,414.7234099364574,1005
2024-09-16 14:25:30.151,414.755668078016,1000
2024-09-16 14:25:30.233,414.7471116832497,995
2024-09-16 14:25:30.275,414.6924834134896,15
2024-09-16 14:25:30.355,414.6988351454376,97
2024-09-16 14:25:30.390,414.69201392155856,999
2024-09-16 14:25:30.549,414.73572127758376,12
2024-09-16 14:25:30.642,414.7603407479025,999
2024-09-16 14:25:30.718,414.6946912536151,995
2024-09-16 14:25:30.741,414.7123943684608,998
2024-09-16 14:25:30.803,414.705634857913,10
2024-09-16 14:25:30.881,414.7121540544185,999
2024-09-16 14:25:30.901,414.7121504524248,10
2024-09-16 14:25:30.956,414.7142990451645,104
2024-09-16 14:25:30.982,414.76835372088186,100
2024-09-16 14:25:31.075,414.7088888709453,103
2024-09-16 14:25:31.419,414.7129761952568,1005
2024-09-16 14:25:31.476,414.689170289758,997
2024-09-16 14:25:31.511,414.72086679025455,1003
2024-09-16 14:25:31.551,414.7105679841858,996
2024-09-16 14:25:31.588,414.7005678891191,1001
2024-09-16 14:25:31.606,414.7022845988986,100
2024-09-16 14:25:31.887,414.71404460030834,6
2024-09-16 14:25:31.949,414.69013099909233,14
2024-09-16 14:25:32.090,414.7255238474299,103
2024-09-16 14:25:32.163,414.7209584531576,101
2024-09-16 14:25:32.337,414.7358274769491,10
2024-09-16 14:25:32.419,414.7342838468591,105
2024-09-16 14:25:32.480,414.72138781331466,103
2024-09-16 14:25:32.679,414.7088444611827,96
2024-09-16 14:25:32.739,414.71267494184485,102
2024-09-16 14:25:32.877,414.7284460269194,997
2024-09-16 14:25:32.881,414.7162044481321,10
2024-09-16 14:25:32.943,414.73580082395375,102
2024-09-16 14:25:32.988,414.7217848513897,97
2024-09-16 14:25:33.788,414.703636731478,11
2024-09-16 14:25:34.017,414.7283266207096,1004
2024-09-16 14:25:34.205,414.72382369419466,998
2024-09-16 14:25:34.206,414.7330385841735,102
2024-09-16 14:25:34.281,414.73316069499936,15
2024-09-16 14:25:34.363,414.72433414320784,6
2024-09-16 14:25:34.608,414.7354691740941,11
2024-09-16 14:25:34.743,414.72278686440114,997
2024-09-16 14:25:34.850,414.73403497780896,101
2024-09-16 14:25:34.897,,99
2024-09-16 14:25:35.000,414.6345267885279,998
2024-09-16 14:25:35.087,414.6315911537308,102
2024-09-16 14:25:35.201,414.7371143699573,100
2024-09-16 14:25:35.243,414.6393056680804,1000
2024-09-16 14:25:35.274,414.6425880935489,104
2024-09-16 14:25:35.369,414.635126883374,1003
2024-09-16 14:25:35.423,414.6555321826314,103
2024-09-16 14:25:35.424,414.73726781997857,998
2024-09-16 14:25:35.456,414.63442846304486,1005
2024-09-16 14:25:35.536,414.7423302571351,100
2024-09-16 14:25:35.593,414.7421206036804,6
2024-09-16 14:25:35.676,414.6460430523434,1002
2024-09-16 14:25:35.721,414.66012966746274,7
2024-09-16 14:25:35.729,414.62009555289217,1003
2024-09-16 14:25:35.757,414.6671995542844,9
2024-09-16 14:25:35.815,414.6904608347917,1005
2024-09-16 14:25:35.870,414.68893933005467,5
2024-09-16 14:25:35.910,414.6970685213688,997
2024-09-16 14:25:35.932,414.6558252562027,11
2024-09-16 14:25:37.306,414.6316348932361,1001
2024-09-16 14:25:37.584,414.62110593157337,96
2024-09-16 14:25:37.909,414.6130684425488,103
2024-09-16 14:25:38.013,414.6355863707946,1002
2024-09-16 14:25:38.105,414.6061045050971,996
2024-09-16 14:25:38.130,414.6266626554663,15
2024-09-16 14:25:38.227,414.6208569198487,14
2024-09-16 14:25:38.381,414.6105607123795,1003
2024-09-16 14:25:38.450,414.6359658015065,8
2024-09-16 14:25:38.451,414.628375985593,1001
2024-09-16 14:25:38.488,414.642876658189,10
2024-09-16 14:25:38.572,414.6454115846781,9
2024-09-16 14:25:38.644,414.6279182998933,95
2024-09-16 14:25:38.757,414.6120700725321,12
2024-09-16 14:25:38.872,414.6136287366306,997
2024-09-16 14:25:39.017,414.5623550836551,104
2024-09-16 14:25:39.024,414.5416432112193,998
2024-09-16 14:25:39.027,414.6101923801096,998
2024-09-16 14:25:39.105,414.5809885983392,99
2024-09-16 14:25:39.115,414.5889440490389,1003
2024-09-16 14:25:39.126,414.580126225297,98
2024-09-16 14:25:39.202,414.61921950915433,996
2024-09-16 14:25:39.325,414.5768507347112,997
2024-09-16 14:25:39.445,414.58831997911534,11
2024-09-16 14:25:39.844,414.56035800276345,7
2024-09-16 14:25:39.984,414.5616519695532,100
2024-09-16 14:25:40.018,414.5914388463205,97
2024-09-16 14:25:40.026,414.6147432494811,998
2024-09-16 14:25:40.040,414.561923496122,1002
2024-09-16 14:25:40.071,414.5775999387276,995
2024-09-16 14:25:40.203,414.5977173931434,100
2024-09-16 14:25:40.222,414.5732194381511,998
2024-09-16 14:25:40.332,414.644641107023,97
2024-09-16 14:25:40.463,414.59957066359607,100
2024-09-16 14:25:40.501,414.5656320703226,998
2024-09-16 14:25:40.580,414.5820955664024,12
2024-09-16 14:25:41.072,414.6288962859941,1003
2024-09-16 14:25:41.104,,1005
2024-09-16 14:25:41.134,414.6768305243264,1001
2024-09-16 14:25:41.196,414.675065714282,1001
2024-09-16 14:25:41.200,414.61624788465423,5
2024-09-16 14:25:41.270,414.6821846428657,1000
2024-09-16 14:25:41.343,414.6059380254915,999
2024-09-16 14:25:41.386,414.6096078165432,1003
2024-09-16 14:25:41.386,414.6734323986305,98
2024-09-16 14:25:41.398,414.6551147054872,996
2024-09-16 14:25:41.425,414.59807830835337,999
2024-09-16 14:25:41.454,414.6470960739183,1001
2024-09-16 14:25:41.541,414.62312529201057,99
2024-09-16 14:25:41.609,414.6661939760175,101
2024-09-16 14:25:41.635,414.6695865804084,1001
2024-09-16 14:25:41.649,414.6006414992394,103
2024-09-16 14:25:41.765,414.6360019622688,1005
2024-09-16 14:25:41.771,414.679645150524,105
2024-09-16 14:25:41.784,414.6588049616172,104
2024-09-16 14:25:41.788,414.6645125420716,102
2024-09-16 14:25:41.834,414.6422211901535,11
2024-09-16 14:25:41.851,414.62403259786646,9
2024-09-16 14:25:41.853,414.6833951017841,12
2024-09-16 14:25:41.859,414.6725652390164,15
2024-09-16 14:25:41.889,414.6136435233414,12
2024-09-16 14:25:41.910,414.6251674055543,999
2024-09-16 14:25:41.931,414.6808264494826,998
2024-09-16 14:25:41.939,414.6188610564737,101
2024-09-16 14:25:42.088,414.7026716476644,999
2024-09-16 14:25:42.280,414.69097507081847,103
2024-09-16 14:25:42.447,414.6990970513051,1002
2024-09-16 14:25:42.744,414.6792640616762,1005
2024-09-16 14:25:42.890,414.70189676755984,1001
2024-09-16 14:25:42.931,414.7193459832077,104
2024-09-16 14:25:42.944,414.6956176600944,14
2024-09-16 14:25:42.957,414.6916279224446,9
2024-09-16 14:25:42.996,414.7128346929544,1005
2024-09-16 14:25:43.089,414.7605806192046,15
2024-09-16 14:25:43.132,414.7875974325164,6
2024-09-16 14:25:43.211,414.7092748030684,101
2024-09-16 14:25:43.320,414.7713720849694,1005
2024-09-16 14:25:43.381,414.70628820820826,5
2024-09-16 14:25:43.387,414.7093168028398,998
2024-09-16 14:25:43.425,414.7488204045557,1002
2024-09-16 14:25:43.456,414.7309255648223,100
2024-09-16 14:25:43.457,414.72727601263153,99
2024-09-16 14:25:43.562,414.7221707708001,996
2024-09-16 14:25:43.593,414.7292402571355,12
2024-09-16 14:25:43.643,414.77645889906165,104
2024-09-16 14:25:43.651,414.73011676776366,99
2024-09-16 14:25:43.706,414.70519347660826,999
2024-09-16 14:25:44.226,414.7468261349485,997
2024-09-16 14:25:44.506,414.744443496631,11
2024-09-16 14:25:44.592,414.75417535132783,105
2024-09-16 14:25:44.785,414.7427996156392,1005
2024-09-16 14:25:45.005,414.82128720889153,97
2024-09-16 14:25:45.006,414.83284477482965,97
2024-09-16 14:25:45.050,,98
2024-09-16 14:25:45.052,414.81547379936734,14
2024-09-16 14:25:45.067,414.8399207229338,12
2024-09-16 14:25:45.176,414.86534384254014,1001
2024-09-16 14:25:45.241,414.81117766034527,96
2024-09-16 14:25:45.257,414.7615595277104,99
2024-09-16 14:25:45.269,414.77688518838806,1005
2024-09-16 14:25:45.281,414.8710609215552,12
2024-09-16 14:25:45.285,414.8326060222061,99
2024-09-16 14:25:45.359,414.8635493868883,1003
2024-09-16 14:25:45.375,414.78230085692906,8
2024-09-16 14:25:45.387,414.8275985204867,1002
2024-09-16 14:25:45.405,414.8324158531659,97
2024-09-16 14:25:45.420,414.85228086241824,105
2024-09-16 14:25:45.431,414.8580239201309,97
2024-09-16 14:25:45.483,414.87538146660034,995
2024-09-16 14:25:45.523,414.8667458930928,98
2024-09-16 14:25:45.531,414.8180679902082,104
2024-09-16 14:25:45.571,414.803359779512,11
2024-09-16 14:25:45.655,414.83001888549006,15
2024-09-16 14:25:45.770,414.7981411242058,15
2024-09-16 14:25:45.862,414.8293062079744,14
2024-09-16 14:25:46.017,414.8138888782051,99
2024-09-16 14:25:46.174,414.8452313594259,14
2024-09-16 14:25:46.233,414.8347472337997,1004
2024-09-16 14:25:46.254,414.78711616675776,1002
2024-09-16 14:25:46.283,414.8465587638438,1003
2024-09-16 14:25:46.362,-414.8136989556442,15
2024-09-16 14:25:46.383,414.8024722301019,1005
2024-09-16 14:25:46.511,414.7858279884526,1000
2024-09-16 14:25:46.634,414.8317462080251,9
2024-09-16 14:25:46.725,414.8479630414614,14
2024-09-16 14:25:46.733,414.8504636965435,96
2024-09-16 14:25:46.739,414.7637448174988,995
2024-09-16 14:25:46.770,414.77507949845966,995
2024-09-16 14:25:46.786,414.8489345895305,997
2024-09-16 14:25:46.879,414.7833078967879,995
2024-09-16 14:25:46.940,414.855024891436,11
2024-09-16 14:25:47.000,414.7065373182549,98
2024-09-16 14:25:47.019,414.7261378138949,1001
2024-09-16 14:25:47.023,414.7210611612897,1003
2024-09-16 14:25:47.024,414.70664201752567,105
2024-09-16 14:25:47.039,414.75183224518406,995
2024-09-16 14:25:47.123,414.7360695661381,7
2024-09-16 14:25:47.166,414.7518656437796,100
2024-09-16 14:25:47.214,414.7523164010004,8
2024-09-16 14:25:47.271,414.7376808741628,996
2024-09-16 14:25:47.288,414.7099291754535,99
2024-09-16 14:25:47.343,414.7144010916548,12
2024-09-16 14:25:47.348,414.743024002616,1000
2024-09-16 14:25:47.356,414.7430646600816,105
2024-09-16 14:25:47.372,414.7398922548605,15
2024-09-16 14:25:47.576,414.7190296037602,10
2024-09-16 14:25:47.610,414.70858977277,9
2024-09-16 14:25:47.625,414.7199711725787,1003
2024-09-16 14:25:47.634,414.7725591398578,13
2024-09-16 14:25:47.699,414.7184648143226,1004
2024-09-16 14:25:47.732,414.714533361411,995
2024-09-16 14:25:47.753,414.75636062747657,12
2024-09-16 14:25:47.846,414.7140730399608,9
2024-09-16 14:25:47.884,414.7063264807612,103
2024-09-16 14:25:47.893,414.7532107982937,105
2024-09-16 14:25:47.915,414.7468672853741,8
2024-09-16 14:25:47.935,414.75234195590286,1002
2024-09-16 14:25:47.946,414.7420243636546,9
2024-09-16 14:25:48.084,414.7250020279844,1004
2024-09-16 14:25:48.528,414.7430662761837,103
2024-09-16 14:25:48.776,414.7159578084521,1001
2024-09-16 14:25:48.782,414.71700589772416,9
2024-09-16 14:25:49.636,414.7618242755149,10
2024-09-16 14:25:50.157,414.7640422489545,1005
2024-09-16 14:25:50.277,414.75405378002176,95
2024-09-16 14:25:50.299,414.77692261788,97
2024-09-16 14:25:50.315,414.7671233060331,12
2024-09-16 14:25:50.536,414.7597599880364,10
2024-09-16 14:25:50.793,414.7574251884122,105
2024-09-16 14:25:50.827,414.7759833169212,9
2024-09-16 14:25:50.994,414.7593130647912,95
2024-09-16 14:25:51.138,414.76146796000415,12
2024-09-16 14:25:51.317,414.76713376882975,96
2024-09-16 14:25:51.466,414.7617904293939,1003
2024-09-16 14:25:51.511,414.7411815025833,995
2024-09-16 14:25:51.598,414.74377417105086,5
2024-09-16 14:25:52.002,414.8392563781502,99
2024-09-16 14:25:52.007,414.8047815411617,96
2024-09-16 14:25:52.131,414.7774568976285,12
2024-09-16 14:25:52.137,414.8012902688224,99
2024-09-16 14:25:52.172,414.7812014973581,1000
2024-09-16 14:25:52.194,414.7880701900653,1002
2024-09-16 14:25:52.335,414.8001279353817,105
2024-09-16 14:25:52.387,414.8276916491413,1005
2024-09-16 14:25:52.388,414.8287959280572,102
2024-09-16 14:25:52.481,414.8435478528737,1001
2024-09-16 14:25:52.596,414.78683230908615,5
2024-09-16 14:25:52.685,-414.7985832549576,104
2024-09-16 14:25:52.706,414.81009257792107,6
2024-09-16 14:25:52.790,414.7945486555801,6
2024-09-16 14:25:52.822,414.8258829344268,997
2024-09-16 14:25:52.886,414.7728562789347,1003
2024-09-16 14:25:53.058,414.8016409921299,1005
2024-09-16 14:25:53.251,414.8110167432324,15
2024-09-16 14:25:53.253,414.8071830038314,1004
2024-09-16 14:25:53.261,414.8179973827087,100
2024-09-16 14:25:53.348,414.79169232255424,13
2024-09-16 14:25:53.390,414.8428774990893,997
2024-09-16 14:25:53.464,,102
2024-09-16 14:25:53.465,414.84089294288856,98
2024-09-16 14:25:53.536,414.8138365609719,14
2024-09-16 14:25:53.674,41.48313335396127,11
2024-09-16 14:25:53.726,414.8258362948286,998
2024-09-16 14:25:53.768,414.787958126919,95
2024-09-16 14:25:53.998,414.8020546398527,1004
2024-09-16 14:25:54.026,414.7613463383884,1000
2024-09-16 14:25:54.108,414.77100372703575,104
2024-09-16 14:25:54.177,414.73331222542896,105
2024-09-16 14:25:54.197,414.713384316258,8
2024-09-16 14:25:54.227,414.7485406641755,1004
2024-09-16 14:25:54.257,414.7330513344714,8
2024-09-16 14:25:54.275,414.7167099911744,99
2024-09-16 14:25:54.308,414.739900901069,1000
2024-09-16 14:25:54.328,414.7720669730704,101
2024-09-16 14:25:54.518,414.7181712409385,8
2024-09-16 14:25:54.582,414.7283016732415,99
2024-09-16 14:25:54.589,414.7682947634156,14
2024-09-16 14:25:54.652,414.7646820744032,1000
2024-09-16 14:25:54.692,414.7568707223067,99
2024-09-16 14:25:54.786,414.7615574105778,1000
2024-09-16 14:25:54.787,414.7070630288655,96
2024-09-16 14:25:54.807,414.77614654887054,101
2024-09-16 14:25:54.975,414.7165961890263,101
2024-09-16 14:25:55.085,414.8223514245141,14
2024-09-16 14:25:55.096,414.81236527406776,95
2024-09-16 14:25:55.125,414.81711334089306,10
2024-09-16 14:25:55.131,414.7903228272753,14
2024-09-16 14:25:55.205,414.8248159348132,104
2024-09-16 14:25:55.273,414.8296139692057,1004
2024-09-16 14:25:55.359,414.8101179772006,14
2024-09-16 14:25:55.386,414.8145925646476,97
2024-09-16 14:25:55.644,414.8222342540222,98
2024-09-16 14:25:55.737,414.8294355972261,1005
2024-09-16 14:25:55.797,414.8209233956304,999
2024-09-16 14:25:55.799,414.8061208113537,999
2024-09-16 14:25:55.833,414.8330350684631,1004
2024-09-16 14:25:56.107,414.82135937595166,10
2024-09-16 14:25:56.174,414.82647339342026,998
2024-09-16 14:25:56.207,414.8198148193145,1002
2024-09-16 14:25:56.237,414.8180038847213,15
2024-09-16 14:25:56.606,414.8071964271632,999
2024-09-16 14:25:56.817,414.8306715356226,999
2024-09-16 14:25:56.866,414.8062509971864,11
2024-09-16 14:25:57.148,414.8228680381513,6
2024-09-16 14:25:57.238,-414.82849583490525,10
2024-09-16 14:25:57.306,414.8364210190238,1004
2024-09-16 14:25:57.313,414.8382006779246,100
2024-09-16 14:25:57.337,414.8313171355491,7
2024-09-16 14:25:57.365,414.8443553004895,6
2024-09-16 14:25:57.400,414.8224825990264,1000
2024-09-16 14:25:57.414,414.83615169903584,5
2024-09-16 14:25:57.425,414.83386896072767,104
2024-09-16 14:25:57.426,414.8253197741816,12
2024-09-16 14:25:57.568,414.8186007074301,97
2024-09-16 14:25:57.718,414.84109292966497,99
2024-09-16 14:25:57.750,414.8269994994888,7
2024-09-16 14:25:57.846,414.8308750267034,99
2024-09-16 14:25:57.863,414.8491638503995,10
2024-09-16 14:25:57.866,414.8463764294294,999
2024-09-16 14:25:58.171,414.8805843687677,999
2024-09-16 14:25:58.213,414.8469553139415,1005
2024-09-16 14:25:58.370,414.8600791057965,98
2024-09-16 14:25:58.373,414.88037737285913,13
2024-09-16 14:25:58.380,414.8474008285724,102
2024-09-16 14:25:58.407,414.8502314145733,1002
2024-09-16 14:25:58.424,414.8473522918829,995
2024-09-16 14:25:58.463,414.84362436547656,98
2024-09-16 14:25:58.511,414.8284955248732,7
2024-09-16 14:25:58.524,414.83501259553066,102
2024-09-16 14:25:58.552,41.482413131326666,1003
2024-09-16 14:25:58.610,414.8697068139912,10
2024-09-16 14:25:58.627,414.8733211975593,15
2024-09-16 14:25:58.651,414.850391793119,13
2024-09-16 14:25:58.658,414.8775368588746,998
2024-09-16 14:25:58.662,414.8379965232139,98
2024-09-16 14:25:58.667,414.873516059171,7
2024-09-16 14:25:58.693,414.87999534130336,996
2024-09-16 14:25:58.724,414.8880319708946,11
2024-09-16 14:25:58.757,414.8482350727729,95
2024-09-16 14:25:58.784,414.8302287569487,995
2024-09-16 14:25:58.797,414.8711258305993,105
2024-09-16 14:25:58.824,414.8602871449908,104
2024-09-16 14:25:58.895,414.8522102797394,1001
2024-09-16 14:25:58.945,414.8846845510107,101
2024-09-16 14:25:58.996,414.8925932565162,999
2024-09-16 14:25:58.996,414.8463500604086,101
2024-09-16 14:25:59.240,414.8581642361472,95
2024-09-16 14:25:59.272,414.8561549004177,10
