Timestamp,Price,Size
2024-09-19 13:44:00.018,422.0376024570064,7
2024-09-19 13:44:00.020,422.05086968688624,10
2024-09-19 13:44:00.055,42.20333586597924,103
2024-09-19 13:44:00.114,422.02725794147534,95
2024-09-19 13:44:00.142,422.0499892905798,98
2024-09-19 13:44:00.165,422.03552579346166,1005
2024-09-19 13:44:00.179,422.0445678885168,14
2024-09-19 13:44:00.234,422.0145948795364,1000
2024-09-19 13:44:00.236,422.0514136854508,1000
2024-09-19 13:44:00.254,422.0301884671663,102
2024-09-19 13:44:00.293,422.0251980449885,98
2024-09-19 13:44:00.336,422.0353478172978,1003
2024-09-19 13:44:00.350,422.0555654308825,95
2024-09-19 13:44:00.364,422.0174527440366,104
2024-09-19 13:44:00.376,422.0468810308407,5
2024-09-19 13:44:00.433,422.039271576515,95
2024-09-19 13:44:00.516,422.0407206221858,7
2024-09-19 13:44:00.537,422.0312556070635,998
2024-09-19 13:44:00.600,422.031817604429,8
2024-09-19 13:44:00.633,422.0124704550087,6
2024-09-19 13:44:00.638,422.0352286197098,999
2024-09-19 13:44:00.679,422.0250858913496,11
2024-09-19 13:44:00.700,422.0534096474776,102
2024-09-19 13:44:00.912,422.04468515121295,98
2024-09-19 13:44:00.939,422.0447553729873,11
2024-09-19 13:44:00.941,422.0457881547902,97
2024-09-19 13:44:00.945,422.0086451100721,96
2024-09-19 13:44:00.986,422.0530276466392,995
2024-09-19 13:44:00.992,422.0508376833076,8
2024-09-19 13:44:01.001,421.995773960246,100
2024-09-19 13:44:01.173,422.01363695906633,14
2024-09-19 13:44:01.182,421.9879066967317,97
2024-09-19 13:44:01.207,422.0257324317531,9
2024-09-19 13:44:01.252,422.0139850454751,10
2024-09-19 13:44:01.293,421.995144321178,14
2024-09-19 13:44:01.343,421.9983576792287,105
2024-09-19 13:44:01.378,422.0025393489545,11
2024-09-19 13:44:01.427,422.0013657967088,96
2024-09-19 13:44:01.434,422.0117274924946,13
2024-09-19 13:44:01.455,422.0020416172861,103
2024-09-19 13:44:01.463,422.0160706513786,6
2024-09-19 13:44:01.480,422.0084804691007,6
2024-09-19 13:44:01.509,422.0088659890625,996
2024-09-19 13:44:01.519,421.9913460534201,97
2024-09-19 13:44:01.626,421.9970278470349,6
2024-09-19 13:44:01.664,422.0119721280144,995
2024-09-19 13:44:01.713,422.0078055243286,8
2024-09-19 13:44:01.727,422.0152029209642,105
2024-09-19 13:44:01.758,421.9886732636168,13
2024-09-19 13:44:01.785,422.0371081098697,1001
2024-09-19 13:44:01.787,422.0117057016612,1003
2024-09-19 13:44:01.848,422.0037960686144,97
2024-09-19 13:44:02.097,42.19679692869348,102
2024-09-19 13:44:02.372,421.99083177202925,1003
2024-09-19 13:44:02.374,421.9577949477286,998
2024-09-19 13:44:02.630,421.9800548409165,1002
2024-09-19 13:44:02.712,421.96286979281126,11
2024-09-19 13:44:02.797,421.96951098875087,5
2024-09-19 13:44:02.805,421.98865682907245,96
2024-09-19 13:44:02.832,421.9733451701512,1005
2024-09-19 13:44:03.025,421.9981929774876,7
2024-09-19 13:44:03.114,421.9865954504604,997
2024-09-19 13:44:03.115,422.0364486985085,12
2024-09-19 13:44:03.238,422.00610780274417,1002
2024-09-19 13:44:03.269,421.98024165975,997
2024-09-19 13:44:03.297,421.9907155550824,5
2024-09-19 13:44:03.398,421.98541095713097,5
2024-09-19 13:44:03.399,421.9865779812075,95
2024-09-19 13:44:03.480,422.070808992686,997
2024-09-19 13:44:03.578,421.97722992603735,100
2024-09-19 13:44:03.664,421.9949832968742,102
2024-09-19 13:44:03.708,422.0865157094573,1001
2024-09-19 13:44:03.716,421.9962483553798,102
2024-09-19 13:44:03.799,422.0500425518121,101
2024-09-19 13:44:03.857,422.0492366484416,1004
2024-09-19 13:44:03.866,422.07040407759047,13
2024-09-19 13:44:03.877,422.05375230117335,13
2024-09-19 13:44:03.928,421.9849217882508,13
2024-09-19 13:44:03.974,422.0448210005648,100
2024-09-19 13:44:03.974,422.01593592252897,99
2024-09-19 13:44:05.030,422.1382234240792,97
2024-09-19 13:44:05.101,422.100067109331,99
2024-09-19 13:44:05.132,422.0837738864485,102
2024-09-19 13:44:05.203,422.1154163835953,98
2024-09-19 13:44:05.234,422.1488516573701,7
2024-09-19 13:44:05.287,422.1177558677916,6
2024-09-19 13:44:05.334,422.1365929614933,14
2024-09-19 13:44:05.413,422.1233686990939,1000
2024-09-19 13:44:05.417,422.1417378430529,98
2024-09-19 13:44:05.420,422.1260082519876,10
2024-09-19 13:44:05.465,422.09762266959376,1003
2024-09-19 13:44:05.584,422.13127165968393,104
2024-09-19 13:44:05.587,422.1366214542999,8
2024-09-19 13:44:05.598,422.1111822691781,105
2024-09-19 13:44:05.605,422.1207882013248,995
2024-09-19 13:44:05.682,422.1286659647404,104
2024-09-19 13:44:05.815,422.11529671709513,1004
2024-09-19 13:44:05.821,422.0892516059093,97
2024-09-19 13:44:05.844,422.13253289737736,999
2024-09-19 13:44:05.931,422.1035530290638,999
2024-09-19 13:44:05.944,422.0846020838127,99
2024-09-19 13:44:05.968,422.13153422699634,1000
2024-09-19 13:44:05.994,422.0976473771705,103
2024-09-19 13:44:06.015,422.08087840229047,96
2024-09-19 13:44:06.099,422.0916687762369,11
2024-09-19 13:44:06.229,422.0817184243825,104
2024-09-19 13:44:06.284,422.10289106235103,1001
2024-09-19 13:44:06.342,422.04972482816345,1005
2024-09-19 13:44:06.416,422.1026052527656,15
2024-09-19 13:44:06.571,422.07966591837726,97
2024-09-19 13:44:06.672,422.0441552646742,98
2024-09-19 13:44:06.766,422.1017045254309,5
2024-09-19 13:44:06.776,422.0577687475321,5
2024-09-19 13:44:06.777,422.0728494150473,105
2024-09-19 13:44:06.782,422.0394530508665,5
2024-09-19 13:44:06.862,422.0642246268775,5
2024-09-19 13:44:07.045,422.12988784958793,8
2024-09-19 13:44:07.070,422.1551325152548,1000
2024-09-19 13:44:07.105,422.17192475091525,1002
2024-09-19 13:44:07.181,422.1315175720396,101
2024-09-19 13:44:07.343,422.1138135965054,105
2024-09-19 13:44:07.389,422.1482479057125,995
2024-09-19 13:44:07.585,422.0501577681569,14
2024-09-19 13:44:07.602,422.17193661532303,102
2024-09-19 13:44:07.842,422.1354149387204,13
2024-09-19 13:44:07.857,422.050914148583,95
2024-09-19 13:44:07.869,422.0758614056042,998
2024-09-19 13:44:08.054,422.1107760184864,1001
2024-09-19 13:44:08.099,422.10173256784617,99
2024-09-19 13:44:08.126,422.12756981367306,1002
2024-09-19 13:44:08.260,422.10902259447954,103
2024-09-19 13:44:08.288,422.1028348424254,1005
2024-09-19 13:44:08.311,422.0983606853661,102
2024-09-19 13:44:08.367,422.0991900535852,11
2024-09-19 13:44:08.456,422.100232747227,104
2024-09-19 13:44:08.556,422.1330705723968,996
2024-09-19 13:44:08.690,422.1459953364828,9
2024-09-19 13:44:08.711,422.112249046248,13
2024-09-19 13:44:08.881,422.1354030608422,1001
2024-09-19 13:44:08.911,422.131972114081,1003
2024-09-19 13:44:08.959,422.1433689688671,997
2024-09-19 13:44:09.170,422.1616180148975,9
2024-09-19 13:44:09.307,422.1299776473562,1002
2024-09-19 13:44:09.337,422.1763078487498,14
2024-09-19 13:44:09.382,422.11439198452496,101
2024-09-19 13:44:09.389,422.156788396808,9
2024-09-19 13:44:09.490,422.1539631914691,9
2024-09-19 13:44:09.516,422.17476634964896,105
2024-09-19 13:44:09.536,422.08614950881855,1005
2024-09-19 13:44:09.593,422.1603997154327,12
2024-09-19 13:44:09.626,422.1737158047519,996
2024-09-19 13:44:09.653,422.12841111243154,100
2024-09-19 13:44:09.755,422.1772725324748,11
2024-09-19 13:44:09.780,422.1755553361229,9
2024-09-19 13:44:09.886,422.1295163301458,95
2024-09-19 13:44:09.900,422.1670411106223,14
2024-09-19 13:44:09.916,422.0914411074771,997
2024-09-19 13:44:09.991,422.1794866361323,13
2024-09-19 13:44:10.126,422.1181556801831,8
2024-09-19 13:44:10.216,422.1879929963083,1002
2024-09-19 13:44:10.234,422.12674274828913,100
2024-09-19 13:44:10.264,422.1656655944337,1003
2024-09-19 13:44:10.276,422.1186239873637,95
2024-09-19 13:44:10.374,422.1448364578956,96
2024-09-19 13:44:10.589,422.1279013731668,1003
2024-09-19 13:44:10.660,422.11410852953,1003
2024-09-19 13:44:10.783,422.1063011958548,5
2024-09-19 13:44:10.810,422.1322771833782,997
2024-09-19 13:44:10.858,422.1656278304179,11
2024-09-19 13:44:10.874,422.1211253956039,1003
2024-09-19 13:44:10.893,422.1203919896993,102
2024-09-19 13:44:10.942,422.13481649089385,7
2024-09-19 13:44:11.545,422.1611109723932,12
2024-09-19 13:44:11.569,422.1563703424768,13
2024-09-19 13:44:11.607,422.1573311073662,11
2024-09-19 13:44:11.838,422.1267079705207,7
2024-09-19 13:44:11.845,422.16194816185566,11
2024-09-19 13:44:12.114,422.0771016319357,1002
2024-09-19 13:44:12.144,422.0685634317449,14
2024-09-19 13:44:12.165,422.1046151322707,98
2024-09-19 13:44:12.182,422.10745383439456,998
2024-09-19 13:44:12.213,422.0866657973168,96
2024-09-19 13:44:12.230,422.05384176617525,7
2024-09-19 13:44:12.230,42.21011817902124,15
2024-09-19 13:44:12.303,422.0989836231598,13
2024-09-19 13:44:12.350,422.0401554813852,104
2024-09-19 13:44:12.355,422.0803782178217,997
2024-09-19 13:44:12.394,422.0754389529457,10
2024-09-19 13:44:12.489,422.0373347488153,14
2024-09-19 13:44:12.507,422.09228970282527,5
2024-09-19 13:44:12.523,422.1134222473772,6
2024-09-19 13:44:12.535,422.0766581673753,1002
2024-09-19 13:44:12.555,422.0893659695466,1004
2024-09-19 13:44:12.590,422.1284089924172,10
2024-09-19 13:44:12.647,42.20674209440711,999
2024-09-19 13:44:12.707,422.0402480198744,97
2024-09-19 13:44:12.752,422.09059912069455,96
2024-09-19 13:44:12.988,422.0766549390394,8
2024-09-19 13:44:13.009,422.135312114093,1003
2024-09-19 13:44:13.140,422.0948706406526,996
2024-09-19 13:44:13.154,422.0816091076852,100
2024-09-19 13:44:13.179,422.111340160424,1002
2024-09-19 13:44:13.208,422.0996925759252,98
2024-09-19 13:44:13.348,422.0972956128416,5
2024-09-19 13:44:13.353,422.0896800295354,103
2024-09-19 13:44:13.610,422.1128032804037,7
2024-09-19 13:44:13.641,422.0592496134684,13
2024-09-19 13:44:13.720,422.0892187456176,99
2024-09-19 13:44:13.784,422.06993701950057,103
2024-09-19 13:44:13.815,422.0545287652197,11
2024-09-19 13:44:13.866,422.1026994809971,1003
2024-09-19 13:44:13.925,422.082225871612,10
2024-09-19 13:44:14.170,422.1119050707504,12
2024-09-19 13:44:14.298,422.12388784144895,1004
2024-09-19 13:44:14.366,422.1210717897823,12
2024-09-19 13:44:14.385,422.1240678392684,15
2024-09-19 13:44:14.439,422.1262326119246,8
2024-09-19 13:44:14.524,42.21223392370564,98
2024-09-19 13:44:14.610,422.118266648056,12
2024-09-19 13:44:14.659,422.1217685219052,1002
2024-09-19 13:44:14.718,422.1132649634835,7
2024-09-19 13:44:14.748,422.1147984863251,15
2024-09-19 13:44:15.145,422.1229938270446,998
2024-09-19 13:44:15.287,422.1270169149363,102
2024-09-19 13:44:15.375,422.1200412474268,1004
2024-09-19 13:44:15.436,422.1437854452638,9
2024-09-19 13:44:15.629,422.1243947444549,1000
2024-09-19 13:44:15.736,422.13007320122045,7
2024-09-19 13:44:16.052,422.18609924973583,1005
2024-09-19 13:44:16.072,422.2328061499814,105
2024-09-19 13:44:16.104,422.18300963295366,104
2024-09-19 13:44:16.151,422.1670676498108,1001
2024-09-19 13:44:16.172,422.1900285479122,11
2024-09-19 13:44:16.173,422.2203453968468,12
2024-09-19 13:44:16.199,42.21882148034143,102
2024-09-19 13:44:16.239,422.16939177862906,100
2024-09-19 13:44:16.258,422.152039817845,1005
2024-09-19 13:44:16.265,422.1478293114728,96
2024-09-19 13:44:16.282,422.2012056495946,100
2024-09-19 13:44:16.338,422.16041253119306,13
2024-09-19 13:44:16.353,422.16261029033967,995
2024-09-19 13:44:16.410,422.20663521462666,996
2024-09-19 13:44:16.435,422.1740007995948,995
2024-09-19 13:44:16.546,422.1536406798946,105
2024-09-19 13:44:16.581,422.1874156333295,998
2024-09-19 13:44:16.611,422.1790773649377,101
2024-09-19 13:44:16.650,422.1903064306559,103
2024-09-19 13:44:16.759,422.2161347666587,1000
2024-09-19 13:44:16.824,422.1955746929919,997
2024-09-19 13:44:16.855,422.1489447106952,12
2024-09-19 13:44:16.896,422.1614487862024,1002
2024-09-19 13:44:16.906,422.1729736806822,10
2024-09-19 13:44:16.908,422.1825290433578,10
2024-09-19 13:44:16.962,422.1842817840788,1005
2024-09-19 13:44:17.044,422.1434437360948,996
2024-09-19 13:44:17.078,422.1955911552776,104
2024-09-19 13:44:17.487,422.1846806703605,1002
2024-09-19 13:44:17.674,422.1798735384466,12
2024-09-19 13:44:17.687,422.1796532505373,97
2024-09-19 13:44:17.784,422.18334344135815,9
2024-09-19 13:44:17.785,422.1908556482517,96
2024-09-19 13:44:17.944,422.1855561210742,12
2024-09-19 13:44:19.019,422.1117652402318,1004
2024-09-19 13:44:19.190,422.0990860910822,5
2024-09-19 13:44:19.204,422.1434491599293,1001
2024-09-19 13:44:19.210,422.07981007340754,1002
2024-09-19 13:44:19.404,42.20839660592907,101
2024-09-19 13:44:19.528,422.1440113612567,996
2024-09-19 13:44:19.633,422.0907766983932,14
2024-09-19 13:44:19.841,422.1280504413075,9
2024-09-19 13:44:19.887,422.1424646912825,1001
2024-09-19 13:44:20.008,422.1170083979584,1003
2024-09-19 13:44:20.055,422.0443244224686,95
2024-09-19 13:44:20.063,422.07555862754106,996
2024-09-19 13:44:20.105,422.1021473976255,11
2024-09-19 13:44:20.161,422.0889329071084,997
2024-09-19 13:44:20.217,422.0995016182238,11
2024-09-19 13:44:20.226,422.1262991991954,100
2024-09-19 13:44:20.274,422.09956965698615,8
2024-09-19 13:44:20.391,422.0875066143012,1002
2024-09-19 13:44:20.415,422.0850433376087,1001
2024-09-19 13:44:20.425,422.0454095376257,14
2024-09-19 13:44:20.433,422.1294164168488,1004
2024-09-19 13:44:20.461,422.04926942857935,1002
2024-09-19 13:44:20.464,422.0422180686216,9
2024-09-19 13:44:20.483,422.08372767326216,102
2024-09-19 13:44:20.525,422.0946009185158,997
2024-09-19 13:44:20.536,422.1159486068505,998
2024-09-19 13:44:20.597,422.08950469785856,9
2024-09-19 13:44:20.616,422.10468168212384,105
2024-09-19 13:44:20.625,422.1003830472842,6
2024-09-19 13:44:20.665,422.0948400274884,7
2024-09-19 13:44:20.735,422.09737275098,15
2024-09-19 13:44:20.851,422.104916533852,15
2024-09-19 13:44:20.925,422.1155529909468,105
2024-09-19 13:44:20.942,422.1263359931461,7
2024-09-19 13:44:20.950,422.1037414337557,11
2024-09-19 13:44:20.981,422.1241257696872,998
2024-09-19 13:44:20.989,422.0528620315243,9
2024-09-19 13:44:21.022,422.1144444351653,996
2024-09-19 13:44:21.025,422.1152685964576,1001
2024-09-19 13:44:21.025,422.0796731307137,1001
2024-09-19 13:44:21.115,422.09666391781786,7
2024-09-19 13:44:21.140,422.09124145141874,995
2024-09-19 13:44:21.169,422.0908116643227,100
2024-09-19 13:44:21.169,422.08430142827126,15
2024-09-19 13:44:21.258,422.0895366583976,997
2024-09-19 13:44:21.313,422.1160872182187,1004
2024-09-19 13:44:21.428,422.07401886581465,7
2024-09-19 13:44:21.436,422.09738870803966,102
2024-09-19 13:44:21.439,422.0804902849096,8
2024-09-19 13:44:21.465,422.08914344287626,7
2024-09-19 13:44:21.478,422.1062415841336,6
2024-09-19 13:44:21.502,422.1200663563384,998
2024-09-19 13:44:21.542,422.0939879825228,14
2024-09-19 13:44:21.562,422.0835692088151,97
2024-09-19 13:44:21.686,422.1163095362373,7
2024-09-19 13:44:21.695,422.0980103364666,14
2024-09-19 13:44:21.706,422.1322198196784,13
2024-09-19 13:44:21.710,422.10164993925554,997
2024-09-19 13:44:21.774,422.1253842884592,1004
2024-09-19 13:44:21.780,422.1176276288495,102
2024-09-19 13:44:21.808,422.1033819274389,1005
2024-09-19 13:44:21.925,422.1307554560857,10
2024-09-19 13:44:21.931,422.1246538927512,10
2024-09-19 13:44:21.947,422.12651122746985,96
2024-09-19 13:44:22.193,422.153064674886,102
2024-09-19 13:44:22.194,422.1317347914871,11
2024-09-19 13:44:22.357,422.1311207161347,998
2024-09-19 13:44:22.431,422.1232865370957,103
2024-09-19 13:44:22.450,422.1293112357339,1001
2024-09-19 13:44:22.498,422.1283783604416,1002
2024-09-19 13:44:22.926,422.1714094339684,101
2024-09-19 13:44:23.101,422.15386021538114,12
2024-09-19 13:44:23.247,422.1661072518692,996
2024-09-19 13:44:23.283,422.1382915352552,99
2024-09-19 13:44:23.325,422.1517732811542,100
2024-09-19 13:44:23.326,422.1737298099649,1003
2024-09-19 13:44:23.353,422.15067322173286,996
2024-09-19 13:44:23.497,-422.1679049118998,10
2024-09-19 13:44:23.694,422.1722034983697,99
2024-09-19 13:44:23.972,422.143698825765,1005
2024-09-19 13:44:24.073,422.1704602472059,6
2024-09-19 13:44:24.537,422.1822891376893,1001
2024-09-19 13:44:24.537,422.1628254432315,99
2024-09-19 13:44:24.923,422.1639045760834,1004
2024-09-19 13:44:25.010,422.2173606053062,997
2024-09-19 13:44:25.037,422.2546661917231,1005
2024-09-19 13:44:25.055,422.1799153313783,9
2024-09-19 13:44:25.057,422.213286257376,12
2024-09-19 13:44:25.141,422.1728149861549,5
2024-09-19 13:44:25.147,422.2428376270033,103
2024-09-19 13:44:25.157,422.25403359308456,6
2024-09-19 13:44:25.177,422.2199054438503,105
2024-09-19 13:44:25.177,422.2567930192092,8
2024-09-19 13:44:25.190,422.2691256934484,997
2024-09-19 13:44:25.202,422.2154255771587,5
2024-09-19 13:44:25.221,422.1868777492053,996
2024-09-19 13:44:25.225,422.2359392164825,998
2024-09-19 13:44:25.225,-422.2272666477753,12
2024-09-19 13:44:25.244,422.1980226962953,98
2024-09-19 13:44:25.247,422.2399989088372,5
2024-09-19 13:44:25.308,422.23105501824114,1003
2024-09-19 13:44:25.311,422.24560984804685,11
2024-09-19 13:44:25.332,42.2256389347256,996
2024-09-19 13:44:25.344,422.20080334050687,998
2024-09-19 13:44:25.513,422.2476159128316,95
2024-09-19 13:44:25.588,422.2172789796194,100
2024-09-19 13:44:25.734,422.1785770247434,1004
2024-09-19 13:44:25.749,422.21699513094586,101
2024-09-19 13:44:25.891,422.218711114764,15
2024-09-19 13:44:25.922,422.2296211266339,1000
2024-09-19 13:44:25.923,422.1972895762926,13
2024-09-19 13:44:25.967,422.2421705287564,1004
2024-09-19 13:44:26.697,422.2171126464504,100
2024-09-19 13:44:26.744,422.2164978295284,101
2024-09-19 13:44:26.753,422.232111030509,9
2024-09-19 13:44:26.820,422.2374755798631,1003
2024-09-19 13:44:26.946,422.2416136048198,105
2024-09-19 13:44:27.028,422.3304572495093,103
2024-09-19 13:44:27.046,422.3299413151431,99
2024-09-19 13:44:27.132,422.2815677969746,997
2024-09-19 13:44:27.162,422.2802587998008,996
2024-09-19 13:44:27.228,422.33030668878536,1003
2024-09-19 13:44:27.264,422.3061241874388,96
2024-09-19 13:44:27.267,422.32650417427766,997
2024-09-19 13:44:27.326,422.33029393905474,95
2024-09-19 13:44:27.403,422.32883755804977,997
2024-09-19 13:44:27.431,422.3079780297832,15
2024-09-19 13:44:27.476,422.284708826109,1003
2024-09-19 13:44:27.532,422.321944817492,5
2024-09-19 13:44:27.576,422.2482959946665,1002
2024-09-19 13:44:27.665,422.3214719393854,105
2024-09-19 13:44:27.690,422.2674590107278,1004
2024-09-19 13:44:27.725,422.3073716956905,1003
2024-09-19 13:44:27.853,422.325885924242,997
2024-09-19 13:44:27.889,422.3298558263861,14
2024-09-19 13:44:27.894,422.31524125609656,100
2024-09-19 13:44:27.917,422.25203120534354,102
2024-09-19 13:44:27.919,422.2749781828468,6
2024-09-19 13:44:27.949,422.327284874688,102
2024-09-19 13:44:27.972,422.323236493353,1002
2024-09-19 13:44:28.021,422.2589515798787,102
2024-09-19 13:44:28.033,422.2948295556443,1002
2024-09-19 13:44:28.036,422.2580124015362,11
2024-09-19 13:44:28.085,422.3075872852317,97
2024-09-19 13:44:28.094,422.2793274569115,7
2024-09-19 13:44:28.139,422.3079088600061,1001
2024-09-19 13:44:28.141,422.3001069525313,100
2024-09-19 13:44:28.180,422.3022627660574,100
2024-09-19 13:44:28.259,422.29636156276285,12
2024-09-19 13:44:28.266,422.2474267548548,1004
2024-09-19 13:44:28.400,422.2841908065034,96
2024-09-19 13:44:28.417,422.2871036944864,7
2024-09-19 13:44:28.575,422.2994762165824,5
2024-09-19 13:44:28.584,422.2587626589723,999
2024-09-19 13:44:28.629,422.2876909491741,95
2024-09-19 13:44:28.694,422.2517977503903,11
2024-09-19 13:44:28.723,422.3040666949551,995
2024-09-19 13:44:28.759,422.28146170603793,104
2024-09-19 13:44:28.761,422.24165023768114,13
2024-09-19 13:44:28.772,422.29129093134776,105
2024-09-19 13:44:28.806,422.27939725365707,1004
2024-09-19 13:44:28.892,422.2317111246716,1002
2024-09-19 13:44:28.985,422.2758761790113,96
2024-09-19 13:44:29.005,422.2819269271032,96
2024-09-19 13:44:29.104,422.2871005828948,96
2024-09-19 13:44:29.140,422.2665846885536,14
2024-09-19 13:44:29.222,422.2786313530938,8
2024-09-19 13:44:29.241,422.2739351952019,5
2024-09-19 13:44:29.313,422.2920040220101,99
2024-09-19 13:44:29.574,422.3142321050866,7
2024-09-19 13:44:29.638,422.268614762474,11
2024-09-19 13:44:29.802,422.2771197583101,1004
2024-09-19 13:44:29.941,422.2616756576256,105
2024-09-19 13:44:29.997,422.29108752584,995
2024-09-19 13:44:30.155,422.2009227916792,101
2024-09-19 13:44:30.348,422.2391435078564,998
2024-09-19 13:44:30.358,422.256720985218,996
2024-09-19 13:44:30.581,422.2514186306258,996
2024-09-19 13:44:30.594,422.252099103969,5
2024-09-19 13:44:30.699,422.2158613550987,1001
2024-09-19 13:44:30.716,422.2438599058574,1001
2024-09-19 13:44:30.726,422.19395376605024,101
2024-09-19 13:44:30.788,422.2507065785614,105
2024-09-19 13:44:30.814,422.2421164714343,1005
2024-09-19 13:44:31.005,422.2083402551649,95
2024-09-19 13:44:31.063,422.1835461043758,995
2024-09-19 13:44:31.371,422.1898045344298,5
2024-09-19 13:44:31.460,422.2083960910381,15
2024-09-19 13:44:31.726,422.1973021577841,10
2024-09-19 13:44:31.832,422.1964556148545,1000
2024-09-19 13:44:32.007,422.1613281235409,1004
2024-09-19 13:44:32.023,422.1828815899848,96
2024-09-19 13:44:32.169,422.1638690350927,96
2024-09-19 13:44:32.453,422.1828093436174,13
2024-09-19 13:44:32.581,422.1754051237202,5
2024-09-19 13:44:32.812,422.17718317210506,1000
2024-09-19 13:44:33.012,422.1653631084508,7
2024-09-19 13:44:33.048,422.23407189798286,97
2024-09-19 13:44:33.066,422.2044233264023,996
2024-09-19 13:44:33.220,422.2287414734205,102
2024-09-19 13:44:33.241,422.2111485473068,1000
2024-09-19 13:44:33.257,422.2247764817437,9
2024-09-19 13:44:33.274,422.20739581597593,103
2024-09-19 13:44:33.323,422.192193332609,100
2024-09-19 13:44:33.380,-422.2291209329284,1002
2024-09-19 13:44:33.507,422.1973337988624,10
2024-09-19 13:44:33.729,422.2114627504787,96
2024-09-19 13:44:34.123,422.2285308602582,1001
2024-09-19 13:44:34.189,422.21518178778655,103
2024-09-19 13:44:34.242,422.1774731096858,7
2024-09-19 13:44:34.257,422.2014138827932,998
2024-09-19 13:44:34.307,422.2036140757767,1002
2024-09-19 13:44:34.365,422.19515954465857,99
2024-09-19 13:44:34.444,422.2138831312015,10
2024-09-19 13:44:34.478,422.2180612859549,98
2024-09-19 13:44:34.525,422.223450152175,1005
2024-09-19 13:44:34.632,422.222596863626,11
2024-09-19 13:44:34.882,422.2096210546392,101
2024-09-19 13:44:36.078,422.1764967449711,12
2024-09-19 13:44:36.085,422.2456852416026,7
2024-09-19 13:44:36.204,422.2029782275712,11
2024-09-19 13:44:36.223,422.2410174211409,998
2024-09-19 13:44:36.244,422.21043000504926,998
2024-09-19 13:44:36.248,422.1647582189324,999
2024-09-19 13:44:36.309,422.20999491363824,1002
2024-09-19 13:44:36.342,422.23368661308245,98
2024-09-19 13:44:36.475,422.17762574423193,99
2024-09-19 13:44:36.526,422.1541492877532,998
2024-09-19 13:44:36.634,422.1961741844339,996
2024-09-19 13:44:36.677,422.2084039727834,103
2024-09-19 13:44:36.689,422.1847168555439,998
2024-09-19 13:44:36.711,422.19850820191976,995
2024-09-19 13:44:36.734,422.1613628722818,101
2024-09-19 13:44:36.777,422.2107602241679,11
2024-09-19 13:44:36.780,422.2088265161286,12
2024-09-19 13:44:36.810,422.2043851408071,1004
2024-09-19 13:44:36.848,422.1933157683194,6
2024-09-19 13:44:36.906,422.1965820431815,102
2024-09-19 13:44:36.915,422.1901164142362,999
2024-09-19 13:44:36.926,422.1907908872683,998
2024-09-19 13:44:36.952,422.20354067235246,996
2024-09-19 13:44:37.228,422.2759974059631,999
2024-09-19 13:44:37.272,422.2754070230516,99
2024-09-19 13:44:37.345,422.2632843039204,998
2024-09-19 13:44:37.363,422.24261891012577,6
2024-09-19 13:44:37.375,422.2823214553312,101
2024-09-19 13:44:37.392,422.286453701431,14
2024-09-19 13:44:37.515,422.2681071078825,999
2024-09-19 13:44:37.532,422.28058940522135,98
2024-09-19 13:44:37.588,422.260792075672,105
2024-09-19 13:44:37.620,422.29886670457233,10
2024-09-19 13:44:37.635,422.2976818375181,105
2024-09-19 13:44:37.719,422.2996325545986,999
2024-09-19 13:44:37.760,422.24061963459445,996
2024-09-19 13:44:37.771,422.2502030571845,1004
2024-09-19 13:44:37.773,422.264888766486,999
2024-09-19 13:44:37.831,422.2943944217917,1000
2024-09-19 13:44:37.895,422.2769998878067,1002
2024-09-19 13:44:37.980,422.2498892143551,997
2024-09-19 13:44:38.011,422.3174788639186,101
2024-09-19 13:44:38.067,422.28476887659417,95
2024-09-19 13:44:38.207,422.3082720145866,98
2024-09-19 13:44:38.219,422.2891584733237,101
2024-09-19 13:44:38.279,422.287564414706,11
2024-09-19 13:44:38.280,-422.3167163883487,103
2024-09-19 13:44:38.284,422.2913527910898,1002
2024-09-19 13:44:38.325,422.28172612968285,15
2024-09-19 13:44:38.362,422.3090354562154,12
2024-09-19 13:44:38.365,422.2979624358585,14
2024-09-19 13:44:38.380,422.3184081437032,10
2024-09-19 13:44:38.552,422.2901630527327,995
2024-09-19 13:44:38.596,422.3139893834704,1000
2024-09-19 13:44:38.643,422.2751381863463,996
2024-09-19 13:44:38.669,422.33113670361126,102
2024-09-19 13:44:38.819,422.2831828552592,1002
2024-09-19 13:44:38.903,422.3214238024384,1005
2024-09-19 13:44:38.943,422.3196895425489,15
2024-09-19 13:44:38.973,422.29669036920507,102
2024-09-19 13:44:39.057,422.28305763238393,1002
2024-09-19 13:44:39.061,422.2747828768466,12
2024-09-19 13:44:39.470,422.26484308162526,1003
2024-09-19 13:44:40.099,422.2315402516147,997
2024-09-19 13:44:40.139,422.2472954013635,1003
2024-09-19 13:44:40.172,422.2837945427059,1005
2024-09-19 13:44:40.208,422.2504894020122,96
2024-09-19 13:44:40.220,422.2232975829022,104
2024-09-19 13:44:40.229,422.2672728900186,101
2024-09-19 13:44:40.281,422.21578814490834,6
2024-09-19 13:44:40.299,422.2786396088995,104
2024-09-19 13:44:40.317,422.2656986726336,104
2024-09-19 13:44:40.494,422.26381436830286,998
2024-09-19 13:44:40.531,422.2126051805572,998
2024-09-19 13:44:40.533,422.2866885518292,8
2024-09-19 13:44:40.548,422.29517127399816,10
2024-09-19 13:44:40.594,422.2140034885712,999
2024-09-19 13:44:40.603,422.1991472519364,97
2024-09-19 13:44:40.685,422.26185716751695,5
2024-09-19 13:44:40.753,422.2740574094451,1002
2024-09-19 13:44:40.839,422.2324696192806,9
2024-09-19 13:44:40.852,422.2649414448059,998
2024-09-19 13:44:40.863,422.2178075014286,99
2024-09-19 13:44:40.874,422.2587515249977,6
2024-09-19 13:44:40.895,422.2599137286871,5
2024-09-19 13:44:40.912,422.26913780245593,1005
2024-09-19 13:44:40.973,-422.2694772619615,1003
2024-09-19 13:44:41.068,422.19344964624975,999
2024-09-19 13:44:41.105,422.2319067494983,996
2024-09-19 13:44:41.200,422.16992121517205,96
2024-09-19 13:44:41.216,-422.2149920062273,995
2024-09-19 13:44:41.230,422.2124655255242,96
2024-09-19 13:44:41.258,422.1565216717922,997
2024-09-19 13:44:41.270,422.1791204043024,100
2024-09-19 13:44:41.306,422.16409453562346,103
2024-09-19 13:44:41.367,422.19390622380257,1003
2024-09-19 13:44:41.435,422.1837029750194,98
2024-09-19 13:44:41.505,422.25626971376914,100
2024-09-19 13:44:41.510,422.2159199138727,9
2024-09-19 13:44:41.592,422.1509656072742,996
2024-09-19 13:44:41.629,422.1625670274253,998
2024-09-19 13:44:41.811,422.168083704589,7
2024-09-19 13:44:41.840,422.2302619725496,14
2024-09-19 13:44:41.922,422.1904738770999,104
2024-09-19 13:44:41.956,422.2047681503481,12
2024-09-19 13:44:42.005,422.1609544162461,15
2024-09-19 13:44:42.044,422.1662767976227,101
2024-09-19 13:44:42.060,422.1365182192165,104
2024-09-19 13:44:42.105,422.1334406101136,96
2024-09-19 13:44:42.215,422.1563428135314,996
2024-09-19 13:44:42.245,422.131316970982,12
2024-09-19 13:44:42.308,422.1368539524566,6
2024-09-19 13:44:42.351,422.1277840162768,14
2024-09-19 13:44:42.457,422.17040243426175,6
2024-09-19 13:44:42.528,422.155140246145,99
2024-09-19 13:44:42.562,422.1820442615752,9
2024-09-19 13:44:42.575,422.1326187302181,5
2024-09-19 13:44:42.612,422.1296774139936,1001
2024-09-19 13:44:42.621,422.1732485742435,101
2024-09-19 13:44:42.632,422.16864259106575,9
2024-09-19 13:44:42.638,422.1278130248913,12
2024-09-19 13:44:42.647,422.1402744610454,99
2024-09-19 13:44:42.694,422.1467031648245,999
2024-09-19 13:44:42.702,422.1731175769774,1002
2024-09-19 13:44:42.719,422.16384963257576,1004
2024-09-19 13:44:42.831,422.18213213248185,95
2024-09-19 13:44:42.874,422.1319831964853,1001
2024-09-19 13:44:42.941,422.1308323001631,95
2024-09-19 13:44:42.942,422.137533092707,100
2024-09-19 13:44:43.201,422.1374031464167,995
2024-09-19 13:44:43.249,422.1129010152806,99
2024-09-19 13:44:43.254,422.0951216224056,996
2024-09-19 13:44:43.293,422.1403908747505,95
2024-09-19 13:44:43.294,422.1384838813669,14
2024-09-19 13:44:43.320,422.1157144946563,1004
2024-09-19 13:44:43.321,422.1441402620697,1004
2024-09-19 13:44:43.340,422.13842097267184,12
2024-09-19 13:44:43.413,422.0988087731261,1002
2024-09-19 13:44:43.458,422.1361395854874,96
2024-09-19 13:44:43.480,422.1520171701641,9
2024-09-19 13:44:43.491,422.11166832226354,96
2024-09-19 13:44:43.558,422.1149338584789,11
2024-09-19 13:44:43.638,422.13567752767966,12
2024-09-19 13:44:43.651,422.1222815616913,7
2024-09-19 13:44:43.774,422.12520837133286,1000
2024-09-19 13:44:43.805,422.1299769401009,1001
2024-09-19 13:44:43.903,422.1140268487767,15
2024-09-19 13:44:43.936,422.10434595946566,996
2024-09-19 13:44:43.985,422.1127501391761,96
2024-09-19 13:44:44.020,422.07216533157896,999
2024-09-19 13:44:44.029,422.0466695192179,999
2024-09-19 13:44:44.069,422.1018174804629,12
2024-09-19 13:44:44.145,422.1077343818257,101
2024-09-19 13:44:44.196,422.1166392987004,96
2024-09-19 13:44:44.251,422.1269004832741,1004
2024-09-19 13:44:44.288,422.0623167609009,12
2024-09-19 13:44:44.339,422.1052703526197,99
2024-09-19 13:44:44.377,422.0556714860462,105
2024-09-19 13:44:44.397,422.1011654509029,1003
2024-09-19 13:44:44.415,422.0953735036194,101
2024-09-19 13:44:44.433,422.0625760250824,1005
2024-09-19 13:44:44.587,422.0536679032715,999
2024-09-19 13:44:44.620,422.1302803688415,997
2024-09-19 13:44:44.640,422.1208159302788,14
2024-09-19 13:44:44.752,422.06555925832,10
2024-09-19 13:44:44.913,422.0930183517848,999
2024-09-19 13:44:44.958,422.12406539607474,1003
2024-09-19 13:44:45.029,422.04816446306177,13
2024-09-19 13:44:45.037,422.0098366706075,95
2024-09-19 13:44:45.076,422.044496210237,13
2024-09-19 13:44:45.114,422.0415417843392,99
2024-09-19 13:44:45.227,422.0603470265987,105
2024-09-19 13:44:45.254,422.0161802613689,996
2024-09-19 13:44:45.264,422.078335119396,1002
2024-09-19 13:44:45.321,422.06165934626506,10
2024-09-19 13:44:45.329,422.01714591392965,998
2024-09-19 13:44:45.342,422.0926071089232,13
2024-09-19 13:44:45.437,422.0347638974033,1003
2024-09-19 13:44:45.458,422.05884193596273,98
2024-09-19 13:44:45.472,422.0247115516146,1003
2024-09-19 13:44:45.479,422.0381603934357,11
2024-09-19 13:44:45.568,422.0496093069231,996
2024-09-19 13:44:45.624,422.00812574167713,14
2024-09-19 13:44:45.631,422.088397089585,6
2024-09-19 13:44:45.635,422.0903460064899,996
2024-09-19 13:44:45.661,422.0759008003226,12
2024-09-19 13:44:45.705,422.01346655280383,103
2024-09-19 13:44:45.790,421.9954083131065,13
2024-09-19 13:44:45.798,422.0342659896882,10
2024-09-19 13:44:45.839,422.0451690450436,100
2024-09-19 13:44:45.973,422.03189924245726,7
2024-09-19 13:44:46.128,422.0727637368929,999
2024-09-19 13:44:46.209,422.0514114302801,6
2024-09-19 13:44:46.257,422.0879740834956,101
2024-09-19 13:44:46.378,422.0719591859628,1003
2024-09-19 13:44:46.392,-422.084311853753,14
2024-09-19 13:44:46.508,422.0662203928485,102
2024-09-19 13:44:46.613,422.0903813849847,998
2024-09-19 13:44:46.702,422.0784625432886,15
2024-09-19 13:44:46.712,422.0813563005226,99
2024-09-19 13:44:46.867,422.0540034507231,8
2024-09-19 13:44:47.078,421.9481922065669,8
2024-09-19 13:44:47.120,422.03655562590745,95
2024-09-19 13:44:47.120,421.985003184542,998
2024-09-19 13:44:47.152,422.0822501857344,998
2024-09-19 13:44:47.189,422.07195825204974,1002
2024-09-19 13:44:47.221,421.9776364987883,102
2024-09-19 13:44:47.228,421.9545625222231,995
2024-09-19 13:44:47.229,421.9484814091338,997
2024-09-19 13:44:47.239,421.9642348991569,1005
2024-09-19 13:44:47.371,422.0243009125359,15
2024-09-19 13:44:47.405,422.0126360369984,8
2024-09-19 13:44:47.418,422.0634879530107,101
2024-09-19 13:44:47.458,422.0669775320972,995
2024-09-19 13:44:47.488,421.95011013146666,98
2024-09-19 13:44:47.522,421.9624962827318,8
2024-09-19 13:44:47.613,422.0551362413154,6
2024-09-19 13:44:47.629,421.95031739471096,5
2024-09-19 13:44:47.653,422.06824536843584,100
2024-09-19 13:44:47.696,422.050822932823,6
2024-09-19 13:44:47.773,421.9608604147822,10
2024-09-19 13:44:47.779,421.9478411547775,97
2024-09-19 13:44:47.819,421.9569964423515,1001
2024-09-19 13:44:47.843,421.96466575759695,104
2024-09-19 13:44:47.889,421.9536110848954,13
2024-09-19 13:44:47.923,422.0606461262802,1004
2024-09-19 13:44:47.970,421.9572910138205,6
2024-09-19 13:44:48.026,421.94891773302135,11
2024-09-19 13:44:48.248,421.9743661605575,10
2024-09-19 13:44:48.518,421.9537885150177,6
2024-09-19 13:44:48.631,421.9871584749016,1004
2024-09-19 13:44:48.651,421.94619465676686,100
2024-09-19 13:44:48.720,421.94824248127713,1001
2024-09-19 13:44:48.984,421.9703147636823,10
2024-09-19 13:44:49.121,421.9846496571666,1005
2024-09-19 13:44:49.135,421.9554651844469,95
2024-09-19 13:44:49.196,421.9694042705109,1004
2024-09-19 13:44:49.217,421.9835892050448,1003
2024-09-19 13:44:49.301,421.94412639754745,95
2024-09-19 13:44:49.354,421.96389089072494,99
2024-09-19 13:44:49.355,421.952721104917,11
2024-09-19 13:44:49.460,421.94855281076383,9
2024-09-19 13:44:49.491,421.95420121286855,98
2024-09-19 13:44:49.613,421.9584497508095,996
2024-09-19 13:44:49.688,421.9479514494158,95
2024-09-19 13:44:49.875,421.9913226429,11
2024-09-19 13:44:50.059,421.9634478260645,12
2024-09-19 13:44:50.079,422.0002928883444,104
2024-09-19 13:44:50.172,421.9681701800495,997
2024-09-19 13:44:50.316,421.98801757208224,1002
2024-09-19 13:44:50.337,421.9543467962262,95
2024-09-19 13:44:50.357,421.9419164278339,14
2024-09-19 13:44:50.365,421.9776445875784,96
2024-09-19 13:44:50.407,421.9584016178068,97
2024-09-19 13:44:50.420,421.9679328252787,13
2024-09-19 13:44:50.482,421.9594065953424,8
2024-09-19 13:44:50.535,,997
2024-09-19 13:44:50.672,421.9703777737573,100
2024-09-19 13:44:50.758,421.9342283088466,6
2024-09-19 13:44:50.767,421.9709227607472,997
2024-09-19 13:44:50.776,421.9963820469368,11
2024-09-19 13:44:50.795,421.9986441236513,6
2024-09-19 13:44:50.840,421.99951084814063,999
2024-09-19 13:44:50.842,421.98102432733305,997
2024-09-19 13:44:50.862,421.9878711193665,103
2024-09-19 13:44:50.899,421.9627816234472,104
2024-09-19 13:44:50.947,421.9874917507793,7
2024-09-19 13:44:51.011,421.9234520400014,1000
2024-09-19 13:44:51.039,421.87827019019466,105
2024-09-19 13:44:51.078,421.918425992166,104
2024-09-19 13:44:51.114,421.8973953791743,14
2024-09-19 13:44:51.117,421.92419595578247,97
2024-09-19 13:44:51.128,421.9483548591553,7
2024-09-19 13:44:51.271,421.92445897652885,1000
2024-09-19 13:44:51.385,421.9711318222064,1000
2024-09-19 13:44:51.418,421.9875563673661,995
2024-09-19 13:44:51.442,421.95868343996034,95
2024-09-19 13:44:51.491,421.9529825071687,97
2024-09-19 13:44:51.525,421.8917134792678,13
2024-09-19 13:44:51.550,421.93502916671366,96
2024-09-19 13:44:51.603,421.934084802516,12
2024-09-19 13:44:51.608,421.9017679954208,1004
2024-09-19 13:44:51.678,421.93784025633664,98
2024-09-19 13:44:51.735,421.9483656144456,998
2024-09-19 13:44:51.802,421.9337874733586,5
2024-09-19 13:44:52.562,421.8894749615549,996
2024-09-19 13:44:52.726,421.8930366870665,9
2024-09-19 13:44:52.928,421.86678359575217,1003
2024-09-19 13:44:52.934,421.8739460434115,8
2024-09-19 13:44:53.344,421.86612899924967,99
2024-09-19 13:44:53.350,421.924717595552,97
2024-09-19 13:44:53.409,421.8765093809489,1002
2024-09-19 13:44:53.521,421.9353539085333,101
2024-09-19 13:44:53.554,421.9129387570997,995
2024-09-19 13:44:53.561,421.8924802111972,95
2024-09-19 13:44:53.717,421.8973036906097,98
2024-09-19 13:44:53.843,421.9184031054541,98
2024-09-19 13:44:53.853,421.898232106038,15
2024-09-19 13:44:53.859,421.881871300146,1003
2024-09-19 13:44:54.020,-421.9447482033237,103
2024-09-19 13:44:54.119,421.95948526852646,998
2024-09-19 13:44:54.246,421.91754168423256,99
2024-09-19 13:44:54.246,421.9441654852109,999
2024-09-19 13:44:54.317,421.9491562901268,998
2024-09-19 13:44:54.332,421.9596874384752,1004
2024-09-19 13:44:54.372,421.9260048266729,99
2024-09-19 13:44:54.378,421.9399014252223,15
2024-09-19 13:44:54.454,421.9155638636928,14
2024-09-19 13:44:54.461,421.9288407300072,997
2024-09-19 13:44:54.476,421.9346904210629,997
2024-09-19 13:44:54.561,421.9210508050303,5
2024-09-19 13:44:54.567,421.95280321460217,105
2024-09-19 13:44:54.615,421.91500484159394,996
2024-09-19 13:44:54.648,421.9530347461839,1005
2024-09-19 13:44:54.662,421.9105935251889,5
2024-09-19 13:44:54.670,421.9392333225135,11
2024-09-19 13:44:54.697,421.9198226606403,10
2024-09-19 13:44:54.747,421.93570983219325,10
2024-09-19 13:44:54.826,421.9276073327912,8
2024-09-19 13:44:54.875,,1004
2024-09-19 13:44:54.901,421.9620938450228,997
2024-09-19 13:44:54.992,421.97051345614216,105
2024-09-19 13:44:55.008,421.8915263211002,100
2024-09-19 13:44:55.082,421.9072819450812,99
2024-09-19 13:44:55.099,421.8614322145028,1002
2024-09-19 13:44:55.138,421.8828219393342,100
2024-09-19 13:44:55.147,421.8694185084307,8
2024-09-19 13:44:55.197,421.8761629342032,996
2024-09-19 13:44:55.206,421.8857149914595,11
2024-09-19 13:44:55.215,421.8804333272541,101
2024-09-19 13:44:55.354,421.8961025693149,11
2024-09-19 13:44:55.356,421.86934669714185,7
2024-09-19 13:44:55.402,421.879283164976,105
2024-09-19 13:44:55.424,421.8932693822118,1002
2024-09-19 13:44:55.450,421.8873174407849,6
2024-09-19 13:44:55.457,421.8975862102436,995
2024-09-19 13:44:55.563,421.8985978597553,101
2024-09-19 13:44:55.611,421.8985698705816,7
2024-09-19 13:44:55.765,421.91018302219055,11
2024-09-19 13:44:55.837,421.9143880894948,99
2024-09-19 13:44:55.851,421.8947133159404,100
2024-09-19 13:44:55.864,421.8726101808002,103
2024-09-19 13:44:55.897,421.8662365373817,998
2024-09-19 13:44:55.930,421.874330558089,6
2024-09-19 13:44:55.988,421.9237283073637,1004
2024-09-19 13:44:56.356,421.9196969946572,12
2024-09-19 13:44:56.547,421.930949558782,1002
2024-09-19 13:44:57.344,421.93227759940834,1004
2024-09-19 13:44:57.500,421.89828019908975,8
2024-09-19 13:44:57.591,421.924698929388,1005
2024-09-19 13:44:57.920,421.9091938778228,97
2024-09-19 13:44:58.044,421.98285445316526,999
2024-09-19 13:44:58.423,421.9481443335637,1003
2024-09-19 13:44:58.505,421.9669382428551,102
2024-09-19 13:44:58.725,421.9591173933634,97
2024-09-19 13:44:58.770,421.9704593950006,1005
2024-09-19 13:44:58.800,421.9696397915864,14
2024-09-19 13:44:58.817,421.9743533123439,101
2024-09-19 13:44:58.872,421.97397053988175,15
2024-09-19 13:44:58.876,421.9324820299458,999
2024-09-19 13:44:58.884,421.9265491210592,5
2024-09-19 13:44:58.937,421.9383379187736,5
2024-09-19 13:44:58.962,421.97127449071786,98
2024-09-19 13:44:59.084,421.941400720348,14
2024-09-19 13:44:59.097,421.9153514653333,98
2024-09-19 13:44:59.122,421.9514054882435,101
2024-09-19 13:44:59.125,421.9279998019524,98
2024-09-19 13:44:59.128,-421.9489173044755,100
2024-09-19 13:44:59.150,421.9370218510436,15
2024-09-19 13:44:59.179,421.9363759838349,103
2024-09-19 13:44:59.182,421.9514575937167,1005
2024-09-19 13:44:59.183,421.9107155066785,104
2024-09-19 13:44:59.214,421.944450755885,14
2024-09-19 13:44:59.245,421.9340132072361,5
2024-09-19 13:44:59.277,421.9497708468202,104
2024-09-19 13:44:59.289,421.92446655763183,8
2024-09-19 13:44:59.314,421.93501996402415,104
2024-09-19 13:44:59.338,421.9706749241296,12
2024-09-19 13:44:59.356,421.956431083449,6
2024-09-19 13:44:59.375,421.933970559002,15
2024-09-19 13:44:59.415,421.9344403834909,100
2024-09-19 13:44:59.447,421.9405870033957,5
2024-09-19 13:44:59.539,421.9177554687683,101
2024-09-19 13:44:59.639,421.9397497543448,99
2024-09-19 13:44:59.685,421.9152754103191,6
2024-09-19 13:44:59.721,421.9416265679906,7
2024-09-19 13:44:59.723,421.95292797261015,104
2024-09-19 13:44:59.752,421.9371830307352,7
2024-09-19 13:44:59.817,421.9444085994688,101
2024-09-19 13:44:59.890,421.93283426468463,7
2024-09-19 13:44:59.906,421.9581694500153,8
2024-09-19 13:44:59.961,421.9228395014143,8
