Timestamp,Price,Size
2024-09-20 11:54:00.020,426.9356405385311,1004
2024-09-20 11:54:00.108,426.9699109040258,99
2024-09-20 11:54:00.125,426.9706153120056,14
2024-09-20 11:54:00.145,426.89727738612896,1005
2024-09-20 11:54:00.215,426.9925684232421,999
2024-09-20 11:54:00.222,426.9800002514658,1004
2024-09-20 11:54:00.239,426.9195007179872,1003
2024-09-20 11:54:00.376,426.9754893258343,105
2024-09-20 11:54:00.681,426.906539678874,101
2024-09-20 11:54:00.740,426.97568335216965,95
2024-09-20 11:54:00.743,427.0000212861887,1003
2024-09-20 11:54:00.869,426.9864378523402,7
2024-09-20 11:54:00.880,426.9418353583258,15
2024-09-20 11:54:01.001,426.935694403788,8
2024-09-20 11:54:01.038,426.88749017748216,1001
2024-09-20 11:54:01.102,426.9310275448715,14
2024-09-20 11:54:01.111,426.9023571488504,999
2024-09-20 11:54:01.130,426.922504479897,96
2024-09-20 11:54:01.145,426.9315173967307,14
2024-09-20 11:54:01.186,,1005
2024-09-20 11:54:01.320,426.8915893480803,995
2024-09-20 11:54:01.323,426.9019098665301,105
2024-09-20 11:54:01.364,426.9239325025624,103
2024-09-20 11:54:01.377,426.9335965477676,100
2024-09-20 11:54:01.393,426.91656127855975,7
2024-09-20 11:54:01.404,426.9345592690316,101
2024-09-20 11:54:01.605,426.9181462604354,1001
2024-09-20 11:54:01.628,426.8987038085616,1001
2024-09-20 11:54:01.651,426.9206336834386,6
2024-09-20 11:54:01.664,426.89505870360665,999
2024-09-20 11:54:01.670,426.9320331798393,6
2024-09-20 11:54:01.713,426.9259112505322,105
2024-09-20 11:54:01.723,426.88593942137214,997
2024-09-20 11:54:01.795,,7
2024-09-20 11:54:01.866,426.9003636434858,12
2024-09-20 11:54:01.875,426.9492730272967,98
2024-09-20 11:54:01.876,426.9290692927908,99
2024-09-20 11:54:01.936,426.91805079035424,998
2024-09-20 11:54:01.940,426.93040179267103,10
2024-09-20 11:54:01.956,426.9374797572397,100
2024-09-20 11:54:01.989,426.92422887268873,1004
2024-09-20 11:54:01.999,426.897629852334,9
2024-09-20 11:54:02.009,426.94016796203096,1003
2024-09-20 11:54:02.065,426.93289592442864,13
2024-09-20 11:54:02.087,426.9421787256056,10
2024-09-20 11:54:02.154,426.9327606814304,1002
2024-09-20 11:54:02.312,426.8970058272978,103
2024-09-20 11:54:02.333,426.93690123092347,105
2024-09-20 11:54:02.353,426.9597024036525,8
2024-09-20 11:54:02.399,426.9135877711185,1000
2024-09-20 11:54:02.421,426.9244116844413,101
2024-09-20 11:54:02.497,426.9304722330825,102
2024-09-20 11:54:02.504,426.94934156787446,105
2024-09-20 11:54:02.518,426.93528131284086,10
2024-09-20 11:54:02.523,426.91673806311,5
2024-09-20 11:54:02.574,426.95337055006365,100
2024-09-20 11:54:02.638,426.942641573293,100
2024-09-20 11:54:02.646,426.9182599415298,101
2024-09-20 11:54:02.785,426.9163386502152,14
2024-09-20 11:54:02.852,426.9511347471353,98
2024-09-20 11:54:02.855,426.9334773966407,1005
2024-09-20 11:54:02.958,426.9578362075514,997
2024-09-20 11:54:02.974,426.9267077092889,1004
2024-09-20 11:54:02.978,426.94853958409686,998
2024-09-20 11:54:03.058,426.9034505372229,105
2024-09-20 11:54:03.157,426.9364849132337,1004
2024-09-20 11:54:03.309,426.9268981672439,9
2024-09-20 11:54:03.502,426.9157700830124,96
2024-09-20 11:54:03.634,426.915190387776,6
2024-09-20 11:54:03.931,426.9265039215496,6
2024-09-20 11:54:04.005,426.84412827832136,15
2024-09-20 11:54:04.009,426.8950861499443,996
2024-09-20 11:54:04.040,426.8844454438074,104
2024-09-20 11:54:04.146,426.8759929666343,7
2024-09-20 11:54:04.173,426.86308206480936,13
2024-09-20 11:54:04.176,426.89979432594544,101
2024-09-20 11:54:04.180,426.9047275719736,98
2024-09-20 11:54:04.318,426.83927392040135,96
2024-09-20 11:54:04.416,426.8625760285167,102
2024-09-20 11:54:04.486,426.885312500561,105
2024-09-20 11:54:04.530,426.8346829558272,104
2024-09-20 11:54:04.556,,103
2024-09-20 11:54:04.610,426.8938651880879,103
2024-09-20 11:54:04.681,426.9001975500103,100
2024-09-20 11:54:04.744,426.8916533958128,1002
2024-09-20 11:54:04.796,426.8784907156051,10
2024-09-20 11:54:04.828,426.87966715038937,14
2024-09-20 11:54:04.896,426.8709250139174,98
2024-09-20 11:54:05.006,426.845861987892,998
2024-09-20 11:54:05.006,426.8963343052666,7
2024-09-20 11:54:05.071,426.8681223766365,1005
2024-09-20 11:54:05.099,426.91301091506574,102
2024-09-20 11:54:05.116,426.812034265359,102
2024-09-20 11:54:05.140,426.87407080084125,996
2024-09-20 11:54:05.237,426.82828209172993,7
2024-09-20 11:54:05.538,426.82308634803945,997
2024-09-20 11:54:05.558,426.887553238243,11
2024-09-20 11:54:05.572,426.8633266916042,995
2024-09-20 11:54:05.580,426.86620986717605,105
2024-09-20 11:54:05.627,426.8387686804378,105
2024-09-20 11:54:05.672,426.9087071391737,96
2024-09-20 11:54:05.680,426.8987168549125,7
2024-09-20 11:54:05.698,426.8576795618509,1000
2024-09-20 11:54:05.754,426.840848919197,1004
2024-09-20 11:54:05.977,426.80299688814256,100
2024-09-20 11:54:05.980,426.8191043858813,8
2024-09-20 11:54:06.059,426.83773226302094,100
2024-09-20 11:54:06.111,426.8487786811229,7
2024-09-20 11:54:06.165,426.8507494302913,999
2024-09-20 11:54:06.210,426.8340663787529,96
2024-09-20 11:54:06.215,426.8290004965213,1004
2024-09-20 11:54:06.279,426.811658402546,1004
2024-09-20 11:54:06.294,426.8483519120813,98
2024-09-20 11:54:06.319,-426.8653567531514,1003
2024-09-20 11:54:06.388,426.8248313016144,1004
2024-09-20 11:54:06.412,426.8431300869709,9
2024-09-20 11:54:06.418,426.826762656969,1003
2024-09-20 11:54:06.480,426.8050880378175,9
2024-09-20 11:54:06.510,,11
2024-09-20 11:54:06.519,42.68279350239607,12
2024-09-20 11:54:06.527,426.845586565052,12
2024-09-20 11:54:06.550,426.8557011482993,95
2024-09-20 11:54:06.586,426.8524679803123,105
2024-09-20 11:54:06.701,426.845045011276,998
2024-09-20 11:54:06.723,426.8482141015269,1002
2024-09-20 11:54:06.732,42.68427221086061,15
2024-09-20 11:54:06.743,426.8091861467387,5
2024-09-20 11:54:06.809,426.8342318180936,995
2024-09-20 11:54:06.954,426.8226829983572,105
2024-09-20 11:54:06.995,42.68543316471837,9
2024-09-20 11:54:07.025,426.77369017956346,997
2024-09-20 11:54:07.039,426.8734645460251,98
2024-09-20 11:54:07.045,426.7938047450235,999
2024-09-20 11:54:07.060,426.8770355309382,1005
2024-09-20 11:54:07.074,426.808648872612,105
2024-09-20 11:54:07.098,426.7498777202328,97
2024-09-20 11:54:07.129,426.7879020116092,10
2024-09-20 11:54:07.191,426.7438634293518,98
2024-09-20 11:54:07.226,426.8000155463809,99
2024-09-20 11:54:07.256,426.83880694598207,1005
2024-09-20 11:54:07.311,426.84043263949366,996
2024-09-20 11:54:07.391,426.7466015773575,98
2024-09-20 11:54:07.430,426.8530781989108,995
2024-09-20 11:54:07.480,426.8054418568752,10
2024-09-20 11:54:07.581,426.83170299992486,7
2024-09-20 11:54:07.719,426.7960854396716,6
2024-09-20 11:54:07.790,426.8286331556935,1000
2024-09-20 11:54:07.881,426.8373651164783,998
2024-09-20 11:54:07.883,426.8416736208165,98
2024-09-20 11:54:07.906,426.8012811957568,1005
2024-09-20 11:54:07.920,426.714137923319,103
2024-09-20 11:54:07.933,42.68810576982812,96
2024-09-20 11:54:08.097,426.7088588333291,998
2024-09-20 11:54:08.129,-426.7450630221853,6
2024-09-20 11:54:08.189,426.7711507585325,1002
2024-09-20 11:54:08.211,426.7574028042207,1001
2024-09-20 11:54:08.232,426.7203939271695,8
2024-09-20 11:54:08.549,426.7357506908514,102
2024-09-20 11:54:08.553,426.7605041859285,1002
2024-09-20 11:54:08.647,426.7271182162834,6
2024-09-20 11:54:08.652,426.740273437158,999
2024-09-20 11:54:08.743,426.722613469434,995
2024-09-20 11:54:08.774,-426.7175584019318,9
2024-09-20 11:54:08.784,426.6988276985298,14
2024-09-20 11:54:08.804,426.7077845999351,995
2024-09-20 11:54:08.895,426.7295539994892,101
2024-09-20 11:54:08.897,426.7338365822872,6
2024-09-20 11:54:08.948,426.7168352448961,96
2024-09-20 11:54:08.968,426.7280166197111,105
2024-09-20 11:54:08.978,426.722834834415,1000
2024-09-20 11:54:09.907,426.71288980380257,997
2024-09-20 11:54:09.917,426.7063888406033,99
2024-09-20 11:54:10.109,426.6977984338772,1003
2024-09-20 11:54:10.125,426.71515465848,996
2024-09-20 11:54:10.130,-426.7188515568728,14
2024-09-20 11:54:10.201,426.6936490111271,996
2024-09-20 11:54:10.214,426.7238220641099,105
2024-09-20 11:54:10.437,426.7292500588079,102
2024-09-20 11:54:10.613,,100
2024-09-20 11:54:10.837,426.7180036997372,15
2024-09-20 11:54:10.872,426.7234668011301,7
2024-09-20 11:54:10.930,-426.6999977960221,100
2024-09-20 11:54:10.935,426.70269715544566,98
2024-09-20 11:54:10.982,426.7158173502863,1000
2024-09-20 11:54:11.160,426.6941344030213,1005
2024-09-20 11:54:11.210,426.7203001142183,103
2024-09-20 11:54:11.279,426.7094016351576,10
2024-09-20 11:54:11.330,426.6900751109809,95
2024-09-20 11:54:11.336,426.7101895605192,6
2024-09-20 11:54:11.379,426.7008641017504,7
2024-09-20 11:54:11.401,426.7077465671915,95
2024-09-20 11:54:11.443,426.7040130757185,104
2024-09-20 11:54:11.458,426.69268355996144,12
2024-09-20 11:54:11.463,426.722533929258,1001
2024-09-20 11:54:11.711,426.70857754412987,13
2024-09-20 11:54:11.740,426.7144181832791,15
2024-09-20 11:54:11.772,426.7113773982493,12
2024-09-20 11:54:11.896,-426.6981859673771,1002
2024-09-20 11:54:11.903,426.68379790596015,15
2024-09-20 11:54:11.933,426.66510317472,1004
2024-09-20 11:54:11.992,426.7008074731801,7
2024-09-20 11:54:12.016,42.6654185117248,96
2024-09-20 11:54:12.018,426.6416787707886,997
2024-09-20 11:54:12.040,426.6706479692148,8
2024-09-20 11:54:12.050,426.67683451983055,999
2024-09-20 11:54:12.092,426.639389996788,1004
2024-09-20 11:54:12.103,426.6585063224939,13
2024-09-20 11:54:12.122,426.6355563292236,10
2024-09-20 11:54:12.162,426.6723336734517,13
2024-09-20 11:54:12.173,426.6302026818886,12
2024-09-20 11:54:12.182,426.62352255466976,999
2024-09-20 11:54:12.238,426.6537667077247,101
2024-09-20 11:54:12.291,426.6441696456792,96
2024-09-20 11:54:12.291,,100
2024-09-20 11:54:12.416,426.6907396807024,998
2024-09-20 11:54:12.416,426.5877514598552,7
2024-09-20 11:54:12.441,426.6156189381163,99
2024-09-20 11:54:12.479,426.6613949216476,12
2024-09-20 11:54:12.508,426.6541321893003,5
2024-09-20 11:54:12.693,426.69433335888607,13
2024-09-20 11:54:12.735,426.6017122435514,6
2024-09-20 11:54:12.751,426.6254413993791,1001
2024-09-20 11:54:12.809,426.6827330333558,100
2024-09-20 11:54:12.833,426.6649977149662,14
2024-09-20 11:54:12.870,426.59728716723606,5
2024-09-20 11:54:13.039,426.6382146035336,1000
2024-09-20 11:54:13.067,426.5916394775195,1004
2024-09-20 11:54:13.104,426.6311703458367,14
2024-09-20 11:54:13.230,426.62958184283394,15
2024-09-20 11:54:13.233,426.61214689132953,1004
2024-09-20 11:54:13.243,426.6344943984539,999
2024-09-20 11:54:13.325,426.6147393530886,12
2024-09-20 11:54:13.379,426.62836420845406,997
2024-09-20 11:54:13.553,426.6331097038248,1003
2024-09-20 11:54:13.605,426.5870934187932,14
2024-09-20 11:54:13.666,426.6255778614151,10
2024-09-20 11:54:13.725,426.6004508815531,10
2024-09-20 11:54:13.923,426.6156278548265,99
2024-09-20 11:54:14.249,426.6538702098804,1004
2024-09-20 11:54:14.251,426.66418075436434,1001
2024-09-20 11:54:14.468,426.658603987427,1001
2024-09-20 11:54:14.487,426.6794591757906,995
2024-09-20 11:54:14.594,426.6692774915902,99
2024-09-20 11:54:14.621,426.64259273010737,14
2024-09-20 11:54:14.890,426.66426596807486,11
2024-09-20 11:54:15.040,426.7004888809628,996
2024-09-20 11:54:15.119,426.7239945241077,105
2024-09-20 11:54:15.155,426.6540445189472,102
2024-09-20 11:54:15.161,426.666794237701,1004
2024-09-20 11:54:15.177,426.66501317774487,996
2024-09-20 11:54:15.224,426.7008027176632,9
2024-09-20 11:54:15.227,426.6710754580741,7
2024-09-20 11:54:15.240,426.7036808377137,103
2024-09-20 11:54:15.263,426.71270398712016,11
2024-09-20 11:54:15.294,426.7139240764253,996
2024-09-20 11:54:15.320,426.7364536178352,995
2024-09-20 11:54:15.329,426.72496572464325,95
2024-09-20 11:54:15.341,426.7277938242488,8
2024-09-20 11:54:15.404,426.72088053066864,995
2024-09-20 11:54:15.553,426.6772804317203,102
2024-09-20 11:54:15.650,426.724130352148,1004
2024-09-20 11:54:15.703,426.65228964144194,103
2024-09-20 11:54:15.727,426.68870305552656,997
2024-09-20 11:54:15.735,426.6951716873229,101
2024-09-20 11:54:15.779,426.7278656002826,1004
2024-09-20 11:54:15.819,426.668217975921,103
2024-09-20 11:54:15.858,426.714790580229,997
2024-09-20 11:54:15.875,426.6593614818333,105
2024-09-20 11:54:15.922,426.7346691887728,7
2024-09-20 11:54:15.941,426.7529812607364,10
2024-09-20 11:54:15.979,426.6763487818818,999
2024-09-20 11:54:15.986,426.67397160853454,13
2024-09-20 11:54:16.016,426.60099837288095,96
2024-09-20 11:54:16.062,426.65561500429067,12
2024-09-20 11:54:16.166,426.67313466852056,101
2024-09-20 11:54:16.167,426.6180193942069,996
2024-09-20 11:54:16.177,426.6743255258716,104
2024-09-20 11:54:16.181,426.6316297593014,98
2024-09-20 11:54:16.322,426.6247517348252,11
2024-09-20 11:54:16.336,426.6274266357819,95
2024-09-20 11:54:16.492,426.6634602448543,99
2024-09-20 11:54:16.501,426.6106030726134,13
2024-09-20 11:54:16.638,426.6756860633563,97
2024-09-20 11:54:16.670,426.67380152728026,97
2024-09-20 11:54:16.685,-426.653977463414,105
2024-09-20 11:54:16.686,426.6156350491707,1002
2024-09-20 11:54:16.705,426.6145506966858,1004
2024-09-20 11:54:16.705,426.5878394087751,13
2024-09-20 11:54:16.727,426.61019338018167,5
2024-09-20 11:54:16.748,426.5908761432213,1004
2024-09-20 11:54:16.836,426.6189529773068,6
2024-09-20 11:54:16.846,426.5883465983227,6
2024-09-20 11:54:16.932,426.5966990671788,996
2024-09-20 11:54:16.965,426.6561894160338,997
2024-09-20 11:54:17.048,426.5992836079767,101
2024-09-20 11:54:17.434,426.5935347522064,5
2024-09-20 11:54:17.532,426.59905909049127,101
2024-09-20 11:54:17.585,426.6156739512873,105
2024-09-20 11:54:17.695,426.61023351141296,14
2024-09-20 11:54:17.755,426.6214733758848,10
2024-09-20 11:54:17.823,426.6035507657626,98
2024-09-20 11:54:18.047,426.5611051314809,98
2024-09-20 11:54:18.050,426.5363586342774,102
2024-09-20 11:54:18.061,426.5191167754732,999
2024-09-20 11:54:18.163,426.59867443732185,105
2024-09-20 11:54:18.188,426.477794497028,11
2024-09-20 11:54:18.239,426.4985913696898,101
2024-09-20 11:54:18.265,426.50403676657226,101
2024-09-20 11:54:18.370,426.4863445019501,15
2024-09-20 11:54:18.461,426.58066076170354,998
2024-09-20 11:54:18.619,426.5695854157694,103
2024-09-20 11:54:18.787,426.5802704982141,9
2024-09-20 11:54:18.836,426.54947830456,100
2024-09-20 11:54:18.878,-426.56614483543206,1003
2024-09-20 11:54:18.947,426.5264454098712,99
2024-09-20 11:54:18.984,426.4934795610165,95
2024-09-20 11:54:18.992,426.5620011861867,95
2024-09-20 11:54:19.000,426.5306739016308,100
2024-09-20 11:54:19.013,426.54571452944407,102
2024-09-20 11:54:19.062,426.4925059367745,97
2024-09-20 11:54:19.067,426.5328549914335,999
2024-09-20 11:54:19.087,426.53320208022814,9
2024-09-20 11:54:19.203,426.4768994954536,15
2024-09-20 11:54:19.295,426.5283988899548,14
2024-09-20 11:54:19.370,426.4988034761186,1003
2024-09-20 11:54:19.471,426.5543523129559,96
2024-09-20 11:54:19.483,426.50029172033766,995
2024-09-20 11:54:19.509,426.509450472402,5
2024-09-20 11:54:19.531,426.48665682041695,95
2024-09-20 11:54:19.543,426.5262948629037,99
2024-09-20 11:54:19.568,426.5027794997216,998
2024-09-20 11:54:19.588,426.5488380152456,105
2024-09-20 11:54:19.625,426.491315428184,13
2024-09-20 11:54:19.635,426.4894464658667,5
2024-09-20 11:54:19.707,426.5018150328361,8
2024-09-20 11:54:19.725,426.5064124878299,1000
2024-09-20 11:54:19.754,426.5293356775585,102
2024-09-20 11:54:19.825,,14
2024-09-20 11:54:19.841,426.48774043262864,10
2024-09-20 11:54:19.887,426.5120707198807,95
2024-09-20 11:54:19.943,426.5350198705445,1003
2024-09-20 11:54:20.041,426.53611388689626,11
2024-09-20 11:54:20.087,426.50419724571145,1001
2024-09-20 11:54:20.090,426.53942756165816,998
2024-09-20 11:54:20.093,426.5265490937263,1005
2024-09-20 11:54:20.257,426.5185832243226,13
2024-09-20 11:54:20.277,426.5277033059164,11
2024-09-20 11:54:20.310,426.5271621789396,95
2024-09-20 11:54:20.436,426.5155804835807,7
2024-09-20 11:54:20.475,426.5488816277391,95
2024-09-20 11:54:20.530,426.5344580172754,998
2024-09-20 11:54:20.584,426.56545735176985,998
2024-09-20 11:54:20.587,426.527980948804,97
2024-09-20 11:54:20.654,426.5231059307193,6
2024-09-20 11:54:20.670,426.5307683760633,998
2024-09-20 11:54:20.794,426.5750683101385,998
2024-09-20 11:54:20.798,426.5750529944257,1003
2024-09-20 11:54:20.801,426.5701773904864,104
2024-09-20 11:54:20.862,426.5594483211864,996
2024-09-20 11:54:20.923,426.5426615674075,11
2024-09-20 11:54:20.955,426.49912224961713,1005
2024-09-20 11:54:21.061,426.57126181542975,996
2024-09-20 11:54:21.069,426.5525970329699,102
2024-09-20 11:54:21.107,426.554068848612,102
2024-09-20 11:54:21.179,426.5629411361269,97
2024-09-20 11:54:21.204,426.5627722566481,96
2024-09-20 11:54:21.206,426.5500435624718,14
2024-09-20 11:54:21.240,426.60247458946935,96
2024-09-20 11:54:21.264,426.5783858414351,102
2024-09-20 11:54:21.264,426.5997606554759,1002
2024-09-20 11:54:21.278,426.5697876363779,1004
2024-09-20 11:54:21.284,426.5643586602949,8
2024-09-20 11:54:21.286,426.5862352958277,999
2024-09-20 11:54:21.339,,15
2024-09-20 11:54:21.424,426.5885550406069,995
2024-09-20 11:54:21.433,426.57570361981993,104
2024-09-20 11:54:21.501,426.5712038826939,98
2024-09-20 11:54:21.590,426.5623231164736,1001
2024-09-20 11:54:21.640,426.5884404956959,998
2024-09-20 11:54:21.644,426.57189073143775,7
2024-09-20 11:54:21.651,426.53012701814384,98
2024-09-20 11:54:21.653,426.591465961674,98
2024-09-20 11:54:21.683,426.5627997816242,95
2024-09-20 11:54:21.746,426.57461249304953,6
2024-09-20 11:54:21.821,426.5934000383052,1004
2024-09-20 11:54:21.834,426.5352634528187,105
2024-09-20 11:54:21.921,426.5582015916826,104
2024-09-20 11:54:21.969,426.5778351109744,105
2024-09-20 11:54:21.976,426.58845829940606,1002
2024-09-20 11:54:22.154,42.65455618049924,104
2024-09-20 11:54:22.170,426.5975504974072,105
2024-09-20 11:54:22.464,426.5827640552539,1005
2024-09-20 11:54:22.539,426.5541817859909,98
2024-09-20 11:54:23.165,426.55520210212495,13
2024-09-20 11:54:23.198,426.5643743479084,1001
2024-09-20 11:54:23.320,426.5388634956298,96
2024-09-20 11:54:23.884,426.54958415962994,102
2024-09-20 11:54:24.140,426.54880978536113,995
2024-09-20 11:54:24.176,426.4667983586252,1003
2024-09-20 11:54:24.215,426.44183479152105,98
2024-09-20 11:54:24.233,426.5460316316754,999
2024-09-20 11:54:24.330,426.52189141175774,1001
2024-09-20 11:54:24.348,426.5353859232933,996
2024-09-20 11:54:24.368,426.45896799809526,104
2024-09-20 11:54:24.382,426.424011730231,100
2024-09-20 11:54:24.449,426.4759883682354,7
2024-09-20 11:54:24.482,426.45976323950646,101
2024-09-20 11:54:24.508,426.4711644340894,100
2024-09-20 11:54:24.553,426.54096341719776,10
2024-09-20 11:54:24.559,426.5184759867397,1001
2024-09-20 11:54:24.564,426.4652804666663,15
2024-09-20 11:54:24.576,426.51678415295873,1002
2024-09-20 11:54:24.588,426.5531370843491,10
2024-09-20 11:54:24.649,426.4577411228658,101
2024-09-20 11:54:24.702,426.4445788027496,98
2024-09-20 11:54:24.732,426.4835051924075,1005
2024-09-20 11:54:24.734,426.4801694611131,99
2024-09-20 11:54:24.771,426.47567576979776,7
2024-09-20 11:54:24.942,426.52316894703614,105
2024-09-20 11:54:24.968,426.5219271170681,1003
2024-09-20 11:54:24.973,426.54215991145423,999
2024-09-20 11:54:25.051,426.53209132958256,99
2024-09-20 11:54:25.061,426.504877120232,1004
2024-09-20 11:54:25.064,426.51648606311096,1001
2024-09-20 11:54:25.080,426.5324237199555,104
2024-09-20 11:54:25.088,426.5418751642797,997
2024-09-20 11:54:25.182,426.5636708457188,100
2024-09-20 11:54:25.436,426.5336849802277,100
2024-09-20 11:54:25.446,426.5579624734049,99
2024-09-20 11:54:25.483,426.5276952053457,95
2024-09-20 11:54:25.504,426.5395483403296,996
2024-09-20 11:54:25.509,426.4992322946348,8
2024-09-20 11:54:25.528,426.5282845325804,8
2024-09-20 11:54:25.565,426.5512549625061,1001
2024-09-20 11:54:25.597,426.51414320277286,1004
2024-09-20 11:54:25.607,426.5133249540916,96
2024-09-20 11:54:25.679,426.5183470932602,8
2024-09-20 11:54:25.829,426.4778245941971,104
2024-09-20 11:54:25.858,426.4808577929492,5
2024-09-20 11:54:25.888,426.55149163683626,999
2024-09-20 11:54:25.983,426.5045011985058,99
2024-09-20 11:54:26.380,426.5486703190037,1000
2024-09-20 11:54:27.019,426.5086537367764,14
2024-09-20 11:54:27.126,426.4720167383569,15
2024-09-20 11:54:27.221,426.5206448780639,1001
2024-09-20 11:54:27.371,426.5453674620555,13
2024-09-20 11:54:27.421,426.5685423537948,13
2024-09-20 11:54:27.431,426.47580353469584,8
2024-09-20 11:54:27.476,426.4988468260192,103
2024-09-20 11:54:27.513,426.4742565183885,8
2024-09-20 11:54:27.520,426.5092927924421,9
2024-09-20 11:54:27.572,426.5310774318074,995
2024-09-20 11:54:27.578,426.5427350367598,100
2024-09-20 11:54:27.657,426.54730601971016,1000
2024-09-20 11:54:27.674,426.5361397872297,8
2024-09-20 11:54:27.709,426.5443844446219,7
2024-09-20 11:54:27.713,,10
2024-09-20 11:54:27.737,426.5749979830954,1001
2024-09-20 11:54:27.802,426.5479771383869,13
2024-09-20 11:54:27.831,426.4891842610761,105
2024-09-20 11:54:27.855,426.5645463079864,998
2024-09-20 11:54:27.901,426.52822244759824,95
2024-09-20 11:54:27.989,426.5377005549189,6
2024-09-20 11:54:28.077,426.5668508958798,101
2024-09-20 11:54:28.115,426.5775826220545,12
2024-09-20 11:54:28.209,426.5481717146426,7
2024-09-20 11:54:28.252,426.5510679927956,995
2024-09-20 11:54:28.301,426.5572798789937,1003
2024-09-20 11:54:28.350,426.57068067873297,102
2024-09-20 11:54:28.351,426.5672788411283,12
2024-09-20 11:54:28.388,426.59308425618167,97
2024-09-20 11:54:28.435,426.5588077182233,995
2024-09-20 11:54:28.530,426.5861881719655,10
2024-09-20 11:54:28.572,426.5481307226475,999
2024-09-20 11:54:28.606,426.59029267060913,100
2024-09-20 11:54:28.611,426.5702530813748,5
2024-09-20 11:54:28.632,426.5374009938682,999
2024-09-20 11:54:28.699,426.58324069678986,1000
2024-09-20 11:54:28.706,426.5767016753404,999
2024-09-20 11:54:28.798,426.5926368037059,15
2024-09-20 11:54:28.894,426.5638433002826,99
2024-09-20 11:54:28.949,426.5774541578104,999
2024-09-20 11:54:28.972,426.5712206165608,1005
2024-09-20 11:54:28.974,426.593271807567,996
2024-09-20 11:54:28.977,426.6018799308831,11
2024-09-20 11:54:29.014,426.5894693631224,98
2024-09-20 11:54:29.072,426.5956662781956,102
2024-09-20 11:54:29.159,426.5825991896422,105
2024-09-20 11:54:29.245,426.56898308819433,12
2024-09-20 11:54:29.450,426.5718222062514,1004
2024-09-20 11:54:29.540,426.5649002412629,105
2024-09-20 11:54:29.686,426.5788599073081,995
2024-09-20 11:54:29.829,426.56500431577854,96
2024-09-20 11:54:29.864,426.57399968636287,98
2024-09-20 11:54:29.908,426.5853925811446,1000
2024-09-20 11:54:30.000,426.649033666396,102
2024-09-20 11:54:30.032,426.5935164097111,105
2024-09-20 11:54:30.072,426.5831146502728,15
2024-09-20 11:54:30.103,426.5970907842892,995
2024-09-20 11:54:30.115,426.6492160134456,10
2024-09-20 11:54:30.183,426.6425652899634,15
2024-09-20 11:54:30.217,426.64407995901206,102
2024-09-20 11:54:30.284,426.5763123287391,1000
2024-09-20 11:54:30.305,426.5858874581247,1005
2024-09-20 11:54:30.358,426.6324872195724,102
2024-09-20 11:54:30.445,426.6349834739342,999
2024-09-20 11:54:30.798,426.5962630484266,8
2024-09-20 11:54:30.869,426.5833231446574,1000
2024-09-20 11:54:30.893,426.61453136367527,100
2024-09-20 11:54:31.034,426.714194884453,996
2024-09-20 11:54:31.042,426.6917917905927,12
2024-09-20 11:54:31.048,426.6577133150557,14
2024-09-20 11:54:31.179,426.6422744796688,12
2024-09-20 11:54:31.239,426.6937681309934,102
2024-09-20 11:54:31.255,426.6512898116403,1001
2024-09-20 11:54:31.285,426.693160189846,6
2024-09-20 11:54:31.348,426.6929941325126,96
2024-09-20 11:54:31.352,426.692205589481,995
2024-09-20 11:54:31.401,426.6818754954924,96
2024-09-20 11:54:31.459,426.6721707435225,998
2024-09-20 11:54:31.469,426.6949882625384,10
2024-09-20 11:54:31.572,426.679563743072,101
2024-09-20 11:54:31.635,426.65868336169257,997
2024-09-20 11:54:31.726,426.66705695036,9
2024-09-20 11:54:31.741,426.690179353142,8
2024-09-20 11:54:31.758,426.6444143653524,103
2024-09-20 11:54:31.781,426.6538870076648,98
2024-09-20 11:54:31.784,426.69494047199686,13
2024-09-20 11:54:31.833,426.69558200710935,98
2024-09-20 11:54:31.886,426.6683567428433,1000
2024-09-20 11:54:31.974,426.68938552573337,1000
2024-09-20 11:54:32.162,426.6680184949608,97
2024-09-20 11:54:32.236,,995
2024-09-20 11:54:32.275,426.6960011527344,96
2024-09-20 11:54:32.410,426.6794691322366,1002
2024-09-20 11:54:32.415,426.69224664327584,999
2024-09-20 11:54:32.891,426.6794181090024,13
2024-09-20 11:54:33.071,426.6533226073497,999
2024-09-20 11:54:33.183,426.6641036221509,1003
2024-09-20 11:54:33.188,426.670950360416,15
2024-09-20 11:54:33.236,426.7227524812978,998
2024-09-20 11:54:33.415,426.69184421887815,7
2024-09-20 11:54:33.464,-426.7098988516889,99
2024-09-20 11:54:33.547,426.694134376361,1005
2024-09-20 11:54:33.567,426.6821958368042,9
2024-09-20 11:54:33.707,426.7104424866143,6
2024-09-20 11:54:33.839,426.65072261803175,1000
2024-09-20 11:54:34.007,426.7302602420819,9
2024-09-20 11:54:34.015,426.7364338612733,997
2024-09-20 11:54:34.037,426.7364993834246,996
2024-09-20 11:54:34.055,426.7528266474303,98
2024-09-20 11:54:34.064,426.7320000714994,96
2024-09-20 11:54:34.072,426.7291295639675,13
2024-09-20 11:54:34.162,426.71999686056944,7
2024-09-20 11:54:34.201,-426.768855575884,1004
2024-09-20 11:54:34.204,426.74352956221605,1000
2024-09-20 11:54:34.329,426.7460796223626,1003
2024-09-20 11:54:34.357,426.7229893745297,98
2024-09-20 11:54:34.417,426.7344718434555,98
2024-09-20 11:54:34.425,426.7450595247448,7
2024-09-20 11:54:34.451,426.7527991014165,95
2024-09-20 11:54:34.469,426.7803055769565,14
2024-09-20 11:54:34.510,426.7278546654404,10
2024-09-20 11:54:34.559,426.74159132252254,102
2024-09-20 11:54:34.561,426.7425643219194,996
2024-09-20 11:54:34.577,426.7626864156272,105
2024-09-20 11:54:34.590,426.7256192953612,96
2024-09-20 11:54:34.627,426.748493053589,99
2024-09-20 11:54:34.674,426.7387956166108,96
2024-09-20 11:54:34.704,426.72068133092097,100
2024-09-20 11:54:34.711,426.7606245399586,1001
2024-09-20 11:54:34.819,42.676670581826485,1001
2024-09-20 11:54:34.855,426.7421815483899,995
2024-09-20 11:54:34.953,426.7270644798416,101
2024-09-20 11:54:34.973,426.72584749979706,96
2024-09-20 11:54:34.998,426.7416709225783,6
2024-09-20 11:54:35.602,426.78463241036815,97
2024-09-20 11:54:36.076,426.8216368203852,105
2024-09-20 11:54:36.166,426.8232675008616,100
2024-09-20 11:54:36.263,426.8136886060401,1001
2024-09-20 11:54:36.407,426.8236274201573,1001
2024-09-20 11:54:36.951,426.8123118098193,7
2024-09-20 11:54:37.085,426.8831905873967,11
2024-09-20 11:54:37.106,426.9040275458659,98
2024-09-20 11:54:37.194,426.893038308302,104
2024-09-20 11:54:37.333,426.8931970682194,104
2024-09-20 11:54:37.384,426.8307577514025,8
2024-09-20 11:54:37.807,426.8266058972522,101
2024-09-20 11:54:37.832,426.86511512530535,995
2024-09-20 11:54:37.950,426.8963573995501,12
2024-09-20 11:54:38.030,426.8766591796847,13
2024-09-20 11:54:38.052,426.8733138611651,99
2024-09-20 11:54:38.107,426.8928257919488,1004
2024-09-20 11:54:38.231,426.86026677374673,997
2024-09-20 11:54:38.242,426.8620032525277,996
2024-09-20 11:54:38.267,426.8859170248341,999
2024-09-20 11:54:38.337,426.8982540477528,1003
2024-09-20 11:54:38.464,426.8623929649184,13
2024-09-20 11:54:38.636,426.8966216519288,11
2024-09-20 11:54:38.779,426.8920515086919,96
2024-09-20 11:54:38.880,426.89613820557526,997
2024-09-20 11:54:38.895,426.8659509339215,996
2024-09-20 11:54:38.924,426.8707966324143,1004
2024-09-20 11:54:38.924,426.86584300974346,9
2024-09-20 11:54:38.931,426.8844870329117,102
2024-09-20 11:54:38.980,426.8715872078126,9
2024-09-20 11:54:39.015,426.9167458596474,1002
2024-09-20 11:54:39.038,426.9181402744188,999
2024-09-20 11:54:39.045,426.91829255871056,1002
2024-09-20 11:54:39.091,426.895191485249,5
2024-09-20 11:54:39.092,426.8983860699314,95
2024-09-20 11:54:39.145,426.9070054702034,12
2024-09-20 11:54:39.208,426.9068891679436,103
2024-09-20 11:54:39.230,426.898503028553,103
2024-09-20 11:54:39.277,-426.89352254410295,100
2024-09-20 11:54:39.330,426.89689330405946,8
2024-09-20 11:54:39.438,426.909399690688,102
2024-09-20 11:54:39.551,426.9147219803957,1000
2024-09-20 11:54:39.604,426.9039702114065,7
2024-09-20 11:54:39.608,426.9126014143957,995
2024-09-20 11:54:39.715,426.91773322858097,5
2024-09-20 11:54:39.861,426.8871609702631,1002
2024-09-20 11:54:39.861,426.8808995838874,7
2024-09-20 11:54:39.878,426.9058501853748,6
2024-09-20 11:54:40.165,426.87673187266654,11
2024-09-20 11:54:40.412,426.9060878885239,6
2024-09-20 11:54:40.613,426.8750469291104,101
2024-09-20 11:54:40.655,426.8754422897076,15
2024-09-20 11:54:40.708,426.891614802352,105
2024-09-20 11:54:40.716,426.8942736967604,95
2024-09-20 11:54:40.818,426.8660991666447,12
2024-09-20 11:54:40.825,426.8828038649524,1003
2024-09-20 11:54:40.829,426.8713370678185,11
2024-09-20 11:54:40.882,426.880208264114,9
2024-09-20 11:54:40.955,426.8992050260741,996
2024-09-20 11:54:41.226,426.8979082888475,5
2024-09-20 11:54:41.692,426.9167229955023,995
2024-09-20 11:54:41.743,426.8699275176472,1000
2024-09-20 11:54:41.768,426.8718007811982,103
2024-09-20 11:54:42.036,42.68340426779784,8
2024-09-20 11:54:42.040,426.84729213632096,1002
2024-09-20 11:54:42.048,426.85985424041854,9
2024-09-20 11:54:42.057,426.8382996079554,12
2024-09-20 11:54:42.127,426.834051831212,96
2024-09-20 11:54:42.193,426.8456116656315,1005
2024-09-20 11:54:42.283,426.83765811225743,14
2024-09-20 11:54:42.310,426.8291041759954,998
2024-09-20 11:54:42.564,426.8565899885213,104
2024-09-20 11:54:42.607,426.8561009767984,102
2024-09-20 11:54:42.856,426.8239407600878,999
2024-09-20 11:54:42.881,426.8128805584017,11
2024-09-20 11:54:42.902,426.8380689279295,95
2024-09-20 11:54:42.971,426.8518495906585,1000
2024-09-20 11:54:42.983,426.82370132156245,1002
2024-09-20 11:54:43.018,426.8761606569626,1001
2024-09-20 11:54:43.027,426.9041630985654,1000
2024-09-20 11:54:43.048,426.8636618389313,99
2024-09-20 11:54:43.051,426.88362409786856,13
2024-09-20 11:54:43.094,426.9079757075536,15
2024-09-20 11:54:43.170,426.9131725703504,1004
2024-09-20 11:54:43.422,426.87424864568703,102
2024-09-20 11:54:43.437,426.8880604352146,998
2024-09-20 11:54:43.458,426.8911056988592,7
2024-09-20 11:54:43.479,426.8915507093078,15
2024-09-20 11:54:43.488,426.9187683455209,104
2024-09-20 11:54:43.532,426.9318740247168,15
2024-09-20 11:54:43.584,426.9009416996848,1003
2024-09-20 11:54:43.645,426.9267884192066,15
2024-09-20 11:54:43.696,426.8952414476368,7
2024-09-20 11:54:43.713,426.88969176776135,7
2024-09-20 11:54:43.739,426.86535083195696,100
2024-09-20 11:54:43.746,426.86712508679966,997
2024-09-20 11:54:43.873,426.87011652249487,101
2024-09-20 11:54:43.882,426.9347816902779,7
2024-09-20 11:54:43.885,426.8771119836249,98
2024-09-20 11:54:43.972,426.83748250760726,995
2024-09-20 11:54:44.224,426.89367397210833,95
2024-09-20 11:54:45.002,426.9303140345597,1004
2024-09-20 11:54:45.025,-426.9789945901945,15
2024-09-20 11:54:45.071,426.9251663753906,103
2024-09-20 11:54:45.118,426.937210430372,998
2024-09-20 11:54:45.137,426.87547916291294,995
2024-09-20 11:54:45.152,426.9238129008924,999
2024-09-20 11:54:45.182,426.93250534993285,105
2024-09-20 11:54:45.187,426.9437379431407,14
2024-09-20 11:54:45.211,426.982901844825,6
2024-09-20 11:54:45.280,426.9581117522274,7
2024-09-20 11:54:45.410,426.93474177755735,8
2024-09-20 11:54:45.469,426.88208131936847,99
2024-09-20 11:54:45.487,426.9443593490285,102
2024-09-20 11:54:45.490,426.88321099978526,13
2024-09-20 11:54:45.551,426.9624020085093,6
2024-09-20 11:54:45.583,426.874485906457,100
2024-09-20 11:54:45.611,426.8670821335407,101
2024-09-20 11:54:45.678,426.9376763564952,96
2024-09-20 11:54:45.720,426.8867502254513,9
2024-09-20 11:54:45.720,426.983418497871,1000
2024-09-20 11:54:45.795,426.9526574519067,999
2024-09-20 11:54:45.799,426.9299395371177,13
2024-09-20 11:54:45.897,426.9435278768915,997
2024-09-20 11:54:45.986,426.87038733791786,97
2024-09-20 11:54:45.988,426.9420835759705,96
2024-09-20 11:54:46.035,426.9838921505658,99
2024-09-20 11:54:46.096,427.02799190118753,998
2024-09-20 11:54:46.125,426.9651753632509,11
2024-09-20 11:54:46.174,42.69581041522759,8
2024-09-20 11:54:46.205,427.01214700916216,1002
2024-09-20 11:54:46.252,427.0005342389695,12
2024-09-20 11:54:46.270,426.96077747950574,15
2024-09-20 11:54:46.287,427.0106998180097,12
2024-09-20 11:54:46.318,426.9296856831093,1000
2024-09-20 11:54:46.334,426.9811441892585,103
2024-09-20 11:54:46.347,426.9846755270706,996
2024-09-20 11:54:46.467,426.9894399876519,997
2024-09-20 11:54:46.555,,97
2024-09-20 11:54:46.581,427.0080826497571,95
2024-09-20 11:54:46.597,426.9869081888259,11
2024-09-20 11:54:46.661,426.9929804290731,99
2024-09-20 11:54:46.698,427.0125327558226,105
2024-09-20 11:54:46.715,426.9520406363362,14
2024-09-20 11:54:46.889,426.9696673067097,999
2024-09-20 11:54:46.911,426.9696419367585,1005
2024-09-20 11:54:46.919,427.0008189463308,1001
2024-09-20 11:54:46.934,427.0496135593351,5
2024-09-20 11:54:46.965,426.9619806742352,995
2024-09-20 11:54:47.311,-427.0040072650648,1000
2024-09-20 11:54:47.502,426.9784301218489,8
2024-09-20 11:54:47.563,427.0241580897471,1002
2024-09-20 11:54:47.586,427.0040208939406,98
2024-09-20 11:54:47.618,427.0020067866952,1003
2024-09-20 11:54:47.714,427.049578263964,9
2024-09-20 11:54:47.818,427.0502605676556,1000
2024-09-20 11:54:47.819,426.96033446251937,101
2024-09-20 11:54:47.857,427.0273655561314,1005
2024-09-20 11:54:47.969,427.039389958808,99
2024-09-20 11:54:48.110,426.93973892395024,997
2024-09-20 11:54:48.254,426.9786652142221,997
2024-09-20 11:54:48.258,426.9328729677287,14
2024-09-20 11:54:48.261,426.94727584993456,1001
2024-09-20 11:54:48.521,426.95872605168097,996
2024-09-20 11:54:48.577,,15
2024-09-20 11:54:48.615,426.95836593058544,105
2024-09-20 11:54:48.646,426.92355248716615,1000
2024-09-20 11:54:48.688,426.9707157393872,104
2024-09-20 11:54:48.817,426.9578014570348,13
2024-09-20 11:54:48.858,426.9690147790596,101
2024-09-20 11:54:48.879,426.9629125069093,14
2024-09-20 11:54:48.891,426.95685922250107,98
2024-09-20 11:54:48.900,426.9461296123646,8
2024-09-20 11:54:49.004,426.9266592911127,999
2024-09-20 11:54:49.011,426.9476258540817,105
2024-09-20 11:54:49.057,426.917382793133,8
2024-09-20 11:54:49.067,426.9245778326619,101
2024-09-20 11:54:49.094,426.92897958892166,1005
2024-09-20 11:54:49.122,426.88126952908993,996
2024-09-20 11:54:49.150,426.9373144501944,996
2024-09-20 11:54:49.153,426.9215225519295,1003
2024-09-20 11:54:49.185,426.8724184275124,105
2024-09-20 11:54:49.189,426.881388658828,8
2024-09-20 11:54:49.252,426.8650084436775,995
2024-09-20 11:54:49.293,426.933245444414,10
2024-09-20 11:54:49.316,426.93168306947,1000
2024-09-20 11:54:49.321,426.87581465172,1003
2024-09-20 11:54:49.329,426.91260576171805,13
2024-09-20 11:54:49.341,426.89932586570205,13
2024-09-20 11:54:49.345,426.9138412041736,95
2024-09-20 11:54:49.348,426.9235860646168,7
2024-09-20 11:54:49.351,426.94169362214166,102
2024-09-20 11:54:49.364,426.9016414325616,98
2024-09-20 11:54:49.433,426.8970484949429,97
2024-09-20 11:54:49.480,42.69296926276796,100
2024-09-20 11:54:49.485,426.8795043861857,105
2024-09-20 11:54:49.532,426.8891670415841,1005
2024-09-20 11:54:49.549,426.90147311300825,5
2024-09-20 11:54:49.659,426.9120620921091,104
2024-09-20 11:54:49.962,426.9129504245725,103
2024-09-20 11:54:49.999,426.9203994024296,101
2024-09-20 11:54:50.224,,103
2024-09-20 11:54:50.316,426.87766969879175,9
2024-09-20 11:54:50.575,426.848618923836,995
2024-09-20 11:54:50.841,426.8774172703348,14
2024-09-20 11:54:50.853,426.8616102904152,997
2024-09-20 11:54:51.024,426.8414551685215,104
2024-09-20 11:54:51.060,426.85003269714815,13
2024-09-20 11:54:51.129,426.83390015956405,99
2024-09-20 11:54:51.227,426.9017734920175,6
2024-09-20 11:54:51.261,426.8531391904969,8
2024-09-20 11:54:51.284,426.93569056988514,6
2024-09-20 11:54:51.308,426.9334713541748,996
2024-09-20 11:54:51.335,426.9094278177933,1000
2024-09-20 11:54:51.346,426.88298506969903,98
2024-09-20 11:54:51.364,426.88580365647033,95
2024-09-20 11:54:51.401,426.84897316514247,97
2024-09-20 11:54:51.466,426.8942929654239,7
2024-09-20 11:54:51.486,426.8485004080791,14
2024-09-20 11:54:51.495,426.9256271693415,997
2024-09-20 11:54:51.578,426.8960178709748,99
2024-09-20 11:54:51.611,426.8710338832436,996
2024-09-20 11:54:51.661,426.8550074441805,99
2024-09-20 11:54:51.664,426.9094425370894,99
2024-09-20 11:54:51.681,426.8611361768349,999
2024-09-20 11:54:51.709,426.88266516944816,997
2024-09-20 11:54:51.777,42.6933593492134,105
2024-09-20 11:54:51.819,426.8498019073797,102
2024-09-20 11:54:51.905,426.9096428115423,1005
2024-09-20 11:54:51.915,426.9501359108787,11
2024-09-20 11:54:51.934,426.9011048078462,13
2024-09-20 11:54:51.938,426.862105205561,995
2024-09-20 11:54:51.938,426.9371715192694,1003
2024-09-20 11:54:52.018,426.8541697685345,998
2024-09-20 11:54:52.038,426.8742047991731,13
2024-09-20 11:54:52.104,426.84486429877165,7
2024-09-20 11:54:52.110,,11
2024-09-20 11:54:52.126,426.9047604887713,5
2024-09-20 11:54:52.159,426.8774166582629,1002
2024-09-20 11:54:52.185,426.8747843437266,1003
2024-09-20 11:54:52.234,426.90879499084167,1002
2024-09-20 11:54:52.286,426.8590343100457,1005
2024-09-20 11:54:52.472,426.8636489890492,14
2024-09-20 11:54:52.490,426.8958007180882,100
2024-09-20 11:54:52.509,426.85300478805925,102
2024-09-20 11:54:52.544,426.891929754143,999
2024-09-20 11:54:52.566,426.8972763482248,1005
2024-09-20 11:54:52.578,426.8901919173683,12
2024-09-20 11:54:52.580,426.8378547640965,1001
2024-09-20 11:54:52.630,426.86499684327225,15
2024-09-20 11:54:52.669,426.895960923763,6
2024-09-20 11:54:52.688,426.85765055935,105
2024-09-20 11:54:52.791,-426.8769732305189,5
2024-09-20 11:54:52.820,426.8532391293917,6
2024-09-20 11:54:52.917,426.8868672999502,104
2024-09-20 11:54:52.945,426.9088492245127,6
2024-09-20 11:54:52.950,426.87331488065615,102
2024-09-20 11:54:53.051,426.7981063938551,10
2024-09-20 11:54:53.197,426.7983327124746,100
2024-09-20 11:54:53.236,426.83665327648913,1001
2024-09-20 11:54:53.291,426.8377314442324,12
2024-09-20 11:54:53.313,426.80682655425545,7
2024-09-20 11:54:53.814,426.8292398573335,7
2024-09-20 11:54:53.817,426.8103028315879,8
2024-09-20 11:54:53.946,426.8109958594214,99
2024-09-20 11:54:54.009,426.77483206842527,101
2024-09-20 11:54:54.026,426.80891315091856,99
2024-09-20 11:54:54.230,426.7874884431086,101
2024-09-20 11:54:54.412,426.7927521417272,12
2024-09-20 11:54:54.445,42.67662419424087,105
2024-09-20 11:54:54.506,426.7770374743614,996
2024-09-20 11:54:54.645,426.76140716133966,12
2024-09-20 11:54:54.859,426.79295584972334,103
2024-09-20 11:54:55.013,426.8229027104152,104
2024-09-20 11:54:55.096,426.7686974592543,14
2024-09-20 11:54:55.206,426.854845048564,1002
2024-09-20 11:54:55.220,426.8146105122109,102
2024-09-20 11:54:55.267,426.7727441796116,14
2024-09-20 11:54:55.353,426.77258256518144,8
2024-09-20 11:54:55.359,426.7700177753184,1001
2024-09-20 11:54:55.391,426.8578508943343,998
2024-09-20 11:54:55.403,426.82150315226494,13
2024-09-20 11:54:55.410,426.77875028932567,10
2024-09-20 11:54:55.493,426.8618438484498,999
2024-09-20 11:54:55.552,426.8063742865097,6
2024-09-20 11:54:55.590,426.8691303205832,99
2024-09-20 11:54:55.596,426.8120746701905,98
2024-09-20 11:54:55.633,426.8216440819016,995
2024-09-20 11:54:55.646,426.86093415044354,1002
2024-09-20 11:54:55.694,426.8066108873019,97
2024-09-20 11:54:55.701,426.8221285960702,1004
2024-09-20 11:54:55.856,426.8433378210184,7
2024-09-20 11:54:55.857,426.8023240312434,15
2024-09-20 11:54:55.914,426.7893383951103,5
2024-09-20 11:54:55.964,426.871339145616,12
2024-09-20 11:54:55.973,426.8253648376864,10
2024-09-20 11:54:55.981,426.80220911398015,1004
2024-09-20 11:54:56.065,426.85520647893526,1002
2024-09-20 11:54:56.092,426.87023193614857,101
2024-09-20 11:54:56.136,426.8740150573816,1003
2024-09-20 11:54:56.161,426.8618536390876,102
2024-09-20 11:54:56.260,426.8772584562436,1003
2024-09-20 11:54:56.261,426.8800733455591,1004
2024-09-20 11:54:56.293,426.8933964264282,101
2024-09-20 11:54:56.377,426.877122219936,1005
2024-09-20 11:54:56.489,426.875935522314,101
2024-09-20 11:54:56.580,426.8922845143976,15
2024-09-20 11:54:56.635,426.895948265642,11
2024-09-20 11:54:56.687,426.8608493732527,104
2024-09-20 11:54:56.699,426.8643017600094,96
2024-09-20 11:54:56.716,426.882929173397,1004
2024-09-20 11:54:56.784,426.9091404734913,1002
2024-09-20 11:54:56.821,426.8884119815279,13
2024-09-20 11:54:56.856,426.8868251971924,12
2024-09-20 11:54:57.030,426.8590700162059,6
2024-09-20 11:54:57.063,426.8714381402905,95
2024-09-20 11:54:57.082,426.8848875562074,101
2024-09-20 11:54:57.098,426.87639493007765,1002
2024-09-20 11:54:57.201,426.8724440427853,5
2024-09-20 11:54:57.356,426.8592731285826,98
2024-09-20 11:54:57.360,-426.85207579723937,999
2024-09-20 11:54:57.381,426.87002046165554,101
2024-09-20 11:54:57.392,426.8905751261676,15
2024-09-20 11:54:57.409,426.8758445639304,1004
2024-09-20 11:54:57.426,426.8626137515551,95
2024-09-20 11:54:57.483,426.8853476923607,997
2024-09-20 11:54:57.502,426.8778224941081,12
2024-09-20 11:54:57.542,426.87214363905656,9
2024-09-20 11:54:57.626,426.88457993533336,102
2024-09-20 11:54:57.761,426.891611978595,12
2024-09-20 11:54:57.765,426.8865556009186,8
2024-09-20 11:54:57.765,426.8525615182414,1005
2024-09-20 11:54:57.792,426.8701607472144,9
2024-09-20 11:54:57.792,426.8804488574189,103
2024-09-20 11:54:57.813,426.8647914052287,9
2024-09-20 11:54:57.841,426.87578015224153,5
2024-09-20 11:54:57.906,426.8601564336668,1000
2024-09-20 11:54:57.956,426.8584628392313,14
2024-09-20 11:54:57.966,426.8853958692288,1002
2024-09-20 11:54:58.002,426.8421873911,11
2024-09-20 11:54:58.089,426.8602859123634,102
2024-09-20 11:54:58.115,426.8460432991023,1004
2024-09-20 11:54:58.181,426.82900321118507,98
2024-09-20 11:54:58.274,426.8461307785288,15
2024-09-20 11:54:58.580,426.8206388797091,9
2024-09-20 11:54:58.735,426.8330137474513,15
2024-09-20 11:54:58.799,426.81022589369024,11
2024-09-20 11:54:58.901,426.80467956219513,8
2024-09-20 11:54:58.936,42.67934478944932,96
2024-09-20 11:54:58.958,426.84589718592576,13
2024-09-20 11:54:59.071,426.86208431650033,11
2024-09-20 11:54:59.076,426.80600975971225,1002
2024-09-20 11:54:59.088,42.68706516188915,14
2024-09-20 11:54:59.095,426.86828445840536,999
2024-09-20 11:54:59.119,426.8370212689927,1002
2024-09-20 11:54:59.201,426.8460069055102,97
2024-09-20 11:54:59.291,426.8799870668475,95
2024-09-20 11:54:59.293,426.8922185409732,97
2024-09-20 11:54:59.326,426.8200389757759,998
2024-09-20 11:54:59.492,426.83457699627655,11
2024-09-20 11:54:59.623,426.859667498069,1001
2024-09-20 11:54:59.636,426.8921428657568,100
2024-09-20 11:54:59.657,426.8724114821617,1003
2024-09-20 11:54:59.659,426.8970614283232,995
2024-09-20 11:54:59.664,426.8564393520713,6
2024-09-20 11:54:59.667,426.8405861745424,995
2024-09-20 11:54:59.691,426.8325725723923,13
2024-09-20 11:54:59.692,426.8618152296287,1000
2024-09-20 11:54:59.713,426.8771578852362,1005
2024-09-20 11:54:59.724,426.8295380342975,15
2024-09-20 11:54:59.750,426.8583312807762,1000
2024-09-20 11:54:59.798,426.8509508094483,105
2024-09-20 11:54:59.800,426.8397625174655,98
2024-09-20 11:54:59.927,426.80964253409473,1004
2024-09-20 11:54:59.941,426.8046624986564,14
