Timestamp,Price,Size
2024-09-19 11:49:00.040,421.24347530489,1002
2024-09-19 11:49:00.055,421.25673061667607,1003
2024-09-19 11:49:00.073,421.2387055086192,999
2024-09-19 11:49:00.138,421.2576015914133,100
2024-09-19 11:49:00.198,421.2780135771487,1000
2024-09-19 11:49:00.211,421.2527843307192,8
2024-09-19 11:49:00.224,421.2299797618675,14
2024-09-19 11:49:00.258,421.2651426895892,104
2024-09-19 11:49:00.268,421.2721383541309,98
2024-09-19 11:49:00.286,421.2732615208582,102
2024-09-19 11:49:00.480,421.23141183785935,12
2024-09-19 11:49:00.513,421.2480609632168,996
2024-09-19 11:49:00.532,421.2604644794823,6
2024-09-19 11:49:00.548,421.2683474640997,103
2024-09-19 11:49:00.568,421.2674173401716,95
2024-09-19 11:49:00.576,421.23061885240287,1003
2024-09-19 11:49:00.606,42.12307586665608,6
2024-09-19 11:49:00.625,421.2389349061824,9
2024-09-19 11:49:00.703,421.2521670628822,11
2024-09-19 11:49:00.718,421.23822285489456,999
2024-09-19 11:49:00.787,421.2442056171026,997
2024-09-19 11:49:00.825,421.2669433951231,1004
2024-09-19 11:49:00.869,421.2539738432255,1003
2024-09-19 11:49:01.011,421.2403567106595,96
2024-09-19 11:49:01.077,421.22112795619927,14
2024-09-19 11:49:01.162,421.2722251634869,9
2024-09-19 11:49:01.276,421.2366211986729,1004
2024-09-19 11:49:01.364,421.27322513468914,999
2024-09-19 11:49:01.380,421.2534610107104,1004
2024-09-19 11:49:01.387,421.26370501541055,105
2024-09-19 11:49:01.516,421.2235119079549,1002
2024-09-19 11:49:01.554,421.2499593994559,12
2024-09-19 11:49:01.635,421.2983207258652,996
2024-09-19 11:49:01.777,421.2344827088698,14
2024-09-19 11:49:01.794,421.2364040875984,100
2024-09-19 11:49:01.896,421.2343789281832,15
2024-09-19 11:49:01.935,421.2805067602994,96
2024-09-19 11:49:02.106,421.20690682625246,105
2024-09-19 11:49:02.154,421.2432042536069,7
2024-09-19 11:49:02.187,421.2205610950421,999
2024-09-19 11:49:02.295,421.2087419883171,97
2024-09-19 11:49:02.364,421.2038845788246,7
2024-09-19 11:49:02.764,421.2255063746886,10
2024-09-19 11:49:03.109,421.2530220110827,105
2024-09-19 11:49:03.143,421.2519834146627,1002
2024-09-19 11:49:03.183,421.2393601763905,15
2024-09-19 11:49:03.213,421.2607845187312,97
2024-09-19 11:49:03.229,421.2692452967441,999
2024-09-19 11:49:03.294,421.2557579274553,97
2024-09-19 11:49:03.309,421.2478636635825,995
2024-09-19 11:49:03.318,421.1933050989139,6
2024-09-19 11:49:03.378,421.23402274592985,105
2024-09-19 11:49:03.492,421.235861429289,1002
2024-09-19 11:49:03.502,421.23758943218365,104
2024-09-19 11:49:03.584,421.2392331546061,105
2024-09-19 11:49:03.584,421.2318654767904,7
2024-09-19 11:49:03.686,421.27482646896414,99
2024-09-19 11:49:03.690,421.2283259211565,100
2024-09-19 11:49:03.717,421.2594249041933,996
2024-09-19 11:49:03.772,421.22301878134266,998
2024-09-19 11:49:03.807,421.2561782402543,995
2024-09-19 11:49:03.818,421.2496963387972,104
2024-09-19 11:49:03.864,421.2665695439197,13
2024-09-19 11:49:03.885,421.1930384968835,96
2024-09-19 11:49:03.896,421.1913350388478,13
2024-09-19 11:49:03.901,421.255300496056,995
2024-09-19 11:49:03.905,421.2637417790652,9
2024-09-19 11:49:03.929,421.2476901004616,7
2024-09-19 11:49:03.988,421.2466618888076,995
2024-09-19 11:49:04.161,421.201293627469,10
2024-09-19 11:49:04.688,421.19698158242136,1003
2024-09-19 11:49:04.837,421.1917458710225,1000
2024-09-19 11:49:04.936,-421.1952412733864,995
2024-09-19 11:49:05.000,421.2253220834941,998
2024-09-19 11:49:05.097,421.216351655927,15
2024-09-19 11:49:05.106,421.2162018397027,15
2024-09-19 11:49:05.113,421.2281158517316,11
2024-09-19 11:49:05.116,421.1864567764065,10
2024-09-19 11:49:05.141,421.23850492040697,1003
2024-09-19 11:49:05.236,421.1956498421739,1003
2024-09-19 11:49:05.279,421.21406835359977,15
2024-09-19 11:49:05.410,421.2100470577769,10
2024-09-19 11:49:05.414,421.21419397248417,101
2024-09-19 11:49:05.421,421.2014299297764,999
2024-09-19 11:49:05.481,421.2177557688239,7
2024-09-19 11:49:05.499,421.20303989255,1002
2024-09-19 11:49:05.669,421.2231830819091,996
2024-09-19 11:49:05.857,421.2139956171278,1005
2024-09-19 11:49:05.956,421.2149374206216,996
2024-09-19 11:49:06.001,421.1932891010673,1003
2024-09-19 11:49:06.280,421.2088475243961,15
2024-09-19 11:49:06.553,421.18836514332185,999
2024-09-19 11:49:06.842,421.1934562790599,8
2024-09-19 11:49:08.039,421.235255967766,98
2024-09-19 11:49:08.051,421.2557816975859,1002
2024-09-19 11:49:08.064,42.124530706151184,996
2024-09-19 11:49:08.208,421.2573979394225,99
2024-09-19 11:49:08.271,421.2422991408595,7
2024-09-19 11:49:08.294,421.2091858834049,10
2024-09-19 11:49:08.308,421.27348735335056,12
2024-09-19 11:49:08.365,421.2138862161209,997
2024-09-19 11:49:08.405,421.2563828848381,11
2024-09-19 11:49:08.567,421.2224639720562,97
2024-09-19 11:49:08.695,421.2386624556279,1004
2024-09-19 11:49:08.744,421.2627295363533,995
2024-09-19 11:49:08.753,421.20974628293897,5
2024-09-19 11:49:08.768,421.2109097452486,5
2024-09-19 11:49:08.793,421.2429049061651,5
2024-09-19 11:49:08.825,421.22065259721904,104
2024-09-19 11:49:08.866,421.265521228005,105
2024-09-19 11:49:08.884,421.2549924595611,11
2024-09-19 11:49:08.934,421.2562940443301,96
2024-09-19 11:49:08.968,421.2209077278959,100
2024-09-19 11:49:09.008,421.2343907734581,1003
2024-09-19 11:49:09.142,421.2096865548375,1004
2024-09-19 11:49:09.148,421.2911649575324,12
2024-09-19 11:49:09.241,421.1812581029132,14
2024-09-19 11:49:09.246,421.28889589649646,6
2024-09-19 11:49:09.273,42.12722089006708,99
2024-09-19 11:49:09.285,421.276335316514,1005
2024-09-19 11:49:09.375,421.19118581196,998
2024-09-19 11:49:09.391,421.210216489331,104
2024-09-19 11:49:09.507,421.2093452130359,11
2024-09-19 11:49:09.508,421.2519139541341,1005
2024-09-19 11:49:09.539,421.22442507863485,1000
2024-09-19 11:49:09.583,421.2050432697309,1001
2024-09-19 11:49:09.617,421.2132107187463,13
2024-09-19 11:49:09.622,421.26788788805226,996
2024-09-19 11:49:09.627,421.233950707238,1005
2024-09-19 11:49:09.631,421.2776053349575,104
2024-09-19 11:49:09.764,421.2365744435578,1001
2024-09-19 11:49:09.821,421.2054192472356,996
2024-09-19 11:49:09.842,421.2020478904037,102
2024-09-19 11:49:09.845,421.256039204374,15
2024-09-19 11:49:09.872,421.211573494601,1004
2024-09-19 11:49:09.885,421.20535453730463,15
2024-09-19 11:49:09.887,421.2105976566156,1005
2024-09-19 11:49:09.900,421.21218987140463,1005
2024-09-19 11:49:09.937,421.1955749441513,1004
2024-09-19 11:49:10.005,421.3260354766665,8
2024-09-19 11:49:10.120,421.3426113310489,10
2024-09-19 11:49:10.122,421.3059521085384,7
2024-09-19 11:49:10.137,,100
2024-09-19 11:49:10.142,421.3344247318241,996
2024-09-19 11:49:10.144,421.3426822262124,104
2024-09-19 11:49:10.151,421.3268979377023,96
2024-09-19 11:49:10.175,421.3441516589232,13
2024-09-19 11:49:10.202,421.2858696471774,100
2024-09-19 11:49:10.217,421.2788546139697,99
2024-09-19 11:49:10.242,421.2912797016933,101
2024-09-19 11:49:10.338,421.29820531481465,1001
2024-09-19 11:49:10.341,421.33806982538266,105
2024-09-19 11:49:10.344,421.3372569283495,102
2024-09-19 11:49:10.574,421.3517246770384,100
2024-09-19 11:49:10.596,-421.2856599737017,998
2024-09-19 11:49:10.651,421.32929762950994,1003
2024-09-19 11:49:10.717,421.27531057496685,1002
2024-09-19 11:49:10.838,421.3028575928142,5
2024-09-19 11:49:10.850,421.3088847548509,998
2024-09-19 11:49:10.935,421.29067333888,1000
2024-09-19 11:49:10.961,421.3232361129525,1005
2024-09-19 11:49:10.994,421.2954674797132,5
2024-09-19 11:49:11.017,42.13917808130604,103
2024-09-19 11:49:11.135,421.4136299764059,995
2024-09-19 11:49:11.341,421.3803959381907,1000
2024-09-19 11:49:11.528,421.39905762162016,5
2024-09-19 11:49:11.778,421.4062910172769,8
2024-09-19 11:49:11.817,421.39241877679206,1005
2024-09-19 11:49:12.020,-421.4150678938017,101
2024-09-19 11:49:12.074,421.4287463401092,995
2024-09-19 11:49:12.092,421.4146088216799,1003
2024-09-19 11:49:12.123,421.42381310411577,995
2024-09-19 11:49:12.196,421.39505170826857,7
2024-09-19 11:49:12.210,421.4389041290449,7
2024-09-19 11:49:12.274,421.4147412062179,12
2024-09-19 11:49:12.443,421.4392461344984,10
2024-09-19 11:49:12.476,421.4313595226064,999
2024-09-19 11:49:12.503,421.42502180544784,997
2024-09-19 11:49:12.606,421.420932233636,1003
2024-09-19 11:49:12.632,421.407408959063,996
2024-09-19 11:49:12.634,421.4438685007673,1001
2024-09-19 11:49:12.653,421.4043826627391,10
2024-09-19 11:49:12.745,421.4262289725367,105
2024-09-19 11:49:12.830,421.381852894173,995
2024-09-19 11:49:13.087,421.4647249160134,997
2024-09-19 11:49:13.378,421.4668583100809,98
2024-09-19 11:49:13.492,421.4694737139262,15
2024-09-19 11:49:13.521,421.4526214192656,997
2024-09-19 11:49:13.779,421.44403868148447,15
2024-09-19 11:49:13.821,421.4843247892625,13
2024-09-19 11:49:13.821,421.4640726765008,98
2024-09-19 11:49:14.120,421.5127726887504,95
2024-09-19 11:49:14.138,421.5351584692616,5
2024-09-19 11:49:14.261,421.4927120155521,11
2024-09-19 11:49:14.310,421.4714932632917,998
2024-09-19 11:49:14.376,421.5185928015369,10
2024-09-19 11:49:14.389,421.5141011760246,105
2024-09-19 11:49:14.480,421.5190959482725,1004
2024-09-19 11:49:14.667,421.50546426993424,103
2024-09-19 11:49:14.718,421.5192279064439,7
2024-09-19 11:49:14.742,421.50737237724695,1005
2024-09-19 11:49:14.908,421.5045583023437,10
2024-09-19 11:49:15.011,421.5460724624785,1002
2024-09-19 11:49:15.030,421.5770832899526,11
2024-09-19 11:49:15.041,421.5380763130675,996
2024-09-19 11:49:15.051,421.5613507151956,105
2024-09-19 11:49:15.079,421.5731026748718,1004
2024-09-19 11:49:15.098,421.56455567580446,97
2024-09-19 11:49:15.100,421.5722351512052,11
2024-09-19 11:49:15.158,421.55677400174153,15
2024-09-19 11:49:15.276,421.5284215171073,997
2024-09-19 11:49:15.280,421.54579307668,13
2024-09-19 11:49:15.339,421.55139183610027,98
2024-09-19 11:49:15.347,421.5678026093048,95
2024-09-19 11:49:15.414,421.5922023871667,98
2024-09-19 11:49:15.433,421.5475312067262,101
2024-09-19 11:49:15.519,421.5792000624027,11
2024-09-19 11:49:15.525,421.5680364708099,8
2024-09-19 11:49:15.555,421.5202672819965,1005
2024-09-19 11:49:15.558,421.5365825335168,995
2024-09-19 11:49:15.561,421.5555577740579,103
2024-09-19 11:49:15.648,421.53330819924673,100
2024-09-19 11:49:15.679,421.54016905953296,12
2024-09-19 11:49:15.680,421.5260740263362,7
2024-09-19 11:49:15.695,421.57063375826266,1004
2024-09-19 11:49:15.737,421.5438591188847,1002
2024-09-19 11:49:15.767,421.583691790003,8
2024-09-19 11:49:15.813,421.5714752981058,99
2024-09-19 11:49:15.831,421.53690035627903,999
2024-09-19 11:49:15.855,421.5672946929628,105
2024-09-19 11:49:15.893,421.553130518722,1003
2024-09-19 11:49:16.006,421.4852870407783,14
2024-09-19 11:49:16.104,421.4962313380631,997
2024-09-19 11:49:16.124,421.4849007908805,15
2024-09-19 11:49:16.174,421.5165254605515,998
2024-09-19 11:49:16.191,421.4945942288626,14
2024-09-19 11:49:16.202,421.4626383420266,996
2024-09-19 11:49:16.273,421.4635850357191,7
2024-09-19 11:49:16.294,421.5272564813221,13
2024-09-19 11:49:16.345,421.4764997045485,1003
2024-09-19 11:49:16.372,421.4714229575529,5
2024-09-19 11:49:16.399,421.47249392209056,6
2024-09-19 11:49:16.539,421.5057104518358,15
2024-09-19 11:49:16.569,421.4910392317243,1000
2024-09-19 11:49:16.580,421.4639968858334,8
2024-09-19 11:49:16.584,421.4908668608686,13
2024-09-19 11:49:16.606,421.47993069889566,999
2024-09-19 11:49:16.690,421.4952831097946,12
2024-09-19 11:49:16.699,421.51057383512943,98
2024-09-19 11:49:16.759,421.4661476462709,98
2024-09-19 11:49:16.801,421.50513391043455,99
2024-09-19 11:49:16.814,421.55415590383865,999
2024-09-19 11:49:16.830,421.4745555216637,15
2024-09-19 11:49:16.832,421.5438206332387,996
2024-09-19 11:49:16.867,421.4983427059506,13
2024-09-19 11:49:16.867,421.4691553944734,1002
2024-09-19 11:49:16.920,421.4752757427683,8
2024-09-19 11:49:16.922,421.5308278936097,105
2024-09-19 11:49:16.930,421.52778540337744,97
2024-09-19 11:49:16.977,421.4832002942356,995
2024-09-19 11:49:17.009,421.4915910929317,9
2024-09-19 11:49:17.052,421.4855850819504,995
2024-09-19 11:49:17.083,421.4642068586088,6
2024-09-19 11:49:17.196,421.4956581379112,9
2024-09-19 11:49:17.242,421.4622645785169,104
2024-09-19 11:49:17.243,421.50268648392193,6
2024-09-19 11:49:17.250,421.4748684347612,13
2024-09-19 11:49:17.254,421.4800456093021,996
2024-09-19 11:49:17.268,421.5042994732119,10
2024-09-19 11:49:17.269,421.4909343887033,102
2024-09-19 11:49:17.333,421.4720687866844,102
2024-09-19 11:49:17.361,421.45385162528027,1000
2024-09-19 11:49:17.449,421.4792443107372,9
2024-09-19 11:49:17.470,421.4782158816782,5
2024-09-19 11:49:17.492,421.4989021794711,5
2024-09-19 11:49:17.514,421.4861981020901,13
2024-09-19 11:49:17.552,421.4602616457085,11
2024-09-19 11:49:17.667,421.4676797759704,5
2024-09-19 11:49:17.720,421.48414372474895,105
2024-09-19 11:49:17.729,421.4640634986432,1004
2024-09-19 11:49:17.798,421.46339900124434,997
2024-09-19 11:49:17.818,421.4919364151206,1000
2024-09-19 11:49:17.835,421.4714405462526,998
2024-09-19 11:49:17.843,421.4620812228446,99
2024-09-19 11:49:17.887,421.4785665547658,1000
2024-09-19 11:49:17.934,421.46560973095205,13
2024-09-19 11:49:17.947,421.4873815767712,104
2024-09-19 11:49:17.982,421.4752012105773,105
2024-09-19 11:49:17.984,421.4593785207123,104
2024-09-19 11:49:18.068,421.5363538380952,100
2024-09-19 11:49:18.106,421.4839896889226,98
2024-09-19 11:49:18.147,421.55137458605697,1000
2024-09-19 11:49:18.161,421.5026240388577,9
2024-09-19 11:49:18.180,421.56460038715454,8
2024-09-19 11:49:18.225,421.4887857882854,12
2024-09-19 11:49:18.236,421.51490522460034,12
2024-09-19 11:49:18.271,421.5391770623797,995
2024-09-19 11:49:18.369,421.5053844499823,98
2024-09-19 11:49:18.374,421.48769192266496,1001
2024-09-19 11:49:18.390,,98
2024-09-19 11:49:18.391,421.4807671052715,102
2024-09-19 11:49:18.400,421.54334839799407,1003
2024-09-19 11:49:18.412,421.5191189215979,98
2024-09-19 11:49:18.456,421.5052131363238,7
2024-09-19 11:49:18.485,421.5337813095055,995
2024-09-19 11:49:18.511,421.5169564279968,1004
2024-09-19 11:49:18.548,421.539927115744,1005
2024-09-19 11:49:18.594,421.4931769769873,15
2024-09-19 11:49:18.622,421.55101229111375,11
2024-09-19 11:49:18.767,421.5407575493167,14
2024-09-19 11:49:18.848,421.53371028682665,13
2024-09-19 11:49:18.854,421.57108955488354,5
2024-09-19 11:49:18.880,421.5738987712689,95
2024-09-19 11:49:19.118,421.4373801305757,1001
2024-09-19 11:49:19.144,421.39182622885073,14
2024-09-19 11:49:19.147,421.3929123333346,9
2024-09-19 11:49:19.153,421.47330994370793,14
2024-09-19 11:49:19.173,421.4063220831448,12
2024-09-19 11:49:19.195,421.3974851606149,1002
2024-09-19 11:49:19.197,42.1406218940351,8
2024-09-19 11:49:19.208,421.3988688862488,997
2024-09-19 11:49:19.288,421.4134755159114,104
2024-09-19 11:49:19.350,421.4130954839544,999
2024-09-19 11:49:19.390,421.4021521822392,6
2024-09-19 11:49:19.459,421.4057435135523,8
2024-09-19 11:49:19.529,421.3944639071699,10
2024-09-19 11:49:19.532,421.3977622636727,10
2024-09-19 11:49:19.645,421.4084528602666,12
2024-09-19 11:49:19.658,421.4253151297048,6
2024-09-19 11:49:19.691,421.3892607037981,5
2024-09-19 11:49:19.699,421.4326090732525,12
2024-09-19 11:49:19.705,421.4873836795407,95
2024-09-19 11:49:19.735,421.4182392335588,98
2024-09-19 11:49:19.738,421.4933016648151,5
2024-09-19 11:49:19.771,421.3947616729265,101
2024-09-19 11:49:19.772,421.448130619234,999
2024-09-19 11:49:19.774,421.4063645872151,6
2024-09-19 11:49:19.815,421.3973637618996,100
2024-09-19 11:49:19.893,421.3886312946301,5
2024-09-19 11:49:19.910,421.4085305012606,11
2024-09-19 11:49:20.027,421.42342035749857,1003
2024-09-19 11:49:20.070,421.37871829355856,996
2024-09-19 11:49:20.096,421.4068156896499,995
2024-09-19 11:49:20.098,421.4024148844668,9
2024-09-19 11:49:20.125,421.4153279470765,102
2024-09-19 11:49:20.139,421.4059936934534,1004
2024-09-19 11:49:20.198,421.3937053021217,15
2024-09-19 11:49:20.215,421.4285113091651,102
2024-09-19 11:49:20.227,421.3759286614573,14
2024-09-19 11:49:20.236,421.4066826960396,10
2024-09-19 11:49:20.269,421.3933173702181,12
2024-09-19 11:49:20.287,421.42175175983135,95
2024-09-19 11:49:20.366,421.4246899925906,997
2024-09-19 11:49:20.375,421.3828964568632,12
2024-09-19 11:49:20.434,421.4009911826735,996
2024-09-19 11:49:20.510,421.4066487030706,12
2024-09-19 11:49:20.559,421.4022145612505,14
2024-09-19 11:49:20.609,421.43607336413214,10
2024-09-19 11:49:20.652,421.4086306478496,102
2024-09-19 11:49:20.659,421.4235006653946,14
2024-09-19 11:49:20.701,421.4117539196978,996
2024-09-19 11:49:20.762,421.4306978914734,99
2024-09-19 11:49:20.766,421.4126291203237,103
2024-09-19 11:49:20.915,421.4068679205543,10
2024-09-19 11:49:20.972,421.4177776313371,1002
2024-09-19 11:49:21.001,421.35807994499953,8
2024-09-19 11:49:21.002,421.3742376464137,101
2024-09-19 11:49:21.017,421.3980042882856,998
2024-09-19 11:49:21.062,421.35808061088096,12
2024-09-19 11:49:21.085,421.38635551041614,1001
2024-09-19 11:49:21.087,421.4193424944863,13
2024-09-19 11:49:21.088,421.38845281703806,10
2024-09-19 11:49:21.100,421.384941671164,9
2024-09-19 11:49:21.105,421.38521584550153,7
2024-09-19 11:49:21.192,421.3727435839686,105
2024-09-19 11:49:21.201,421.3920657848207,15
2024-09-19 11:49:21.340,421.3964728898936,999
2024-09-19 11:49:21.350,421.4181235542894,8
2024-09-19 11:49:21.356,421.3532932209899,6
2024-09-19 11:49:21.402,421.3971283467373,996
2024-09-19 11:49:21.425,421.39294999890535,1004
2024-09-19 11:49:21.455,421.41430818626674,5
2024-09-19 11:49:21.485,421.3508119018081,1002
2024-09-19 11:49:21.505,421.3469696568205,996
2024-09-19 11:49:21.513,421.37988525849386,998
2024-09-19 11:49:21.545,421.3780559989895,96
2024-09-19 11:49:21.595,421.3696746918165,1001
2024-09-19 11:49:21.653,421.3513943493053,999
2024-09-19 11:49:21.838,421.390325241027,95
2024-09-19 11:49:21.896,421.3859486716326,8
2024-09-19 11:49:21.967,421.3928535977407,9
2024-09-19 11:49:21.988,421.3647774795686,999
2024-09-19 11:49:21.996,421.3706509523934,104
2024-09-19 11:49:22.625,421.3412332225981,102
2024-09-19 11:49:23.047,421.30259389175137,95
2024-09-19 11:49:23.068,421.3105944225931,1004
2024-09-19 11:49:23.128,421.2830538023569,996
2024-09-19 11:49:23.136,421.3412313786455,7
2024-09-19 11:49:23.241,-421.3269090517775,12
2024-09-19 11:49:23.340,421.3269714028696,6
2024-09-19 11:49:23.377,421.3379088877076,995
2024-09-19 11:49:23.531,421.333860021724,105
2024-09-19 11:49:23.576,421.302166262841,11
2024-09-19 11:49:23.668,421.2925540992705,1002
2024-09-19 11:49:23.683,421.3370144467251,99
2024-09-19 11:49:23.690,421.3391520290444,6
2024-09-19 11:49:23.713,421.28531957112426,5
2024-09-19 11:49:23.814,421.2882687326086,9
2024-09-19 11:49:23.825,421.3425141115458,998
2024-09-19 11:49:23.844,421.2903958625227,10
2024-09-19 11:49:24.114,421.24464869500775,105
2024-09-19 11:49:24.148,421.2889487330987,996
2024-09-19 11:49:24.178,421.2549976408111,996
2024-09-19 11:49:24.262,421.2741256649256,96
2024-09-19 11:49:24.271,421.2737734322655,104
2024-09-19 11:49:24.402,421.2628866207484,96
2024-09-19 11:49:24.511,421.28352737275935,1004
2024-09-19 11:49:24.513,421.26784036832265,7
2024-09-19 11:49:24.547,421.264678270564,97
2024-09-19 11:49:24.597,421.2499350358224,1005
2024-09-19 11:49:24.605,421.2543468328441,6
2024-09-19 11:49:24.656,421.2685594718221,1002
2024-09-19 11:49:24.692,421.2852687850247,10
2024-09-19 11:49:24.757,421.2362509797872,1000
2024-09-19 11:49:24.774,421.24638884270473,95
2024-09-19 11:49:24.847,421.26352078731287,1005
2024-09-19 11:49:24.865,421.249935125388,1003
2024-09-19 11:49:24.898,421.2949611683948,105
2024-09-19 11:49:24.970,421.2708420036016,996
2024-09-19 11:49:24.972,421.2301166368951,6
2024-09-19 11:49:25.042,421.2529894185539,99
2024-09-19 11:49:25.068,421.28603090048136,995
2024-09-19 11:49:25.078,421.3170667234751,5
2024-09-19 11:49:25.131,421.2883475351216,12
2024-09-19 11:49:25.180,421.2643294279893,9
2024-09-19 11:49:25.216,421.29696967554986,996
2024-09-19 11:49:25.223,421.2945254982074,996
2024-09-19 11:49:25.234,421.2523520716511,1001
2024-09-19 11:49:25.301,421.2446318222317,102
2024-09-19 11:49:25.338,421.2525096969712,997
2024-09-19 11:49:25.341,421.28769105701326,8
2024-09-19 11:49:25.377,421.3101070547767,5
2024-09-19 11:49:25.416,421.2599533212286,5
2024-09-19 11:49:25.483,421.2658373645975,998
2024-09-19 11:49:25.532,421.2696320469409,5
2024-09-19 11:49:25.537,421.264637896865,15
2024-09-19 11:49:25.552,421.2550781334539,11
2024-09-19 11:49:25.566,421.2497655389273,995
2024-09-19 11:49:25.603,421.26000830322016,99
2024-09-19 11:49:25.662,421.2935516190498,97
2024-09-19 11:49:25.716,421.2811540195901,9
2024-09-19 11:49:25.735,421.2419028080025,104
2024-09-19 11:49:25.748,421.291743838184,96
2024-09-19 11:49:25.760,421.2670790345555,101
2024-09-19 11:49:25.783,421.2757799081329,105
2024-09-19 11:49:25.854,421.2839252415272,97
2024-09-19 11:49:25.959,421.2812156293042,1002
2024-09-19 11:49:26.103,421.3123799270816,102
2024-09-19 11:49:26.121,421.3117587480274,13
2024-09-19 11:49:26.169,421.3228997760651,12
2024-09-19 11:49:26.296,421.3313439810775,997
2024-09-19 11:49:26.335,421.3346434852129,6
2024-09-19 11:49:26.419,421.3323912662733,98
2024-09-19 11:49:26.451,421.3293347388004,996
2024-09-19 11:49:26.504,421.3355993925836,105
2024-09-19 11:49:26.598,421.3125727869495,12
2024-09-19 11:49:26.618,421.3222401525263,105
2024-09-19 11:49:26.629,421.3296686961567,98
2024-09-19 11:49:26.683,421.3283424526636,101
2024-09-19 11:49:26.745,,97
2024-09-19 11:49:26.768,421.2911039848607,14
2024-09-19 11:49:26.812,421.31020645259,6
2024-09-19 11:49:26.832,421.3333943645106,999
2024-09-19 11:49:26.864,421.32533460369007,100
2024-09-19 11:49:26.946,421.3294677354452,100
2024-09-19 11:49:27.118,421.3065021734262,998
2024-09-19 11:49:27.124,421.30145960083047,101
2024-09-19 11:49:27.198,421.3190048027304,9
2024-09-19 11:49:27.198,421.3268846339798,96
2024-09-19 11:49:27.249,421.3096676175221,5
2024-09-19 11:49:27.253,421.3256713499885,1004
2024-09-19 11:49:27.333,421.3002387579137,101
2024-09-19 11:49:27.608,421.3231386314797,1004
2024-09-19 11:49:27.669,421.3231272051171,101
2024-09-19 11:49:27.695,421.2873027620825,105
2024-09-19 11:49:27.885,421.3168066033356,15
2024-09-19 11:49:27.896,421.3303133593841,996
2024-09-19 11:49:27.937,421.3164560563272,100
2024-09-19 11:49:28.067,421.3286280861959,1002
2024-09-19 11:49:28.071,421.3432338897271,103
2024-09-19 11:49:28.129,421.36526394190383,9
2024-09-19 11:49:28.189,421.3389034383362,95
2024-09-19 11:49:28.195,421.3492691194957,1003
2024-09-19 11:49:28.235,421.3300076451095,99
2024-09-19 11:49:28.263,421.3423018197764,12
2024-09-19 11:49:28.339,421.3519446124224,5
2024-09-19 11:49:28.368,421.3112090919981,1005
2024-09-19 11:49:28.385,421.3192281664763,102
2024-09-19 11:49:28.467,421.35624420902224,6
2024-09-19 11:49:28.477,,99
2024-09-19 11:49:28.518,421.3594146347431,8
2024-09-19 11:49:28.555,421.3567934180496,995
2024-09-19 11:49:28.573,421.3329181133711,999
2024-09-19 11:49:28.594,421.3373481105502,997
2024-09-19 11:49:28.685,421.33888728521447,1002
2024-09-19 11:49:28.744,421.3537807365323,995
2024-09-19 11:49:28.817,421.33741366892616,98
2024-09-19 11:49:28.856,421.342149409663,6
2024-09-19 11:49:28.919,421.3308625783304,999
2024-09-19 11:49:28.956,421.36125320157,14
2024-09-19 11:49:29.236,421.3609059405243,9
2024-09-19 11:49:29.685,421.3406319194694,99
2024-09-19 11:49:30.001,421.31629484961474,99
2024-09-19 11:49:30.088,421.3304754784904,995
2024-09-19 11:49:30.221,421.3341925724241,99
2024-09-19 11:49:30.237,421.3336887448634,1004
2024-09-19 11:49:30.298,421.317701376906,5
2024-09-19 11:49:30.327,421.34202788453183,11
2024-09-19 11:49:30.361,421.321966693449,5
2024-09-19 11:49:30.363,421.3306302144132,7
2024-09-19 11:49:30.441,421.3070723592985,998
2024-09-19 11:49:30.449,421.31707518495807,5
2024-09-19 11:49:30.488,421.35024428308463,11
2024-09-19 11:49:30.539,421.2871511054233,99
2024-09-19 11:49:30.548,421.3402000227742,999
2024-09-19 11:49:30.565,421.33350750482623,96
2024-09-19 11:49:30.619,421.3094191928437,105
2024-09-19 11:49:30.701,421.31060066004966,1002
2024-09-19 11:49:30.744,421.3118706523971,1001
2024-09-19 11:49:30.747,421.3361674046296,997
2024-09-19 11:49:31.085,421.30563986991297,1005
2024-09-19 11:49:31.095,421.3136209837808,995
2024-09-19 11:49:31.116,421.33035973879686,99
2024-09-19 11:49:31.149,421.3112559184909,996
2024-09-19 11:49:31.253,42.13070770547099,998
2024-09-19 11:49:31.364,421.3289719722336,99
2024-09-19 11:49:31.372,421.3283182947464,1002
2024-09-19 11:49:31.505,421.3150481031694,1001
2024-09-19 11:49:31.549,421.3085352485153,103
2024-09-19 11:49:31.573,421.3002794533341,15
2024-09-19 11:49:31.642,421.3368604683285,1003
2024-09-19 11:49:31.919,421.3094277461333,1001
2024-09-19 11:49:31.935,421.31451362466265,102
2024-09-19 11:49:32.289,421.36218596698274,5
2024-09-19 11:49:32.349,421.31566655081866,96
2024-09-19 11:49:32.613,421.3171948105828,15
2024-09-19 11:49:32.650,421.353075121716,1000
2024-09-19 11:49:32.667,421.33911916310166,9
2024-09-19 11:49:32.843,421.3297677877432,999
2024-09-19 11:49:32.863,421.3441132226341,998
2024-09-19 11:49:33.112,421.2934758577209,101
2024-09-19 11:49:33.116,421.3335623433612,8
2024-09-19 11:49:33.399,421.3155334165935,6
2024-09-19 11:49:33.457,421.3203732867499,8
2024-09-19 11:49:33.661,421.3065514402121,102
2024-09-19 11:49:33.881,421.3552946927571,14
2024-09-19 11:49:34.129,421.2819378596404,995
2024-09-19 11:49:34.158,421.2957316672501,13
2024-09-19 11:49:34.404,421.2820834948861,13
2024-09-19 11:49:34.747,421.27801447886566,97
2024-09-19 11:49:35.713,421.2919263062706,101
2024-09-19 11:49:35.996,421.2929004900622,997
2024-09-19 11:49:37.068,421.30041179806494,7
2024-09-19 11:49:37.091,421.3311084270743,9
2024-09-19 11:49:37.154,421.3157896836576,104
2024-09-19 11:49:37.156,421.3262715214156,95
2024-09-19 11:49:37.181,421.309226462396,104
2024-09-19 11:49:37.194,421.3296409046015,6
2024-09-19 11:49:37.205,421.3319871576955,1004
2024-09-19 11:49:37.440,421.3487076468586,8
2024-09-19 11:49:37.441,421.2970417663924,12
2024-09-19 11:49:37.539,421.30478767615534,8
2024-09-19 11:49:37.550,421.3504047668919,99
2024-09-19 11:49:37.576,421.3191410709271,9
2024-09-19 11:49:37.676,421.3318068757324,7
2024-09-19 11:49:37.679,421.3154758959576,7
2024-09-19 11:49:37.679,421.33586244042414,99
2024-09-19 11:49:37.803,421.3179389798151,9
2024-09-19 11:49:37.851,421.3317924348164,12
2024-09-19 11:49:37.857,421.3350959632517,1003
2024-09-19 11:49:37.862,421.338010556009,997
2024-09-19 11:49:37.886,421.3454130467784,101
2024-09-19 11:49:37.903,421.3209374118327,95
2024-09-19 11:49:37.926,421.333100855212,997
2024-09-19 11:49:37.932,421.3389360699204,98
2024-09-19 11:49:37.970,421.34905947984447,15
2024-09-19 11:49:37.978,421.33323212923005,14
2024-09-19 11:49:37.983,421.2975522124901,1001
2024-09-19 11:49:38.030,421.3536027692021,99
2024-09-19 11:49:38.064,421.35453039109575,98
2024-09-19 11:49:38.110,421.4260727699925,995
2024-09-19 11:49:38.112,421.3505125435698,95
2024-09-19 11:49:38.120,421.4210056420713,14
2024-09-19 11:49:38.139,421.3479945056779,14
2024-09-19 11:49:38.152,421.39531064383584,995
2024-09-19 11:49:38.285,421.38693458904334,97
2024-09-19 11:49:38.295,421.34974508024015,97
2024-09-19 11:49:38.342,421.4180676756477,96
2024-09-19 11:49:38.362,421.411431047477,103
2024-09-19 11:49:38.456,421.3629876277223,15
2024-09-19 11:49:38.471,421.4107041424401,998
2024-09-19 11:49:38.609,421.361686825368,1005
2024-09-19 11:49:38.670,421.41623641271,99
2024-09-19 11:49:38.869,421.39332897531887,1002
2024-09-19 11:49:38.904,421.3180683057252,13
2024-09-19 11:49:38.927,421.4125461076311,95
2024-09-19 11:49:39.010,421.3590885981504,1002
2024-09-19 11:49:39.140,421.347868603152,996
2024-09-19 11:49:39.243,421.3812843570345,1003
2024-09-19 11:49:39.315,421.36603445100025,12
2024-09-19 11:49:39.450,421.3813439872324,995
2024-09-19 11:49:39.538,421.3761321048756,1003
2024-09-19 11:49:39.627,421.406851086805,15
2024-09-19 11:49:39.642,421.3533358646183,1000
2024-09-19 11:49:39.842,421.3864158567386,103
2024-09-19 11:49:39.843,421.3748637842619,1001
2024-09-19 11:49:39.924,421.38940996115934,7
2024-09-19 11:49:39.962,421.415396723978,95
2024-09-19 11:49:39.972,421.3776055417624,998
2024-09-19 11:49:39.977,421.3581950328814,98
2024-09-19 11:49:40.043,421.4559946609893,1005
2024-09-19 11:49:40.049,421.4534216151808,1004
2024-09-19 11:49:40.101,421.4501282342811,13
2024-09-19 11:49:40.188,421.45948280819647,996
2024-09-19 11:49:40.287,421.4479491265116,104
2024-09-19 11:49:40.384,421.4671618589735,998
2024-09-19 11:49:40.462,421.4470954600713,10
2024-09-19 11:49:40.604,421.4538448659329,997
2024-09-19 11:49:40.613,421.4317879006223,8
2024-09-19 11:49:40.627,421.4527698671269,14
2024-09-19 11:49:40.695,421.4478723869044,997
2024-09-19 11:49:40.707,421.4589248691696,103
2024-09-19 11:49:40.756,421.39550038886745,1002
2024-09-19 11:49:40.758,421.4085767723906,10
2024-09-19 11:49:40.850,421.452997191006,999
2024-09-19 11:49:40.850,421.4635841741876,5
2024-09-19 11:49:40.858,421.45546887096594,1004
2024-09-19 11:49:40.860,421.4565273187226,999
2024-09-19 11:49:40.867,421.3993609659773,105
2024-09-19 11:49:40.941,421.4481822690024,9
2024-09-19 11:49:40.948,421.4220078932495,13
2024-09-19 11:49:40.993,421.42992700367057,1003
2024-09-19 11:49:40.995,421.4291911615615,103
2024-09-19 11:49:40.998,421.4598752017284,6
2024-09-19 11:49:42.018,42.13519231701619,1001
2024-09-19 11:49:42.059,421.3738116165553,995
2024-09-19 11:49:42.079,421.3876545831214,5
2024-09-19 11:49:42.093,421.38924146088993,103
2024-09-19 11:49:42.125,421.3467071107036,998
2024-09-19 11:49:42.139,421.3621598600947,1005
2024-09-19 11:49:42.230,,1002
2024-09-19 11:49:42.243,421.3876625817077,5
2024-09-19 11:49:42.262,421.4042666156597,15
2024-09-19 11:49:42.263,421.3503703808163,1004
2024-09-19 11:49:42.275,421.4463054435289,14
2024-09-19 11:49:42.283,421.411549859067,99
2024-09-19 11:49:42.308,421.370353288681,98
2024-09-19 11:49:42.310,421.42002861089264,996
2024-09-19 11:49:42.340,421.3780245092617,13
2024-09-19 11:49:42.386,421.4249701681035,5
2024-09-19 11:49:42.404,421.4194618951696,7
2024-09-19 11:49:42.458,421.35161361899554,13
2024-09-19 11:49:42.548,421.3574464284669,100
2024-09-19 11:49:42.605,421.3896461863931,1004
2024-09-19 11:49:42.634,421.3727036511266,1000
2024-09-19 11:49:42.642,421.4005181785187,8
2024-09-19 11:49:42.683,421.36435941117554,97
2024-09-19 11:49:42.701,421.3628779205621,12
2024-09-19 11:49:42.724,421.3894724898452,15
2024-09-19 11:49:42.724,-421.37195140967646,15
2024-09-19 11:49:42.782,421.4186828954829,1001
2024-09-19 11:49:42.789,421.4333393328332,1003
2024-09-19 11:49:42.813,421.386301258042,1003
2024-09-19 11:49:42.908,421.3822932866085,1004
2024-09-19 11:49:43.277,421.4154789693244,104
2024-09-19 11:49:43.828,421.4508779879925,10
2024-09-19 11:49:43.889,421.4334345353344,101
2024-09-19 11:49:43.907,421.433427368944,999
2024-09-19 11:49:44.018,421.4153477661095,1003
2024-09-19 11:49:44.080,421.3947181106439,96
2024-09-19 11:49:44.087,421.4089021751672,12
2024-09-19 11:49:44.163,421.4244542934932,99
2024-09-19 11:49:44.196,421.4349132608082,98
2024-09-19 11:49:44.273,421.4188378716145,96
2024-09-19 11:49:44.352,421.3993695511468,100
2024-09-19 11:49:44.382,421.3930438027643,97
2024-09-19 11:49:44.404,421.41064930769136,102
2024-09-19 11:49:44.428,421.4305440516084,12
2024-09-19 11:49:44.461,421.4163703355847,997
2024-09-19 11:49:44.475,421.4309552829565,97
2024-09-19 11:49:44.503,421.404677293566,97
2024-09-19 11:49:44.538,421.38943365664153,15
2024-09-19 11:49:44.652,421.4162486400689,99
2024-09-19 11:49:44.801,421.43017461386734,996
2024-09-19 11:49:44.806,421.4317973538761,100
2024-09-19 11:49:44.921,421.4321593011086,1004
2024-09-19 11:49:44.992,421.3994709999532,15
2024-09-19 11:49:45.416,421.3885253667827,102
2024-09-19 11:49:45.517,421.4024594918727,99
2024-09-19 11:49:45.532,421.4222973511274,97
2024-09-19 11:49:45.623,421.4021463364047,12
2024-09-19 11:49:45.769,421.3968637645214,5
2024-09-19 11:49:45.777,421.3868881792713,10
2024-09-19 11:49:45.826,421.38077511512574,998
2024-09-19 11:49:45.859,421.37768859827753,1000
2024-09-19 11:49:45.868,421.3751079178818,12
2024-09-19 11:49:45.998,421.4067716861295,12
2024-09-19 11:49:46.075,421.3666923549106,995
2024-09-19 11:49:46.202,421.3944572634786,6
2024-09-19 11:49:46.425,421.3860782436688,6
2024-09-19 11:49:46.497,421.3563803081779,15
2024-09-19 11:49:46.524,421.3843686749509,15
2024-09-19 11:49:46.548,421.3970364892108,99
2024-09-19 11:49:46.633,421.4027538816466,996
2024-09-19 11:49:46.675,421.3621897054733,105
2024-09-19 11:49:46.686,421.39636560268406,8
2024-09-19 11:49:46.744,421.3873290798703,104
2024-09-19 11:49:46.772,421.4012200408548,98
2024-09-19 11:49:46.782,421.3964257102781,12
2024-09-19 11:49:46.886,421.3994214344996,8
2024-09-19 11:49:47.040,421.4003564160448,1004
2024-09-19 11:49:47.122,421.3976340636101,101
2024-09-19 11:49:47.137,421.405210041583,996
2024-09-19 11:49:47.180,421.4005288947449,10
2024-09-19 11:49:47.265,421.38093619002734,102
2024-09-19 11:49:47.269,421.39629150166047,999
2024-09-19 11:49:47.288,421.4113314227933,13
2024-09-19 11:49:47.362,421.3890119576884,103
2024-09-19 11:49:47.383,421.37180231554106,105
2024-09-19 11:49:47.416,421.39976382155726,998
2024-09-19 11:49:47.449,421.3989834206951,12
2024-09-19 11:49:47.459,421.395308510103,96
2024-09-19 11:49:47.538,421.3975507788448,999
2024-09-19 11:49:47.592,421.38620385225977,996
2024-09-19 11:49:47.621,421.3789425915641,5
2024-09-19 11:49:47.658,421.4057478370356,1004
2024-09-19 11:49:47.692,421.3781241977921,9
2024-09-19 11:49:47.717,421.3985370546821,1003
2024-09-19 11:49:47.802,421.3996606980196,996
2024-09-19 11:49:47.947,-421.3986033240471,99
2024-09-19 11:49:47.968,421.4034306605757,10
2024-09-19 11:49:48.040,421.3242989985844,995
2024-09-19 11:49:48.187,421.3267441973355,102
2024-09-19 11:49:48.241,421.3130981642488,7
2024-09-19 11:49:48.349,421.3647161582032,105
2024-09-19 11:49:48.356,421.3903948981176,9
2024-09-19 11:49:48.411,421.35675537612906,10
2024-09-19 11:49:48.417,421.3204644503507,101
2024-09-19 11:49:48.471,421.3268378166124,95
2024-09-19 11:49:48.479,421.3717021613228,101
2024-09-19 11:49:48.500,421.3511436487505,1001
2024-09-19 11:49:48.554,421.3658127741179,1003
2024-09-19 11:49:48.566,421.3181651802824,100
2024-09-19 11:49:48.605,421.34011524177527,7
2024-09-19 11:49:48.755,-421.33795276172606,7
2024-09-19 11:49:48.787,421.3320984208479,11
2024-09-19 11:49:48.916,421.3280320447786,12
2024-09-19 11:49:48.989,421.3264098438767,9
2024-09-19 11:49:49.002,421.29643761878185,95
2024-09-19 11:49:49.022,421.3395122736263,101
2024-09-19 11:49:49.025,421.3488076949097,1000
2024-09-19 11:49:49.047,421.3331315430384,998
2024-09-19 11:49:49.050,421.2956202608998,14
2024-09-19 11:49:49.061,421.317041823447,9
2024-09-19 11:49:49.093,421.3343144332366,102
2024-09-19 11:49:49.165,421.3598879391278,997
2024-09-19 11:49:49.297,421.37063403979886,1005
2024-09-19 11:49:49.308,421.3287726191925,102
2024-09-19 11:49:49.367,421.361902607728,102
2024-09-19 11:49:49.380,421.3068065534162,10
2024-09-19 11:49:49.594,421.3601464093672,96
2024-09-19 11:49:49.612,421.3551173857502,95
2024-09-19 11:49:49.619,421.3436266527385,1004
2024-09-19 11:49:49.714,421.3261818927761,999
2024-09-19 11:49:49.787,421.2945331481836,100
2024-09-19 11:49:49.935,,13
2024-09-19 11:49:49.938,421.3431745855046,95
2024-09-19 11:49:50.177,421.31179844060335,8
2024-09-19 11:49:50.236,421.3077308467037,995
2024-09-19 11:49:50.465,421.2983067636967,101
2024-09-19 11:49:50.544,421.31562162635504,15
2024-09-19 11:49:50.643,421.3039801890378,997
2024-09-19 11:49:50.723,421.2842862414816,104
2024-09-19 11:49:50.757,421.3338553705855,1003
2024-09-19 11:49:50.991,421.3243331064949,96
2024-09-19 11:49:51.001,421.3919299950924,999
2024-09-19 11:49:51.002,421.38334964509335,10
2024-09-19 11:49:51.106,421.4207685416599,1002
2024-09-19 11:49:51.135,421.4057786730258,8
2024-09-19 11:49:51.174,,97
2024-09-19 11:49:51.212,421.34868194307,7
2024-09-19 11:49:51.254,421.4271330284896,104
2024-09-19 11:49:51.257,421.4243446826085,105
2024-09-19 11:49:51.289,421.4040488065559,997
2024-09-19 11:49:51.295,421.4411743305106,1004
2024-09-19 11:49:51.310,421.4156346456016,998
2024-09-19 11:49:51.360,421.38019130712,999
2024-09-19 11:49:51.371,421.42662766289936,6
2024-09-19 11:49:51.446,421.3860293955455,105
2024-09-19 11:49:51.477,421.368344204634,995
2024-09-19 11:49:51.499,421.3885315757089,100
2024-09-19 11:49:51.534,421.3805836089927,1003
2024-09-19 11:49:51.534,421.37717332419146,14
2024-09-19 11:49:51.542,421.39893186407,995
2024-09-19 11:49:51.585,421.42027918945286,103
2024-09-19 11:49:51.591,421.39133073831954,998
2024-09-19 11:49:51.727,421.4033079741457,997
2024-09-19 11:49:51.771,421.3880857983697,1004
2024-09-19 11:49:51.800,421.4119948281103,996
2024-09-19 11:49:51.919,421.409154595098,1005
2024-09-19 11:49:51.933,421.405623771005,998
2024-09-19 11:49:51.949,421.38133988006274,13
2024-09-19 11:49:51.954,421.3759777151113,998
2024-09-19 11:49:51.966,-421.3656365997818,996
2024-09-19 11:49:52.054,421.3471560491918,98
2024-09-19 11:49:52.067,421.3515474233506,15
2024-09-19 11:49:52.072,421.363485685405,105
2024-09-19 11:49:52.081,421.3752223592103,96
2024-09-19 11:49:52.164,421.3983986039441,998
2024-09-19 11:49:52.229,421.37434670127305,1000
2024-09-19 11:49:52.283,421.3691778191386,101
2024-09-19 11:49:52.299,421.3824556479205,99
2024-09-19 11:49:52.330,421.3680745335372,101
2024-09-19 11:49:52.353,421.35355209264463,104
2024-09-19 11:49:52.527,421.3700930598077,6
2024-09-19 11:49:52.663,421.38195696778587,15
2024-09-19 11:49:52.793,421.3750385797746,1001
2024-09-19 11:49:52.944,421.3768428611846,995
2024-09-19 11:49:53.080,421.4086485101667,97
2024-09-19 11:49:53.120,421.4026603787407,10
2024-09-19 11:49:53.434,421.4430908003481,997
2024-09-19 11:49:53.447,421.4110995749386,96
2024-09-19 11:49:53.461,421.4056183938282,101
2024-09-19 11:49:53.502,421.4475849732454,104
2024-09-19 11:49:53.659,421.4067798103456,8
2024-09-19 11:49:53.802,421.4079947228733,12
2024-09-19 11:49:53.827,421.4537486252828,997
2024-09-19 11:49:53.996,421.4116261118855,5
2024-09-19 11:49:54.093,421.47544837681824,99
2024-09-19 11:49:54.250,421.48698278032793,996
2024-09-19 11:49:54.402,421.4607189276272,5
2024-09-19 11:49:54.961,421.4621033617447,5
2024-09-19 11:49:55.050,421.4623472111211,99
2024-09-19 11:49:55.146,421.4253456984214,998
2024-09-19 11:49:55.172,421.4201002393573,13
2024-09-19 11:49:55.308,421.4814861303905,996
2024-09-19 11:49:55.363,421.4413403766344,101
2024-09-19 11:49:55.426,421.423358715563,999
2024-09-19 11:49:55.505,421.4416855219414,96
2024-09-19 11:49:55.683,421.4554533493133,102
2024-09-19 11:49:55.699,421.46175675189806,996
2024-09-19 11:49:55.704,421.4388834483985,10
2024-09-19 11:49:55.714,421.465830823859,6
2024-09-19 11:49:55.792,421.4326764860663,100
2024-09-19 11:49:55.973,421.43066522241946,7
2024-09-19 11:49:55.989,421.4454362450722,14
2024-09-19 11:49:56.070,421.531339487588,997
2024-09-19 11:49:56.082,421.4805609964801,1003
2024-09-19 11:49:56.117,421.53695709182506,10
2024-09-19 11:49:56.177,421.50011100918334,102
2024-09-19 11:49:56.204,421.4708619247837,99
2024-09-19 11:49:56.221,421.4779132805919,96
2024-09-19 11:49:56.307,421.54928679150873,1000
2024-09-19 11:49:56.361,421.4922377466099,996
2024-09-19 11:49:56.413,421.4894424226756,998
2024-09-19 11:49:56.430,421.4858387084805,105
2024-09-19 11:49:56.477,421.4748406269436,101
2024-09-19 11:49:56.499,421.4782455649886,8
2024-09-19 11:49:56.559,421.5627879793699,99
2024-09-19 11:49:56.640,421.48274064580295,1004
2024-09-19 11:49:56.652,421.47331019860576,13
2024-09-19 11:49:56.713,421.5448927943133,12
2024-09-19 11:49:56.806,421.53104542782063,1000
2024-09-19 11:49:56.814,421.5441035785483,101
2024-09-19 11:49:56.849,421.4728258753972,995
2024-09-19 11:49:56.851,421.53958955745446,100
2024-09-19 11:49:56.862,421.52459757963976,96
2024-09-19 11:49:56.886,421.4812337584157,104
2024-09-19 11:49:56.913,421.5403354571195,6
2024-09-19 11:49:57.922,421.5285994477809,996
2024-09-19 11:49:58.086,421.5976626710464,95
2024-09-19 11:49:58.099,421.6109148501604,9
2024-09-19 11:49:58.188,421.6092334765512,1000
2024-09-19 11:49:58.193,42.1592127142035,15
2024-09-19 11:49:58.329,421.6028385805504,101
2024-09-19 11:49:58.477,421.5755706621701,102
2024-09-19 11:49:58.527,421.57990276300944,102
2024-09-19 11:49:58.543,421.55959457534334,99
2024-09-19 11:49:58.607,421.60866933647634,996
2024-09-19 11:49:58.769,421.60147927306855,998
2024-09-19 11:49:58.931,421.5537866496422,99
2024-09-19 11:49:59.057,421.54816672702,105
2024-09-19 11:49:59.067,421.6155916135497,11
2024-09-19 11:49:59.087,421.6035775693136,101
2024-09-19 11:49:59.087,42.15667675587464,996
2024-09-19 11:49:59.114,421.5913897720984,100
2024-09-19 11:49:59.116,421.53459344841735,998
2024-09-19 11:49:59.156,421.5490179806449,999
2024-09-19 11:49:59.192,421.6186575094178,10
2024-09-19 11:49:59.278,421.5384428986933,999
2024-09-19 11:49:59.309,421.6199375427972,13
2024-09-19 11:49:59.383,421.6078103427837,1003
2024-09-19 11:49:59.425,421.5663113190301,13
2024-09-19 11:49:59.470,421.6101203529095,999
2024-09-19 11:49:59.481,421.6230677943487,96
2024-09-19 11:49:59.533,421.6105647346229,5
2024-09-19 11:49:59.578,421.5524103923381,104
2024-09-19 11:49:59.616,421.610488037026,1002
2024-09-19 11:49:59.658,421.5944251450776,10
2024-09-19 11:49:59.678,421.5851019017084,1004
2024-09-19 11:49:59.705,421.6045783102324,1001
2024-09-19 11:49:59.736,421.5952361489968,98
2024-09-19 11:49:59.778,421.6100321345641,8
2024-09-19 11:49:59.791,421.5846820895157,8
2024-09-19 11:49:59.836,421.6041089820453,104
2024-09-19 11:49:59.909,421.622652438555,96
2024-09-19 11:49:59.951,421.5887151784235,6
