Timestamp,Price,Size
2024-09-19 12:50:00.033,424.4898863175355,11
2024-09-19 12:50:00.077,424.4875743073009,1001
2024-09-19 12:50:00.096,424.50371306539546,104
2024-09-19 12:50:00.159,424.5453501508061,9
2024-09-19 12:50:00.234,424.5143400760022,96
2024-09-19 12:50:00.288,424.4935639596902,13
2024-09-19 12:50:00.293,424.5893816394541,15
2024-09-19 12:50:00.301,424.5003980506382,9
2024-09-19 12:50:00.326,424.5168598810802,998
2024-09-19 12:50:00.400,424.5094554420208,1000
2024-09-19 12:50:00.448,424.5013476540972,104
2024-09-19 12:50:00.461,424.5903361815039,998
2024-09-19 12:50:00.506,424.5191875761985,103
2024-09-19 12:50:00.572,424.5631740683564,103
2024-09-19 12:50:00.612,424.4997291187116,100
2024-09-19 12:50:00.631,424.52737532315257,98
2024-09-19 12:50:00.644,424.5928519085433,1004
2024-09-19 12:50:00.728,424.5646468193101,14
2024-09-19 12:50:00.762,424.597113351453,13
2024-09-19 12:50:00.798,424.5035991040928,103
2024-09-19 12:50:00.838,424.5654266479235,98
2024-09-19 12:50:00.861,424.5324174876688,998
2024-09-19 12:50:00.866,424.4976877951298,97
2024-09-19 12:50:00.873,424.4799123637198,102
2024-09-19 12:50:00.986,424.5826150538623,98
2024-09-19 12:50:01.183,424.52614736728526,5
2024-09-19 12:50:01.189,424.50022282587975,102
2024-09-19 12:50:01.239,424.5003456267619,999
2024-09-19 12:50:01.286,424.5096801732516,8
2024-09-19 12:50:01.423,424.5370238809432,102
2024-09-19 12:50:01.542,424.4989639787794,1003
2024-09-19 12:50:01.555,424.4977813445082,1003
2024-09-19 12:50:01.560,424.4969531987873,96
2024-09-19 12:50:01.574,424.540525655576,10
2024-09-19 12:50:01.601,42.45075418501996,105
2024-09-19 12:50:01.711,424.4980429071012,997
2024-09-19 12:50:01.817,424.50857517669954,9
2024-09-19 12:50:02.015,424.5626427059919,1001
2024-09-19 12:50:02.132,424.5303580629398,10
2024-09-19 12:50:02.192,424.5510644876381,101
2024-09-19 12:50:02.369,424.5536239356389,105
2024-09-19 12:50:02.375,424.5457199313405,15
2024-09-19 12:50:02.438,424.57066022759074,13
2024-09-19 12:50:02.652,424.5794496671426,96
2024-09-19 12:50:02.695,424.55945336071153,7
2024-09-19 12:50:02.769,424.53623507733,105
2024-09-19 12:50:02.963,424.5737692941355,6
2024-09-19 12:50:03.056,424.5941048590373,1002
2024-09-19 12:50:03.293,424.5763856221364,99
2024-09-19 12:50:03.442,42.45868343187925,100
2024-09-19 12:50:04.253,,12
2024-09-19 12:50:04.282,424.5473902396532,1004
2024-09-19 12:50:04.297,424.5566800952103,997
2024-09-19 12:50:04.300,424.54867049723634,5
2024-09-19 12:50:04.328,424.5845942843357,11
2024-09-19 12:50:04.352,424.597090353029,99
2024-09-19 12:50:04.362,424.5635857699188,998
2024-09-19 12:50:04.363,424.5585790499528,6
2024-09-19 12:50:04.435,424.543136958474,95
2024-09-19 12:50:04.441,424.510413337665,11
2024-09-19 12:50:04.457,424.5398062412797,95
2024-09-19 12:50:04.492,424.5230374488343,97
2024-09-19 12:50:04.511,424.5698865052908,103
2024-09-19 12:50:04.512,424.5542737626497,998
2024-09-19 12:50:04.633,424.5342037080624,1002
2024-09-19 12:50:04.642,424.54263007815433,1003
2024-09-19 12:50:04.662,424.5575333301345,103
2024-09-19 12:50:04.741,424.53701277791055,8
2024-09-19 12:50:04.780,424.55752123328017,9
2024-09-19 12:50:04.785,424.5901280498345,1001
2024-09-19 12:50:04.835,424.53263246281887,99
2024-09-19 12:50:04.884,424.51576077915433,1003
2024-09-19 12:50:04.972,424.5290901340695,15
2024-09-19 12:50:04.987,424.5888829230689,101
2024-09-19 12:50:05.028,424.6201793354181,1000
2024-09-19 12:50:05.062,424.56879548506174,98
2024-09-19 12:50:05.079,424.5175426153918,998
2024-09-19 12:50:05.084,424.5133168127418,999
2024-09-19 12:50:05.222,424.596972367484,102
2024-09-19 12:50:05.232,424.6269200051251,1002
2024-09-19 12:50:05.236,424.4895837710726,13
2024-09-19 12:50:05.264,424.5461209925435,99
2024-09-19 12:50:05.276,424.5916633963778,97
2024-09-19 12:50:05.285,424.6103636534057,103
2024-09-19 12:50:05.293,424.54442411795935,5
2024-09-19 12:50:05.322,424.5493057604941,1002
2024-09-19 12:50:05.404,424.5430574378157,13
2024-09-19 12:50:05.440,424.5965174924183,11
2024-09-19 12:50:05.521,424.5193336170904,998
2024-09-19 12:50:05.528,424.61951090771424,105
2024-09-19 12:50:05.596,424.50385188902544,999
2024-09-19 12:50:05.627,424.626826878594,1002
2024-09-19 12:50:05.690,424.5838097045636,104
2024-09-19 12:50:05.694,424.5100660247479,99
2024-09-19 12:50:05.841,,12
2024-09-19 12:50:05.844,424.5549859965956,13
2024-09-19 12:50:05.889,424.5529149543116,7
2024-09-19 12:50:05.915,424.52429220370254,11
2024-09-19 12:50:05.993,424.6272710690328,1002
2024-09-19 12:50:06.032,424.5343771957796,100
2024-09-19 12:50:06.080,424.50601752626426,100
2024-09-19 12:50:06.165,424.5292914875732,14
2024-09-19 12:50:06.167,424.525927298668,12
2024-09-19 12:50:06.251,424.52070620426304,7
2024-09-19 12:50:06.357,424.5117739867752,7
2024-09-19 12:50:06.484,424.54385667707584,95
2024-09-19 12:50:06.652,424.5004049640918,1001
2024-09-19 12:50:06.663,424.5437006429865,102
2024-09-19 12:50:06.768,424.55182018019735,1002
2024-09-19 12:50:06.784,424.5446922420749,1004
2024-09-19 12:50:06.851,424.5146884281292,100
2024-09-19 12:50:06.902,424.5283753490777,10
2024-09-19 12:50:07.025,424.51716571775233,996
2024-09-19 12:50:07.035,424.61212510525206,98
2024-09-19 12:50:07.087,424.5348614503426,12
2024-09-19 12:50:07.180,424.4991227809203,102
2024-09-19 12:50:07.207,424.5833574222274,10
2024-09-19 12:50:07.209,424.52287469486095,998
2024-09-19 12:50:07.245,424.5096816688408,1002
2024-09-19 12:50:07.305,-424.53644656033634,95
2024-09-19 12:50:07.384,424.56141140449125,98
2024-09-19 12:50:07.559,424.5509280277756,11
2024-09-19 12:50:07.590,424.5987163545291,99
2024-09-19 12:50:07.611,424.59577520351286,1000
2024-09-19 12:50:07.614,424.5502618792463,101
2024-09-19 12:50:07.656,424.5409561906423,98
2024-09-19 12:50:07.660,424.54912909964673,995
2024-09-19 12:50:07.816,424.5323038724399,15
2024-09-19 12:50:07.876,424.577291378657,1001
2024-09-19 12:50:07.955,424.6060643683642,7
2024-09-19 12:50:07.959,424.5219480606296,102
2024-09-19 12:50:08.035,424.5895190692957,99
2024-09-19 12:50:08.772,424.5878586655349,996
2024-09-19 12:50:09.065,424.5543422544311,1005
2024-09-19 12:50:09.117,424.5872988387878,1005
2024-09-19 12:50:09.275,424.5528296344982,97
2024-09-19 12:50:09.311,424.5796829509499,95
2024-09-19 12:50:09.360,424.6039024229838,997
2024-09-19 12:50:09.369,424.58089547384594,95
2024-09-19 12:50:09.383,424.54206621254,1002
2024-09-19 12:50:09.389,424.590139548996,96
2024-09-19 12:50:09.422,424.6170045962756,103
2024-09-19 12:50:09.448,424.60092564219593,1000
2024-09-19 12:50:09.527,424.5682099756161,1004
2024-09-19 12:50:09.552,424.5787120378192,97
2024-09-19 12:50:09.622,424.5646725754132,9
2024-09-19 12:50:09.817,424.5944070935801,1001
2024-09-19 12:50:09.869,424.5705007055448,101
2024-09-19 12:50:09.882,424.6024158226304,9
2024-09-19 12:50:09.923,424.5627677032202,996
2024-09-19 12:50:10.376,424.55993804955455,1000
2024-09-19 12:50:10.880,424.5677658214148,105
2024-09-19 12:50:11.420,424.5940151802365,14
2024-09-19 12:50:11.714,424.562195161287,997
2024-09-19 12:50:11.744,424.5917304581545,104
2024-09-19 12:50:11.811,424.5725831071162,9
2024-09-19 12:50:11.889,424.5978785522136,98
2024-09-19 12:50:12.115,424.57863560063566,999
2024-09-19 12:50:12.119,424.5506516787165,1003
2024-09-19 12:50:12.119,424.5715933999599,998
2024-09-19 12:50:12.156,424.5454505603765,5
2024-09-19 12:50:12.272,424.6075748899502,8
2024-09-19 12:50:12.399,424.5674838256536,13
2024-09-19 12:50:12.437,,11
2024-09-19 12:50:12.455,424.5800359628044,6
2024-09-19 12:50:12.524,424.5697520181095,6
2024-09-19 12:50:12.557,424.58612354696544,102
2024-09-19 12:50:12.563,424.5507756545595,15
2024-09-19 12:50:12.591,424.6043854924425,11
2024-09-19 12:50:12.619,424.5805517664941,102
2024-09-19 12:50:12.631,424.5639125466558,11
2024-09-19 12:50:12.631,424.5651440825872,14
2024-09-19 12:50:12.736,424.5739497640458,14
2024-09-19 12:50:12.746,424.5760974421639,1003
2024-09-19 12:50:12.800,424.5799813363522,1003
2024-09-19 12:50:12.873,424.5700314397414,7
2024-09-19 12:50:12.874,424.55144700522754,1003
2024-09-19 12:50:12.881,424.5798495104439,96
2024-09-19 12:50:12.900,-424.57248564812807,15
2024-09-19 12:50:12.907,424.5956627971969,998
2024-09-19 12:50:12.959,424.573793557538,997
2024-09-19 12:50:12.981,424.5654717201151,1005
2024-09-19 12:50:13.070,424.5606515958484,14
2024-09-19 12:50:13.266,424.47931949752285,6
2024-09-19 12:50:13.301,424.55186622012457,998
2024-09-19 12:50:13.442,424.5038167120372,104
2024-09-19 12:50:13.451,42.45402890248141,96
2024-09-19 12:50:13.599,424.49502202364295,100
2024-09-19 12:50:13.782,424.4684761799011,97
2024-09-19 12:50:14.051,424.4260638076459,95
2024-09-19 12:50:14.069,424.40018050184045,98
2024-09-19 12:50:14.122,424.4300034904607,102
2024-09-19 12:50:14.269,424.4263390099643,14
2024-09-19 12:50:14.298,424.43847083865774,12
2024-09-19 12:50:14.342,424.42217220114185,998
2024-09-19 12:50:14.349,424.41125119313614,13
2024-09-19 12:50:14.380,424.3966965147128,15
2024-09-19 12:50:14.413,424.39576927860014,10
2024-09-19 12:50:14.447,424.4050186949856,10
2024-09-19 12:50:14.528,424.4006372848021,9
2024-09-19 12:50:14.541,424.4264192373962,103
2024-09-19 12:50:14.572,424.4170344971001,100
2024-09-19 12:50:14.599,424.40321586042825,6
2024-09-19 12:50:14.621,424.449442425283,98
2024-09-19 12:50:14.666,424.4314412795768,1003
2024-09-19 12:50:14.675,424.3858722353632,102
2024-09-19 12:50:14.714,424.4181099371435,1004
2024-09-19 12:50:14.721,424.4029682996957,11
2024-09-19 12:50:14.872,424.4248389936945,7
2024-09-19 12:50:14.908,424.4087026884018,7
2024-09-19 12:50:14.944,424.42849438973633,105
2024-09-19 12:50:14.969,424.4505317707357,105
2024-09-19 12:50:15.014,424.3943775464701,996
2024-09-19 12:50:15.016,424.4075591934902,996
2024-09-19 12:50:15.124,424.3747357357345,10
2024-09-19 12:50:15.130,424.3723427649285,995
2024-09-19 12:50:15.145,424.3792599495134,15
2024-09-19 12:50:15.167,424.3817288744946,1005
2024-09-19 12:50:15.178,424.36014296900254,1004
2024-09-19 12:50:15.236,424.4354046849642,1005
2024-09-19 12:50:15.252,424.4385567024575,11
2024-09-19 12:50:15.296,424.3713391498204,98
2024-09-19 12:50:15.370,424.38901209525886,102
2024-09-19 12:50:15.378,424.3723075229237,14
2024-09-19 12:50:15.482,424.45036026541135,6
2024-09-19 12:50:15.523,424.3779679665663,995
2024-09-19 12:50:15.537,424.44492496524,996
2024-09-19 12:50:15.600,424.3980714531257,97
2024-09-19 12:50:15.624,424.3998989762317,7
2024-09-19 12:50:15.632,424.37093309811,998
2024-09-19 12:50:15.635,424.3634058294389,7
2024-09-19 12:50:15.675,424.3593973109146,102
2024-09-19 12:50:15.730,,995
2024-09-19 12:50:15.750,424.4441894922775,998
2024-09-19 12:50:15.788,424.4393682068922,97
2024-09-19 12:50:15.881,424.3854528045297,101
2024-09-19 12:50:15.903,424.3798933812541,1002
2024-09-19 12:50:15.907,424.3877022864457,96
2024-09-19 12:50:15.937,424.423764955782,99
2024-09-19 12:50:16.020,424.4532458400008,103
2024-09-19 12:50:16.234,424.41069034495007,12
2024-09-19 12:50:16.264,424.4228550002954,103
2024-09-19 12:50:16.409,424.4482858079925,1002
2024-09-19 12:50:16.414,424.4219200267347,102
2024-09-19 12:50:16.422,424.41615176422073,997
2024-09-19 12:50:16.459,424.46257885669246,98
2024-09-19 12:50:16.531,424.4349732523482,98
2024-09-19 12:50:16.630,424.4618873907521,101
2024-09-19 12:50:16.650,424.43555478789057,98
2024-09-19 12:50:16.694,424.4055698473815,997
2024-09-19 12:50:16.753,424.46256387732535,5
2024-09-19 12:50:16.765,424.4226526362527,104
2024-09-19 12:50:16.787,424.4529796571133,12
2024-09-19 12:50:16.789,424.4343914910672,1001
2024-09-19 12:50:16.811,424.4335902279432,99
2024-09-19 12:50:16.869,424.4552440589387,997
2024-09-19 12:50:16.922,424.4596320856953,9
2024-09-19 12:50:16.929,424.4183409269501,99
2024-09-19 12:50:16.962,424.42719460462536,1003
2024-09-19 12:50:17.046,424.453271503347,101
2024-09-19 12:50:17.128,424.4378204352294,102
2024-09-19 12:50:17.201,424.4339070577256,97
2024-09-19 12:50:17.206,424.4371180983143,13
2024-09-19 12:50:17.254,424.4477156267832,10
2024-09-19 12:50:17.259,424.4469796025566,96
2024-09-19 12:50:17.376,424.4117755021821,998
2024-09-19 12:50:17.398,424.3923651287345,999
2024-09-19 12:50:17.545,424.4376433779469,998
2024-09-19 12:50:17.717,424.441000302846,1003
2024-09-19 12:50:17.730,424.4631127676293,1000
2024-09-19 12:50:17.752,424.4471654579284,995
2024-09-19 12:50:17.780,424.3834421516784,7
2024-09-19 12:50:17.796,424.43239462758805,999
2024-09-19 12:50:17.848,424.44407701259206,97
2024-09-19 12:50:19.097,424.4295834184208,1001
2024-09-19 12:50:19.124,424.3847746135722,998
2024-09-19 12:50:19.165,424.4091862903662,97
2024-09-19 12:50:19.287,424.4102155527116,104
2024-09-19 12:50:19.397,424.39239229999606,103
2024-09-19 12:50:19.454,42.44202360808018,998
2024-09-19 12:50:19.507,424.44051038032353,997
2024-09-19 12:50:19.516,424.42634376645486,103
2024-09-19 12:50:19.536,424.39348598665,9
2024-09-19 12:50:19.553,424.4238304885694,1003
2024-09-19 12:50:19.565,424.413115832406,105
2024-09-19 12:50:19.568,424.3899115412251,998
2024-09-19 12:50:19.602,424.39743470103406,1003
2024-09-19 12:50:19.603,424.4146629121197,995
2024-09-19 12:50:19.611,424.4401146214014,8
2024-09-19 12:50:19.668,424.3967684468032,6
2024-09-19 12:50:19.726,424.3996116457636,11
2024-09-19 12:50:19.812,424.3989077613752,96
2024-09-19 12:50:19.831,424.3983593728212,99
2024-09-19 12:50:19.863,424.4084405080876,1003
2024-09-19 12:50:19.882,424.4227012631471,11
2024-09-19 12:50:19.901,424.429889189251,995
2024-09-19 12:50:19.932,424.39535382941307,998
2024-09-19 12:50:19.934,424.3902268722907,15
2024-09-19 12:50:19.942,424.4015751324828,999
2024-09-19 12:50:19.961,424.4011456762203,95
2024-09-19 12:50:19.989,424.4272044792102,103
2024-09-19 12:50:20.282,424.4119052604132,99
2024-09-19 12:50:20.530,424.3739879379253,101
2024-09-19 12:50:20.552,424.3941582937515,9
2024-09-19 12:50:20.650,424.3965310135045,98
2024-09-19 12:50:20.883,424.3875003290408,1003
2024-09-19 12:50:20.890,424.4198477217745,101
2024-09-19 12:50:21.002,424.39607771900216,1004
2024-09-19 12:50:21.162,424.3759879194032,998
2024-09-19 12:50:21.166,42.44213539432248,998
2024-09-19 12:50:21.294,424.4264544687542,1003
2024-09-19 12:50:21.357,424.3707579048113,11
2024-09-19 12:50:21.370,424.3722967495879,15
2024-09-19 12:50:21.374,424.3906923306701,105
2024-09-19 12:50:21.543,424.42596460263695,96
2024-09-19 12:50:21.574,,1004
2024-09-19 12:50:21.641,424.386323026419,102
2024-09-19 12:50:21.660,424.3984559936685,1004
2024-09-19 12:50:21.668,424.3972191817284,1002
2024-09-19 12:50:21.744,424.4347851595916,95
2024-09-19 12:50:21.799,424.3713590310458,996
2024-09-19 12:50:21.920,424.4126441332318,9
2024-09-19 12:50:21.939,424.3946530686634,14
2024-09-19 12:50:22.041,424.4281959118863,95
2024-09-19 12:50:22.069,424.4777758405539,103
2024-09-19 12:50:22.083,424.460123925191,10
2024-09-19 12:50:22.116,424.4348410147333,95
2024-09-19 12:50:22.140,424.4514671699581,996
2024-09-19 12:50:22.156,424.48993161930224,997
2024-09-19 12:50:22.288,424.4609876204446,101
2024-09-19 12:50:22.288,424.4961983814293,12
2024-09-19 12:50:22.291,424.46256104046654,100
2024-09-19 12:50:22.336,424.45780550289,12
2024-09-19 12:50:22.336,424.44518425568543,1004
2024-09-19 12:50:22.346,424.45395303797983,15
2024-09-19 12:50:22.363,424.45190032829777,11
2024-09-19 12:50:22.366,424.45514195962784,8
2024-09-19 12:50:22.405,424.4386776501753,1003
2024-09-19 12:50:22.420,424.4475290605079,97
2024-09-19 12:50:22.440,424.4460232639774,8
2024-09-19 12:50:22.505,424.433187646593,5
2024-09-19 12:50:22.522,424.429840483558,1001
2024-09-19 12:50:22.532,424.446215669916,103
2024-09-19 12:50:22.611,424.4405792991722,5
2024-09-19 12:50:22.712,424.44110208440895,13
2024-09-19 12:50:22.835,424.4361287630946,1004
2024-09-19 12:50:22.847,424.459612296361,1002
2024-09-19 12:50:22.865,424.4367431750774,12
2024-09-19 12:50:22.871,424.4380146762822,13
2024-09-19 12:50:22.914,424.4443259831391,95
2024-09-19 12:50:22.986,424.4255565667724,996
2024-09-19 12:50:23.119,424.4892489274709,100
2024-09-19 12:50:23.164,424.4812490965468,101
2024-09-19 12:50:23.583,424.48692672172393,100
2024-09-19 12:50:24.203,424.4568487222408,15
2024-09-19 12:50:24.373,424.4752392766322,1004
2024-09-19 12:50:24.423,424.4595075351382,102
2024-09-19 12:50:24.498,424.4714621417267,1003
2024-09-19 12:50:24.703,424.4658576814961,102
2024-09-19 12:50:24.707,424.4669413611864,96
2024-09-19 12:50:24.775,424.4565840730476,1000
2024-09-19 12:50:24.907,424.4617378284612,11
2024-09-19 12:50:24.909,424.46445796619935,12
2024-09-19 12:50:25.199,-424.4717255774491,96
2024-09-19 12:50:25.641,424.4574918879757,1002
2024-09-19 12:50:25.797,424.4742968688448,98
2024-09-19 12:50:25.934,424.47380233823134,103
2024-09-19 12:50:26.177,424.4590964548297,103
2024-09-19 12:50:26.482,424.503051658013,11
2024-09-19 12:50:26.617,424.4962980350135,997
2024-09-19 12:50:26.639,424.51038606054914,97
2024-09-19 12:50:26.900,424.4630934301642,10
2024-09-19 12:50:26.951,424.4553117567936,1000
2024-09-19 12:50:26.987,424.4640422992926,12
2024-09-19 12:50:27.002,424.41545653516687,11
2024-09-19 12:50:27.089,424.3749254660413,997
2024-09-19 12:50:27.109,424.47423693748,1002
2024-09-19 12:50:27.145,424.3261386887987,1003
2024-09-19 12:50:27.210,424.359661840291,104
2024-09-19 12:50:27.271,424.3540419284176,996
2024-09-19 12:50:27.276,424.36367867837714,10
2024-09-19 12:50:27.304,424.3639422118212,100
2024-09-19 12:50:27.340,424.4014967074782,100
2024-09-19 12:50:27.431,424.47863525311146,97
2024-09-19 12:50:27.480,424.47149215320775,12
2024-09-19 12:50:27.494,424.4566624081499,96
2024-09-19 12:50:27.546,424.3931002163736,102
2024-09-19 12:50:27.584,424.4328857933827,105
2024-09-19 12:50:27.610,424.4145546293898,1001
2024-09-19 12:50:27.663,424.4365182990515,1002
2024-09-19 12:50:27.736,424.4124310386723,995
2024-09-19 12:50:27.754,424.48335727572334,1000
2024-09-19 12:50:27.759,424.4186879785597,995
2024-09-19 12:50:27.795,424.3885773576533,1000
2024-09-19 12:50:27.809,424.3109069026619,99
2024-09-19 12:50:27.860,424.4124941706124,1002
2024-09-19 12:50:27.863,424.4810490389297,997
2024-09-19 12:50:27.933,424.3246341662151,100
2024-09-19 12:50:27.986,424.3778364918568,15
2024-09-19 12:50:28.025,424.3154098556332,100
2024-09-19 12:50:28.117,424.2877675186528,1004
2024-09-19 12:50:28.156,424.2796070104949,103
2024-09-19 12:50:28.179,424.29252949259705,103
2024-09-19 12:50:28.189,424.2681645405797,14
2024-09-19 12:50:28.224,424.31876146568936,15
2024-09-19 12:50:28.266,424.2794037894572,14
2024-09-19 12:50:28.274,424.2715392611471,9
2024-09-19 12:50:28.371,424.2760063660752,13
2024-09-19 12:50:28.375,424.2925807971045,9
2024-09-19 12:50:28.380,424.2703372891209,12
2024-09-19 12:50:28.399,424.3027783143104,98
2024-09-19 12:50:28.415,424.2827206459546,1002
2024-09-19 12:50:28.500,424.280237247256,105
2024-09-19 12:50:28.519,424.30823136678737,997
2024-09-19 12:50:28.520,424.30647010024927,9
2024-09-19 12:50:28.579,424.3057967909326,99
2024-09-19 12:50:28.630,424.32697685750736,1002
2024-09-19 12:50:28.676,424.27575989667406,14
2024-09-19 12:50:28.766,424.3275345748448,10
2024-09-19 12:50:28.791,424.2679857803591,11
2024-09-19 12:50:28.862,424.29040914459216,997
2024-09-19 12:50:28.906,424.2970899466287,15
2024-09-19 12:50:29.088,424.30511117281935,1002
2024-09-19 12:50:29.132,424.2929079622676,10
2024-09-19 12:50:29.233,424.27340609263246,999
2024-09-19 12:50:29.497,424.2775776127359,99
2024-09-19 12:50:29.527,424.2963524204599,1001
2024-09-19 12:50:29.627,424.2839818439799,999
2024-09-19 12:50:29.682,424.2836695009876,102
2024-09-19 12:50:29.742,424.30000765044974,9
2024-09-19 12:50:29.812,424.27107346225824,1003
2024-09-19 12:50:29.841,424.2914849355044,1002
2024-09-19 12:50:29.897,424.2835666811197,14
2024-09-19 12:50:29.935,424.2703963800183,9
2024-09-19 12:50:30.017,424.3372538797412,101
2024-09-19 12:50:30.082,424.3084257289729,1001
2024-09-19 12:50:30.181,424.296028361604,96
2024-09-19 12:50:30.207,424.3756882654908,9
2024-09-19 12:50:30.236,424.36707029274777,13
2024-09-19 12:50:30.310,424.3392071451029,995
2024-09-19 12:50:30.344,424.3225995592539,101
2024-09-19 12:50:30.361,424.38987903815166,5
2024-09-19 12:50:30.408,424.2808439054068,100
2024-09-19 12:50:30.470,424.376037306258,11
2024-09-19 12:50:30.497,424.3553818745377,7
2024-09-19 12:50:30.577,424.29341310143457,99
2024-09-19 12:50:30.644,424.3457958677657,1005
2024-09-19 12:50:30.798,424.3076329978944,99
2024-09-19 12:50:30.968,424.30653676212944,996
2024-09-19 12:50:30.984,424.2782801174845,13
2024-09-19 12:50:31.097,424.3691690953359,1000
2024-09-19 12:50:31.111,424.3831563351946,103
2024-09-19 12:50:31.258,424.3728571715782,1000
2024-09-19 12:50:31.287,424.40256559088107,101
2024-09-19 12:50:31.306,424.3534659782185,995
2024-09-19 12:50:31.335,424.3835415522752,998
2024-09-19 12:50:31.350,424.372229708705,7
2024-09-19 12:50:31.402,424.3529260326013,1005
2024-09-19 12:50:31.504,424.3923427561252,95
2024-09-19 12:50:31.507,424.3940277194575,1000
2024-09-19 12:50:31.509,424.3800787319456,1001
2024-09-19 12:50:31.546,424.3843070221018,12
2024-09-19 12:50:31.558,424.3736064410466,105
2024-09-19 12:50:31.641,424.3641762440748,1003
2024-09-19 12:50:31.643,424.3684392263201,995
2024-09-19 12:50:31.654,424.3579368939308,9
2024-09-19 12:50:31.715,424.3658734572166,10
2024-09-19 12:50:31.752,424.3884563339641,105
2024-09-19 12:50:31.765,424.3524159091117,11
2024-09-19 12:50:31.767,424.3628377268484,95
2024-09-19 12:50:31.775,424.37258598015,12
2024-09-19 12:50:31.843,424.38218329395175,1001
2024-09-19 12:50:31.888,424.3791397898557,10
2024-09-19 12:50:31.993,424.3911264996645,12
2024-09-19 12:50:32.004,424.3362448814246,99
2024-09-19 12:50:32.032,424.394838607292,7
2024-09-19 12:50:32.048,424.38747906014856,104
2024-09-19 12:50:32.078,424.3707118736715,13
2024-09-19 12:50:32.110,424.3709477083944,1005
2024-09-19 12:50:32.125,424.4071932967425,998
2024-09-19 12:50:32.138,424.3696255163478,7
2024-09-19 12:50:32.213,424.3941897912785,13
2024-09-19 12:50:32.296,424.344932449205,101
2024-09-19 12:50:32.306,424.3815085387317,101
2024-09-19 12:50:32.318,424.3666716152414,102
2024-09-19 12:50:32.338,424.39688545951896,15
2024-09-19 12:50:32.349,424.3655513516076,15
2024-09-19 12:50:32.360,424.33561684874434,12
2024-09-19 12:50:32.405,424.3476945942744,102
2024-09-19 12:50:32.804,424.3324099732354,997
2024-09-19 12:50:32.822,424.3620023786112,13
2024-09-19 12:50:32.841,424.3832605114493,10
2024-09-19 12:50:32.981,424.3826944084681,96
2024-09-19 12:50:32.997,424.35522413093145,1004
2024-09-19 12:50:33.083,424.3442812033282,1003
2024-09-19 12:50:33.131,424.35220553850735,11
2024-09-19 12:50:33.645,424.3386291086901,104
2024-09-19 12:50:34.041,424.3910765072408,1002
2024-09-19 12:50:34.199,424.37164845428987,1005
2024-09-19 12:50:34.216,424.38071530973554,105
2024-09-19 12:50:34.226,424.3733819716391,102
2024-09-19 12:50:34.270,424.371147635016,15
2024-09-19 12:50:34.656,424.3823932880708,95
2024-09-19 12:50:34.904,424.3849655431778,11
2024-09-19 12:50:34.923,424.3712805936064,96
2024-09-19 12:50:35.037,424.3987326996176,10
2024-09-19 12:50:35.097,424.4037919224986,1003
2024-09-19 12:50:35.246,424.3943071224079,102
2024-09-19 12:50:35.281,424.3831304866052,13
2024-09-19 12:50:35.392,424.3934005432154,97
2024-09-19 12:50:35.437,424.41910577379866,999
2024-09-19 12:50:35.487,424.3964329187688,1003
2024-09-19 12:50:35.503,424.3854073736021,15
2024-09-19 12:50:35.566,424.40790276008624,1001
2024-09-19 12:50:35.653,424.4065994758881,9
2024-09-19 12:50:35.682,424.4304462847408,10
2024-09-19 12:50:35.701,424.4117730970627,15
2024-09-19 12:50:35.704,424.4077534968831,1002
2024-09-19 12:50:35.723,424.4313752299497,8
2024-09-19 12:50:35.731,424.39237751325226,1005
2024-09-19 12:50:35.758,424.3999331261786,1001
2024-09-19 12:50:35.789,,102
2024-09-19 12:50:35.863,424.40739377647,7
2024-09-19 12:50:35.928,424.40931576627696,995
2024-09-19 12:50:35.996,424.39255446240105,104
2024-09-19 12:50:36.039,424.45055914512574,98
2024-09-19 12:50:36.062,424.44961092254863,14
2024-09-19 12:50:36.134,424.4442822086429,98
2024-09-19 12:50:36.250,424.4560169481719,995
2024-09-19 12:50:36.270,424.4293836406303,1002
2024-09-19 12:50:36.335,424.4693034920214,105
2024-09-19 12:50:36.364,424.4814079913171,997
2024-09-19 12:50:36.366,424.4425294458256,1000
2024-09-19 12:50:36.437,424.438481711357,5
2024-09-19 12:50:36.464,424.4613273904466,5
2024-09-19 12:50:36.465,424.4507065878149,1002
2024-09-19 12:50:36.469,424.4465258103028,97
2024-09-19 12:50:36.515,424.4547434585541,95
2024-09-19 12:50:36.549,424.4717443200657,95
2024-09-19 12:50:36.593,,99
2024-09-19 12:50:36.629,424.4522026430985,1004
2024-09-19 12:50:36.664,424.41719626349766,100
2024-09-19 12:50:36.683,424.46093192142,15
2024-09-19 12:50:36.701,424.4790440451722,5
2024-09-19 12:50:36.750,424.4536643952003,998
2024-09-19 12:50:36.803,424.4575445771685,1000
2024-09-19 12:50:36.814,424.479078014217,999
2024-09-19 12:50:36.830,424.4221103386394,995
2024-09-19 12:50:36.861,,104
2024-09-19 12:50:36.885,424.4589564179515,7
2024-09-19 12:50:36.893,424.4656354988971,12
2024-09-19 12:50:36.898,424.4275630861732,15
2024-09-19 12:50:36.927,424.4499876157482,102
2024-09-19 12:50:36.998,424.474451969025,1002
2024-09-19 12:50:37.130,424.4456673870836,15
2024-09-19 12:50:37.177,424.49978525394886,997
2024-09-19 12:50:37.188,424.44641705953984,1003
2024-09-19 12:50:37.193,42.44528502096175,95
2024-09-19 12:50:37.205,424.4746942095445,1002
2024-09-19 12:50:37.229,424.53064247852495,1001
2024-09-19 12:50:37.245,424.4700380912672,9
2024-09-19 12:50:37.256,424.4743313058085,105
2024-09-19 12:50:37.329,424.4697564508672,998
2024-09-19 12:50:37.363,424.5278704759552,996
2024-09-19 12:50:37.467,424.4469229897373,10
2024-09-19 12:50:37.489,424.47514691831935,1003
2024-09-19 12:50:37.490,424.5073375552713,14
2024-09-19 12:50:37.529,424.47456299748353,996
2024-09-19 12:50:37.539,424.4565575161237,1000
2024-09-19 12:50:37.607,424.4448036160391,100
2024-09-19 12:50:37.671,424.4633845898806,995
2024-09-19 12:50:37.719,424.4597049798948,97
2024-09-19 12:50:37.720,424.46871679521394,1005
2024-09-19 12:50:37.730,424.4817930007938,12
2024-09-19 12:50:37.760,424.43536999718594,1003
2024-09-19 12:50:37.761,424.5087307634034,10
2024-09-19 12:50:37.807,424.4685259078564,997
2024-09-19 12:50:37.933,424.47088525401455,96
2024-09-19 12:50:38.125,424.4301199441383,9
2024-09-19 12:50:38.207,424.4589155542236,1000
2024-09-19 12:50:38.598,424.4424096316448,9
2024-09-19 12:50:38.620,424.43645008642847,1001
2024-09-19 12:50:38.801,42.44708250001421,1002
2024-09-19 12:50:38.906,424.4391848701958,12
2024-09-19 12:50:38.970,424.4642505835738,105
2024-09-19 12:50:39.057,424.4114920223609,9
2024-09-19 12:50:39.222,424.4327815601847,13
2024-09-19 12:50:39.484,424.3899487775761,1001
2024-09-19 12:50:39.532,424.4094176630937,12
2024-09-19 12:50:39.619,424.4137038796553,1000
2024-09-19 12:50:39.667,424.4019002511149,5
2024-09-19 12:50:39.796,424.4356149015117,7
2024-09-19 12:50:39.851,424.4162176118336,5
2024-09-19 12:50:39.921,424.4286217064953,10
2024-09-19 12:50:40.090,424.4347849666476,95
2024-09-19 12:50:40.140,424.4337623789672,13
2024-09-19 12:50:40.168,424.4169372789793,1003
2024-09-19 12:50:40.230,424.4387188923476,95
2024-09-19 12:50:40.362,424.43716612517966,1002
2024-09-19 12:50:40.365,424.4426787819421,1000
2024-09-19 12:50:40.385,424.4394854164576,13
2024-09-19 12:50:40.569,424.4437916164957,1004
2024-09-19 12:50:40.679,424.4525173125374,10
2024-09-19 12:50:40.705,424.4077766663731,10
2024-09-19 12:50:40.808,424.4489795557847,101
2024-09-19 12:50:40.972,424.4424855275246,101
2024-09-19 12:50:41.010,424.42420722529465,1003
2024-09-19 12:50:41.218,424.4744669952421,995
2024-09-19 12:50:41.388,424.4433927912624,996
2024-09-19 12:50:41.447,424.4367893531944,13
2024-09-19 12:50:41.511,424.4914985158198,1001
2024-09-19 12:50:41.525,424.4344054515316,8
2024-09-19 12:50:41.535,424.449760791347,12
2024-09-19 12:50:41.708,424.46046038149575,97
2024-09-19 12:50:41.725,424.4368904687943,105
2024-09-19 12:50:41.799,424.4345899005039,1005
2024-09-19 12:50:41.846,424.4726044605845,6
2024-09-19 12:50:42.015,424.4542454755213,98
2024-09-19 12:50:42.059,424.4977850339624,98
2024-09-19 12:50:42.071,424.46491039606826,11
2024-09-19 12:50:42.104,424.5182581896767,11
2024-09-19 12:50:42.211,424.4755605686376,105
2024-09-19 12:50:42.262,424.54402230750895,8
2024-09-19 12:50:42.276,424.4643100171264,1000
2024-09-19 12:50:42.300,424.4656133114727,7
2024-09-19 12:50:42.324,424.46528973589886,996
2024-09-19 12:50:42.393,-424.45665748403474,1002
2024-09-19 12:50:42.482,424.5053405711339,1001
2024-09-19 12:50:42.484,42.45137589544706,1001
2024-09-19 12:50:42.496,424.4923693493241,10
2024-09-19 12:50:42.537,424.4769202678179,104
2024-09-19 12:50:42.544,424.4718774572483,7
2024-09-19 12:50:42.572,424.4651579087103,1005
2024-09-19 12:50:42.653,424.4793389536086,13
2024-09-19 12:50:42.780,424.48291193055593,102
2024-09-19 12:50:42.911,424.496514354824,997
2024-09-19 12:50:42.985,424.4982036111098,103
2024-09-19 12:50:43.009,424.5206097616318,98
2024-09-19 12:50:43.037,424.47444518578544,995
2024-09-19 12:50:43.152,424.4795211602647,1000
2024-09-19 12:50:43.223,424.48996816152527,105
2024-09-19 12:50:43.337,424.49586302641154,5
2024-09-19 12:50:43.361,424.55176994210615,1001
2024-09-19 12:50:43.556,424.5479555885005,1001
2024-09-19 12:50:43.637,424.4689275015649,996
2024-09-19 12:50:43.648,424.5532973235535,8
2024-09-19 12:50:43.874,424.5153120740932,102
2024-09-19 12:50:43.970,424.555474325068,14
2024-09-19 12:50:44.106,424.50480200601663,996
2024-09-19 12:50:44.141,424.4947018096341,1002
2024-09-19 12:50:44.148,424.5829234041371,997
2024-09-19 12:50:44.151,424.52444232988665,1005
2024-09-19 12:50:44.151,424.5810263192288,102
2024-09-19 12:50:44.155,424.5657041465007,995
2024-09-19 12:50:44.156,424.5780245346135,15
2024-09-19 12:50:44.280,424.4913044512016,11
2024-09-19 12:50:44.323,424.5011869317897,5
2024-09-19 12:50:44.363,424.500753011769,997
2024-09-19 12:50:44.371,424.55810177050046,5
2024-09-19 12:50:44.379,424.5791710429988,11
2024-09-19 12:50:44.488,424.49729562564096,103
2024-09-19 12:50:44.520,424.50187297866427,1000
2024-09-19 12:50:44.552,424.5634005233076,12
2024-09-19 12:50:44.622,424.581932547,96
2024-09-19 12:50:44.632,424.589122649792,996
2024-09-19 12:50:44.643,424.48300832228097,995
2024-09-19 12:50:44.691,424.53943203685714,998
2024-09-19 12:50:44.716,424.5675658988235,1002
2024-09-19 12:50:44.768,424.5434284032884,995
2024-09-19 12:50:44.780,424.5995956835735,13
2024-09-19 12:50:44.828,424.5680769641396,996
2024-09-19 12:50:44.940,424.58649682232914,9
2024-09-19 12:50:44.964,424.5114280354687,96
2024-09-19 12:50:44.974,424.5826464337933,105
2024-09-19 12:50:45.005,424.4706940923195,1001
2024-09-19 12:50:45.063,424.5128393475882,1003
2024-09-19 12:50:45.191,424.4683483900489,8
2024-09-19 12:50:45.194,424.5105022590192,101
2024-09-19 12:50:45.207,424.5041075297752,8
2024-09-19 12:50:45.233,424.4515299399259,5
2024-09-19 12:50:45.323,424.5002085316602,6
2024-09-19 12:50:45.326,424.4807698529136,96
2024-09-19 12:50:45.338,424.4719778780941,98
2024-09-19 12:50:45.360,424.4903758352048,11
2024-09-19 12:50:45.372,424.47109333443785,9
2024-09-19 12:50:45.403,424.48926234483616,103
2024-09-19 12:50:45.414,424.4755773551501,8
2024-09-19 12:50:45.448,424.4888663014066,102
2024-09-19 12:50:45.461,424.4770752669452,99
2024-09-19 12:50:45.486,424.4645773455533,14
2024-09-19 12:50:45.564,424.4820020447395,1004
2024-09-19 12:50:45.569,424.4852170688488,100
2024-09-19 12:50:45.597,424.49329439699846,12
2024-09-19 12:50:45.647,424.4630260107156,96
2024-09-19 12:50:45.658,424.49150732712303,8
2024-09-19 12:50:45.710,424.4882634283759,5
2024-09-19 12:50:45.711,424.4997089107642,99
2024-09-19 12:50:45.749,424.4767173999245,5
2024-09-19 12:50:45.820,424.4623426853136,103
2024-09-19 12:50:45.909,424.50993462922463,1002
2024-09-19 12:50:45.909,424.4475707511826,104
2024-09-19 12:50:45.949,424.4541980017887,995
2024-09-19 12:50:46.037,424.4646321961105,996
2024-09-19 12:50:46.339,424.49837879587926,1001
2024-09-19 12:50:46.346,424.48299783812894,104
2024-09-19 12:50:46.402,424.5063529683408,97
2024-09-19 12:50:46.448,424.4672101272978,1002
2024-09-19 12:50:46.478,424.4994673613637,98
2024-09-19 12:50:46.669,424.4796835554871,103
2024-09-19 12:50:46.773,424.4493379757554,15
2024-09-19 12:50:46.849,424.4925908931044,14
2024-09-19 12:50:47.042,424.41643585968507,102
2024-09-19 12:50:47.131,424.45750403970135,997
2024-09-19 12:50:47.178,424.4324741707296,1003
2024-09-19 12:50:47.335,424.44097065081553,100
2024-09-19 12:50:47.395,424.4454810783332,101
2024-09-19 12:50:47.453,424.4789629341944,1004
2024-09-19 12:50:47.520,424.4464087474306,11
2024-09-19 12:50:47.540,424.46867041538746,14
2024-09-19 12:50:47.546,424.41700952915807,6
2024-09-19 12:50:47.600,424.44450547270736,15
2024-09-19 12:50:47.656,424.4435915194413,1004
2024-09-19 12:50:47.689,424.42796439148265,8
2024-09-19 12:50:47.731,424.4705561313961,101
2024-09-19 12:50:47.744,424.4934875471303,14
2024-09-19 12:50:47.788,424.4292486691689,95
2024-09-19 12:50:47.872,424.4496131363361,1002
2024-09-19 12:50:47.879,-424.4197402798287,95
2024-09-19 12:50:47.909,424.45272472897454,1003
2024-09-19 12:50:47.917,424.4705212024527,997
2024-09-19 12:50:47.929,424.4057694350863,998
2024-09-19 12:50:49.171,424.4070070963937,6
2024-09-19 12:50:49.295,-424.4081115097738,1005
2024-09-19 12:50:49.488,424.3899592727648,12
2024-09-19 12:50:49.611,424.394504094263,104
2024-09-19 12:50:49.656,424.39834440680704,999
2024-09-19 12:50:49.840,424.4166607377633,104
2024-09-19 12:50:49.987,424.3989865125339,1000
2024-09-19 12:50:49.996,424.4086198198714,1002
2024-09-19 12:50:50.258,-424.4050883125268,15
2024-09-19 12:50:50.342,424.4127913136497,97
2024-09-19 12:50:51.000,424.3850952954252,999
2024-09-19 12:50:51.002,424.4053973274743,14
2024-09-19 12:50:51.097,424.397696991174,8
2024-09-19 12:50:51.117,424.3934972811565,105
2024-09-19 12:50:51.137,424.4003705737985,14
2024-09-19 12:50:51.237,424.3940256897135,1000
2024-09-19 12:50:51.372,424.3937169104096,1001
2024-09-19 12:50:51.494,424.38943629405145,100
2024-09-19 12:50:51.576,424.3917423914455,5
2024-09-19 12:50:51.599,424.40940586121394,1001
2024-09-19 12:50:51.639,424.4004131866707,100
2024-09-19 12:50:51.688,424.4023172920329,9
2024-09-19 12:50:51.856,424.38108935125695,1001
2024-09-19 12:50:51.906,424.3942116347612,97
2024-09-19 12:50:51.923,424.38287141548193,9
2024-09-19 12:50:52.012,424.3930328118043,999
2024-09-19 12:50:52.022,424.3787090378372,100
2024-09-19 12:50:52.047,424.37088130656633,6
2024-09-19 12:50:52.118,424.3825161483669,98
2024-09-19 12:50:52.142,424.389378735732,103
2024-09-19 12:50:52.238,424.3665411641112,15
2024-09-19 12:50:52.246,424.3902380554998,10
2024-09-19 12:50:52.258,424.3989169214336,12
2024-09-19 12:50:52.276,424.3635270898759,12
2024-09-19 12:50:52.363,424.374279097744,95
2024-09-19 12:50:52.364,424.37192701550896,1001
2024-09-19 12:50:52.404,424.3702895961495,102
2024-09-19 12:50:52.569,424.3774390855109,10
2024-09-19 12:50:52.579,424.3682384312138,13
2024-09-19 12:50:52.631,424.3856033993103,103
2024-09-19 12:50:52.693,424.3671430361484,10
2024-09-19 12:50:52.787,424.3741688239268,98
2024-09-19 12:50:52.817,424.3701370074577,7
2024-09-19 12:50:52.962,424.3720513161788,97
2024-09-19 12:50:52.965,424.3680075815363,1005
2024-09-19 12:50:53.265,424.4400547567204,997
2024-09-19 12:50:53.309,424.42349488204223,1000
2024-09-19 12:50:53.482,424.4508687923752,1005
2024-09-19 12:50:53.484,424.4454285368181,10
2024-09-19 12:50:53.574,424.413479442094,1003
2024-09-19 12:50:53.747,424.4360610830553,13
2024-09-19 12:50:53.800,424.4002337271249,7
2024-09-19 12:50:53.950,424.4408889044023,103
2024-09-19 12:50:53.980,424.4382673229112,96
2024-09-19 12:50:54.012,424.42562572732055,7
2024-09-19 12:50:54.051,424.4371373386704,15
2024-09-19 12:50:54.076,424.42438382290845,15
2024-09-19 12:50:54.145,424.4160050587421,10
2024-09-19 12:50:54.154,424.4514474571041,996
2024-09-19 12:50:54.230,424.4708700526484,96
2024-09-19 12:50:54.482,424.4080956716009,1000
2024-09-19 12:50:54.499,424.447724677672,5
2024-09-19 12:50:54.500,424.43555418950126,11
2024-09-19 12:50:54.503,424.4485826305694,98
2024-09-19 12:50:54.506,424.41739723491935,11
2024-09-19 12:50:54.534,424.4260394749196,1005
2024-09-19 12:50:54.576,424.4292749686965,1001
2024-09-19 12:50:54.674,424.462230533493,99
2024-09-19 12:50:54.734,424.4100766905737,5
2024-09-19 12:50:54.780,424.462051517554,1002
2024-09-19 12:50:54.931,424.4168628162888,6
2024-09-19 12:50:54.974,424.4385803641855,5
2024-09-19 12:50:55.412,424.4392200212306,97
2024-09-19 12:50:55.510,424.462167592751,1002
2024-09-19 12:50:55.530,424.465456995411,5
2024-09-19 12:50:55.706,424.4773631161458,11
2024-09-19 12:50:55.800,424.4781616780516,1000
2024-09-19 12:50:56.429,424.41973083741806,99
2024-09-19 12:50:56.429,424.43155287490896,1001
2024-09-19 12:50:56.597,424.4711904726676,7
2024-09-19 12:50:56.848,424.4403271990567,103
2024-09-19 12:50:56.900,424.4314604967477,98
2024-09-19 12:50:56.953,424.4436293526787,7
2024-09-19 12:50:57.084,424.43116994301255,1004
2024-09-19 12:50:57.213,424.3999043190623,1002
2024-09-19 12:50:57.374,424.4606468664623,9
2024-09-19 12:50:57.614,424.4684086321674,1002
2024-09-19 12:50:57.697,424.4313882713975,100
2024-09-19 12:50:57.785,424.4185184845893,7
2024-09-19 12:50:57.815,42.44289189514808,5
2024-09-19 12:50:57.878,424.4119658853059,995
2024-09-19 12:50:57.910,424.447321852388,103
2024-09-19 12:50:57.950,424.4087198832497,1004
2024-09-19 12:50:58.061,424.51092097515925,101
2024-09-19 12:50:58.063,424.4509317265288,101
2024-09-19 12:50:58.182,424.4857975557945,1005
2024-09-19 12:50:58.188,424.5009829789132,100
2024-09-19 12:50:58.250,424.4950239315581,1001
2024-09-19 12:50:58.291,,103
2024-09-19 12:50:58.340,424.51063755568816,998
2024-09-19 12:50:58.523,424.4393620182517,103
2024-09-19 12:50:58.574,424.4912421204208,998
2024-09-19 12:50:58.673,424.44341797211104,102
2024-09-19 12:50:58.683,424.4840599720619,1002
2024-09-19 12:50:58.738,424.4400686868074,1005
2024-09-19 12:50:58.894,424.4897438038786,999
2024-09-19 12:50:58.915,424.44247450391055,105
2024-09-19 12:50:58.966,424.5347127993993,1002
2024-09-19 12:50:59.082,424.48548528742174,6
2024-09-19 12:50:59.659,424.5037597370291,15
2024-09-19 12:50:59.848,424.4843197501655,1003
