Timestamp,Price,Size
2024-09-19 10:50:00.048,419.2621025915253,102
2024-09-19 10:50:00.130,419.25623376685286,101
2024-09-19 10:50:00.171,419.2403080815318,8
2024-09-19 10:50:00.446,419.2405793107722,999
2024-09-19 10:50:00.862,419.2631225854945,102
2024-09-19 10:50:01.008,419.1689300546221,9
2024-09-19 10:50:01.024,419.1806425311868,998
2024-09-19 10:50:01.078,419.1305600726478,6
2024-09-19 10:50:01.078,419.144759377428,999
2024-09-19 10:50:01.101,419.2058068454455,95
2024-09-19 10:50:01.127,419.15518202877706,15
2024-09-19 10:50:01.140,419.1777555417133,95
2024-09-19 10:50:01.233,419.220509628716,1002
2024-09-19 10:50:01.290,419.1198861421132,12
2024-09-19 10:50:01.313,419.1510608052249,15
2024-09-19 10:50:01.429,419.2469099960856,1003
2024-09-19 10:50:01.462,419.2292555190468,95
2024-09-19 10:50:01.591,419.17992419081554,14
2024-09-19 10:50:01.604,419.1383371895048,5
2024-09-19 10:50:01.659,419.19971233264096,100
2024-09-19 10:50:01.668,419.13911435895983,1004
2024-09-19 10:50:01.717,419.1808742877674,13
2024-09-19 10:50:01.904,419.19527814355627,13
2024-09-19 10:50:02.036,419.1364271199372,1001
2024-09-19 10:50:02.045,419.1379915482402,1001
2024-09-19 10:50:02.100,419.1397093032791,6
2024-09-19 10:50:02.102,419.0871297875906,102
2024-09-19 10:50:02.103,419.1597239756693,8
2024-09-19 10:50:02.113,419.1654019073628,1004
2024-09-19 10:50:02.128,419.1021180074901,9
2024-09-19 10:50:02.134,419.1589701775154,7
2024-09-19 10:50:02.175,419.1328411835774,102
2024-09-19 10:50:02.261,419.0828517906845,100
2024-09-19 10:50:02.266,419.1179111818857,1001
2024-09-19 10:50:02.285,419.0771146907109,97
2024-09-19 10:50:02.397,419.0876259232442,97
2024-09-19 10:50:02.404,419.1309239305261,1003
2024-09-19 10:50:02.464,419.1614309770588,101
2024-09-19 10:50:02.468,419.12777386525977,9
2024-09-19 10:50:02.473,419.1227581001583,5
2024-09-19 10:50:02.569,419.0920121111096,14
2024-09-19 10:50:02.578,419.161065038082,101
2024-09-19 10:50:02.593,419.0998930940682,103
2024-09-19 10:50:02.646,419.0993362082857,104
2024-09-19 10:50:02.654,419.0828046921563,14
2024-09-19 10:50:02.668,419.08774414925983,999
2024-09-19 10:50:02.692,419.12267399853215,10
2024-09-19 10:50:02.754,419.1572438600842,10
2024-09-19 10:50:02.820,419.08668891138313,12
2024-09-19 10:50:02.882,419.1541173402322,105
2024-09-19 10:50:02.949,419.1002886854911,996
2024-09-19 10:50:03.277,419.1067471696735,998
2024-09-19 10:50:03.337,419.1072612671406,103
2024-09-19 10:50:03.514,419.1125289075859,998
2024-09-19 10:50:03.949,419.1047261998005,998
2024-09-19 10:50:04.285,419.11601733835846,6
2024-09-19 10:50:05.304,419.1261299838073,102
2024-09-19 10:50:05.351,419.13198387594906,96
2024-09-19 10:50:05.516,419.1127499002098,10
2024-09-19 10:50:05.565,419.14426910171454,102
2024-09-19 10:50:05.566,419.1557856287187,1003
2024-09-19 10:50:05.566,419.1484783736374,995
2024-09-19 10:50:05.756,419.1258271006996,103
2024-09-19 10:50:05.909,419.1196748023683,8
2024-09-19 10:50:05.967,419.14454270147127,7
2024-09-19 10:50:05.984,419.1219621123239,1002
2024-09-19 10:50:06.003,419.1858745535681,97
2024-09-19 10:50:06.100,419.1496415442097,1000
2024-09-19 10:50:06.113,419.19895479766825,96
2024-09-19 10:50:06.196,419.1769023846616,96
2024-09-19 10:50:06.197,419.1339222083607,103
2024-09-19 10:50:06.317,419.1808144549748,97
2024-09-19 10:50:06.356,419.1775248329006,12
2024-09-19 10:50:06.376,419.1495460519917,13
2024-09-19 10:50:06.396,419.19215380444246,97
2024-09-19 10:50:06.433,419.19588699840295,7
2024-09-19 10:50:06.487,419.1526740309813,8
2024-09-19 10:50:06.593,419.17657095497935,5
2024-09-19 10:50:06.604,419.18244410782125,1002
2024-09-19 10:50:06.633,419.1990519070424,5
2024-09-19 10:50:06.650,419.1725810196121,6
2024-09-19 10:50:06.673,419.1949978898484,98
2024-09-19 10:50:06.709,419.14960450588046,14
2024-09-19 10:50:06.720,419.20372162672106,9
2024-09-19 10:50:06.739,-419.1920507659282,1002
2024-09-19 10:50:06.759,419.1519218801464,14
2024-09-19 10:50:06.778,419.19313021725344,13
2024-09-19 10:50:06.794,419.1881328516823,5
2024-09-19 10:50:06.996,419.1577952389157,6
2024-09-19 10:50:07.037,419.1672691019987,1001
2024-09-19 10:50:07.052,419.1392728043417,101
2024-09-19 10:50:07.065,419.16686881612026,10
2024-09-19 10:50:07.108,419.1526536990754,15
2024-09-19 10:50:07.134,419.1795496036762,10
2024-09-19 10:50:07.150,419.1345923837642,1005
2024-09-19 10:50:07.163,419.17636451722734,102
2024-09-19 10:50:07.256,419.151933184285,104
2024-09-19 10:50:07.281,419.1455201779647,14
2024-09-19 10:50:07.357,419.16051234027833,999
2024-09-19 10:50:07.405,419.16254618616966,105
2024-09-19 10:50:07.451,419.1399869727494,101
2024-09-19 10:50:07.504,419.15390636421455,105
2024-09-19 10:50:07.538,419.15215346796737,9
2024-09-19 10:50:07.544,419.16756763324696,103
2024-09-19 10:50:07.544,419.14804590229215,100
2024-09-19 10:50:07.568,419.1434014472591,998
2024-09-19 10:50:07.645,419.15238311688586,6
2024-09-19 10:50:07.648,419.1706470363319,999
2024-09-19 10:50:07.702,419.1585704190413,11
2024-09-19 10:50:07.854,419.1414566678008,15
2024-09-19 10:50:07.908,419.15992881227527,1005
2024-09-19 10:50:07.949,419.16146507253416,10
2024-09-19 10:50:08.029,419.1397296698236,1005
2024-09-19 10:50:08.101,419.1046634057597,101
2024-09-19 10:50:08.110,419.11618229881367,95
2024-09-19 10:50:08.196,419.1393072615945,11
2024-09-19 10:50:08.274,419.1170007102948,14
2024-09-19 10:50:08.301,419.1188569670052,12
2024-09-19 10:50:08.346,419.1255780374794,1004
2024-09-19 10:50:08.405,419.1447846290733,1003
2024-09-19 10:50:08.462,419.0986823691905,10
2024-09-19 10:50:08.608,419.12053179435554,995
2024-09-19 10:50:08.834,419.0976537633528,1003
2024-09-19 10:50:08.962,419.116101907891,5
2024-09-19 10:50:09.125,419.09957256289294,99
2024-09-19 10:50:09.463,-419.07826442143386,996
2024-09-19 10:50:09.833,419.1056794126695,998
2024-09-19 10:50:09.873,419.08130233877966,95
2024-09-19 10:50:10.048,419.0829743099827,998
2024-09-19 10:50:10.115,419.09863131832793,10
2024-09-19 10:50:10.134,419.084115525889,1003
2024-09-19 10:50:10.183,419.0133633622439,8
2024-09-19 10:50:10.217,419.12800250693726,9
2024-09-19 10:50:10.235,419.0330830047316,6
2024-09-19 10:50:10.268,419.03206393995976,104
2024-09-19 10:50:10.299,419.0452201896047,1001
2024-09-19 10:50:10.320,419.0977204347816,100
2024-09-19 10:50:10.333,419.13130379347257,1004
2024-09-19 10:50:10.340,419.1204600734512,15
2024-09-19 10:50:10.450,419.1194762699225,97
2024-09-19 10:50:10.592,419.0107593025684,996
2024-09-19 10:50:10.682,419.1045834060537,1004
2024-09-19 10:50:10.683,419.0471746902397,995
2024-09-19 10:50:10.705,419.0267952573535,999
2024-09-19 10:50:10.865,419.09629443386615,102
2024-09-19 10:50:10.871,419.0572100808874,13
2024-09-19 10:50:10.888,419.1255148075082,8
2024-09-19 10:50:10.941,419.1058226119384,12
2024-09-19 10:50:10.949,419.1081440516631,7
2024-09-19 10:50:10.961,419.0375305964933,99
2024-09-19 10:50:11.072,419.0488506774833,12
2024-09-19 10:50:11.147,419.0589036315056,95
2024-09-19 10:50:11.386,419.0804594213192,998
2024-09-19 10:50:11.424,419.036214936525,95
2024-09-19 10:50:11.482,419.0409777585296,95
2024-09-19 10:50:11.617,419.0648425759398,14
2024-09-19 10:50:11.946,419.0363825869122,6
2024-09-19 10:50:12.038,419.0873087616359,996
2024-09-19 10:50:12.106,419.06782848904027,97
2024-09-19 10:50:12.147,419.0918847239087,7
2024-09-19 10:50:12.292,419.0594005174031,998
2024-09-19 10:50:12.473,419.092037376229,99
2024-09-19 10:50:12.491,419.101595079485,997
2024-09-19 10:50:12.705,419.085711421741,95
2024-09-19 10:50:12.768,419.045959653628,997
2024-09-19 10:50:12.847,419.08301544520106,996
2024-09-19 10:50:12.849,419.0829042335203,95
2024-09-19 10:50:13.457,419.0495991389333,9
2024-09-19 10:50:13.544,419.0341447353637,104
2024-09-19 10:50:13.901,419.0535536661162,102
2024-09-19 10:50:14.001,419.0486555711859,10
2024-09-19 10:50:14.057,419.0554350645143,997
2024-09-19 10:50:14.068,419.0536465602821,8
2024-09-19 10:50:14.151,419.0543522140991,105
2024-09-19 10:50:14.153,419.0621634270848,10
2024-09-19 10:50:14.213,419.04122362240736,8
2024-09-19 10:50:14.318,419.0563869764856,998
2024-09-19 10:50:14.365,419.05156899004646,96
2024-09-19 10:50:14.411,419.0471729802636,1003
2024-09-19 10:50:14.414,419.06237025540287,95
2024-09-19 10:50:14.516,419.06377276076006,1005
2024-09-19 10:50:14.729,419.0488658263804,1004
2024-09-19 10:50:14.819,419.0380176596336,999
2024-09-19 10:50:14.827,419.0598617671101,105
2024-09-19 10:50:14.885,419.0655679314071,11
2024-09-19 10:50:14.961,419.0568569394737,101
2024-09-19 10:50:15.068,419.0642315797999,1002
2024-09-19 10:50:15.136,419.1503945525112,997
2024-09-19 10:50:15.143,419.19369595797576,102
2024-09-19 10:50:15.164,419.1614530595912,14
2024-09-19 10:50:15.177,419.12047840033176,99
2024-09-19 10:50:15.233,419.0942289038314,996
2024-09-19 10:50:15.298,419.1634023580722,6
2024-09-19 10:50:15.322,419.1204330925826,98
2024-09-19 10:50:15.341,419.172198904929,98
2024-09-19 10:50:15.353,419.1745236135584,1003
2024-09-19 10:50:15.366,419.0623317444562,10
2024-09-19 10:50:15.373,419.1806669367157,1005
2024-09-19 10:50:15.436,419.1803507801448,99
2024-09-19 10:50:15.440,419.1580643987353,104
2024-09-19 10:50:15.548,419.062440450852,104
2024-09-19 10:50:15.551,419.1918301156599,1000
2024-09-19 10:50:15.574,419.2053359090298,998
2024-09-19 10:50:15.612,419.1778262305437,5
2024-09-19 10:50:15.650,419.1051366672751,10
2024-09-19 10:50:15.668,419.1787622985362,10
2024-09-19 10:50:15.679,419.1971002522956,9
2024-09-19 10:50:15.704,419.08437144402274,997
2024-09-19 10:50:15.725,419.2072044200055,6
2024-09-19 10:50:15.779,419.1651629283692,14
2024-09-19 10:50:15.858,419.1599180123753,1005
2024-09-19 10:50:15.891,419.05976253380646,100
2024-09-19 10:50:15.904,419.20325638633824,998
2024-09-19 10:50:15.971,419.14845208966926,100
2024-09-19 10:50:15.986,419.1821928378442,7
2024-09-19 10:50:16.036,419.2001436508282,99
2024-09-19 10:50:16.062,419.2267034708575,95
2024-09-19 10:50:16.160,419.1845947197549,1004
2024-09-19 10:50:16.274,419.2318258717347,1002
2024-09-19 10:50:16.285,419.233526232355,1005
2024-09-19 10:50:16.471,-419.2260914433909,999
2024-09-19 10:50:16.526,419.20923558457696,10
2024-09-19 10:50:16.621,419.2430656318989,996
2024-09-19 10:50:16.652,419.2509432619361,1001
2024-09-19 10:50:16.694,419.2226044420941,1003
2024-09-19 10:50:16.776,419.181393403838,105
2024-09-19 10:50:16.785,419.1836587200629,8
2024-09-19 10:50:16.872,419.17746804731735,996
2024-09-19 10:50:16.924,419.1935801450011,15
2024-09-19 10:50:17.122,419.18896620849546,99
2024-09-19 10:50:17.224,419.2171885521409,996
2024-09-19 10:50:17.440,419.20998759651815,96
2024-09-19 10:50:17.977,419.1889983960098,1004
2024-09-19 10:50:18.106,419.16683412350295,7
2024-09-19 10:50:18.141,419.26286366258313,1002
2024-09-19 10:50:18.142,419.2323438603828,1004
2024-09-19 10:50:18.163,419.1966678369892,996
2024-09-19 10:50:18.268,419.190494625977,96
2024-09-19 10:50:18.295,419.2071258011658,1005
2024-09-19 10:50:18.346,419.24212553906426,98
2024-09-19 10:50:18.371,419.1937887121529,103
2024-09-19 10:50:18.406,41.92056258931207,12
2024-09-19 10:50:18.508,419.2463361654113,96
2024-09-19 10:50:18.576,419.2189339809924,105
2024-09-19 10:50:18.663,419.2302781096036,997
2024-09-19 10:50:18.682,419.210154770444,11
2024-09-19 10:50:18.707,419.1911086518966,1004
2024-09-19 10:50:18.726,419.18869716323127,9
2024-09-19 10:50:18.737,419.1875908073802,9
2024-09-19 10:50:18.792,419.1942410831265,95
2024-09-19 10:50:18.820,419.1872327325685,1004
2024-09-19 10:50:18.948,419.2359339680636,9
2024-09-19 10:50:18.955,419.2004816938163,1005
2024-09-19 10:50:18.960,419.1981552302222,14
2024-09-19 10:50:19.037,419.2093161137392,105
2024-09-19 10:50:19.041,419.1550326864132,105
2024-09-19 10:50:19.057,419.1592290017746,11
2024-09-19 10:50:19.077,41.916267551418194,1000
2024-09-19 10:50:19.085,419.1801954282687,7
2024-09-19 10:50:19.088,419.20478567095375,1002
2024-09-19 10:50:19.132,419.1515298092671,7
2024-09-19 10:50:19.219,419.1438910055728,103
2024-09-19 10:50:19.229,419.1499769218172,8
2024-09-19 10:50:19.234,419.214197197195,6
2024-09-19 10:50:19.252,419.1565155838199,14
2024-09-19 10:50:19.259,419.2120262122716,9
2024-09-19 10:50:19.288,419.1590344561399,11
2024-09-19 10:50:19.408,419.19588509965615,1003
2024-09-19 10:50:19.436,419.1598317352426,98
2024-09-19 10:50:19.463,419.1793984188619,1005
2024-09-19 10:50:19.601,419.1384768910135,95
2024-09-19 10:50:19.617,419.1433351237547,105
2024-09-19 10:50:19.620,419.1375852195872,12
2024-09-19 10:50:19.638,419.205422033407,9
2024-09-19 10:50:19.644,419.1684004285656,997
2024-09-19 10:50:19.649,419.1561374000081,99
2024-09-19 10:50:19.679,419.155218512883,15
2024-09-19 10:50:19.690,419.14643795599306,99
2024-09-19 10:50:19.807,,1000
2024-09-19 10:50:19.808,419.1557118859891,13
2024-09-19 10:50:19.817,419.1532837470148,998
2024-09-19 10:50:19.827,419.17930772733695,104
2024-09-19 10:50:19.877,419.1680010994346,1004
2024-09-19 10:50:19.940,419.2115274387325,1003
2024-09-19 10:50:20.213,419.1575780117786,1002
2024-09-19 10:50:20.256,419.16620749750297,1003
2024-09-19 10:50:20.292,-419.1863204645224,15
2024-09-19 10:50:20.301,419.2156609548852,998
2024-09-19 10:50:20.314,419.2239936425916,1002
2024-09-19 10:50:20.578,-419.2098076858533,1001
2024-09-19 10:50:20.648,419.1640268239651,1005
2024-09-19 10:50:20.810,419.2085502346183,1004
2024-09-19 10:50:20.865,419.16768772369727,13
2024-09-19 10:50:20.903,419.18399831722456,101
2024-09-19 10:50:21.287,419.20377247065295,6
2024-09-19 10:50:21.636,419.2114716137057,7
2024-09-19 10:50:21.710,419.1965905645402,98
2024-09-19 10:50:22.212,419.2000115481331,1000
2024-09-19 10:50:22.602,419.1952664102915,998
2024-09-19 10:50:22.999,419.203171944622,7
2024-09-19 10:50:23.014,419.1656813994501,1002
2024-09-19 10:50:23.177,419.1787269635302,15
2024-09-19 10:50:23.194,419.09560285116174,100
2024-09-19 10:50:23.287,419.10555439617934,8
2024-09-19 10:50:23.312,419.16364931246704,101
2024-09-19 10:50:23.413,419.10684368001887,7
2024-09-19 10:50:23.433,419.16738640215823,998
2024-09-19 10:50:23.470,419.1080339386142,96
2024-09-19 10:50:23.516,419.13932981212525,8
2024-09-19 10:50:23.603,419.1886932288372,11
2024-09-19 10:50:23.797,419.1462398489168,5
2024-09-19 10:50:23.805,419.14661738844507,1005
2024-09-19 10:50:23.855,419.10579722201845,9
2024-09-19 10:50:23.922,419.1587615929639,997
2024-09-19 10:50:23.931,419.1341487829526,13
2024-09-19 10:50:23.971,419.0876078485418,1001
2024-09-19 10:50:23.984,419.12732344385,1004
2024-09-19 10:50:23.986,419.15533414653504,8
2024-09-19 10:50:24.174,419.0906419801087,95
2024-09-19 10:50:24.192,419.1149648191404,999
2024-09-19 10:50:24.567,419.0966264643897,103
2024-09-19 10:50:24.644,419.10462834868025,8
2024-09-19 10:50:24.834,419.1020761886693,996
2024-09-19 10:50:24.931,419.0784656455231,102
2024-09-19 10:50:24.969,419.0910816866237,7
2024-09-19 10:50:25.129,419.0803693193168,12
2024-09-19 10:50:25.265,419.0817857706307,6
2024-09-19 10:50:25.369,419.0762692754834,1000
2024-09-19 10:50:25.465,419.0726823029499,1002
2024-09-19 10:50:25.673,419.0760669174695,8
2024-09-19 10:50:25.887,419.0545551323002,995
2024-09-19 10:50:25.946,419.0915678113947,1004
2024-09-19 10:50:25.990,419.0827390884844,100
2024-09-19 10:50:26.003,419.08717478871085,15
2024-09-19 10:50:26.073,419.0541650890824,99
2024-09-19 10:50:26.097,419.04930185141,8
2024-09-19 10:50:26.114,419.0623442475083,995
2024-09-19 10:50:26.146,419.0566539939754,101
2024-09-19 10:50:26.165,419.0587295615759,15
2024-09-19 10:50:26.278,419.0575870279781,12
2024-09-19 10:50:26.484,419.0459324957421,996
2024-09-19 10:50:26.623,419.05581889727534,99
2024-09-19 10:50:26.642,419.0595556391102,1005
2024-09-19 10:50:26.728,419.0503718926776,9
2024-09-19 10:50:26.741,419.09701485341634,1004
2024-09-19 10:50:26.803,419.0431176786094,96
2024-09-19 10:50:27.003,419.0816051147208,100
2024-09-19 10:50:27.005,419.0989147416773,995
2024-09-19 10:50:27.112,419.13356970168894,12
2024-09-19 10:50:27.128,419.15417741166647,9
2024-09-19 10:50:27.134,41.91239007109722,98
2024-09-19 10:50:27.183,419.1713191214466,97
2024-09-19 10:50:27.201,419.1132657577085,15
2024-09-19 10:50:27.232,419.1050928784812,1004
2024-09-19 10:50:27.248,419.13628953024846,998
2024-09-19 10:50:27.264,419.158447977781,12
2024-09-19 10:50:27.321,419.1349298699253,1004
2024-09-19 10:50:27.362,419.0874943709741,105
2024-09-19 10:50:27.511,419.175181220986,12
2024-09-19 10:50:27.579,419.0810064692176,99
2024-09-19 10:50:27.626,419.162422649736,9
2024-09-19 10:50:27.629,419.10215641637626,98
2024-09-19 10:50:27.710,419.1151906441142,95
2024-09-19 10:50:27.719,419.1675635627777,100
2024-09-19 10:50:27.774,419.140777374602,13
2024-09-19 10:50:27.795,419.1415080664116,104
2024-09-19 10:50:27.826,419.1279957938965,996
2024-09-19 10:50:27.833,419.11379316612937,999
2024-09-19 10:50:27.838,419.1431533685449,99
2024-09-19 10:50:27.931,419.1494116587669,100
2024-09-19 10:50:27.990,419.10371834313975,95
2024-09-19 10:50:28.023,419.13344362620666,98
2024-09-19 10:50:28.071,419.155201899843,8
2024-09-19 10:50:28.078,419.126553268436,998
2024-09-19 10:50:28.119,419.1296934636159,97
2024-09-19 10:50:28.147,419.1498140221752,999
2024-09-19 10:50:28.158,419.1463767306541,1005
2024-09-19 10:50:28.271,419.1611619614569,14
2024-09-19 10:50:28.293,419.1605018399895,1003
2024-09-19 10:50:28.310,419.1585837412512,1001
2024-09-19 10:50:28.344,,105
2024-09-19 10:50:28.390,419.1478815245722,1002
2024-09-19 10:50:28.441,419.14977965993,100
2024-09-19 10:50:28.485,419.1522612274557,1000
2024-09-19 10:50:28.577,419.1270213862258,12
2024-09-19 10:50:28.592,419.1562794765601,1004
2024-09-19 10:50:28.610,419.1643552681246,6
2024-09-19 10:50:28.611,419.14056057496566,15
2024-09-19 10:50:28.734,419.1428146972426,996
2024-09-19 10:50:28.743,419.1378501355323,995
2024-09-19 10:50:28.854,419.1505193462151,1004
2024-09-19 10:50:28.860,419.1574739626912,99
2024-09-19 10:50:28.899,419.1306140613154,7
2024-09-19 10:50:28.905,419.1565352667901,101
2024-09-19 10:50:28.905,419.1735909724225,1001
2024-09-19 10:50:28.943,419.1426898225344,998
2024-09-19 10:50:29.018,419.119854381272,12
2024-09-19 10:50:29.072,419.126142228528,1005
2024-09-19 10:50:29.154,419.1077289531055,103
2024-09-19 10:50:29.206,419.11704234535097,1004
2024-09-19 10:50:29.292,419.1129777993781,12
2024-09-19 10:50:29.316,419.105246011844,7
2024-09-19 10:50:29.316,419.10276808134665,97
2024-09-19 10:50:29.338,419.1138167198249,96
2024-09-19 10:50:29.344,419.1301051684019,1003
2024-09-19 10:50:29.570,419.1380721260846,1003
2024-09-19 10:50:29.588,419.1044624678421,104
2024-09-19 10:50:29.605,419.1381401760541,102
2024-09-19 10:50:29.611,419.1340064297929,11
2024-09-19 10:50:29.626,419.11696376865547,99
2024-09-19 10:50:29.653,419.1426936356016,10
2024-09-19 10:50:29.723,419.1335962856387,99
2024-09-19 10:50:29.741,419.10071543986464,102
2024-09-19 10:50:29.779,419.1276846980871,8
2024-09-19 10:50:29.780,419.1455611791884,101
2024-09-19 10:50:29.797,419.1326936984288,1001
2024-09-19 10:50:29.820,419.1239080104137,1002
2024-09-19 10:50:29.911,419.1423708307538,96
2024-09-19 10:50:29.942,419.11391878092553,14
2024-09-19 10:50:30.033,419.111169914276,96
2024-09-19 10:50:30.064,419.0937473381602,995
2024-09-19 10:50:30.116,419.0848843605502,102
2024-09-19 10:50:30.145,419.1500015342359,102
2024-09-19 10:50:30.167,419.1216929288594,12
2024-09-19 10:50:30.278,419.0899012900444,105
2024-09-19 10:50:30.304,419.0845961128388,11
2024-09-19 10:50:30.396,419.0965601845908,104
2024-09-19 10:50:30.433,419.1080352429348,1005
2024-09-19 10:50:30.523,419.12913078197295,105
2024-09-19 10:50:30.539,419.16064611730513,102
2024-09-19 10:50:30.543,419.1335798281447,95
2024-09-19 10:50:30.545,419.0976962492692,8
2024-09-19 10:50:30.556,419.076996002352,1002
2024-09-19 10:50:30.586,419.1465559882325,100
2024-09-19 10:50:30.587,419.1011017837631,103
2024-09-19 10:50:30.629,419.0953036750161,95
2024-09-19 10:50:30.667,419.1537802193568,103
2024-09-19 10:50:30.700,419.136324660993,7
2024-09-19 10:50:30.719,419.11717145433306,11
2024-09-19 10:50:30.800,419.153927761185,101
2024-09-19 10:50:30.825,419.1338883945926,100
2024-09-19 10:50:30.880,419.1029756967271,5
2024-09-19 10:50:30.961,419.10744039261954,6
2024-09-19 10:50:30.966,419.0964366003872,1000
2024-09-19 10:50:30.975,419.1133365131603,5
2024-09-19 10:50:31.003,419.1290662373749,14
2024-09-19 10:50:31.203,419.1321059634084,102
2024-09-19 10:50:31.293,419.1189782363123,99
2024-09-19 10:50:31.422,419.1286911710957,7
2024-09-19 10:50:31.536,419.1389857020136,9
2024-09-19 10:50:31.845,419.1488420243687,95
2024-09-19 10:50:31.941,419.1249862137499,12
2024-09-19 10:50:32.022,419.0740346700979,1002
2024-09-19 10:50:32.079,419.093632923403,101
2024-09-19 10:50:32.103,-419.0845935843408,6
2024-09-19 10:50:32.176,,1001
2024-09-19 10:50:32.177,419.1173027639102,999
2024-09-19 10:50:32.336,419.07309919151066,102
2024-09-19 10:50:32.354,419.0791026192624,12
2024-09-19 10:50:32.447,419.0730865345222,96
2024-09-19 10:50:32.470,419.0849108536211,99
2024-09-19 10:50:32.490,419.1138807645017,995
2024-09-19 10:50:32.504,419.12399789705006,15
2024-09-19 10:50:32.516,419.079391684912,996
2024-09-19 10:50:32.558,419.1115790097225,6
2024-09-19 10:50:32.603,419.0884421693841,1003
2024-09-19 10:50:32.614,419.12841832567045,103
2024-09-19 10:50:32.632,419.0710982524024,10
2024-09-19 10:50:32.642,419.098101668509,104
2024-09-19 10:50:32.738,419.0689163629808,997
2024-09-19 10:50:32.746,419.0473081191985,995
2024-09-19 10:50:32.750,419.1014862895769,998
2024-09-19 10:50:32.863,419.07159172257616,998
2024-09-19 10:50:32.998,419.0779592576612,14
2024-09-19 10:50:34.036,419.03870362678737,100
2024-09-19 10:50:34.083,419.0564212791855,105
2024-09-19 10:50:34.122,419.06685951915694,1001
2024-09-19 10:50:34.179,419.04826793846985,998
2024-09-19 10:50:34.208,419.0644912421072,1002
2024-09-19 10:50:34.253,419.0877593662612,97
2024-09-19 10:50:34.275,419.0827115407719,99
2024-09-19 10:50:34.300,419.0515088740984,12
2024-09-19 10:50:34.397,419.05613632099215,12
2024-09-19 10:50:34.419,419.0587051862741,103
2024-09-19 10:50:34.473,419.0411486031343,14
2024-09-19 10:50:34.505,419.03742406125673,103
2024-09-19 10:50:34.505,419.0392961818209,12
2024-09-19 10:50:34.513,419.04406120404985,996
2024-09-19 10:50:34.553,419.073752227819,105
2024-09-19 10:50:34.568,419.0491386160777,96
2024-09-19 10:50:34.581,419.0306158752755,1000
2024-09-19 10:50:34.668,419.030152717606,998
2024-09-19 10:50:34.801,419.0615081747555,8
2024-09-19 10:50:34.809,419.0636046482924,1005
2024-09-19 10:50:34.867,419.0693086082181,15
2024-09-19 10:50:34.955,419.0874507848428,104
2024-09-19 10:50:34.983,419.0562242923463,103
2024-09-19 10:50:35.065,419.0610243775948,995
2024-09-19 10:50:35.150,419.0440314055348,100
2024-09-19 10:50:35.216,419.0470465415505,999
2024-09-19 10:50:35.483,419.04073886759625,105
2024-09-19 10:50:35.753,419.0635110581105,5
2024-09-19 10:50:35.843,419.0608485494057,105
2024-09-19 10:50:35.853,419.0417202527821,1001
2024-09-19 10:50:35.872,419.04778661917067,100
2024-09-19 10:50:35.984,419.0548241317522,97
2024-09-19 10:50:35.997,419.0429037711927,104
2024-09-19 10:50:36.054,-419.0431625798587,7
2024-09-19 10:50:36.083,419.0455195800729,6
2024-09-19 10:50:36.087,419.0104178843401,1001
2024-09-19 10:50:36.093,419.0437373966891,1005
2024-09-19 10:50:36.135,419.0343524134767,7
2024-09-19 10:50:36.178,418.9976457423465,95
2024-09-19 10:50:36.249,419.053876092821,6
2024-09-19 10:50:36.265,419.046704605806,5
2024-09-19 10:50:36.332,419.0594269751395,10
2024-09-19 10:50:36.356,419.041605619352,99
2024-09-19 10:50:36.420,419.0748692570982,98
2024-09-19 10:50:36.604,419.04805068152393,15
2024-09-19 10:50:36.610,419.0060315554256,998
2024-09-19 10:50:36.650,419.0598729802042,1001
2024-09-19 10:50:36.687,419.02070282417696,14
2024-09-19 10:50:36.688,419.0306548283273,998
2024-09-19 10:50:36.770,419.058263256607,102
2024-09-19 10:50:36.815,419.01202615062266,9
2024-09-19 10:50:36.833,419.0650285307853,9
2024-09-19 10:50:36.883,419.0330303060769,15
2024-09-19 10:50:36.887,419.0500884075568,1003
2024-09-19 10:50:36.901,419.0439569829974,996
2024-09-19 10:50:36.910,,1003
2024-09-19 10:50:36.936,419.0558420272671,101
2024-09-19 10:50:36.967,419.0308914193396,104
2024-09-19 10:50:36.983,419.0492011304072,13
2024-09-19 10:50:37.016,418.9991453154273,6
2024-09-19 10:50:37.692,419.0015919285231,12
2024-09-19 10:50:37.879,419.01673531778783,9
2024-09-19 10:50:38.012,419.09170343334,1001
2024-09-19 10:50:38.021,419.08020269661966,7
2024-09-19 10:50:38.038,419.0877601162669,98
2024-09-19 10:50:38.109,419.03658730043855,7
2024-09-19 10:50:38.169,419.0963129195402,13
2024-09-19 10:50:38.179,419.0672384319041,105
2024-09-19 10:50:38.193,419.07345972922207,101
2024-09-19 10:50:38.231,419.08374926599873,98
2024-09-19 10:50:38.245,419.0816539162725,995
2024-09-19 10:50:38.405,419.0733230259854,9
2024-09-19 10:50:38.502,419.0877918040106,1004
2024-09-19 10:50:38.512,419.0866630643243,995
2024-09-19 10:50:38.565,419.0149545456597,98
2024-09-19 10:50:38.574,419.01744945529936,103
2024-09-19 10:50:38.596,419.0412511835897,5
2024-09-19 10:50:38.624,419.0885478635831,1004
2024-09-19 10:50:38.628,419.0973535112885,997
2024-09-19 10:50:38.644,419.05987640548966,98
2024-09-19 10:50:38.667,419.0429113050168,6
2024-09-19 10:50:38.727,419.0191446092137,5
2024-09-19 10:50:38.761,419.0944227640792,98
2024-09-19 10:50:38.803,419.08444169970886,14
2024-09-19 10:50:38.884,419.07701402359095,6
2024-09-19 10:50:38.908,419.0734948867625,7
2024-09-19 10:50:38.912,419.01145186598166,999
2024-09-19 10:50:38.941,419.0688559581868,14
2024-09-19 10:50:38.968,419.0460390149297,1005
2024-09-19 10:50:38.975,419.00346647813353,1003
2024-09-19 10:50:39.030,419.02282662560543,1000
2024-09-19 10:50:39.064,419.0570315180562,995
2024-09-19 10:50:39.157,419.0745958269646,104
2024-09-19 10:50:39.282,419.0267688411063,5
2024-09-19 10:50:39.330,419.0338721881837,1004
2024-09-19 10:50:39.420,419.0378436374904,101
2024-09-19 10:50:39.488,41.90357355581618,15
2024-09-19 10:50:39.616,419.03232786167536,105
2024-09-19 10:50:39.691,419.03629686945374,102
2024-09-19 10:50:39.712,419.0463293011307,5
2024-09-19 10:50:39.765,419.0798526784832,1001
2024-09-19 10:50:39.848,419.0272957597626,98
2024-09-19 10:50:39.860,419.0316545797372,14
2024-09-19 10:50:39.922,419.02896828516174,997
2024-09-19 10:50:39.995,419.0444919673502,6
2024-09-19 10:50:40.135,419.0354516776249,98
2024-09-19 10:50:40.141,419.0348409677967,101
2024-09-19 10:50:40.274,419.0712830584884,997
2024-09-19 10:50:40.286,419.02228575978944,13
2024-09-19 10:50:40.357,419.0060626790335,100
2024-09-19 10:50:40.393,419.0740570664424,105
2024-09-19 10:50:40.402,419.0253838169357,95
2024-09-19 10:50:40.522,419.0529224311511,105
2024-09-19 10:50:40.604,419.0026563122559,13
2024-09-19 10:50:40.622,419.0367546282344,105
2024-09-19 10:50:40.635,419.0739343182587,996
2024-09-19 10:50:40.704,419.0582128107612,100
2024-09-19 10:50:40.712,419.0767819091117,103
2024-09-19 10:50:40.870,419.062782375336,95
2024-09-19 10:50:40.895,419.0637008960399,103
2024-09-19 10:50:41.004,419.05874948318495,997
2024-09-19 10:50:41.111,419.0677806140355,1003
2024-09-19 10:50:41.113,419.0624455037848,12
2024-09-19 10:50:41.153,419.0629244498905,15
2024-09-19 10:50:41.176,419.06195510271255,8
2024-09-19 10:50:41.219,419.0783444772456,96
2024-09-19 10:50:41.242,419.0549347826886,1002
2024-09-19 10:50:41.454,419.07201838964585,14
2024-09-19 10:50:41.496,419.0825380339315,104
2024-09-19 10:50:41.558,419.060446180132,104
2024-09-19 10:50:41.582,419.0814868843456,10
2024-09-19 10:50:41.687,419.0701026525605,101
2024-09-19 10:50:41.742,419.060773480754,995
2024-09-19 10:50:41.809,419.0739109758585,1004
2024-09-19 10:50:41.831,419.0463501846497,996
2024-09-19 10:50:41.849,419.0535247682521,1002
2024-09-19 10:50:41.867,419.0540391723403,997
2024-09-19 10:50:41.973,419.049937393774,5
2024-09-19 10:50:42.017,419.06867577966375,6
2024-09-19 10:50:42.145,419.07683026076006,8
2024-09-19 10:50:42.191,-419.1049655038483,1004
2024-09-19 10:50:42.191,419.1137644184189,1002
2024-09-19 10:50:42.194,419.09877528985504,8
2024-09-19 10:50:42.305,419.0983904431792,1004
2024-09-19 10:50:42.579,419.112422248067,14
2024-09-19 10:50:42.748,419.1138854787707,995
2024-09-19 10:50:42.754,419.1164920632284,95
2024-09-19 10:50:42.846,419.0645604445117,8
2024-09-19 10:50:42.887,419.10628037827416,105
2024-09-19 10:50:43.101,419.0453530401865,102
2024-09-19 10:50:43.104,419.0739917010791,10
2024-09-19 10:50:43.156,419.0689251004967,1000
2024-09-19 10:50:43.183,419.0537674912039,1004
2024-09-19 10:50:43.204,419.0835169228876,997
2024-09-19 10:50:43.225,419.0677681502296,8
2024-09-19 10:50:43.228,419.0670514691273,97
2024-09-19 10:50:43.260,41.90693237553203,14
2024-09-19 10:50:43.297,419.0632364272316,1001
2024-09-19 10:50:43.313,419.05493070774247,10
2024-09-19 10:50:43.316,419.069526529338,98
2024-09-19 10:50:43.415,419.0506884584712,1004
2024-09-19 10:50:43.525,419.0750635972528,999
2024-09-19 10:50:43.631,419.0761688217577,6
2024-09-19 10:50:43.650,419.1016375335913,104
2024-09-19 10:50:43.700,419.0773419502605,1005
2024-09-19 10:50:43.813,419.04752642078125,12
2024-09-19 10:50:43.913,419.0667594222296,96
2024-09-19 10:50:44.039,41.89403379278996,5
2024-09-19 10:50:44.072,418.9812595972413,103
2024-09-19 10:50:44.177,418.9574956470345,1000
2024-09-19 10:50:44.215,418.9703281011306,14
2024-09-19 10:50:44.221,419.0119413458056,1001
2024-09-19 10:50:44.320,419.0332745068943,1004
2024-09-19 10:50:44.354,418.948549421951,6
2024-09-19 10:50:44.376,418.9635168865869,7
2024-09-19 10:50:44.430,418.93235447505583,103
2024-09-19 10:50:44.446,418.92963123127305,97
2024-09-19 10:50:44.474,418.9574254247551,95
2024-09-19 10:50:44.549,418.9400397480076,13
2024-09-19 10:50:44.625,418.9288830864626,9
2024-09-19 10:50:44.683,418.948300076767,999
2024-09-19 10:50:44.713,418.9705471843852,98
2024-09-19 10:50:44.764,418.94513272648607,1000
2024-09-19 10:50:44.770,419.0378460079057,12
2024-09-19 10:50:44.774,419.0697029874792,1005
2024-09-19 10:50:44.782,418.95103466893846,14
2024-09-19 10:50:44.789,418.9529799963241,9
2024-09-19 10:50:44.791,419.0536457175045,6
2024-09-19 10:50:44.848,419.0224461504284,105
2024-09-19 10:50:44.871,418.95451609928216,12
2024-09-19 10:50:44.906,418.95747288254097,13
2024-09-19 10:50:44.954,419.0422201921188,104
2024-09-19 10:50:45.018,419.0104389432937,9
2024-09-19 10:50:45.083,418.9610986643208,6
2024-09-19 10:50:45.163,419.026867559425,9
2024-09-19 10:50:45.255,418.9724727765524,95
2024-09-19 10:50:45.310,418.9817653240317,996
2024-09-19 10:50:45.354,418.9871275516391,8
2024-09-19 10:50:45.361,418.9766907618096,998
2024-09-19 10:50:45.442,419.0150131257024,98
2024-09-19 10:50:45.464,418.987426725946,98
2024-09-19 10:50:45.470,418.9680522269098,95
2024-09-19 10:50:45.471,418.9769998488686,98
2024-09-19 10:50:45.572,418.9834070234953,105
2024-09-19 10:50:45.720,418.9772224481296,998
2024-09-19 10:50:45.763,418.98375597560175,97
2024-09-19 10:50:45.766,-419.031793790753,6
2024-09-19 10:50:45.846,418.9753282466901,97
2024-09-19 10:50:46.067,419.02611596776825,997
2024-09-19 10:50:46.073,419.0478217312472,6
2024-09-19 10:50:46.127,419.020890895543,98
2024-09-19 10:50:46.140,419.0441910946743,97
2024-09-19 10:50:46.140,419.0173859715732,14
2024-09-19 10:50:46.174,419.0240817764646,9
2024-09-19 10:50:46.202,419.0151990156071,97
2024-09-19 10:50:46.315,419.0469144296261,11
2024-09-19 10:50:46.527,419.04361987967087,996
2024-09-19 10:50:46.536,419.0244823601921,998
2024-09-19 10:50:46.549,419.0396133772418,15
2024-09-19 10:50:46.614,419.0461105215181,1001
2024-09-19 10:50:46.641,419.025162249651,1000
2024-09-19 10:50:46.684,419.0404358721726,99
2024-09-19 10:50:46.693,419.0172379394596,998
2024-09-19 10:50:46.731,419.0434300884457,997
2024-09-19 10:50:46.758,419.0240132378352,105
2024-09-19 10:50:46.803,419.03453371777147,997
2024-09-19 10:50:46.830,418.9933004694758,1005
2024-09-19 10:50:46.890,419.048169797942,95
2024-09-19 10:50:46.933,419.0168234383905,1002
2024-09-19 10:50:46.986,419.0058464034327,1001
2024-09-19 10:50:47.029,419.0150871837128,101
2024-09-19 10:50:47.090,418.9882025508704,1005
2024-09-19 10:50:47.111,418.9915100287472,1004
2024-09-19 10:50:47.126,418.9981137265914,100
2024-09-19 10:50:47.278,418.969327724859,999
2024-09-19 10:50:47.410,418.9649388283499,996
2024-09-19 10:50:47.414,418.9993756197348,998
2024-09-19 10:50:47.417,418.9944361179429,1001
2024-09-19 10:50:47.433,418.97297001332765,999
2024-09-19 10:50:47.589,419.0273391126219,13
2024-09-19 10:50:47.697,418.9898292435631,1003
2024-09-19 10:50:47.741,418.9965666822308,1003
2024-09-19 10:50:47.765,419.0395300542372,96
2024-09-19 10:50:47.876,418.9995546613278,1004
2024-09-19 10:50:47.933,419.0366667865391,1000
2024-09-19 10:50:47.935,419.0070927739544,98
2024-09-19 10:50:47.945,41.899074985811176,103
2024-09-19 10:50:47.952,418.9984156023549,12
2024-09-19 10:50:47.959,419.0354727226512,100
2024-09-19 10:50:48.026,418.9780622910623,102
2024-09-19 10:50:48.111,419.0256371183356,1002
2024-09-19 10:50:48.250,41.89696051225733,96
2024-09-19 10:50:48.344,418.98067266300376,101
2024-09-19 10:50:48.402,418.9905235274285,13
2024-09-19 10:50:48.628,419.0171960379772,1003
2024-09-19 10:50:48.698,418.98999175526967,98
2024-09-19 10:50:48.744,419.016445383014,10
2024-09-19 10:50:48.748,419.0081868835828,1001
2024-09-19 10:50:48.975,419.00113671343377,100
2024-09-19 10:50:49.065,419.0673090272083,103
2024-09-19 10:50:49.116,419.0591395391788,6
2024-09-19 10:50:49.130,419.05108174787927,96
2024-09-19 10:50:49.132,419.0228405571363,104
2024-09-19 10:50:49.254,419.0117805727001,998
2024-09-19 10:50:49.256,419.0297803804549,996
2024-09-19 10:50:49.273,419.0539273729551,97
2024-09-19 10:50:49.294,419.067061210924,98
2024-09-19 10:50:49.331,419.0824198278974,6
2024-09-19 10:50:49.501,419.0015699977806,996
2024-09-19 10:50:49.566,419.04418729596256,95
2024-09-19 10:50:49.586,419.0582705194125,5
2024-09-19 10:50:49.601,419.052865216237,996
2024-09-19 10:50:49.668,419.0100270418733,102
2024-09-19 10:50:49.759,419.0539301581588,1000
2024-09-19 10:50:49.763,419.0785334556789,12
2024-09-19 10:50:49.851,419.0611489511516,1002
2024-09-19 10:50:49.945,419.029096569008,103
2024-09-19 10:50:49.993,419.0633427867588,6
2024-09-19 10:50:50.082,419.0837769714877,102
2024-09-19 10:50:50.356,419.0679170810679,1000
2024-09-19 10:50:50.384,,10
2024-09-19 10:50:50.392,419.0371371465704,998
2024-09-19 10:50:50.471,419.0962576255664,101
2024-09-19 10:50:50.516,419.1164170785396,14
2024-09-19 10:50:50.550,419.1046392857826,98
2024-09-19 10:50:50.725,419.058772092271,5
2024-09-19 10:50:50.766,419.094294954625,11
2024-09-19 10:50:50.785,419.0810756876465,996
2024-09-19 10:50:50.833,419.1061098694688,11
2024-09-19 10:50:50.851,419.1137704768997,6
2024-09-19 10:50:51.072,419.0901322416613,15
2024-09-19 10:50:51.077,419.0351898229622,11
2024-09-19 10:50:51.113,419.03435166102224,103
2024-09-19 10:50:51.217,419.09973458963344,999
2024-09-19 10:50:51.230,419.0822181301635,1003
2024-09-19 10:50:51.284,419.083723021872,1001
2024-09-19 10:50:51.292,419.0738258638648,998
2024-09-19 10:50:51.320,,7
2024-09-19 10:50:51.323,419.06793243949016,1002
2024-09-19 10:50:51.337,419.0737383603292,12
2024-09-19 10:50:51.567,419.0754708860462,5
2024-09-19 10:50:51.608,419.0824680248736,99
2024-09-19 10:50:51.609,419.0741191921021,8
2024-09-19 10:50:51.698,419.1037139874932,9
2024-09-19 10:50:51.721,419.0489846732097,15
2024-09-19 10:50:51.738,419.0838593836034,103
2024-09-19 10:50:51.862,419.0725702414615,14
2024-09-19 10:50:51.869,419.0451382165333,105
2024-09-19 10:50:51.901,419.0504236712517,1004
2024-09-19 10:50:51.931,419.09334009105936,104
2024-09-19 10:50:51.965,419.0770841449478,104
2024-09-19 10:50:52.008,419.1096843784247,13
2024-09-19 10:50:52.349,419.066895416741,5
2024-09-19 10:50:52.421,419.0998566147869,14
2024-09-19 10:50:52.546,419.1113915234668,101
2024-09-19 10:50:52.571,419.1232750951525,11
2024-09-19 10:50:52.690,419.1180294777593,995
2024-09-19 10:50:52.739,419.0369180273826,101
2024-09-19 10:50:52.750,419.0896884911183,1000
2024-09-19 10:50:53.029,419.2006591923918,1002
2024-09-19 10:50:53.033,419.1176036366746,995
2024-09-19 10:50:53.038,419.1449083924502,100
2024-09-19 10:50:53.081,419.2017441134009,13
2024-09-19 10:50:53.137,419.15976631528537,7
2024-09-19 10:50:53.217,419.1503626263133,1005
2024-09-19 10:50:53.295,419.1513312319096,8
2024-09-19 10:50:53.318,419.1394906803584,7
2024-09-19 10:50:53.395,419.2034293651664,1004
2024-09-19 10:50:53.428,419.17717670456574,102
2024-09-19 10:50:53.448,419.1605072336452,6
2024-09-19 10:50:53.452,419.1403333390453,1003
2024-09-19 10:50:53.467,419.2120694662802,100
2024-09-19 10:50:53.522,419.1920881065252,99
2024-09-19 10:50:53.565,419.1371043510063,5
2024-09-19 10:50:53.607,419.1620530255765,99
2024-09-19 10:50:53.786,419.1328065476724,102
2024-09-19 10:50:53.802,419.15168735223546,15
2024-09-19 10:50:53.846,419.1723461263657,13
2024-09-19 10:50:53.867,419.1616769269742,996
2024-09-19 10:50:53.889,419.2113912187276,999
2024-09-19 10:50:53.894,419.14660800003264,14
2024-09-19 10:50:53.897,419.169754095954,997
2024-09-19 10:50:53.915,419.2333551689664,11
2024-09-19 10:50:54.024,41.92067440270719,102
2024-09-19 10:50:54.114,419.2154074582688,998
2024-09-19 10:50:54.143,419.2090532922453,97
2024-09-19 10:50:54.163,419.198250911604,995
2024-09-19 10:50:54.247,419.1871324422052,104
2024-09-19 10:50:54.384,419.2039914969082,97
2024-09-19 10:50:54.405,,9
2024-09-19 10:50:54.554,419.2336890329942,1000
2024-09-19 10:50:54.602,419.2049882636626,6
2024-09-19 10:50:54.608,419.2210875465665,996
2024-09-19 10:50:54.961,419.2028085503847,14
2024-09-19 10:50:55.097,419.1832572225461,998
2024-09-19 10:50:55.130,419.1915071048485,105
2024-09-19 10:50:55.148,419.1874399177738,1002
2024-09-19 10:50:55.164,419.1927181328553,104
2024-09-19 10:50:55.260,419.166022811456,13
2024-09-19 10:50:55.278,419.1817169074831,104
2024-09-19 10:50:55.303,419.16370791154895,101
2024-09-19 10:50:55.320,419.1851228369374,7
2024-09-19 10:50:55.399,419.1999484231972,98
2024-09-19 10:50:55.422,419.1620659362849,9
2024-09-19 10:50:55.463,419.1594646439689,8
2024-09-19 10:50:55.477,419.191319869203,999
2024-09-19 10:50:55.538,419.1739890508238,998
2024-09-19 10:50:55.566,419.1994645376655,999
2024-09-19 10:50:55.577,419.1701393270228,6
2024-09-19 10:50:55.607,419.1774676489568,96
2024-09-19 10:50:55.657,419.1824651402658,6
2024-09-19 10:50:55.672,419.2099361595569,8
2024-09-19 10:50:55.677,419.1542628946916,102
2024-09-19 10:50:55.684,419.18494986876107,13
2024-09-19 10:50:55.755,419.1724979357229,1004
2024-09-19 10:50:55.809,419.1865222553165,996
2024-09-19 10:50:55.905,419.18386799978987,1003
2024-09-19 10:50:56.021,419.15221279767934,999
2024-09-19 10:50:56.059,419.14211139363965,1002
2024-09-19 10:50:56.101,419.1661821538119,6
2024-09-19 10:50:56.165,419.1676475416264,10
2024-09-19 10:50:56.179,419.1678274350638,1000
2024-09-19 10:50:56.180,419.19526125481633,1000
2024-09-19 10:50:56.241,419.2141537384009,9
2024-09-19 10:50:56.286,419.15814549591903,1002
2024-09-19 10:50:56.293,419.2254203268348,1005
2024-09-19 10:50:56.305,419.1342599526549,97
2024-09-19 10:50:56.312,419.132953914109,102
2024-09-19 10:50:56.343,419.1819880703944,105
2024-09-19 10:50:56.347,419.185903649501,6
2024-09-19 10:50:56.394,419.1753695005216,96
2024-09-19 10:50:56.409,419.1313073389042,1001
2024-09-19 10:50:56.527,419.1802333647931,11
2024-09-19 10:50:56.536,419.215298251874,999
2024-09-19 10:50:56.543,419.22144526296535,104
2024-09-19 10:50:56.552,419.21416527714194,1001
2024-09-19 10:50:56.583,419.19712819413184,6
2024-09-19 10:50:56.590,419.1703619482517,95
2024-09-19 10:50:56.614,419.1791994145415,1000
2024-09-19 10:50:56.639,419.2156578320784,101
2024-09-19 10:50:56.786,419.1949412373653,997
2024-09-19 10:50:56.798,419.17416269145326,103
2024-09-19 10:50:56.800,419.1871741618608,998
2024-09-19 10:50:56.871,419.1735486718664,95
2024-09-19 10:50:56.956,419.1375505019984,9
2024-09-19 10:50:56.979,419.1787313999636,6
2024-09-19 10:50:57.007,419.2656967838664,1003
2024-09-19 10:50:57.203,419.2623738322845,14
2024-09-19 10:50:57.211,419.2339866733215,100
2024-09-19 10:50:57.229,419.22884595740726,96
2024-09-19 10:50:57.273,419.2706519391707,15
2024-09-19 10:50:57.280,419.230987527648,12
2024-09-19 10:50:57.576,419.2687403386723,13
2024-09-19 10:50:57.645,419.2761186193393,104
2024-09-19 10:50:57.685,419.26067099220353,1004
2024-09-19 10:50:57.777,419.2575383726816,14
2024-09-19 10:50:57.778,419.25214966509577,995
2024-09-19 10:50:57.835,419.2747316630328,10
2024-09-19 10:50:57.844,419.26248266015904,1003
2024-09-19 10:50:57.854,419.2488965571655,96
2024-09-19 10:50:57.931,419.2601958819271,1005
2024-09-19 10:50:58.057,419.2717054004595,101
2024-09-19 10:50:58.068,419.2772714338205,98
2024-09-19 10:50:58.162,419.2840713799507,11
2024-09-19 10:50:58.179,419.2462958078392,11
2024-09-19 10:50:58.266,419.2814046184128,13
2024-09-19 10:50:58.387,419.2898265904559,98
2024-09-19 10:50:58.439,419.2865785192929,1000
2024-09-19 10:50:58.696,419.2840168439986,95
2024-09-19 10:50:58.710,419.2929818182389,15
2024-09-19 10:50:58.718,419.2582114094312,9
2024-09-19 10:50:58.722,419.2852964797551,95
2024-09-19 10:50:58.832,419.27739230558416,96
2024-09-19 10:50:58.928,,998
2024-09-19 10:50:58.945,419.2697411399161,6
2024-09-19 10:50:58.945,419.295767972638,99
2024-09-19 10:50:59.179,419.2355660056579,12
2024-09-19 10:50:59.234,419.2453373550945,100
2024-09-19 10:50:59.252,419.2419477213318,96
2024-09-19 10:50:59.336,419.2415576617301,1003
2024-09-19 10:50:59.389,419.2533992382947,1004
2024-09-19 10:50:59.596,419.24250695668815,11
2024-09-19 10:50:59.601,419.2539912513234,995
2024-09-19 10:50:59.632,419.2443935727703,13
2024-09-19 10:50:59.658,419.247528344536,1005
2024-09-19 10:50:59.740,419.24156245964446,1002
2024-09-19 10:50:59.885,419.2434514106995,99
