Timestamp,Price,Size
2024-09-20 15:29:00.041,428.0717399219833,6
2024-09-20 15:29:00.044,428.1282833418851,102
2024-09-20 15:29:00.048,428.0602362325237,96
2024-09-20 15:29:00.091,428.064469372647,7
2024-09-20 15:29:00.153,428.0826541239096,98
2024-09-20 15:29:00.275,428.0939273170728,6
2024-09-20 15:29:00.361,428.0884617456737,13
2024-09-20 15:29:00.372,-428.1207925640634,14
2024-09-20 15:29:00.411,428.11578725055017,98
2024-09-20 15:29:00.428,428.0686679072848,99
2024-09-20 15:29:00.474,428.1269932242488,9
2024-09-20 15:29:00.481,428.1173212670076,103
2024-09-20 15:29:00.523,428.1260659847018,997
2024-09-20 15:29:00.681,428.11398311530826,1003
2024-09-20 15:29:00.725,,997
2024-09-20 15:29:00.818,428.0696345602583,104
2024-09-20 15:29:00.892,428.144454886968,6
2024-09-20 15:29:00.902,428.0679458721377,1001
2024-09-20 15:29:00.924,428.1008270389568,12
2024-09-20 15:29:00.972,428.1313023119775,100
2024-09-20 15:29:01.027,428.047190880052,104
2024-09-20 15:29:01.134,428.053427190473,995
2024-09-20 15:29:01.370,428.052276785392,14
2024-09-20 15:29:01.468,428.0780140784338,96
2024-09-20 15:29:01.614,428.0760097977296,998
2024-09-20 15:29:01.717,428.0692441872515,97
2024-09-20 15:29:01.775,428.0625271695132,1001
2024-09-20 15:29:01.879,428.073910989696,105
2024-09-20 15:29:01.937,428.0576520462092,95
2024-09-20 15:29:02.014,42.80937574588278,11
2024-09-20 15:29:02.015,428.0907949898793,995
2024-09-20 15:29:02.017,428.0652829487912,96
2024-09-20 15:29:02.044,428.0828508528515,995
2024-09-20 15:29:02.050,428.0654860173983,1000
2024-09-20 15:29:02.111,428.0858965351479,96
2024-09-20 15:29:02.191,428.07724503605056,997
2024-09-20 15:29:02.229,428.1040490978008,12
2024-09-20 15:29:02.278,428.09923392936633,95
2024-09-20 15:29:02.278,428.0914451740272,1004
2024-09-20 15:29:02.291,428.0879386500304,100
2024-09-20 15:29:02.455,428.1006143726745,104
2024-09-20 15:29:02.473,428.09495198185743,997
2024-09-20 15:29:02.496,428.1007201331013,997
2024-09-20 15:29:02.539,428.0925401374961,7
2024-09-20 15:29:02.672,428.1088554071769,95
2024-09-20 15:29:02.813,428.0901544126405,101
2024-09-20 15:29:02.896,428.0851805836916,104
2024-09-20 15:29:02.926,428.08862234412015,98
2024-09-20 15:29:03.010,428.1252772714142,98
2024-09-20 15:29:03.035,428.1451728294443,1004
2024-09-20 15:29:03.098,428.1190556874547,13
2024-09-20 15:29:03.304,428.1336402789592,9
2024-09-20 15:29:03.306,428.1313783228043,15
2024-09-20 15:29:03.426,428.1356152862925,11
2024-09-20 15:29:03.493,428.1282171011376,105
2024-09-20 15:29:03.675,428.1457351155333,997
2024-09-20 15:29:03.681,428.15983945168034,12
2024-09-20 15:29:03.698,428.1289837854426,995
2024-09-20 15:29:03.772,428.1332708038763,1004
2024-09-20 15:29:03.784,428.1271857750459,11
2024-09-20 15:29:03.811,428.1230508553456,104
2024-09-20 15:29:03.850,428.1238085666743,1004
2024-09-20 15:29:03.905,428.1386529835121,12
2024-09-20 15:29:03.967,428.110091358926,1002
2024-09-20 15:29:04.071,428.2637650634063,9
2024-09-20 15:29:04.109,428.24714583572114,11
2024-09-20 15:29:04.153,428.1825639049719,7
2024-09-20 15:29:04.179,-428.18493561480176,6
2024-09-20 15:29:04.264,428.2400015520328,13
2024-09-20 15:29:04.367,428.1931252705,1005
2024-09-20 15:29:04.416,428.196454626845,100
2024-09-20 15:29:04.426,428.25168521690415,100
2024-09-20 15:29:04.434,428.1806008888096,11
2024-09-20 15:29:04.449,428.25848984353297,101
2024-09-20 15:29:04.526,428.22873167962393,1002
2024-09-20 15:29:04.565,-428.25758088252405,6
2024-09-20 15:29:04.608,428.2839365313026,99
2024-09-20 15:29:04.658,428.2449377512289,9
2024-09-20 15:29:04.706,428.25277496396205,102
2024-09-20 15:29:04.721,428.2572770603627,96
2024-09-20 15:29:04.812,428.2132014085765,14
2024-09-20 15:29:04.812,428.2419630883828,97
2024-09-20 15:29:04.824,428.28136938678006,1005
2024-09-20 15:29:05.097,428.28046895368107,105
2024-09-20 15:29:05.167,428.28509270906574,998
2024-09-20 15:29:05.703,428.24957843697047,8
2024-09-20 15:29:05.707,428.29092578633424,104
2024-09-20 15:29:05.844,428.2873272395231,13
2024-09-20 15:29:06.014,428.4162273732573,101
2024-09-20 15:29:06.130,428.34399389111866,1005
2024-09-20 15:29:06.136,-428.3308276791928,103
2024-09-20 15:29:06.142,428.3471083187122,1005
2024-09-20 15:29:06.174,428.3542320699374,97
2024-09-20 15:29:06.196,428.4103410223831,995
2024-09-20 15:29:06.213,428.414459555525,14
2024-09-20 15:29:06.233,428.3589949742892,9
2024-09-20 15:29:06.352,428.34792805754125,95
2024-09-20 15:29:06.360,428.35787413944894,1005
2024-09-20 15:29:06.361,428.3676532910612,999
2024-09-20 15:29:06.433,428.3503089708912,995
2024-09-20 15:29:06.464,428.34976808972846,1001
2024-09-20 15:29:06.476,428.4135999734867,6
2024-09-20 15:29:06.508,428.38302577612944,7
2024-09-20 15:29:06.522,428.3763651693016,998
2024-09-20 15:29:06.543,428.3727210064521,1002
2024-09-20 15:29:06.558,428.4069730348512,1005
2024-09-20 15:29:06.565,428.33473778430783,1005
2024-09-20 15:29:06.576,428.34230743033214,1000
2024-09-20 15:29:06.596,428.3473971158176,9
2024-09-20 15:29:06.637,428.2937418317778,1001
2024-09-20 15:29:06.709,428.35642796903664,999
2024-09-20 15:29:06.724,428.3379510178096,998
2024-09-20 15:29:06.726,428.34480215121033,97
2024-09-20 15:29:06.812,428.3994411378697,98
2024-09-20 15:29:06.866,428.352259930348,12
2024-09-20 15:29:06.882,428.3535611793601,996
2024-09-20 15:29:06.907,428.31390878746447,9
2024-09-20 15:29:06.995,428.28584350031184,97
2024-09-20 15:29:07.191,428.4095449666076,7
2024-09-20 15:29:07.361,428.4156118470177,101
2024-09-20 15:29:07.376,428.4022763139808,100
2024-09-20 15:29:07.407,428.3780619010473,5
2024-09-20 15:29:07.451,428.39469057464703,98
2024-09-20 15:29:07.569,428.3892056276656,13
2024-09-20 15:29:07.742,428.4194013800148,999
2024-09-20 15:29:07.826,428.40553525030094,7
2024-09-20 15:29:07.928,428.41584409420005,96
2024-09-20 15:29:07.963,428.407553492586,13
2024-09-20 15:29:08.015,428.3892316906944,99
2024-09-20 15:29:08.058,428.3477118068992,98
2024-09-20 15:29:08.096,428.3882316250379,11
2024-09-20 15:29:08.245,428.3968449296058,995
2024-09-20 15:29:08.267,428.3641533612087,1005
2024-09-20 15:29:08.279,428.3791225102944,105
2024-09-20 15:29:08.280,428.3626738739144,7
2024-09-20 15:29:08.463,428.40636081473417,10
2024-09-20 15:29:08.479,,1004
2024-09-20 15:29:08.581,428.4048793745132,101
2024-09-20 15:29:08.633,428.3550469390064,1000
2024-09-20 15:29:08.673,428.3688149376699,13
2024-09-20 15:29:08.740,428.3928058773888,1000
2024-09-20 15:29:08.792,428.3953764730715,8
2024-09-20 15:29:08.823,428.375654871752,998
2024-09-20 15:29:08.923,428.3830483260813,96
2024-09-20 15:29:08.970,428.3833228060327,14
2024-09-20 15:29:09.006,428.396227157842,8
2024-09-20 15:29:09.052,428.4757321973415,97
2024-09-20 15:29:09.136,428.4434266253599,1002
2024-09-20 15:29:09.276,428.4054676256426,999
2024-09-20 15:29:09.277,428.46351499513446,11
2024-09-20 15:29:09.358,428.4008687675027,997
2024-09-20 15:29:09.424,428.4600535243514,998
2024-09-20 15:29:09.435,428.4554519534109,104
2024-09-20 15:29:09.475,428.45863293919,95
2024-09-20 15:29:09.486,428.4204503319523,105
2024-09-20 15:29:09.500,,5
2024-09-20 15:29:09.517,428.46763800424833,1001
2024-09-20 15:29:09.532,428.4693165349869,15
2024-09-20 15:29:09.543,428.4810809798665,7
2024-09-20 15:29:09.607,428.46264376499903,103
2024-09-20 15:29:09.615,428.4567735996227,1003
2024-09-20 15:29:09.710,428.3673635032784,8
2024-09-20 15:29:09.825,428.4353884234834,1005
2024-09-20 15:29:09.862,428.4562702692848,99
2024-09-20 15:29:09.879,428.4530133433939,98
2024-09-20 15:29:09.899,428.4019608873376,998
2024-09-20 15:29:09.916,428.46152519316365,12
2024-09-20 15:29:10.062,428.4606756574964,999
2024-09-20 15:29:10.162,428.4582058096252,997
2024-09-20 15:29:10.345,428.4336241086933,7
2024-09-20 15:29:10.380,428.4902694030472,7
2024-09-20 15:29:10.639,428.4632380299794,98
2024-09-20 15:29:10.690,428.4470231593546,8
2024-09-20 15:29:10.814,428.4396820419136,1002
2024-09-20 15:29:10.862,428.4364795948353,11
2024-09-20 15:29:11.020,428.47856941511657,997
2024-09-20 15:29:11.071,428.4310770026423,1005
2024-09-20 15:29:11.233,428.47550116018425,9
2024-09-20 15:29:11.345,428.456137357954,1004
2024-09-20 15:29:11.380,428.4232225369632,997
2024-09-20 15:29:11.628,428.4661536790786,8
2024-09-20 15:29:11.763,428.4605401217794,999
2024-09-20 15:29:11.772,428.4785517076005,105
2024-09-20 15:29:11.804,428.44170827026585,102
2024-09-20 15:29:11.887,428.4232072644366,995
2024-09-20 15:29:11.936,428.4514994331325,11
2024-09-20 15:29:12.034,428.40934109779374,11
2024-09-20 15:29:12.082,42.847484034440825,97
2024-09-20 15:29:12.088,428.3984292293655,1005
2024-09-20 15:29:12.204,428.4297985514295,8
2024-09-20 15:29:12.205,428.42205134660543,8
2024-09-20 15:29:12.259,428.4075126143965,100
2024-09-20 15:29:12.265,428.4282776952648,1004
2024-09-20 15:29:12.273,428.43627697136674,97
2024-09-20 15:29:12.304,428.42556383203015,998
2024-09-20 15:29:12.365,428.4237259004354,995
2024-09-20 15:29:12.375,428.4439676586804,997
2024-09-20 15:29:12.380,428.3996184981298,998
2024-09-20 15:29:12.397,428.47655518490393,995
2024-09-20 15:29:12.464,428.4369838832216,997
2024-09-20 15:29:12.488,428.4166157652048,95
2024-09-20 15:29:12.501,428.4063732673768,1003
2024-09-20 15:29:12.553,428.4374066510584,104
2024-09-20 15:29:12.651,428.4526310611705,105
2024-09-20 15:29:12.682,428.4057510161881,13
2024-09-20 15:29:12.693,428.41796007064863,100
2024-09-20 15:29:12.705,428.4728658425855,104
2024-09-20 15:29:12.706,428.4020649026258,10
2024-09-20 15:29:12.715,42.83755423746344,12
2024-09-20 15:29:12.729,42.84048528782765,96
2024-09-20 15:29:12.761,428.4392355211049,995
2024-09-20 15:29:12.782,428.45632159957125,1003
2024-09-20 15:29:12.823,,98
2024-09-20 15:29:12.881,428.36472871392857,999
2024-09-20 15:29:12.904,428.38845987933706,105
2024-09-20 15:29:12.998,428.4565492879001,997
2024-09-20 15:29:13.034,428.3305625028358,6
2024-09-20 15:29:13.049,428.30003170420815,1004
2024-09-20 15:29:13.056,428.3556816075215,1001
2024-09-20 15:29:13.132,428.34563073577726,103
2024-09-20 15:29:13.253,428.2945373001498,101
2024-09-20 15:29:13.336,428.3193572982626,995
2024-09-20 15:29:13.373,428.3697090160681,996
2024-09-20 15:29:13.444,428.3881632240727,10
2024-09-20 15:29:13.470,428.2841610831681,12
2024-09-20 15:29:13.515,428.38454578151857,1005
2024-09-20 15:29:13.547,428.2844175562284,1002
2024-09-20 15:29:13.557,428.3155055953982,95
2024-09-20 15:29:13.569,428.3481721439126,102
2024-09-20 15:29:13.582,428.3117951820959,11
2024-09-20 15:29:13.598,428.2800171640607,95
2024-09-20 15:29:13.632,428.28766851562966,8
2024-09-20 15:29:13.657,428.3315450854932,15
2024-09-20 15:29:13.669,428.39426355858734,95
2024-09-20 15:29:13.695,428.2891924903289,103
2024-09-20 15:29:13.718,428.3513224417079,9
2024-09-20 15:29:13.748,428.31871028350434,102
2024-09-20 15:29:13.766,428.33973035513407,5
2024-09-20 15:29:13.781,428.3122639263548,1000
2024-09-20 15:29:13.824,428.3857886324169,995
2024-09-20 15:29:13.842,428.37603983003953,11
2024-09-20 15:29:13.973,428.3257408608948,14
2024-09-20 15:29:13.978,428.39959101218017,995
2024-09-20 15:29:13.978,428.3770381038713,12
2024-09-20 15:29:14.091,428.3749995233474,999
2024-09-20 15:29:14.231,428.3862979534743,9
2024-09-20 15:29:14.236,428.3878247063982,6
2024-09-20 15:29:14.536,428.3758697821459,5
2024-09-20 15:29:14.732,428.37154578849606,999
2024-09-20 15:29:14.763,428.3845156997269,97
2024-09-20 15:29:14.770,428.3800088653515,98
2024-09-20 15:29:14.877,428.38128816388814,996
2024-09-20 15:29:14.936,428.3865020789112,96
2024-09-20 15:29:14.976,428.3712605311782,995
2024-09-20 15:29:15.038,428.3626452224236,10
2024-09-20 15:29:15.043,428.4023547463521,995
2024-09-20 15:29:15.068,428.3602386354535,5
2024-09-20 15:29:15.104,428.38651381374143,102
2024-09-20 15:29:15.118,428.4247512826004,1004
2024-09-20 15:29:15.122,428.3988127945516,10
2024-09-20 15:29:15.169,428.4254735257651,998
2024-09-20 15:29:15.170,428.4040256808722,997
2024-09-20 15:29:15.190,428.3832090320476,97
2024-09-20 15:29:15.204,428.3956307445271,95
2024-09-20 15:29:15.234,428.38447547695154,8
2024-09-20 15:29:15.250,428.4017588286338,9
2024-09-20 15:29:15.250,428.375226748492,99
2024-09-20 15:29:15.263,428.4172384071376,995
2024-09-20 15:29:15.564,428.38586253183695,103
2024-09-20 15:29:15.578,428.3991071226481,15
2024-09-20 15:29:15.654,428.3942899153162,95
2024-09-20 15:29:15.693,428.3997645706978,997
2024-09-20 15:29:15.698,428.4001709884059,1001
2024-09-20 15:29:15.732,428.3825003886936,8
2024-09-20 15:29:15.796,428.4065609139096,104
2024-09-20 15:29:15.861,42.83656881628093,105
2024-09-20 15:29:15.891,428.3631823364116,100
2024-09-20 15:29:15.916,428.36473442055376,1005
2024-09-20 15:29:16.035,428.3845672042144,13
2024-09-20 15:29:16.060,428.4527066267033,9
2024-09-20 15:29:16.063,428.439237324765,1003
2024-09-20 15:29:16.186,428.3929904406544,995
2024-09-20 15:29:16.341,428.4506863458729,996
2024-09-20 15:29:16.467,428.4089081791714,1002
2024-09-20 15:29:16.534,,6
2024-09-20 15:29:16.589,428.3834431233394,9
2024-09-20 15:29:16.597,428.3873747392168,96
2024-09-20 15:29:16.617,428.37822995852383,1003
2024-09-20 15:29:16.637,428.3900705882341,97
2024-09-20 15:29:16.671,428.4024104734905,1001
2024-09-20 15:29:16.684,428.3764782054573,6
2024-09-20 15:29:16.770,428.4291809818259,13
2024-09-20 15:29:16.789,428.3778403686209,1004
2024-09-20 15:29:16.848,424.1155471889408,100
2024-09-20 15:29:16.864,428.392378401992,1003
2024-09-20 15:29:16.869,428.3475709512001,97
2024-09-20 15:29:17.024,428.4529516689797,103
2024-09-20 15:29:17.065,428.4697625959013,999
2024-09-20 15:29:17.081,428.4498962708941,97
2024-09-20 15:29:17.172,-428.4485808156525,1003
2024-09-20 15:29:17.211,428.4733272068255,97
2024-09-20 15:29:17.234,428.44217520426986,1003
2024-09-20 15:29:17.249,428.4624779618584,95
2024-09-20 15:29:17.299,428.45861742151016,102
2024-09-20 15:29:17.312,428.4513267731369,1003
2024-09-20 15:29:17.312,428.4625109687958,999
2024-09-20 15:29:17.360,428.44278821386695,1004
2024-09-20 15:29:17.413,428.4635166978777,12
2024-09-20 15:29:17.419,428.4465253041748,999
2024-09-20 15:29:17.468,428.4658741932807,96
2024-09-20 15:29:17.550,428.44766409894186,97
2024-09-20 15:29:17.750,428.4808993775466,997
2024-09-20 15:29:17.751,428.4737854419873,997
2024-09-20 15:29:17.766,428.4350776836876,11
2024-09-20 15:29:17.821,428.4631577314157,999
2024-09-20 15:29:17.943,428.4564226652866,8
2024-09-20 15:29:17.948,,998
2024-09-20 15:29:18.733,428.40896671902857,996
2024-09-20 15:29:19.216,428.3743447743554,103
2024-09-20 15:29:19.239,428.42871356303664,12
2024-09-20 15:29:19.241,428.3753394434096,999
2024-09-20 15:29:19.247,428.3802921284976,97
2024-09-20 15:29:19.289,428.3990834751029,997
2024-09-20 15:29:19.302,428.3843658964524,100
2024-09-20 15:29:19.328,428.374957849827,97
2024-09-20 15:29:19.363,428.391464146826,9
2024-09-20 15:29:19.492,428.4197890534232,97
2024-09-20 15:29:19.521,428.4423736703652,96
2024-09-20 15:29:19.588,428.3608538711715,7
2024-09-20 15:29:19.646,428.3789792123808,6
2024-09-20 15:29:19.712,428.3724664288719,104
2024-09-20 15:29:19.804,428.3726425770944,998
2024-09-20 15:29:19.836,428.4173990317438,1003
2024-09-20 15:29:20.009,428.4691155646805,99
2024-09-20 15:29:20.172,428.4674873751727,14
2024-09-20 15:29:20.269,428.4712598465156,98
2024-09-20 15:29:20.325,428.4866251871574,96
2024-09-20 15:29:20.406,428.4608407098039,1003
2024-09-20 15:29:20.420,428.457244348078,11
2024-09-20 15:29:20.457,428.4555424528861,11
2024-09-20 15:29:20.919,428.4538215803369,998
2024-09-20 15:29:21.041,,105
2024-09-20 15:29:21.041,428.47863214267136,11
2024-09-20 15:29:21.049,428.48945812335296,1005
2024-09-20 15:29:21.270,428.540373403666,101
2024-09-20 15:29:21.426,428.49103013477065,996
2024-09-20 15:29:21.429,428.50380411567846,98
2024-09-20 15:29:21.451,428.4865684113822,999
2024-09-20 15:29:21.552,428.5015890996093,102
2024-09-20 15:29:21.652,428.56727536234985,105
2024-09-20 15:29:21.683,428.4866453118465,1005
2024-09-20 15:29:21.693,428.4845847931734,995
2024-09-20 15:29:21.704,428.4728877519967,999
2024-09-20 15:29:21.725,,1003
2024-09-20 15:29:21.817,428.5606829850768,5
2024-09-20 15:29:21.975,-428.5460576495223,13
2024-09-20 15:29:22.085,428.55542438085786,97
2024-09-20 15:29:22.130,428.5477838730191,11
2024-09-20 15:29:22.269,428.57977242642266,11
2024-09-20 15:29:22.458,428.5460995438148,999
2024-09-20 15:29:22.475,428.56960393049593,101
2024-09-20 15:29:22.542,428.5475944085528,7
2024-09-20 15:29:22.563,428.5707762065673,7
2024-09-20 15:29:22.593,428.5654985917639,102
2024-09-20 15:29:22.810,428.5399098323901,1000
2024-09-20 15:29:22.815,428.5450779142398,103
2024-09-20 15:29:22.841,428.57629799274247,1002
2024-09-20 15:29:23.064,428.6416540258653,98
2024-09-20 15:29:23.118,428.6321708913681,998
2024-09-20 15:29:23.133,428.6362921617195,995
2024-09-20 15:29:23.199,428.5863696043726,12
2024-09-20 15:29:23.294,428.6050255324914,102
2024-09-20 15:29:23.308,428.6401251064884,1001
2024-09-20 15:29:23.380,42.8648879428971,5
2024-09-20 15:29:23.400,428.6333046401545,103
2024-09-20 15:29:23.498,428.6656534453031,96
2024-09-20 15:29:23.529,428.63019698528433,996
2024-09-20 15:29:23.545,428.6110909676056,8
2024-09-20 15:29:23.691,428.5911818698889,100
2024-09-20 15:29:23.705,428.6487730824287,996
2024-09-20 15:29:23.767,428.6730494955025,102
2024-09-20 15:29:23.789,428.6315378545112,6
2024-09-20 15:29:23.940,428.66506635977214,97
2024-09-20 15:29:24.044,428.68850689598656,1001
2024-09-20 15:29:24.049,428.66542262756747,8
2024-09-20 15:29:24.197,428.6673161898492,1005
2024-09-20 15:29:24.415,428.6742029097678,6
2024-09-20 15:29:24.584,428.6989658299008,96
2024-09-20 15:29:24.629,428.67435523021607,997
2024-09-20 15:29:24.656,428.6436444173236,5
2024-09-20 15:29:24.782,428.68824975653575,12
2024-09-20 15:29:24.874,428.66955559883473,8
2024-09-20 15:29:24.929,428.6960039681687,10
2024-09-20 15:29:24.961,428.6809368788551,5
2024-09-20 15:29:24.965,428.66133018727874,1004
2024-09-20 15:29:25.010,428.6446193200297,1005
2024-09-20 15:29:25.232,428.63647610329775,103
2024-09-20 15:29:25.854,428.65668728819696,95
2024-09-20 15:29:26.016,428.6500053178269,11
2024-09-20 15:29:26.027,428.6072689492461,13
2024-09-20 15:29:26.068,428.62029741459065,9
2024-09-20 15:29:26.084,428.6105188906724,97
2024-09-20 15:29:26.220,428.6076888162964,103
2024-09-20 15:29:26.288,428.6254909716103,99
2024-09-20 15:29:26.408,428.6478987977275,15
2024-09-20 15:29:26.659,428.626643005928,101
2024-09-20 15:29:26.758,428.6407459781664,6
2024-09-20 15:29:26.838,428.6149821990778,7
2024-09-20 15:29:26.869,428.65364802872136,97
2024-09-20 15:29:26.972,428.6150014251628,1004
2024-09-20 15:29:27.110,428.6661391773175,104
2024-09-20 15:29:27.199,428.6886637702647,101
2024-09-20 15:29:27.332,428.64427430725976,95
2024-09-20 15:29:27.351,428.6995352171352,6
2024-09-20 15:29:27.397,428.6558841994829,12
2024-09-20 15:29:27.458,428.67518827962215,13
2024-09-20 15:29:27.511,428.6672416089574,103
2024-09-20 15:29:27.534,428.6780383959938,998
2024-09-20 15:29:27.777,428.6364388644027,999
2024-09-20 15:29:27.840,428.6608433437963,104
2024-09-20 15:29:27.902,428.6452720147328,11
2024-09-20 15:29:28.026,428.6979617090092,104
2024-09-20 15:29:28.076,428.58009087059247,14
2024-09-20 15:29:28.105,428.72525613910665,998
2024-09-20 15:29:28.132,428.6548294555376,14
2024-09-20 15:29:28.132,428.6335386287629,9
2024-09-20 15:29:28.150,428.6146470153587,100
2024-09-20 15:29:28.160,428.72146652530256,10
2024-09-20 15:29:28.226,428.7269394300753,7
2024-09-20 15:29:28.270,428.6215554784905,15
2024-09-20 15:29:28.281,428.6442300508208,997
2024-09-20 15:29:28.293,428.61678158493135,96
2024-09-20 15:29:28.295,,11
2024-09-20 15:29:28.325,428.6373301736212,995
2024-09-20 15:29:28.333,428.7061258713172,1003
2024-09-20 15:29:28.369,428.6392423472065,997
2024-09-20 15:29:28.381,428.6177150346174,1002
2024-09-20 15:29:28.400,428.68852342837255,997
2024-09-20 15:29:28.639,428.6285386781366,10
2024-09-20 15:29:28.684,428.6121115057969,6
2024-09-20 15:29:28.691,428.6164228784664,103
2024-09-20 15:29:28.726,428.67653648856094,100
2024-09-20 15:29:28.744,428.7049033758565,7
2024-09-20 15:29:28.751,428.62656093442087,96
2024-09-20 15:29:28.771,428.6177787484653,1001
2024-09-20 15:29:28.772,428.6413032283068,7
2024-09-20 15:29:28.796,428.5960899246125,8
2024-09-20 15:29:28.802,428.72482130268,12
2024-09-20 15:29:28.940,428.6301751162277,15
2024-09-20 15:29:28.987,428.6416322669382,1002
2024-09-20 15:29:29.219,428.57783488709,95
2024-09-20 15:29:30.149,428.5635595313039,11
2024-09-20 15:29:30.271,428.58081263304206,8
2024-09-20 15:29:30.279,428.6122100699382,7
2024-09-20 15:29:30.380,428.5942861761293,15
2024-09-20 15:29:30.383,428.5757424081864,1000
2024-09-20 15:29:30.417,428.584071888162,1002
2024-09-20 15:29:30.462,428.56319864874393,11
2024-09-20 15:29:30.465,428.5735774280008,1002
2024-09-20 15:29:30.495,428.5498041587853,1005
2024-09-20 15:29:30.500,428.60618872549065,11
2024-09-20 15:29:30.535,428.54152441108926,995
2024-09-20 15:29:30.542,428.5876026897068,1004
2024-09-20 15:29:30.585,428.551889223271,100
2024-09-20 15:29:30.669,428.542562931292,95
2024-09-20 15:29:30.680,428.5647955606716,997
2024-09-20 15:29:30.685,428.5784799621744,102
2024-09-20 15:29:31.082,428.5727878425783,103
2024-09-20 15:29:31.127,428.5932497277189,12
2024-09-20 15:29:31.133,428.5653754966556,15
2024-09-20 15:29:31.211,428.5752145712378,101
2024-09-20 15:29:31.217,428.5957802892276,1005
2024-09-20 15:29:31.323,428.5841748528928,100
2024-09-20 15:29:31.548,428.570091927337,100
2024-09-20 15:29:31.609,428.5844837469873,98
2024-09-20 15:29:31.767,428.59857830215685,95
2024-09-20 15:29:31.812,428.5806967306541,97
2024-09-20 15:29:31.817,428.5788530813178,15
2024-09-20 15:29:31.906,428.57539942537727,14
2024-09-20 15:29:31.917,428.6003294937216,11
2024-09-20 15:29:31.988,428.6059488000696,13
2024-09-20 15:29:32.033,428.5685057330664,1004
2024-09-20 15:29:32.043,428.5875740584651,1005
2024-09-20 15:29:32.044,428.5463511571061,10
2024-09-20 15:29:32.105,428.5639054684494,98
2024-09-20 15:29:32.247,428.5461320755136,101
2024-09-20 15:29:32.274,428.5500262327793,10
2024-09-20 15:29:32.358,428.564485775041,104
2024-09-20 15:29:32.441,428.5438339772936,1004
2024-09-20 15:29:32.491,428.5910039138071,6
2024-09-20 15:29:32.626,428.5653949358247,104
2024-09-20 15:29:32.717,428.54998008770025,11
2024-09-20 15:29:32.834,424.00386752080567,5
2024-09-20 15:29:33.188,428.59211534091,15
2024-09-20 15:29:34.005,428.605091612456,96
2024-09-20 15:29:34.043,428.6723934396902,100
2024-09-20 15:29:34.047,423.98380403528273,13
2024-09-20 15:29:34.058,428.6454367842643,12
2024-09-20 15:29:34.152,428.69211673679393,15
2024-09-20 15:29:34.174,428.606513082627,9
2024-09-20 15:29:34.204,428.6821370733429,96
2024-09-20 15:29:34.224,428.6650061752096,101
2024-09-20 15:29:34.227,428.6272712306214,1000
2024-09-20 15:29:34.276,428.6546018857838,96
2024-09-20 15:29:34.288,428.6722228865954,14
2024-09-20 15:29:34.403,428.6544147166966,105
2024-09-20 15:29:34.422,428.6106377909833,1002
2024-09-20 15:29:34.447,428.6440222874707,9
2024-09-20 15:29:34.472,428.6729432280203,15
2024-09-20 15:29:34.478,428.6681622368104,1005
2024-09-20 15:29:34.496,428.672646350696,97
2024-09-20 15:29:34.530,428.642599754223,104
2024-09-20 15:29:34.807,428.6600062544391,998
2024-09-20 15:29:34.843,428.6668949571339,1001
2024-09-20 15:29:34.860,428.6566007882448,1004
2024-09-20 15:29:34.922,428.68351573222606,97
2024-09-20 15:29:34.928,428.68703588909466,7
2024-09-20 15:29:34.951,428.66234061447466,13
2024-09-20 15:29:34.959,428.6627333579193,995
2024-09-20 15:29:34.999,428.6597033162733,10
2024-09-20 15:29:35.058,428.7438024593894,103
2024-09-20 15:29:35.171,428.6948640978524,1002
2024-09-20 15:29:35.359,428.6906667393526,100
2024-09-20 15:29:35.630,428.71494812640816,105
2024-09-20 15:29:35.996,428.7035915994908,7
2024-09-20 15:29:36.000,428.75256800970624,995
2024-09-20 15:29:36.026,428.7259642989897,1001
2024-09-20 15:29:36.062,428.7572855415202,1004
2024-09-20 15:29:36.159,428.760402465229,96
2024-09-20 15:29:36.195,428.73274298456187,6
2024-09-20 15:29:36.208,428.71896621938674,1005
2024-09-20 15:29:36.388,428.7616233800934,995
2024-09-20 15:29:36.540,428.7498217213039,8
2024-09-20 15:29:36.627,428.72443500582256,5
2024-09-20 15:29:36.680,428.7158286740384,996
2024-09-20 15:29:36.697,428.75504922740726,97
2024-09-20 15:29:36.712,428.746557715536,10
2024-09-20 15:29:36.737,428.7448813417336,1005
2024-09-20 15:29:36.767,428.7541020487643,8
2024-09-20 15:29:36.830,428.71097668388126,10
2024-09-20 15:29:36.840,428.7595278869297,1004
2024-09-20 15:29:36.853,428.7695506375258,13
2024-09-20 15:29:36.960,428.7375037378018,98
2024-09-20 15:29:36.975,428.7544752353053,96
2024-09-20 15:29:36.988,428.7473880747922,1000
2024-09-20 15:29:37.089,428.70822534271326,1001
2024-09-20 15:29:37.112,428.7078053848184,997
2024-09-20 15:29:37.250,428.7057907389965,996
2024-09-20 15:29:37.263,428.70224265232014,97
2024-09-20 15:29:37.375,428.7120130566421,998
2024-09-20 15:29:37.400,428.6986976672748,97
2024-09-20 15:29:37.499,428.6955433765301,101
2024-09-20 15:29:37.575,428.71188358474063,105
2024-09-20 15:29:37.648,428.6978070493453,7
2024-09-20 15:29:37.695,428.7060937521343,1002
2024-09-20 15:29:37.879,428.7039407860838,8
2024-09-20 15:29:38.006,428.7661260301071,105
2024-09-20 15:29:38.009,428.7529864855051,7
2024-09-20 15:29:38.015,428.7630022043828,1004
2024-09-20 15:29:38.018,428.7553777040308,996
2024-09-20 15:29:38.020,428.7288785914968,1000
2024-09-20 15:29:38.147,428.7358685902223,12
2024-09-20 15:29:38.274,428.7216623467211,11
2024-09-20 15:29:38.303,428.7561817486964,103
2024-09-20 15:29:38.383,428.7642937160768,13
2024-09-20 15:29:38.405,428.7582780183786,12
2024-09-20 15:29:38.443,428.7430601109935,12
2024-09-20 15:29:38.444,428.7419099675455,997
2024-09-20 15:29:38.476,428.7551344989362,105
2024-09-20 15:29:38.480,428.7389665603289,98
2024-09-20 15:29:38.546,428.7638455069605,105
2024-09-20 15:29:38.599,428.77599332872165,98
2024-09-20 15:29:38.616,428.7624868940439,9
2024-09-20 15:29:38.708,428.79016850272257,996
2024-09-20 15:29:38.757,428.7278385500717,95
2024-09-20 15:29:38.769,428.754701507326,5
2024-09-20 15:29:38.800,428.7140832040424,1001
2024-09-20 15:29:38.832,428.7720196791991,1000
2024-09-20 15:29:38.868,428.7546832813832,998
2024-09-20 15:29:38.889,428.7484951049738,102
2024-09-20 15:29:38.937,428.76768264143055,100
2024-09-20 15:29:38.995,428.7689873576659,999
2024-09-20 15:29:38.995,428.781879262304,95
2024-09-20 15:29:40.149,428.7038031827812,101
2024-09-20 15:29:40.379,428.7341886859314,15
2024-09-20 15:29:40.392,428.6870976348716,7
2024-09-20 15:29:40.393,428.6972011981891,12
2024-09-20 15:29:40.408,428.70874474949625,1004
2024-09-20 15:29:40.499,428.7091250311143,12
2024-09-20 15:29:40.508,428.7052217297212,998
2024-09-20 15:29:40.670,428.718930741685,1005
2024-09-20 15:29:40.679,428.7102457538421,13
2024-09-20 15:29:40.807,428.70509575235,10
2024-09-20 15:29:40.814,428.71438825189614,102
2024-09-20 15:29:40.864,428.7023810025515,101
2024-09-20 15:29:40.897,428.7232175192103,5
2024-09-20 15:29:40.932,428.7047976773169,5
2024-09-20 15:29:41.421,428.7004806984239,5
2024-09-20 15:29:41.429,423.9494078902699,1004
2024-09-20 15:29:41.908,428.7051105511082,1003
2024-09-20 15:29:42.128,428.7215103427134,1000
2024-09-20 15:29:42.130,428.7343266321286,13
2024-09-20 15:29:42.257,428.71091238256446,8
2024-09-20 15:29:42.299,428.717293583394,95
2024-09-20 15:29:42.316,428.7113174395801,995
2024-09-20 15:29:42.349,428.69545404077707,9
2024-09-20 15:29:42.371,428.72180915519846,1005
2024-09-20 15:29:42.440,428.7075706015767,102
2024-09-20 15:29:42.518,428.7003216901341,15
2024-09-20 15:29:42.560,428.7491481502326,13
2024-09-20 15:29:42.642,428.7089260955634,996
2024-09-20 15:29:42.662,428.7235416088427,101
2024-09-20 15:29:42.678,428.7065277685421,103
2024-09-20 15:29:42.685,428.74017132595145,14
2024-09-20 15:29:42.688,428.7261898763748,1003
2024-09-20 15:29:42.721,428.7006156974764,1005
2024-09-20 15:29:42.728,428.7226552853393,98
2024-09-20 15:29:42.756,428.7314479432434,996
2024-09-20 15:29:42.761,428.7174892103209,13
2024-09-20 15:29:42.775,428.6794452777934,9
2024-09-20 15:29:42.778,428.7094219217138,100
2024-09-20 15:29:42.878,428.7344939951103,997
2024-09-20 15:29:42.916,428.696676895518,1005
2024-09-20 15:29:42.931,-428.7269271103577,1001
2024-09-20 15:29:42.960,428.68668751120407,1001
2024-09-20 15:29:42.994,428.7101531754456,999
2024-09-20 15:29:42.995,428.722998301948,1001
2024-09-20 15:29:43.152,428.7030321602626,103
2024-09-20 15:29:43.168,428.7155994538075,7
2024-09-20 15:29:43.292,428.66429148494274,105
2024-09-20 15:29:43.395,428.7016523666493,1001
2024-09-20 15:29:43.471,428.6913592095578,11
2024-09-20 15:29:43.558,428.6823843635498,100
2024-09-20 15:29:43.868,428.7263522521906,104
2024-09-20 15:29:43.897,428.708905646118,100
2024-09-20 15:29:43.944,428.6428714710934,7
2024-09-20 15:29:44.057,428.6064216257549,97
2024-09-20 15:29:44.193,-423.95537629967873,8
2024-09-20 15:29:44.239,428.5849413014741,14
2024-09-20 15:29:44.251,428.5922848321458,7
2024-09-20 15:29:44.506,428.6067291448653,996
2024-09-20 15:29:44.665,428.6134204588821,1003
2024-09-20 15:29:45.147,428.5623461985844,996
2024-09-20 15:29:45.200,428.5356550968157,103
2024-09-20 15:29:45.374,428.5743578784286,105
2024-09-20 15:29:45.414,428.549433960391,9
2024-09-20 15:29:46.039,428.633783973756,8
2024-09-20 15:29:46.123,428.5764969410368,6
2024-09-20 15:29:46.152,428.6429005590503,997
2024-09-20 15:29:46.152,428.6275728848984,7
2024-09-20 15:29:46.212,428.5558727171468,1004
2024-09-20 15:29:46.224,428.57527267411314,105
2024-09-20 15:29:46.258,428.5802993666737,104
2024-09-20 15:29:46.372,428.5945558132984,5
2024-09-20 15:29:46.398,428.6019698713954,11
2024-09-20 15:29:46.439,428.5998401766552,999
2024-09-20 15:29:46.509,428.6172938630757,10
2024-09-20 15:29:46.575,428.5909039058112,6
2024-09-20 15:29:46.586,428.6226238806802,6
2024-09-20 15:29:46.633,428.5899111296621,95
2024-09-20 15:29:46.645,428.6439340017548,105
2024-09-20 15:29:46.723,428.5638298305912,9
2024-09-20 15:29:46.723,428.5833400988486,9
2024-09-20 15:29:46.745,423.9831402026789,99
2024-09-20 15:29:46.755,428.61326049148965,999
2024-09-20 15:29:46.797,428.5963148832551,101
2024-09-20 15:29:46.833,428.5813617738348,998
2024-09-20 15:29:46.979,42.85861223410946,97
2024-09-20 15:29:47.008,428.6191241273256,98
2024-09-20 15:29:47.202,428.611587611042,14
2024-09-20 15:29:47.416,428.6144083324905,101
2024-09-20 15:29:47.496,428.6140294112293,98
2024-09-20 15:29:47.738,428.5958263937548,99
2024-09-20 15:29:47.797,428.605278415093,999
2024-09-20 15:29:47.899,428.60739036729245,1004
2024-09-20 15:29:48.111,428.5893553951845,12
2024-09-20 15:29:48.544,428.5969700528624,1001
2024-09-20 15:29:48.658,428.5743908129388,9
2024-09-20 15:29:48.725,428.5526932366101,999
2024-09-20 15:29:48.965,428.5674734664666,9
2024-09-20 15:29:49.176,428.5613712355948,8
2024-09-20 15:29:49.357,428.5651514653392,105
2024-09-20 15:29:49.491,428.5468806783473,1003
2024-09-20 15:29:49.565,428.55321179051685,7
2024-09-20 15:29:49.657,428.56239182342784,14
2024-09-20 15:29:49.747,428.5549119638304,997
2024-09-20 15:29:49.760,428.5464489313118,102
2024-09-20 15:29:49.790,,96
2024-09-20 15:29:49.895,428.5682690353792,996
2024-09-20 15:29:49.952,428.5680584661384,1001
2024-09-20 15:29:50.071,428.5800265927757,5
2024-09-20 15:29:50.131,428.59490506956337,1001
2024-09-20 15:29:50.193,428.5667754816101,98
2024-09-20 15:29:50.295,428.5935897322102,97
2024-09-20 15:29:50.439,428.5926266749988,11
2024-09-20 15:29:50.460,428.56190908541583,104
2024-09-20 15:29:50.464,428.5522056316369,95
2024-09-20 15:29:50.465,428.5524545896028,1001
2024-09-20 15:29:50.522,428.596309503225,95
2024-09-20 15:29:50.553,428.5376606185607,100
2024-09-20 15:29:50.559,428.560040970302,998
2024-09-20 15:29:50.661,428.55340378259456,104
2024-09-20 15:29:50.845,428.5728375511185,7
2024-09-20 15:29:51.065,428.5132636873079,101
2024-09-20 15:29:51.094,428.5200947020724,997
2024-09-20 15:29:51.141,428.5188638480008,998
2024-09-20 15:29:51.194,428.48849190349966,97
2024-09-20 15:29:51.266,428.46260627969457,98
2024-09-20 15:29:51.393,428.5002953406996,97
2024-09-20 15:29:51.523,428.5275630225282,15
2024-09-20 15:29:51.526,428.48228036425104,102
2024-09-20 15:29:51.539,428.5369450227914,1002
2024-09-20 15:29:51.572,428.5585780509201,1004
2024-09-20 15:29:51.653,428.5656215397515,13
2024-09-20 15:29:51.664,428.4845675463627,998
2024-09-20 15:29:51.678,428.4736572987573,13
2024-09-20 15:29:51.691,428.5517336575587,6
2024-09-20 15:29:51.699,423.9547338818677,1003
2024-09-20 15:29:51.768,428.55474176190927,103
2024-09-20 15:29:51.835,428.4565660664382,11
2024-09-20 15:29:51.836,428.55329876729,1002
2024-09-20 15:29:51.837,428.53555317369097,101
2024-09-20 15:29:51.877,428.5556379432107,7
2024-09-20 15:29:51.907,428.4853439029856,9
2024-09-20 15:29:52.058,428.4302049348374,997
2024-09-20 15:29:52.079,428.4484929061327,13
2024-09-20 15:29:52.103,428.4571379123474,99
2024-09-20 15:29:52.108,428.4749975874806,1005
2024-09-20 15:29:52.129,428.4346405747973,102
2024-09-20 15:29:52.156,428.4370533522362,100
2024-09-20 15:29:52.291,428.4482406361738,15
2024-09-20 15:29:52.292,428.4833220747669,1003
2024-09-20 15:29:52.305,428.47311167864575,15
2024-09-20 15:29:52.305,428.4614992524785,13
2024-09-20 15:29:52.312,428.4765767289281,99
2024-09-20 15:29:52.322,428.5067478767773,100
2024-09-20 15:29:52.329,428.47316472997545,15
2024-09-20 15:29:52.386,428.4567507495274,12
2024-09-20 15:29:52.397,428.4481591402802,999
2024-09-20 15:29:52.399,428.4971138193905,105
2024-09-20 15:29:52.452,428.5223726279162,104
2024-09-20 15:29:52.458,428.4479051795228,95
2024-09-20 15:29:52.464,428.4807633628034,999
2024-09-20 15:29:52.512,428.4893502127841,14
2024-09-20 15:29:52.665,428.4441119463548,1005
2024-09-20 15:29:52.673,428.4371589663322,5
2024-09-20 15:29:52.955,428.4422024923202,997
2024-09-20 15:29:52.960,428.5028434031802,105
2024-09-20 15:29:52.993,428.4524587929347,1000
2024-09-20 15:29:53.024,428.4967930477685,1004
2024-09-20 15:29:53.044,428.5073289508431,105
2024-09-20 15:29:53.130,428.49267924460776,103
2024-09-20 15:29:53.151,428.4424776339696,997
2024-09-20 15:29:53.192,428.44050550743,96
2024-09-20 15:29:53.253,428.4444259960485,999
2024-09-20 15:29:53.416,428.4339407663242,95
2024-09-20 15:29:53.465,428.4839673843576,14
2024-09-20 15:29:53.469,428.4408339556939,998
2024-09-20 15:29:53.490,428.4658119870206,995
2024-09-20 15:29:53.605,428.4491461412454,999
2024-09-20 15:29:53.663,428.4483247748443,1004
2024-09-20 15:29:53.721,428.4542326561058,15
2024-09-20 15:29:53.732,428.4640419189662,96
2024-09-20 15:29:53.736,428.4554433696582,1004
2024-09-20 15:29:53.741,428.4510222565536,99
2024-09-20 15:29:53.800,428.4260190140244,1000
2024-09-20 15:29:53.854,428.470968711364,12
2024-09-20 15:29:54.012,428.4206397713245,1001
2024-09-20 15:29:54.332,428.4133119441015,101
2024-09-20 15:29:54.570,428.4043527952379,995
2024-09-20 15:29:54.768,428.406803320948,11
2024-09-20 15:29:55.006,428.4126483604818,95
2024-09-20 15:29:55.021,428.442613978252,7
2024-09-20 15:29:55.096,423.8927016060257,11
2024-09-20 15:29:55.143,428.45682848295166,103
2024-09-20 15:29:55.162,428.4154294437244,998
2024-09-20 15:29:55.189,428.45335902889343,99
2024-09-20 15:29:55.229,428.4421772595424,1001
2024-09-20 15:29:55.319,428.4462156880329,15
2024-09-20 15:29:55.418,428.4384941557202,103
2024-09-20 15:29:55.447,428.4492955717082,11
2024-09-20 15:29:55.472,428.4367163133522,105
2024-09-20 15:29:55.604,428.4439132751824,101
2024-09-20 15:29:55.650,428.4408397344651,1000
2024-09-20 15:29:56.029,428.4116286253207,98
2024-09-20 15:29:56.128,428.3567164489376,996
2024-09-20 15:29:56.179,428.2662514363087,104
2024-09-20 15:29:56.187,428.3914487437458,99
2024-09-20 15:29:56.214,428.4098951561596,998
2024-09-20 15:29:56.214,428.426420583331,15
2024-09-20 15:29:56.362,428.3530839018759,101
2024-09-20 15:29:56.367,428.2686829406377,1002
2024-09-20 15:29:56.405,428.39001585797615,996
2024-09-20 15:29:56.407,428.2600266588457,98
2024-09-20 15:29:56.428,428.2862900635545,999
2024-09-20 15:29:56.558,428.2962622417189,97
2024-09-20 15:29:56.558,428.39814139058086,997
2024-09-20 15:29:56.600,428.36887237002,1003
2024-09-20 15:29:56.602,428.3817343945367,1000
2024-09-20 15:29:56.615,428.3664228229835,8
2024-09-20 15:29:56.620,428.2501701770133,97
2024-09-20 15:29:56.694,428.36372875615154,13
2024-09-20 15:29:56.747,428.2732613210204,1000
2024-09-20 15:29:56.776,428.2565214595565,5
2024-09-20 15:29:56.819,428.31695064263937,995
2024-09-20 15:29:56.879,428.4058643810389,102
2024-09-20 15:29:56.927,428.2824289937416,15
2024-09-20 15:29:56.957,428.265787504523,15
2024-09-20 15:29:56.977,428.2614488931151,1004
2024-09-20 15:29:57.168,428.2048170721326,999
2024-09-20 15:29:57.191,428.2270823790079,1003
2024-09-20 15:29:57.337,428.26007325721184,1004
2024-09-20 15:29:57.371,428.20082108709806,998
2024-09-20 15:29:57.591,428.2415407831701,14
2024-09-20 15:29:57.674,428.22524270689377,102
2024-09-20 15:29:57.745,428.2568114195645,1005
2024-09-20 15:29:57.947,428.2584473813434,100
2024-09-20 15:29:58.042,428.08311740627767,999
2024-09-20 15:29:58.088,428.1909213186793,995
2024-09-20 15:29:58.170,428.02644693151416,995
2024-09-20 15:29:58.181,428.17874095952425,11
2024-09-20 15:29:58.197,428.0658711101921,5
2024-09-20 15:29:58.199,428.0923492210491,8
2024-09-20 15:29:58.214,428.1340671681084,105
2024-09-20 15:29:58.268,428.1010773320046,105
2024-09-20 15:29:58.310,428.1441441141276,1003
2024-09-20 15:29:58.335,428.15914225151727,15
2024-09-20 15:29:58.355,428.0932215328653,100
2024-09-20 15:29:58.386,428.0293932971524,95
2024-09-20 15:29:58.398,428.1523986121976,101
2024-09-20 15:29:58.401,428.08158811989256,998
2024-09-20 15:29:58.435,428.0877601809684,997
2024-09-20 15:29:58.476,428.0660379140046,1004
2024-09-20 15:29:58.482,428.07041234505886,97
2024-09-20 15:29:58.503,428.1424271607745,1005
2024-09-20 15:29:58.519,428.117328894202,5
2024-09-20 15:29:58.550,428.06531657284967,104
2024-09-20 15:29:58.639,428.0848746662388,100
2024-09-20 15:29:58.655,428.0424413067761,7
2024-09-20 15:29:58.710,428.0430042813175,6
2024-09-20 15:29:58.745,428.1650649616596,105
2024-09-20 15:29:58.760,428.1500325367791,98
2024-09-20 15:29:58.801,428.1698127500803,1002
2024-09-20 15:29:58.890,428.0904207139356,1003
2024-09-20 15:29:58.933,428.0887150703442,103
2024-09-20 15:29:58.934,428.170136610742,1000
2024-09-20 15:29:59.133,428.0030955363503,99
2024-09-20 15:29:59.160,427.9494746454911,104
2024-09-20 15:29:59.198,428.0331883305172,104
2024-09-20 15:29:59.250,424.0771575884784,1004
2024-09-20 15:29:59.316,427.9568526283785,15
2024-09-20 15:29:59.422,427.9754912262253,11
2024-09-20 15:29:59.499,427.9816235775714,9
2024-09-20 15:29:59.600,428.0291860361878,998
2024-09-20 15:29:59.805,427.9433539335937,1004
2024-09-20 15:29:59.928,428.0158828839311,997
