Timestamp,Price,Size
2024-09-17 12:52:00.037,407.5307196580055,996
2024-09-17 12:52:00.045,407.468001578048,9
2024-09-17 12:52:00.053,407.5451121647467,96
2024-09-17 12:52:00.072,407.53316972704,9
2024-09-17 12:52:00.077,407.55175056032726,15
2024-09-17 12:52:00.084,407.5247369424752,7
2024-09-17 12:52:00.191,407.52749148988846,104
2024-09-17 12:52:00.249,407.5394812277178,105
2024-09-17 12:52:00.255,407.4944148251795,15
2024-09-17 12:52:00.258,407.5678180383156,998
2024-09-17 12:52:00.307,407.54457331442575,14
2024-09-17 12:52:00.428,407.482299781576,98
2024-09-17 12:52:00.442,407.5413724796792,11
2024-09-17 12:52:00.487,407.50807903314256,1001
2024-09-17 12:52:00.523,407.5207457913345,1001
2024-09-17 12:52:00.555,407.52873091666254,1005
2024-09-17 12:52:00.577,407.495028539502,1004
2024-09-17 12:52:00.602,407.5422122007568,998
2024-09-17 12:52:00.644,407.5446189652376,6
2024-09-17 12:52:00.703,407.5423872881666,1000
2024-09-17 12:52:00.719,407.54335815222817,102
2024-09-17 12:52:00.723,407.5191030362747,105
2024-09-17 12:52:00.750,407.52006405329774,99
2024-09-17 12:52:00.764,407.5217258388341,7
2024-09-17 12:52:00.808,407.52650837050646,1002
2024-09-17 12:52:00.828,407.5490843367117,1002
2024-09-17 12:52:01.015,407.5988058047023,1002
2024-09-17 12:52:01.059,407.5960989279304,998
2024-09-17 12:52:01.102,407.58447243374087,1004
2024-09-17 12:52:01.108,407.5661911315449,9
2024-09-17 12:52:01.118,407.6376983402474,995
2024-09-17 12:52:01.124,407.6212024535224,6
2024-09-17 12:52:01.131,407.6053259369903,98
2024-09-17 12:52:01.144,407.6030448487813,101
2024-09-17 12:52:01.186,407.5755707597963,15
2024-09-17 12:52:01.190,407.62288466196753,999
2024-09-17 12:52:01.316,407.614570525122,100
2024-09-17 12:52:01.335,407.5953050306516,14
2024-09-17 12:52:01.341,407.625556901142,995
2024-09-17 12:52:01.439,407.5739743557272,998
2024-09-17 12:52:01.474,407.5962860224838,13
2024-09-17 12:52:01.645,407.59327214234486,11
2024-09-17 12:52:01.720,407.58816050041423,101
2024-09-17 12:52:01.730,40.759624019693696,100
2024-09-17 12:52:01.757,407.5770409202553,999
2024-09-17 12:52:01.779,407.5781186266623,98
2024-09-17 12:52:01.825,407.58471248800265,97
2024-09-17 12:52:01.845,407.6353277229716,998
2024-09-17 12:52:01.850,407.59048887941856,6
2024-09-17 12:52:01.905,407.5759789630613,1001
2024-09-17 12:52:01.920,407.6076500572785,100
2024-09-17 12:52:02.138,407.6647125334958,10
2024-09-17 12:52:02.195,407.6467062246263,97
2024-09-17 12:52:02.202,407.6210773152701,999
2024-09-17 12:52:02.306,407.60732920029415,1003
2024-09-17 12:52:02.315,407.6592818296421,97
2024-09-17 12:52:02.348,407.646573508416,12
2024-09-17 12:52:02.359,407.6261971656929,15
2024-09-17 12:52:02.366,407.6319212510874,995
2024-09-17 12:52:02.404,407.61905229248674,1005
2024-09-17 12:52:02.425,407.59708692188366,1001
2024-09-17 12:52:02.495,407.5940333185547,104
2024-09-17 12:52:02.516,407.6399972680808,10
2024-09-17 12:52:02.517,407.6639478055728,98
2024-09-17 12:52:02.532,407.6667840893121,96
2024-09-17 12:52:02.571,407.62502683320673,99
2024-09-17 12:52:02.580,407.61220288136576,12
2024-09-17 12:52:02.603,407.6374023436837,1005
2024-09-17 12:52:02.619,407.6123870722533,995
2024-09-17 12:52:02.656,407.64477300314303,104
2024-09-17 12:52:02.698,407.6177137340548,997
2024-09-17 12:52:02.740,407.6331852999546,102
2024-09-17 12:52:02.748,407.6534942607479,13
2024-09-17 12:52:02.780,407.6161680957543,1002
2024-09-17 12:52:02.799,407.6260526131516,1005
2024-09-17 12:52:02.837,407.6122883058487,95
2024-09-17 12:52:02.846,407.6445387936884,996
2024-09-17 12:52:02.978,407.649744703344,103
2024-09-17 12:52:03.011,407.6181926231102,1002
2024-09-17 12:52:03.057,407.60566252743246,100
2024-09-17 12:52:03.391,407.62058675228366,7
2024-09-17 12:52:03.633,407.61033714537655,13
2024-09-17 12:52:03.859,407.6157680930552,14
2024-09-17 12:52:04.062,-407.6242887832093,1000
2024-09-17 12:52:04.750,407.625159650968,6
2024-09-17 12:52:05.055,407.6115202901999,1003
2024-09-17 12:52:05.495,407.5968947523373,1000
2024-09-17 12:52:05.681,407.5703485826908,95
2024-09-17 12:52:05.758,407.5948031810455,10
2024-09-17 12:52:06.002,407.56639745998064,996
2024-09-17 12:52:06.010,407.5992561650131,996
2024-09-17 12:52:06.076,407.6022881973475,95
2024-09-17 12:52:06.102,407.5745047229592,997
2024-09-17 12:52:06.193,407.5760597007243,1002
2024-09-17 12:52:06.276,407.5627112376583,5
2024-09-17 12:52:06.374,-407.5604197062147,8
2024-09-17 12:52:06.384,407.58803987455445,1005
2024-09-17 12:52:06.443,407.5963535559889,6
2024-09-17 12:52:06.505,407.5716103668517,996
2024-09-17 12:52:06.781,407.606816934768,14
2024-09-17 12:52:06.898,407.5993458461471,95
2024-09-17 12:52:06.972,407.6166108268173,1000
2024-09-17 12:52:07.051,407.57709323509687,15
2024-09-17 12:52:07.136,407.5679109555617,1002
2024-09-17 12:52:07.331,407.5966455732333,97
2024-09-17 12:52:07.501,407.6140605820382,11
2024-09-17 12:52:07.554,407.6038704095873,14
2024-09-17 12:52:07.653,407.598983379752,9
2024-09-17 12:52:07.703,407.598479814265,11
2024-09-17 12:52:07.763,407.6131986108347,8
2024-09-17 12:52:07.838,407.5928194201099,10
2024-09-17 12:52:07.887,407.5994374754827,1001
2024-09-17 12:52:07.949,407.58704101721753,998
2024-09-17 12:52:08.017,407.5316164771888,1004
2024-09-17 12:52:08.131,407.53928941685575,10
2024-09-17 12:52:08.148,407.58587423655,5
2024-09-17 12:52:08.211,407.588811067024,1001
2024-09-17 12:52:08.219,407.55797309209686,1003
2024-09-17 12:52:08.244,407.5270522228853,98
2024-09-17 12:52:08.290,407.5429929928757,105
2024-09-17 12:52:08.347,407.5889269354005,15
2024-09-17 12:52:08.400,407.54069157674206,996
2024-09-17 12:52:08.480,407.52189776745576,14
2024-09-17 12:52:08.482,407.533298702023,1005
2024-09-17 12:52:08.882,407.5163461133095,101
2024-09-17 12:52:09.007,407.4939946226088,101
2024-09-17 12:52:09.129,407.5240952443382,98
2024-09-17 12:52:09.340,407.5172502976579,1002
2024-09-17 12:52:09.357,407.54544654467657,995
2024-09-17 12:52:09.428,407.52516084798566,998
2024-09-17 12:52:09.429,407.5278386111709,8
2024-09-17 12:52:09.512,407.48770834381776,1000
2024-09-17 12:52:09.537,407.4875198599197,98
2024-09-17 12:52:09.561,407.5295765787946,997
2024-09-17 12:52:09.712,407.5135206382713,100
2024-09-17 12:52:09.795,407.52489974612985,105
2024-09-17 12:52:09.943,407.5190011097143,995
2024-09-17 12:52:10.035,407.53868622014176,96
2024-09-17 12:52:10.089,407.5474002974152,998
2024-09-17 12:52:10.102,407.5318520836991,998
2024-09-17 12:52:10.110,407.5333585197965,1004
2024-09-17 12:52:10.136,407.5394320458077,98
2024-09-17 12:52:10.178,407.58690644164864,1005
2024-09-17 12:52:10.316,407.5537284905271,96
2024-09-17 12:52:10.399,407.5450061974907,8
2024-09-17 12:52:10.415,407.5886892314702,100
2024-09-17 12:52:10.425,407.5185774848645,1000
2024-09-17 12:52:10.428,407.5336504316544,103
2024-09-17 12:52:10.477,407.5486901736616,99
2024-09-17 12:52:10.486,407.5199507431452,6
2024-09-17 12:52:10.555,,9
2024-09-17 12:52:10.606,407.5057938885613,105
2024-09-17 12:52:10.626,407.54411645572617,14
2024-09-17 12:52:10.634,407.5334097587493,97
2024-09-17 12:52:10.664,407.5271846050081,14
2024-09-17 12:52:10.676,407.5385992737748,103
2024-09-17 12:52:10.742,407.58153962507976,996
2024-09-17 12:52:10.766,407.5510152038241,13
2024-09-17 12:52:10.803,407.5333266011092,96
2024-09-17 12:52:10.807,407.5090813350063,1003
2024-09-17 12:52:10.820,407.5121354180696,999
2024-09-17 12:52:10.871,407.5333002670424,1005
2024-09-17 12:52:10.925,407.5567019828182,9
2024-09-17 12:52:10.951,407.53103751772255,95
2024-09-17 12:52:10.985,407.5686342517839,97
2024-09-17 12:52:11.009,407.5965901403439,105
2024-09-17 12:52:11.031,407.5550654039992,997
2024-09-17 12:52:11.153,407.5502414078866,12
2024-09-17 12:52:11.231,407.5672011977285,101
2024-09-17 12:52:11.231,407.5956716224679,95
2024-09-17 12:52:11.308,407.5667626542018,996
2024-09-17 12:52:11.400,407.61523877948287,998
2024-09-17 12:52:11.405,407.5677184727064,997
2024-09-17 12:52:11.423,407.5328614925383,104
2024-09-17 12:52:11.495,407.6019111611793,1005
2024-09-17 12:52:11.613,407.5494787808924,104
2024-09-17 12:52:11.661,407.61405835861495,13
2024-09-17 12:52:11.749,407.5496630478144,95
2024-09-17 12:52:11.766,407.6075175507665,14
2024-09-17 12:52:11.804,407.5602647476747,97
2024-09-17 12:52:11.938,407.5391392154268,996
2024-09-17 12:52:12.082,407.48040833539744,100
2024-09-17 12:52:12.117,407.4484271773129,12
2024-09-17 12:52:12.202,407.4476850649206,15
2024-09-17 12:52:12.275,407.4427447062176,1003
2024-09-17 12:52:12.311,407.5462471840869,5
2024-09-17 12:52:12.336,407.4595787374792,11
2024-09-17 12:52:12.361,407.4655373885599,1001
2024-09-17 12:52:12.378,407.4519884637591,996
2024-09-17 12:52:12.389,-407.4758581267358,14
2024-09-17 12:52:12.411,407.459068573189,98
2024-09-17 12:52:12.425,407.5582435329494,9
2024-09-17 12:52:12.679,407.4550799241957,11
2024-09-17 12:52:12.697,407.5139794308228,11
2024-09-17 12:52:12.709,407.5278149975711,95
2024-09-17 12:52:12.740,407.5487028181191,102
2024-09-17 12:52:12.795,407.54202749661215,998
2024-09-17 12:52:12.796,407.5536339506948,96
2024-09-17 12:52:12.812,407.5350717928111,5
2024-09-17 12:52:12.837,407.4693795865855,104
2024-09-17 12:52:12.857,407.46541375625645,100
2024-09-17 12:52:12.869,407.4755285927285,96
2024-09-17 12:52:12.893,407.4677363591038,6
2024-09-17 12:52:12.948,407.5313593862542,1003
2024-09-17 12:52:13.002,407.4759179224223,1001
2024-09-17 12:52:13.044,407.4265602280134,7
2024-09-17 12:52:13.051,407.4437200907185,996
2024-09-17 12:52:13.058,407.50025897480987,1000
2024-09-17 12:52:13.086,407.485870023786,997
2024-09-17 12:52:13.097,407.421027717696,103
2024-09-17 12:52:13.123,407.46079221496217,1002
2024-09-17 12:52:13.236,407.46000696554034,15
2024-09-17 12:52:13.325,407.4341130762717,11
2024-09-17 12:52:13.367,407.4615949383394,7
2024-09-17 12:52:13.377,407.4892706677495,7
2024-09-17 12:52:13.389,407.4784126076157,101
2024-09-17 12:52:13.400,407.4466229351124,97
2024-09-17 12:52:13.400,407.4236578764775,102
2024-09-17 12:52:13.471,407.4239182187122,6
2024-09-17 12:52:13.574,407.4842576405522,5
2024-09-17 12:52:13.612,407.4181466535048,102
2024-09-17 12:52:13.630,407.49669385125617,14
2024-09-17 12:52:13.651,407.4143186695885,1005
2024-09-17 12:52:13.681,407.44241934213727,1001
2024-09-17 12:52:13.725,407.4147973323048,101
2024-09-17 12:52:13.764,407.5121363948761,12
2024-09-17 12:52:13.789,407.4474125066366,6
2024-09-17 12:52:13.802,407.41251691949407,998
2024-09-17 12:52:13.818,407.42800893635086,101
2024-09-17 12:52:13.881,407.4954641082599,95
2024-09-17 12:52:14.045,407.42422487682313,997
2024-09-17 12:52:14.075,407.4174655609916,103
2024-09-17 12:52:14.092,407.4137067347648,996
2024-09-17 12:52:14.132,407.4350575656552,8
2024-09-17 12:52:14.186,407.4134504138862,999
2024-09-17 12:52:14.193,407.4231239219447,101
2024-09-17 12:52:14.288,407.4496969302848,10
2024-09-17 12:52:14.419,407.4354836322957,100
2024-09-17 12:52:14.420,407.4134432308036,7
2024-09-17 12:52:14.514,407.4106457864649,95
2024-09-17 12:52:14.558,407.41394280402847,6
2024-09-17 12:52:14.732,407.4239755722292,103
2024-09-17 12:52:14.787,407.4390943320883,1005
2024-09-17 12:52:14.970,407.43648614812224,8
2024-09-17 12:52:15.250,407.4241710563941,97
2024-09-17 12:52:15.436,407.4054508480224,11
2024-09-17 12:52:15.872,407.4015246984989,14
2024-09-17 12:52:15.886,,105
2024-09-17 12:52:15.888,407.39074757442006,98
2024-09-17 12:52:16.124,407.3635027449948,5
2024-09-17 12:52:16.255,407.3340416243609,99
2024-09-17 12:52:16.461,407.3649125076609,998
2024-09-17 12:52:16.464,407.3948832725409,102
2024-09-17 12:52:16.465,-407.3482990681932,14
2024-09-17 12:52:16.538,407.342350707161,96
2024-09-17 12:52:16.638,407.3343273995657,6
2024-09-17 12:52:16.772,407.40745538003256,13
2024-09-17 12:52:16.907,407.3934834375034,8
2024-09-17 12:52:16.908,407.3619097244263,95
2024-09-17 12:52:16.939,407.399449612057,99
2024-09-17 12:52:17.349,407.33936437500097,1000
2024-09-17 12:52:18.005,407.3237037600968,1001
2024-09-17 12:52:18.608,407.3474420308067,1001
2024-09-17 12:52:18.769,407.3391688207,102
2024-09-17 12:52:19.054,407.4061460177127,97
2024-09-17 12:52:19.078,407.4260702909655,995
2024-09-17 12:52:19.140,407.3637075539714,98
2024-09-17 12:52:19.143,407.4094470229704,11
2024-09-17 12:52:19.161,40.742645317270814,1005
2024-09-17 12:52:19.186,407.3797646699711,15
2024-09-17 12:52:19.306,407.38264975988005,12
2024-09-17 12:52:19.472,407.4110461037039,105
2024-09-17 12:52:19.500,407.3934332983138,104
2024-09-17 12:52:19.510,407.4079375187011,999
2024-09-17 12:52:19.571,407.3568246017884,105
2024-09-17 12:52:19.619,407.4221221080107,105
2024-09-17 12:52:19.661,407.41029121157817,996
2024-09-17 12:52:19.795,407.437433364352,999
2024-09-17 12:52:19.802,407.4136543439049,1002
2024-09-17 12:52:19.880,407.4189951010304,6
2024-09-17 12:52:19.922,407.3736266176612,1001
2024-09-17 12:52:19.955,407.3972338137268,10
2024-09-17 12:52:19.961,407.4332271232146,996
2024-09-17 12:52:20.070,407.5015468517743,103
2024-09-17 12:52:20.096,407.51144131950974,1000
2024-09-17 12:52:20.102,407.5035184253699,998
2024-09-17 12:52:20.261,407.4379413672912,15
2024-09-17 12:52:20.278,407.44539088177487,95
2024-09-17 12:52:20.338,407.5213953430858,105
2024-09-17 12:52:20.378,407.49406350325415,8
2024-09-17 12:52:20.378,407.5228193323709,14
2024-09-17 12:52:20.379,407.5143418225922,98
2024-09-17 12:52:20.403,407.4859700961166,9
2024-09-17 12:52:20.410,407.4889082906973,95
2024-09-17 12:52:20.424,407.4847572973292,103
2024-09-17 12:52:20.438,407.483051467666,1001
2024-09-17 12:52:20.619,407.4932271854376,101
2024-09-17 12:52:20.736,407.4808373620101,1005
2024-09-17 12:52:20.784,407.52883857463286,1004
2024-09-17 12:52:20.802,407.4363217665881,96
2024-09-17 12:52:20.815,407.49542083119553,104
2024-09-17 12:52:20.856,407.49103138255214,98
2024-09-17 12:52:20.867,407.5398076155115,6
2024-09-17 12:52:20.878,407.5264085211276,999
2024-09-17 12:52:20.885,407.51860182354585,1004
2024-09-17 12:52:20.902,407.4733893359733,1005
2024-09-17 12:52:20.918,407.5038956947192,101
2024-09-17 12:52:21.023,407.5344719385254,9
2024-09-17 12:52:21.033,407.5164487783985,95
2024-09-17 12:52:21.186,407.54280653277215,100
2024-09-17 12:52:21.190,407.54234844046624,999
2024-09-17 12:52:21.284,407.5798563918409,996
2024-09-17 12:52:21.335,407.5589119793484,96
2024-09-17 12:52:21.405,40.75927834121897,997
2024-09-17 12:52:21.411,407.5233980827173,1001
2024-09-17 12:52:21.432,-407.5094355892616,95
2024-09-17 12:52:21.442,407.5007843281717,1005
2024-09-17 12:52:21.464,407.57908064077634,8
2024-09-17 12:52:21.574,407.4912121681331,996
2024-09-17 12:52:21.609,407.524166395228,95
2024-09-17 12:52:21.699,407.5948385055056,1000
2024-09-17 12:52:21.753,407.5408183156193,101
2024-09-17 12:52:21.776,407.503682539866,11
2024-09-17 12:52:21.814,407.5012343279235,995
2024-09-17 12:52:21.833,407.4865180436572,10
2024-09-17 12:52:21.838,407.5653400113352,7
2024-09-17 12:52:21.867,407.4779556941887,1003
2024-09-17 12:52:21.884,407.5051249126348,10
2024-09-17 12:52:21.941,407.574634846813,103
2024-09-17 12:52:21.943,407.52984066995697,10
2024-09-17 12:52:21.971,407.5852054967993,998
2024-09-17 12:52:22.017,407.55872934982347,10
2024-09-17 12:52:22.116,407.4223068121182,103
2024-09-17 12:52:22.129,407.472011764617,98
2024-09-17 12:52:22.215,407.4640240417796,99
2024-09-17 12:52:22.247,407.5093979636183,997
2024-09-17 12:52:22.284,407.51597314113593,1002
2024-09-17 12:52:22.299,407.54277423806064,104
2024-09-17 12:52:22.330,407.435776824835,102
2024-09-17 12:52:22.331,407.41857016190727,101
2024-09-17 12:52:22.395,407.5235219862705,996
2024-09-17 12:52:22.406,407.4836623035916,998
2024-09-17 12:52:22.410,407.51631004102586,98
2024-09-17 12:52:22.452,407.411455561311,1003
2024-09-17 12:52:22.661,407.4172662661725,96
2024-09-17 12:52:22.704,,98
2024-09-17 12:52:22.781,407.5403159109972,996
2024-09-17 12:52:22.857,407.5352660523413,12
2024-09-17 12:52:22.949,407.5274873954977,14
2024-09-17 12:52:22.993,407.5681787929125,11
2024-09-17 12:52:23.481,407.4195477568773,97
2024-09-17 12:52:23.545,407.4187889193356,96
2024-09-17 12:52:23.678,,14
2024-09-17 12:52:23.682,407.41746279760144,105
2024-09-17 12:52:23.741,407.42868281294847,96
2024-09-17 12:52:23.812,407.428483235143,997
2024-09-17 12:52:23.844,407.43736388688825,15
2024-09-17 12:52:23.871,407.4121325254577,1003
2024-09-17 12:52:23.914,40.7422232511187,6
2024-09-17 12:52:23.976,407.4159090601829,10
2024-09-17 12:52:24.465,407.4032940188283,98
2024-09-17 12:52:24.520,407.4195286311144,5
2024-09-17 12:52:25.003,407.3914290921248,95
2024-09-17 12:52:25.083,407.35945627086846,1001
2024-09-17 12:52:25.210,407.41987695298576,100
2024-09-17 12:52:25.243,407.3695623736445,1000
2024-09-17 12:52:25.245,407.38033403823937,997
2024-09-17 12:52:25.293,407.4253841943624,1000
2024-09-17 12:52:25.324,407.381531514446,995
2024-09-17 12:52:25.449,407.3955925085461,999
2024-09-17 12:52:25.477,407.3983289301912,999
2024-09-17 12:52:25.607,407.3459251680165,103
2024-09-17 12:52:25.678,407.41813921502063,105
2024-09-17 12:52:25.701,407.41725311878383,8
2024-09-17 12:52:25.780,407.3419830416837,95
2024-09-17 12:52:25.781,407.3883323610286,97
2024-09-17 12:52:25.810,407.4176288986518,10
2024-09-17 12:52:25.886,407.3733101664105,1004
2024-09-17 12:52:26.145,407.3679769849779,9
2024-09-17 12:52:26.757,407.357841173171,995
2024-09-17 12:52:26.869,407.3498067494881,1002
2024-09-17 12:52:26.902,407.3604442892539,13
2024-09-17 12:52:26.966,407.3448886712565,97
2024-09-17 12:52:27.028,407.4516124389915,11
2024-09-17 12:52:27.070,407.4598550200758,100
2024-09-17 12:52:27.094,407.46626607639627,8
2024-09-17 12:52:27.129,407.4051322779525,102
2024-09-17 12:52:27.176,-407.41792034692094,105
2024-09-17 12:52:27.244,407.4261366102601,1002
2024-09-17 12:52:27.249,407.3920930047182,13
2024-09-17 12:52:27.298,407.4640857278286,7
2024-09-17 12:52:27.307,407.4717121373424,97
2024-09-17 12:52:27.307,407.4431691539251,997
2024-09-17 12:52:27.369,407.39156926578056,13
2024-09-17 12:52:27.464,407.4479570164525,999
2024-09-17 12:52:27.479,-407.4463715524751,1003
2024-09-17 12:52:27.493,407.4467427779266,5
2024-09-17 12:52:27.520,407.4170859270274,10
2024-09-17 12:52:27.553,407.4239563022629,1001
2024-09-17 12:52:27.702,407.4638807920553,100
2024-09-17 12:52:27.717,407.4111241497774,1002
2024-09-17 12:52:27.753,407.45102146469856,98
2024-09-17 12:52:27.837,407.4704072521571,1001
2024-09-17 12:52:27.858,407.37898720956696,5
2024-09-17 12:52:27.920,407.4069074046341,100
2024-09-17 12:52:27.951,407.458643329722,6
2024-09-17 12:52:28.049,407.49679462118615,5
2024-09-17 12:52:28.153,407.4966352490726,98
2024-09-17 12:52:28.198,407.4856484514438,96
2024-09-17 12:52:28.213,407.48783640472993,1005
2024-09-17 12:52:28.243,407.4976626838341,99
2024-09-17 12:52:28.329,407.48289855064985,103
2024-09-17 12:52:28.411,407.4761530352367,12
2024-09-17 12:52:28.519,407.50746087392616,998
2024-09-17 12:52:28.530,407.47823824399416,15
2024-09-17 12:52:28.565,407.4790028402884,95
2024-09-17 12:52:28.697,407.5017214262961,99
2024-09-17 12:52:28.730,407.4940774481951,103
2024-09-17 12:52:28.775,407.4967943861948,10
2024-09-17 12:52:28.776,407.496484576295,103
2024-09-17 12:52:28.856,407.4865675169218,95
2024-09-17 12:52:28.918,407.4995924421642,98
2024-09-17 12:52:29.015,407.4841744401449,97
2024-09-17 12:52:29.045,407.4960528209806,998
2024-09-17 12:52:29.047,407.4682873544701,9
2024-09-17 12:52:29.069,407.47150601589766,95
2024-09-17 12:52:29.074,407.4582440189153,103
2024-09-17 12:52:29.164,407.4747075370492,6
2024-09-17 12:52:29.213,407.48110251255946,96
2024-09-17 12:52:29.216,407.45443296787664,1004
2024-09-17 12:52:29.280,407.4734922858389,99
2024-09-17 12:52:29.282,407.49637997942943,96
2024-09-17 12:52:29.380,407.4714976701399,13
2024-09-17 12:52:29.445,407.480198351596,7
2024-09-17 12:52:29.462,407.5023611880425,7
2024-09-17 12:52:29.467,407.5043434646757,101
2024-09-17 12:52:29.494,-407.4942849026108,100
2024-09-17 12:52:29.566,407.4649521128322,996
2024-09-17 12:52:29.566,407.4876553002516,15
2024-09-17 12:52:29.618,407.4949824397704,104
2024-09-17 12:52:29.681,407.4974206531464,12
2024-09-17 12:52:29.755,407.4781916930247,15
2024-09-17 12:52:29.799,407.4769195688456,997
2024-09-17 12:52:29.898,407.5136162695175,11
2024-09-17 12:52:29.899,407.4709888639323,1002
2024-09-17 12:52:29.919,407.4673397439776,1005
2024-09-17 12:52:29.958,407.4997744394038,95
2024-09-17 12:52:29.968,407.4624766559799,9
2024-09-17 12:52:30.087,407.4980111153116,6
2024-09-17 12:52:30.122,407.53664983623713,1004
2024-09-17 12:52:30.291,407.549910041714,995
2024-09-17 12:52:30.316,407.4853739427053,999
2024-09-17 12:52:30.371,407.5164800258136,101
2024-09-17 12:52:30.376,407.5057408190999,1000
2024-09-17 12:52:30.406,407.55390857328587,95
2024-09-17 12:52:30.409,407.5018186276615,95
2024-09-17 12:52:30.471,407.54650438113873,1000
2024-09-17 12:52:30.513,407.4858715873264,105
2024-09-17 12:52:30.557,407.505032133265,11
2024-09-17 12:52:30.575,407.50626627233646,10
2024-09-17 12:52:30.617,407.5039663599844,96
2024-09-17 12:52:30.622,407.5174881288012,1004
2024-09-17 12:52:30.781,407.53645994299,1003
2024-09-17 12:52:30.992,407.5524762609956,100
2024-09-17 12:52:31.024,407.4788362955029,5
2024-09-17 12:52:31.041,407.45617714076326,97
2024-09-17 12:52:31.101,407.5177535408965,105
2024-09-17 12:52:31.117,407.47454676275794,1000
2024-09-17 12:52:31.139,-407.4608523690557,1005
2024-09-17 12:52:31.161,407.5113479789519,998
2024-09-17 12:52:31.197,407.4635110867574,1005
2024-09-17 12:52:31.272,407.4371428044696,13
2024-09-17 12:52:31.283,407.46580787079785,7
2024-09-17 12:52:31.319,407.45368511132,5
2024-09-17 12:52:31.373,407.4479743341496,1004
2024-09-17 12:52:31.374,407.47423055561774,15
2024-09-17 12:52:31.377,407.4813731990696,1005
2024-09-17 12:52:31.388,407.49644939391743,1000
2024-09-17 12:52:31.393,407.524059785883,997
2024-09-17 12:52:31.409,407.52810281628194,6
2024-09-17 12:52:31.428,407.4990808951171,5
2024-09-17 12:52:31.516,407.4730245693772,1001
2024-09-17 12:52:31.573,407.5259959634804,998
2024-09-17 12:52:31.574,407.4497677613053,105
2024-09-17 12:52:31.602,407.5176078347128,1003
2024-09-17 12:52:31.617,407.48457270109833,6
2024-09-17 12:52:31.633,407.4613388336043,15
2024-09-17 12:52:31.735,407.5192491299109,95
2024-09-17 12:52:31.814,407.454112496015,10
2024-09-17 12:52:31.820,407.522747810391,99
2024-09-17 12:52:31.921,407.454268517773,103
2024-09-17 12:52:31.932,407.5215651607924,105
2024-09-17 12:52:31.998,407.4807954510985,11
2024-09-17 12:52:32.053,407.4409337683446,8
2024-09-17 12:52:32.143,407.4449437860857,1005
2024-09-17 12:52:32.221,407.4607000071372,97
2024-09-17 12:52:32.322,407.435681458654,14
2024-09-17 12:52:32.364,407.4308560502779,14
2024-09-17 12:52:32.494,407.4636022710869,100
2024-09-17 12:52:32.609,407.4400884133596,12
2024-09-17 12:52:32.651,407.43305919825,99
2024-09-17 12:52:32.671,407.46866323356096,1004
2024-09-17 12:52:32.784,407.4737819805119,7
2024-09-17 12:52:33.029,407.477729324041,96
2024-09-17 12:52:33.030,407.4622245346729,100
2024-09-17 12:52:33.032,407.4800802316996,1003
2024-09-17 12:52:33.034,,5
2024-09-17 12:52:33.157,407.494023338146,95
2024-09-17 12:52:33.166,407.4845132004327,101
2024-09-17 12:52:33.167,407.48230466817074,10
2024-09-17 12:52:33.244,407.4869942095274,1002
2024-09-17 12:52:33.268,407.4999870154304,7
2024-09-17 12:52:33.300,407.492321924141,995
2024-09-17 12:52:33.329,407.49989348696624,101
2024-09-17 12:52:33.370,407.4757948409996,101
2024-09-17 12:52:33.371,407.4748246188333,103
2024-09-17 12:52:33.390,407.4900683919855,13
2024-09-17 12:52:33.433,407.5022748429181,13
2024-09-17 12:52:33.517,407.4785648986555,996
2024-09-17 12:52:33.584,407.50715227448194,103
2024-09-17 12:52:33.596,407.474331445895,1005
2024-09-17 12:52:33.811,407.4857379108336,15
2024-09-17 12:52:33.823,407.4768707306271,104
2024-09-17 12:52:33.849,407.4833096758688,101
2024-09-17 12:52:33.878,407.4822484336777,9
2024-09-17 12:52:34.156,407.4871704844315,6
2024-09-17 12:52:34.158,407.4933225381865,1001
2024-09-17 12:52:34.301,407.497808026385,5
2024-09-17 12:52:34.482,407.49009818939726,7
2024-09-17 12:52:34.563,407.4925282577766,1003
2024-09-17 12:52:34.592,407.4761888604945,1000
2024-09-17 12:52:35.580,407.492142621632,1001
2024-09-17 12:52:36.039,407.46473493783634,95
2024-09-17 12:52:36.073,407.44364388723614,15
2024-09-17 12:52:36.125,407.4691857344299,105
2024-09-17 12:52:36.203,407.4696314360158,10
2024-09-17 12:52:36.215,407.4776186881896,9
2024-09-17 12:52:36.217,407.480701292441,998
2024-09-17 12:52:36.307,407.46778881312525,13
2024-09-17 12:52:36.317,407.48150944479903,101
2024-09-17 12:52:36.351,,100
2024-09-17 12:52:36.379,407.4807990920129,14
2024-09-17 12:52:36.386,407.4547523903759,1005
2024-09-17 12:52:36.432,407.4693989923769,998
2024-09-17 12:52:36.574,407.4847665539062,1000
2024-09-17 12:52:36.625,407.4797475714889,1004
2024-09-17 12:52:36.828,407.4703828108523,101
2024-09-17 12:52:36.841,407.4775796196229,13
2024-09-17 12:52:36.862,407.4792404667031,6
2024-09-17 12:52:36.911,407.4879437625067,8
2024-09-17 12:52:37.843,407.4920164602327,997
2024-09-17 12:52:38.007,407.5925718461589,95
2024-09-17 12:52:38.010,407.565838450458,95
2024-09-17 12:52:38.044,407.60497157675474,96
2024-09-17 12:52:38.065,407.56421407751,7
2024-09-17 12:52:38.082,407.5522306716359,999
2024-09-17 12:52:38.137,407.6099920195891,999
2024-09-17 12:52:38.165,407.5567095442476,5
2024-09-17 12:52:38.312,407.58077887795497,998
2024-09-17 12:52:38.376,407.5635508439756,999
2024-09-17 12:52:38.390,407.55372162150815,1003
2024-09-17 12:52:38.573,407.59545132984346,7
2024-09-17 12:52:38.667,407.6068913635119,13
2024-09-17 12:52:38.672,407.61301247024176,105
2024-09-17 12:52:38.760,407.5076408319135,96
2024-09-17 12:52:38.793,407.52618233576817,1003
2024-09-17 12:52:38.807,407.5486064892766,12
2024-09-17 12:52:38.815,407.5902596424541,101
2024-09-17 12:52:38.842,407.5592873587191,1005
2024-09-17 12:52:38.928,407.5378730204243,98
2024-09-17 12:52:38.974,407.6124576539584,97
2024-09-17 12:52:39.059,407.5869257776576,1004
2024-09-17 12:52:39.076,407.59032602711335,5
2024-09-17 12:52:39.083,407.6109738407535,997
2024-09-17 12:52:39.193,407.54545308497376,1005
2024-09-17 12:52:39.234,407.5412234083327,97
2024-09-17 12:52:39.268,407.61117314307,12
2024-09-17 12:52:39.281,407.595194160193,100
2024-09-17 12:52:39.308,407.5876658204877,998
2024-09-17 12:52:39.376,407.6137598881854,10
2024-09-17 12:52:39.398,407.5814651192868,1000
2024-09-17 12:52:39.423,407.5629364976908,1005
2024-09-17 12:52:39.427,407.5629556818052,1003
2024-09-17 12:52:39.435,407.5827354703331,96
2024-09-17 12:52:39.444,407.5824212717213,5
2024-09-17 12:52:39.464,407.5897905483306,1001
2024-09-17 12:52:39.466,407.579628073531,96
2024-09-17 12:52:39.493,407.5752470037561,10
2024-09-17 12:52:39.527,407.60445322151816,95
2024-09-17 12:52:39.651,407.58218581263776,999
2024-09-17 12:52:39.706,407.5814698906016,995
2024-09-17 12:52:39.717,407.59778772771045,8
2024-09-17 12:52:39.733,407.5498674328802,996
2024-09-17 12:52:39.753,407.5861109786107,1003
2024-09-17 12:52:39.849,407.5890311588093,1001
2024-09-17 12:52:39.874,407.5872233884739,15
2024-09-17 12:52:39.919,407.5540310284385,1002
2024-09-17 12:52:39.994,407.5869368033791,15
2024-09-17 12:52:40.178,407.5137857068738,998
2024-09-17 12:52:40.232,407.4555295074694,12
2024-09-17 12:52:40.254,407.520065722186,103
2024-09-17 12:52:40.311,407.5008712178432,5
2024-09-17 12:52:40.364,407.4969901291447,14
2024-09-17 12:52:40.380,407.51860606765325,96
2024-09-17 12:52:40.425,407.50383471180936,998
2024-09-17 12:52:40.488,407.4944996581693,9
2024-09-17 12:52:40.609,407.4709466699834,105
2024-09-17 12:52:40.624,407.5402844554178,100
2024-09-17 12:52:40.843,407.5053299155644,102
2024-09-17 12:52:40.915,407.4394601919829,9
2024-09-17 12:52:41.025,407.4407276540424,97
2024-09-17 12:52:41.031,407.3971094724883,97
2024-09-17 12:52:41.102,407.42466664683377,96
2024-09-17 12:52:41.110,407.4552431383946,998
2024-09-17 12:52:41.125,407.4527793788161,103
2024-09-17 12:52:41.155,407.4421616160682,1001
2024-09-17 12:52:41.175,407.4221864604196,96
2024-09-17 12:52:41.191,407.4141604371968,10
2024-09-17 12:52:41.196,407.4135030688922,102
2024-09-17 12:52:41.298,407.4244610887316,100
2024-09-17 12:52:41.366,407.4652676002511,98
2024-09-17 12:52:41.370,407.4476348722008,96
2024-09-17 12:52:41.448,407.40963795580086,14
2024-09-17 12:52:41.548,407.4203863032247,104
2024-09-17 12:52:41.694,407.4204155847738,5
2024-09-17 12:52:41.770,407.4524509154343,10
2024-09-17 12:52:41.791,407.45159568299647,96
2024-09-17 12:52:41.791,407.4317203590883,104
2024-09-17 12:52:41.795,407.4065959975606,10
2024-09-17 12:52:41.863,407.43235080709394,5
2024-09-17 12:52:41.872,407.4575236315456,9
2024-09-17 12:52:41.936,407.3970638219879,995
2024-09-17 12:52:41.993,40.74233719348148,7
2024-09-17 12:52:42.035,407.4641688723281,999
2024-09-17 12:52:42.047,407.44707598716496,999
2024-09-17 12:52:42.073,407.453273165762,105
2024-09-17 12:52:42.127,407.47535899942267,98
2024-09-17 12:52:42.185,407.4637792039128,1000
2024-09-17 12:52:42.195,407.4536320826574,100
2024-09-17 12:52:42.210,407.4516069502972,996
2024-09-17 12:52:42.211,407.4798465381999,1005
2024-09-17 12:52:42.292,407.46806353151607,98
2024-09-17 12:52:42.336,407.4821172640704,998
2024-09-17 12:52:42.364,407.4579459385693,995
2024-09-17 12:52:42.502,407.4541941495093,105
2024-09-17 12:52:42.520,407.455081559226,5
2024-09-17 12:52:42.535,407.4378653382535,104
2024-09-17 12:52:42.559,407.4460093424128,100
2024-09-17 12:52:42.740,407.436321170427,996
2024-09-17 12:52:42.766,407.4458685200247,105
2024-09-17 12:52:42.766,407.4438959435227,12
2024-09-17 12:52:42.774,407.4474336361343,1004
2024-09-17 12:52:42.775,407.4394327715073,8
2024-09-17 12:52:42.794,407.472604299023,98
2024-09-17 12:52:42.812,407.4674690727636,100
2024-09-17 12:52:42.979,407.4426943811453,105
2024-09-17 12:52:43.001,407.4435278585749,99
2024-09-17 12:52:43.004,407.46642339781135,100
2024-09-17 12:52:43.033,407.4525566737873,101
2024-09-17 12:52:43.092,407.48557646599664,96
2024-09-17 12:52:43.283,407.4338808282168,14
2024-09-17 12:52:43.345,407.468794979272,1005
2024-09-17 12:52:43.356,407.4621483661906,6
2024-09-17 12:52:43.437,407.4365182913951,11
2024-09-17 12:52:43.447,407.4661544051462,7
2024-09-17 12:52:43.531,407.4468780642569,999
2024-09-17 12:52:43.554,407.4464785655349,10
2024-09-17 12:52:43.719,407.4708398871052,6
2024-09-17 12:52:43.758,407.4511373718274,6
2024-09-17 12:52:43.800,407.4509354681509,998
2024-09-17 12:52:43.951,407.4440005310961,103
2024-09-17 12:52:44.045,407.46255584874666,103
2024-09-17 12:52:44.105,407.45032662956,98
2024-09-17 12:52:44.106,407.45826235371374,14
2024-09-17 12:52:44.115,407.5044499100864,997
2024-09-17 12:52:44.128,407.4858427920596,98
2024-09-17 12:52:44.133,407.4369644098345,1001
2024-09-17 12:52:44.152,407.458976210558,1002
2024-09-17 12:52:44.176,407.43518204948,6
2024-09-17 12:52:44.226,407.4250010808015,11
2024-09-17 12:52:44.267,407.4419370930914,13
2024-09-17 12:52:44.269,407.4508026835031,10
2024-09-17 12:52:44.292,407.4455933517214,1001
2024-09-17 12:52:44.309,407.4566370572667,1001
2024-09-17 12:52:44.366,407.4768569056488,999
2024-09-17 12:52:44.396,407.4453632691493,10
2024-09-17 12:52:44.425,407.47659474528194,103
2024-09-17 12:52:44.453,407.4554314244136,99
2024-09-17 12:52:44.497,407.4932984411767,1005
2024-09-17 12:52:44.571,407.4962007135721,13
2024-09-17 12:52:44.661,407.5008014024561,14
2024-09-17 12:52:44.726,407.4595414364045,999
2024-09-17 12:52:44.737,407.42951616401234,6
2024-09-17 12:52:44.796,407.4483498030314,96
2024-09-17 12:52:44.802,407.4582014647559,14
2024-09-17 12:52:44.836,407.48886700027685,996
2024-09-17 12:52:44.847,407.4687223194048,102
2024-09-17 12:52:44.847,407.4581627387674,8
2024-09-17 12:52:44.879,407.475117338521,1001
2024-09-17 12:52:44.914,407.4591218380969,1002
2024-09-17 12:52:44.994,407.4417380309416,14
2024-09-17 12:52:45.004,407.4058159445961,15
2024-09-17 12:52:45.149,407.4034732096883,101
2024-09-17 12:52:45.204,407.3989634093501,1004
2024-09-17 12:52:45.259,407.39113242433024,14
2024-09-17 12:52:45.275,,996
2024-09-17 12:52:45.374,407.3528620631855,14
2024-09-17 12:52:45.403,407.39262602812295,10
2024-09-17 12:52:45.457,407.4115234149767,995
2024-09-17 12:52:45.463,407.3931982346646,6
2024-09-17 12:52:45.526,407.4335124704485,997
2024-09-17 12:52:45.565,407.38667406203047,99
2024-09-17 12:52:45.604,407.3449698494412,9
2024-09-17 12:52:45.610,407.3502399701495,9
2024-09-17 12:52:45.642,407.36756664752977,11
2024-09-17 12:52:45.791,407.4252057753442,96
2024-09-17 12:52:45.847,407.3765644089761,1000
2024-09-17 12:52:46.005,407.379951089946,1001
2024-09-17 12:52:46.005,407.3821301896679,102
2024-09-17 12:52:46.098,407.4035047833913,996
2024-09-17 12:52:46.374,407.3772791329661,96
2024-09-17 12:52:46.599,407.3883806220671,996
2024-09-17 12:52:46.708,407.36205420293305,1001
2024-09-17 12:52:46.732,407.38140935898167,96
2024-09-17 12:52:46.869,407.3677618419151,1004
2024-09-17 12:52:46.904,407.3706995317763,10
2024-09-17 12:52:46.967,407.3888696425192,103
2024-09-17 12:52:47.148,-407.37241309826106,12
2024-09-17 12:52:47.296,407.3698408060613,998
2024-09-17 12:52:47.445,407.3731421328412,5
2024-09-17 12:52:47.624,407.3794504886687,6
2024-09-17 12:52:47.857,407.3670224679866,99
2024-09-17 12:52:47.899,407.3862880516082,1005
2024-09-17 12:52:47.922,407.35794507266473,97
2024-09-17 12:52:47.933,407.3600045482357,96
2024-09-17 12:52:48.117,407.3702832912352,101
2024-09-17 12:52:48.206,407.4197315862186,1003
2024-09-17 12:52:48.351,407.37512583017457,5
2024-09-17 12:52:48.361,407.4067650497644,104
2024-09-17 12:52:48.406,407.40589672698894,998
2024-09-17 12:52:48.416,407.4159750996684,97
2024-09-17 12:52:48.419,407.4034052000505,96
2024-09-17 12:52:48.451,407.4121237955624,1003
2024-09-17 12:52:48.474,407.3768536226634,1005
2024-09-17 12:52:48.484,407.3929964263897,995
2024-09-17 12:52:48.532,407.3800022960899,7
2024-09-17 12:52:48.544,,998
2024-09-17 12:52:48.620,407.4107400725589,5
2024-09-17 12:52:48.632,407.3941764309844,15
2024-09-17 12:52:48.634,407.407482054164,15
2024-09-17 12:52:48.647,407.4080001059654,97
2024-09-17 12:52:48.696,407.384736672236,98
2024-09-17 12:52:48.764,407.4123203772589,1003
2024-09-17 12:52:48.780,407.4329353514989,99
2024-09-17 12:52:48.807,407.402649781207,1000
2024-09-17 12:52:48.811,407.4131956771062,1005
2024-09-17 12:52:48.823,407.4092665352055,9
2024-09-17 12:52:48.905,407.3988271507838,12
2024-09-17 12:52:48.953,407.40418585461936,996
2024-09-17 12:52:48.997,407.4107539177773,1002
2024-09-17 12:52:49.002,407.40839626699307,97
2024-09-17 12:52:49.086,407.4349356035135,101
2024-09-17 12:52:49.109,407.4218303572154,8
2024-09-17 12:52:49.163,407.43855584198974,1005
2024-09-17 12:52:49.176,407.4419785813704,9
2024-09-17 12:52:49.178,407.42411460273104,101
2024-09-17 12:52:49.245,407.4361979690639,102
2024-09-17 12:52:49.246,407.4350534832992,5
2024-09-17 12:52:49.292,407.4398708964489,1004
2024-09-17 12:52:49.389,407.4236745300752,102
2024-09-17 12:52:49.432,407.4335679986435,104
2024-09-17 12:52:49.461,407.4307467428943,1000
2024-09-17 12:52:49.478,407.441275888766,6
2024-09-17 12:52:49.534,407.4564143517833,12
2024-09-17 12:52:49.579,407.4339618856678,103
2024-09-17 12:52:49.629,407.4351248637967,1001
2024-09-17 12:52:49.669,407.4343035442744,95
2024-09-17 12:52:49.696,407.43905934380575,7
2024-09-17 12:52:49.731,407.44495386301736,15
2024-09-17 12:52:49.892,-407.43420895322,995
2024-09-17 12:52:49.908,407.4426905141192,11
2024-09-17 12:52:49.957,407.4381798648773,998
2024-09-17 12:52:49.967,407.4406495036162,999
2024-09-17 12:52:50.264,407.37438248098834,96
2024-09-17 12:52:50.374,407.4058171483467,1003
2024-09-17 12:52:50.390,407.37253299103,99
2024-09-17 12:52:50.402,407.36198654568153,105
2024-09-17 12:52:50.571,407.3975858208176,6
2024-09-17 12:52:50.660,407.4094392103377,97
2024-09-17 12:52:50.697,40.74181647059556,11
2024-09-17 12:52:50.866,407.3807914021477,1003
2024-09-17 12:52:51.034,407.33965839800265,5
2024-09-17 12:52:51.076,407.3607611933915,1001
2024-09-17 12:52:51.252,407.3777765359106,11
2024-09-17 12:52:51.277,407.4436153630252,11
2024-09-17 12:52:51.282,407.429944400229,97
2024-09-17 12:52:51.294,407.355307522916,1000
2024-09-17 12:52:51.314,407.3568524642324,97
2024-09-17 12:52:51.387,407.3442776280618,15
2024-09-17 12:52:51.391,407.3409588832942,5
2024-09-17 12:52:51.413,407.3833610937576,1003
2024-09-17 12:52:51.426,407.341111761897,99
2024-09-17 12:52:51.462,407.3385364878082,104
2024-09-17 12:52:51.595,407.3656149031772,10
2024-09-17 12:52:51.616,407.42168953622473,99
2024-09-17 12:52:51.655,407.4272426185288,999
2024-09-17 12:52:51.690,407.37561233955824,104
2024-09-17 12:52:51.711,407.42459406952656,101
2024-09-17 12:52:51.722,407.33273298288105,995
2024-09-17 12:52:51.730,407.36529834804605,103
2024-09-17 12:52:51.772,-407.3521046576997,13
2024-09-17 12:52:51.815,407.370439260941,14
2024-09-17 12:52:51.829,407.36117597680766,1005
2024-09-17 12:52:51.871,407.3640077491044,103
2024-09-17 12:52:51.930,407.3729411835116,12
2024-09-17 12:52:51.966,407.3255351213832,996
2024-09-17 12:52:51.974,407.3628695258199,13
2024-09-17 12:52:51.987,407.38112174492113,14
2024-09-17 12:52:52.105,407.4482556308458,101
2024-09-17 12:52:52.234,407.4618804109092,98
2024-09-17 12:52:52.247,407.4578455285405,104
2024-09-17 12:52:52.258,407.4526288537698,95
2024-09-17 12:52:52.520,407.4357255078954,10
2024-09-17 12:52:52.701,407.44214381545993,15
2024-09-17 12:52:52.727,407.4767490448029,1001
2024-09-17 12:52:52.809,407.48344399186834,7
2024-09-17 12:52:52.809,407.4529886464007,1005
2024-09-17 12:52:52.853,407.4774008389426,1003
2024-09-17 12:52:52.866,407.46950077470257,999
2024-09-17 12:52:52.950,407.43575741597584,1000
2024-09-17 12:52:52.953,407.4437805080507,9
2024-09-17 12:52:53.081,407.4330601624939,5
2024-09-17 12:52:53.174,407.456466873349,999
2024-09-17 12:52:53.228,407.4396860238498,15
2024-09-17 12:52:53.316,407.4537642816126,10
2024-09-17 12:52:53.394,407.45341028957,1001
2024-09-17 12:52:53.485,407.4289854685481,13
2024-09-17 12:52:53.530,407.4445568864056,1000
2024-09-17 12:52:53.547,407.4462730500703,96
2024-09-17 12:52:53.566,407.445445233261,102
2024-09-17 12:52:53.593,407.4257345747184,1004
2024-09-17 12:52:53.895,407.4263750783419,14
2024-09-17 12:52:53.916,407.4349661970967,1004
2024-09-17 12:52:54.125,407.3682237489208,1004
2024-09-17 12:52:54.136,407.2963125030801,5
2024-09-17 12:52:54.143,407.3300160381425,11
2024-09-17 12:52:54.155,407.366173363686,10
2024-09-17 12:52:54.163,407.32960155016514,996
2024-09-17 12:52:54.186,407.3776908737231,104
2024-09-17 12:52:54.193,407.4124449278913,13
2024-09-17 12:52:54.325,407.385512302122,15
2024-09-17 12:52:54.355,407.33730175617626,98
2024-09-17 12:52:54.410,407.34841748221385,10
2024-09-17 12:52:54.461,407.3332090900495,11
2024-09-17 12:52:54.488,407.3303816013628,104
2024-09-17 12:52:54.492,407.40275434682127,1001
2024-09-17 12:52:54.629,407.4095072253757,105
2024-09-17 12:52:54.644,407.3280928817596,96
2024-09-17 12:52:54.646,407.32195658982687,95
2024-09-17 12:52:54.673,407.3396402339566,5
2024-09-17 12:52:54.673,407.31110292580667,1005
2024-09-17 12:52:54.674,407.41148793360986,999
2024-09-17 12:52:54.706,407.3270882041901,8
2024-09-17 12:52:54.747,407.3619840335379,10
2024-09-17 12:52:54.792,407.31550037196286,99
2024-09-17 12:52:54.842,407.3340421869854,1005
2024-09-17 12:52:54.867,407.3048332853069,995
2024-09-17 12:52:55.019,407.33926927887865,104
2024-09-17 12:52:55.044,407.3094015775828,1001
2024-09-17 12:52:55.170,407.32723498570897,96
2024-09-17 12:52:55.200,407.3352290980405,997
2024-09-17 12:52:55.243,407.30084570248806,100
2024-09-17 12:52:55.275,407.3055516886752,7
2024-09-17 12:52:55.353,407.3199735148691,99
2024-09-17 12:52:55.657,407.3320314375197,998
2024-09-17 12:52:55.706,407.32420269521,97
2024-09-17 12:52:55.840,407.3124641392055,6
2024-09-17 12:52:56.031,407.2856326298714,9
2024-09-17 12:52:56.059,407.29789727040855,100
2024-09-17 12:52:56.182,407.29089654993766,101
2024-09-17 12:52:56.189,407.3181610307461,996
2024-09-17 12:52:56.249,407.3279553394895,14
2024-09-17 12:52:56.398,407.2978613126455,12
2024-09-17 12:52:56.434,407.31976580273033,1003
2024-09-17 12:52:56.455,407.28034071530897,12
2024-09-17 12:52:56.573,407.30129436678607,97
2024-09-17 12:52:56.875,407.3103522669169,99
2024-09-17 12:52:57.048,407.302112713499,13
2024-09-17 12:52:57.051,407.3107698057938,98
2024-09-17 12:52:57.165,407.33555800828697,99
2024-09-17 12:52:57.267,407.2926484651129,1000
2024-09-17 12:52:57.363,407.32125680512246,1005
2024-09-17 12:52:57.375,407.2996264527798,8
2024-09-17 12:52:57.559,-407.3137998741606,10
2024-09-17 12:52:57.601,407.3417062210141,14
2024-09-17 12:52:57.632,407.3406232235424,98
2024-09-17 12:52:57.636,407.2853889150087,10
2024-09-17 12:52:57.696,407.3214878646126,105
2024-09-17 12:52:57.722,407.3048018251611,999
2024-09-17 12:52:57.732,407.2877619884304,101
2024-09-17 12:52:57.736,407.3085948717438,997
2024-09-17 12:52:57.854,407.306248929104,998
2024-09-17 12:52:57.869,407.3011251418628,1004
2024-09-17 12:52:57.920,407.29946788949326,1005
2024-09-17 12:52:57.933,407.29790355950377,10
2024-09-17 12:52:57.936,407.3358471897389,1005
2024-09-17 12:52:57.992,407.3131588805741,98
2024-09-17 12:52:57.996,407.3127518770576,101
2024-09-17 12:52:58.653,407.3268274805718,9
2024-09-17 12:52:58.905,407.32926717221136,7
