Timestamp,Price,Size
2024-09-20 09:39:00.073,422.5917110337877,98
2024-09-20 09:39:00.217,422.592279679184,98
2024-09-20 09:39:00.238,422.5925633001698,1005
2024-09-20 09:39:00.380,422.5927002702383,1000
2024-09-20 09:39:00.453,422.5954841803877,11
2024-09-20 09:39:00.835,422.5834268909378,7
2024-09-20 09:39:00.853,422.5967723052405,1003
2024-09-20 09:39:00.889,422.595539769056,998
2024-09-20 09:39:01.196,422.57687996699366,100
2024-09-20 09:39:01.593,422.54416086458207,5
2024-09-20 09:39:02.079,422.5193912820022,101
2024-09-20 09:39:02.578,422.5087375989304,9
2024-09-20 09:39:03.011,422.62479901263794,1005
2024-09-20 09:39:03.013,422.6229909280235,98
2024-09-20 09:39:03.079,422.53301096760254,15
2024-09-20 09:39:03.099,422.5162537091287,1000
2024-09-20 09:39:03.454,422.51803622952906,100
2024-09-20 09:39:03.474,422.519627074502,99
2024-09-20 09:39:03.676,422.63232783574136,998
2024-09-20 09:39:03.722,422.61888906560966,6
2024-09-20 09:39:03.727,422.5787146048635,105
2024-09-20 09:39:03.814,422.5110356142207,999
2024-09-20 09:39:03.825,422.516183767041,1003
2024-09-20 09:39:03.884,422.6230356996933,11
2024-09-20 09:39:03.945,422.55481704694336,8
2024-09-20 09:39:03.951,422.5207870371053,101
2024-09-20 09:39:03.956,422.60954026085767,7
2024-09-20 09:39:04.038,422.6196388178809,96
2024-09-20 09:39:04.069,-422.6244605079124,5
2024-09-20 09:39:04.141,422.633580966357,996
2024-09-20 09:39:04.180,422.6286646562775,12
2024-09-20 09:39:04.263,422.62815274372826,9
2024-09-20 09:39:04.290,422.6108817787036,104
2024-09-20 09:39:04.300,422.6136495050242,14
2024-09-20 09:39:04.313,422.6240011150647,100
2024-09-20 09:39:04.325,422.6185498804634,11
2024-09-20 09:39:04.510,422.6176140343348,98
2024-09-20 09:39:04.517,422.6347277406946,1002
2024-09-20 09:39:04.550,422.6390981959488,101
2024-09-20 09:39:04.571,422.6077752599968,104
2024-09-20 09:39:04.571,422.6108457907946,95
2024-09-20 09:39:04.607,422.6141428763656,1001
2024-09-20 09:39:04.654,422.6140222568336,11
2024-09-20 09:39:04.689,422.638037625256,5
2024-09-20 09:39:04.700,422.6276807979066,15
2024-09-20 09:39:04.730,422.6223671414205,1004
2024-09-20 09:39:04.736,422.6175241695401,10
2024-09-20 09:39:04.944,422.61563311396816,1003
2024-09-20 09:39:04.959,422.6137649664041,1003
2024-09-20 09:39:04.969,422.6351429136867,5
2024-09-20 09:39:04.990,422.6320788999341,995
2024-09-20 09:39:05.051,422.6275766785072,1000
2024-09-20 09:39:05.052,422.6316392916053,100
2024-09-20 09:39:05.166,422.63562967454885,14
2024-09-20 09:39:05.238,422.609821356196,100
2024-09-20 09:39:05.241,422.6567808022256,105
2024-09-20 09:39:05.363,422.6193594995504,997
2024-09-20 09:39:05.364,422.6579662073828,98
2024-09-20 09:39:05.377,422.6431811302291,104
2024-09-20 09:39:05.393,422.6407836564636,13
2024-09-20 09:39:05.422,422.637564002249,1003
2024-09-20 09:39:05.483,,1005
2024-09-20 09:39:05.524,422.65824904668966,104
2024-09-20 09:39:05.535,422.634381997582,105
2024-09-20 09:39:05.677,422.6515130123767,9
2024-09-20 09:39:05.687,422.6287421236864,101
2024-09-20 09:39:05.720,-422.64499699902046,9
2024-09-20 09:39:05.744,422.63140859941313,7
2024-09-20 09:39:05.895,422.6571069780842,1001
2024-09-20 09:39:05.899,422.6390272121712,102
2024-09-20 09:39:06.047,422.7050905669839,97
2024-09-20 09:39:06.161,422.6392562719908,104
2024-09-20 09:39:06.238,422.70514772772,97
2024-09-20 09:39:06.479,422.6660194364254,999
2024-09-20 09:39:06.698,422.6568680714037,99
2024-09-20 09:39:06.763,422.71496673731417,998
2024-09-20 09:39:06.781,422.64979870334025,98
2024-09-20 09:39:06.805,422.6458790635879,5
2024-09-20 09:39:06.818,422.64664982188464,1005
2024-09-20 09:39:06.858,422.6480949157059,13
2024-09-20 09:39:06.929,422.69386965169593,105
2024-09-20 09:39:06.997,422.65921486268746,1003
2024-09-20 09:39:07.062,422.7303733946156,95
2024-09-20 09:39:07.148,422.7200152422023,100
2024-09-20 09:39:07.302,422.71184526285975,12
2024-09-20 09:39:07.677,422.7127184454626,101
2024-09-20 09:39:07.871,422.6960284156224,105
2024-09-20 09:39:09.227,422.72250892961137,101
2024-09-20 09:39:09.243,422.7120270983627,7
2024-09-20 09:39:09.353,422.703744324275,12
2024-09-20 09:39:09.383,422.7264332430999,1003
2024-09-20 09:39:09.419,422.7011199891697,95
2024-09-20 09:39:09.421,422.65934297599273,101
2024-09-20 09:39:09.422,422.6638297583596,15
2024-09-20 09:39:09.521,422.737360175863,5
2024-09-20 09:39:09.754,422.7396459060645,1002
2024-09-20 09:39:09.858,422.7162906363969,102
2024-09-20 09:39:10.057,422.6215492239273,102
2024-09-20 09:39:10.082,422.6439693906764,1001
2024-09-20 09:39:10.127,422.6191161887466,102
2024-09-20 09:39:10.150,422.6567860637208,9
2024-09-20 09:39:10.174,422.6243697731263,96
2024-09-20 09:39:10.213,422.6757613701815,996
2024-09-20 09:39:10.405,422.6184603390319,97
2024-09-20 09:39:10.459,422.663366682928,99
2024-09-20 09:39:10.582,422.62819872757126,9
2024-09-20 09:39:10.668,422.67158724029946,99
2024-09-20 09:39:10.734,422.6279487818086,99
2024-09-20 09:39:10.736,422.6229068714912,1003
2024-09-20 09:39:10.825,422.6622548891002,9
2024-09-20 09:39:10.888,422.6600332581706,1005
2024-09-20 09:39:10.943,422.6453900412845,98
2024-09-20 09:39:10.994,422.67448268017097,96
2024-09-20 09:39:11.044,422.6366844430589,104
2024-09-20 09:39:11.084,422.6583602309955,101
2024-09-20 09:39:11.086,422.644786759,15
2024-09-20 09:39:11.092,422.6397173240488,98
2024-09-20 09:39:11.156,422.6479234458318,1001
2024-09-20 09:39:11.167,422.67395377123256,14
2024-09-20 09:39:11.323,422.6473935867592,997
2024-09-20 09:39:11.332,422.6567803482202,13
2024-09-20 09:39:11.369,422.65325837098993,7
2024-09-20 09:39:11.370,422.6335817863645,12
2024-09-20 09:39:11.372,422.6518600096956,5
2024-09-20 09:39:11.382,422.654628233805,12
2024-09-20 09:39:11.443,422.6461834784046,98
2024-09-20 09:39:11.450,422.6356684997184,996
2024-09-20 09:39:11.462,422.6389446339381,12
2024-09-20 09:39:11.482,422.6973690694783,6
2024-09-20 09:39:11.512,422.6378052857538,1002
2024-09-20 09:39:11.547,422.6793634598811,997
2024-09-20 09:39:11.591,422.6472030687037,95
2024-09-20 09:39:11.659,422.64969949148775,97
2024-09-20 09:39:11.661,422.6410635829112,9
2024-09-20 09:39:11.727,422.66171566239234,15
2024-09-20 09:39:11.779,422.6428654753544,12
2024-09-20 09:39:11.837,422.6451168652609,10
2024-09-20 09:39:11.895,422.6412925712051,5
2024-09-20 09:39:11.999,422.6476809536245,7
2024-09-20 09:39:12.021,422.6791995463512,5
2024-09-20 09:39:12.047,422.6485247616052,6
2024-09-20 09:39:12.067,422.7032607335131,1004
2024-09-20 09:39:12.093,422.70183290624686,1001
2024-09-20 09:39:12.096,422.714157256317,95
2024-09-20 09:39:12.103,422.7190616867883,5
2024-09-20 09:39:12.156,422.72804838665184,9
2024-09-20 09:39:12.245,422.7190990151671,95
2024-09-20 09:39:12.263,422.7141679689209,103
2024-09-20 09:39:12.420,422.6719488259943,1004
2024-09-20 09:39:12.482,422.661418847736,104
2024-09-20 09:39:12.507,422.6929499933494,9
2024-09-20 09:39:12.511,422.7248066392799,998
2024-09-20 09:39:12.526,422.69687064210336,14
2024-09-20 09:39:12.527,422.68627814377504,13
2024-09-20 09:39:12.599,422.6780859682625,1005
2024-09-20 09:39:12.605,422.6507734743862,997
2024-09-20 09:39:12.621,422.68858601285166,105
2024-09-20 09:39:12.622,422.71501903243023,1003
2024-09-20 09:39:12.711,422.7031317905537,13
2024-09-20 09:39:12.832,42.27014576964149,999
2024-09-20 09:39:12.847,422.6947671361952,995
2024-09-20 09:39:12.852,422.6528147564628,9
2024-09-20 09:39:12.875,422.695493695735,1001
2024-09-20 09:39:12.917,422.7109865140625,105
2024-09-20 09:39:12.937,422.6951531929966,97
2024-09-20 09:39:12.956,422.7126933372781,1004
2024-09-20 09:39:12.977,422.7164734237507,98
2024-09-20 09:39:13.124,422.7003268051423,101
2024-09-20 09:39:13.812,422.70968690872894,104
2024-09-20 09:39:14.070,422.68303012200334,15
2024-09-20 09:39:14.117,422.7157173014324,104
2024-09-20 09:39:14.373,422.704010075754,103
2024-09-20 09:39:14.389,422.7019089990985,1005
2024-09-20 09:39:14.457,422.6540306748025,95
2024-09-20 09:39:14.537,422.62670293419546,999
2024-09-20 09:39:14.583,422.6684074463808,999
2024-09-20 09:39:14.642,422.6822280429947,97
2024-09-20 09:39:14.669,422.6811865812818,98
2024-09-20 09:39:14.759,422.64871027398567,1001
2024-09-20 09:39:14.762,422.64304778569584,99
2024-09-20 09:39:14.783,422.7127044863868,11
2024-09-20 09:39:14.834,422.7044001265948,995
2024-09-20 09:39:14.844,422.7069661361441,12
2024-09-20 09:39:14.868,422.6841636383793,14
2024-09-20 09:39:14.908,422.6756763134214,104
2024-09-20 09:39:14.935,422.6576883795146,995
2024-09-20 09:39:15.026,42.26463067211622,15
2024-09-20 09:39:15.031,422.6460468386756,104
2024-09-20 09:39:15.085,422.6618191529057,97
2024-09-20 09:39:15.162,422.6410289583704,13
2024-09-20 09:39:15.174,422.65024321378746,102
2024-09-20 09:39:15.185,422.6752689344669,1005
2024-09-20 09:39:15.213,422.6527861314261,14
2024-09-20 09:39:15.228,422.6590443846948,8
2024-09-20 09:39:15.236,422.63776102778473,7
2024-09-20 09:39:15.236,422.68096355929777,995
2024-09-20 09:39:15.252,422.6830190730894,103
2024-09-20 09:39:15.276,422.62969966857753,7
2024-09-20 09:39:15.289,422.6489209566249,100
2024-09-20 09:39:15.290,422.6540912813948,1003
2024-09-20 09:39:15.373,422.6446385622864,103
2024-09-20 09:39:15.377,,99
2024-09-20 09:39:15.438,422.6373423516628,13
2024-09-20 09:39:15.456,422.6716474258602,99
2024-09-20 09:39:15.460,422.6546502902256,1002
2024-09-20 09:39:15.504,422.6700098154211,99
2024-09-20 09:39:15.526,422.6452841478528,11
2024-09-20 09:39:15.558,422.6528910764314,96
2024-09-20 09:39:15.628,422.6451903928972,1004
2024-09-20 09:39:15.633,422.6464548783256,103
2024-09-20 09:39:15.680,422.6441314656437,104
2024-09-20 09:39:15.736,422.62488313012,9
2024-09-20 09:39:15.777,422.6588226559912,11
2024-09-20 09:39:15.818,422.6192063502377,104
2024-09-20 09:39:15.854,422.6369185421886,1004
2024-09-20 09:39:16.152,422.6352385198,1003
2024-09-20 09:39:16.195,422.6542693813769,1003
2024-09-20 09:39:16.227,422.63213251077616,104
2024-09-20 09:39:16.270,422.6449757851133,12
2024-09-20 09:39:16.321,422.6350903482803,1000
2024-09-20 09:39:16.584,422.6431486067209,103
2024-09-20 09:39:16.591,422.6280414171424,13
2024-09-20 09:39:16.609,422.6306679027999,1000
2024-09-20 09:39:16.661,422.6367527583443,997
2024-09-20 09:39:16.977,422.6544400106998,101
2024-09-20 09:39:17.131,422.5821494199423,15
2024-09-20 09:39:17.135,422.5670503931679,13
2024-09-20 09:39:17.147,422.648562366271,6
2024-09-20 09:39:17.225,422.6133645629313,102
2024-09-20 09:39:17.300,422.5823218918616,997
2024-09-20 09:39:17.311,422.61726141959,13
2024-09-20 09:39:17.364,422.5930646218885,103
2024-09-20 09:39:17.431,422.6041048264401,1001
2024-09-20 09:39:17.488,422.6240049423306,997
2024-09-20 09:39:17.526,422.5680760655509,97
2024-09-20 09:39:17.614,422.59179726395,6
2024-09-20 09:39:17.652,422.5368729894104,12
2024-09-20 09:39:17.657,422.54933737780766,6
2024-09-20 09:39:17.714,422.613345220751,95
2024-09-20 09:39:17.730,422.5772782978698,1000
2024-09-20 09:39:17.732,422.5732792248539,1000
2024-09-20 09:39:17.747,422.60611428337177,10
2024-09-20 09:39:17.822,422.5973937362115,1003
2024-09-20 09:39:17.824,422.5816972307708,1004
2024-09-20 09:39:17.847,422.559842623055,999
2024-09-20 09:39:17.850,422.57430997268665,998
2024-09-20 09:39:17.920,422.587172822168,13
2024-09-20 09:39:17.956,422.5977619192327,1001
2024-09-20 09:39:17.972,422.57602790399096,997
2024-09-20 09:39:18.019,422.54617989195896,1002
2024-09-20 09:39:18.119,422.53390396241167,1005
2024-09-20 09:39:18.120,422.5303186890757,1001
2024-09-20 09:39:18.197,422.5422104038288,1005
2024-09-20 09:39:18.198,-422.5421444983104,996
2024-09-20 09:39:18.379,422.530278637261,1005
2024-09-20 09:39:18.412,422.542696798722,96
2024-09-20 09:39:18.472,422.5812416225208,1004
2024-09-20 09:39:18.503,422.5596830299096,998
2024-09-20 09:39:18.557,-422.57235219238345,997
2024-09-20 09:39:18.638,422.5319914267398,100
2024-09-20 09:39:18.814,422.5523739741902,101
2024-09-20 09:39:18.912,422.5242949219729,103
2024-09-20 09:39:18.945,422.5317976108766,7
2024-09-20 09:39:19.453,422.5622457327162,9
2024-09-20 09:39:19.487,422.5833626446344,1000
2024-09-20 09:39:20.160,422.5452143557849,10
2024-09-20 09:39:20.194,422.5392620015148,100
2024-09-20 09:39:20.210,422.5397034641366,104
2024-09-20 09:39:20.281,422.53780813023366,996
2024-09-20 09:39:20.325,422.5075244719277,996
2024-09-20 09:39:20.370,422.5047490853872,96
2024-09-20 09:39:20.377,422.547933056908,1003
2024-09-20 09:39:20.444,422.5512283070615,101
2024-09-20 09:39:20.772,422.5358329066344,7
2024-09-20 09:39:20.960,422.535449770045,1003
2024-09-20 09:39:20.962,422.5102675737138,6
2024-09-20 09:39:21.021,422.5489819719532,997
2024-09-20 09:39:21.085,422.51074378915,1003
2024-09-20 09:39:21.091,422.5596757021626,96
2024-09-20 09:39:21.093,422.5798614002182,103
2024-09-20 09:39:21.107,422.5680248712999,13
2024-09-20 09:39:21.147,422.59206121113033,7
2024-09-20 09:39:21.249,422.5234068504831,1002
2024-09-20 09:39:21.275,422.55115301630485,9
2024-09-20 09:39:21.364,422.5819599235501,102
2024-09-20 09:39:21.369,422.5850434650524,101
2024-09-20 09:39:21.409,42.25404940109169,996
2024-09-20 09:39:21.423,422.5806211300668,13
2024-09-20 09:39:21.428,422.5624622212505,97
2024-09-20 09:39:21.519,422.5614722003545,11
2024-09-20 09:39:21.519,422.5478515359711,104
2024-09-20 09:39:21.534,422.5083444608461,998
2024-09-20 09:39:21.546,422.58428489135287,100
2024-09-20 09:39:21.589,422.5284296769961,5
2024-09-20 09:39:21.633,422.5751547315732,13
2024-09-20 09:39:21.690,422.5161801700549,15
2024-09-20 09:39:21.770,422.5714002902255,95
2024-09-20 09:39:21.820,422.5380837530335,995
2024-09-20 09:39:21.866,422.55770443839737,105
2024-09-20 09:39:21.884,422.5448644939404,96
2024-09-20 09:39:21.891,422.5556399859343,11
2024-09-20 09:39:21.907,422.53833033414537,95
2024-09-20 09:39:21.920,422.58218210135374,13
2024-09-20 09:39:21.991,422.5711427696482,96
2024-09-20 09:39:22.032,422.5754595498829,104
2024-09-20 09:39:22.035,422.5490592535052,997
2024-09-20 09:39:22.136,422.5303437755362,1002
2024-09-20 09:39:22.186,422.5672011244433,97
2024-09-20 09:39:22.217,422.5750112369207,5
2024-09-20 09:39:22.475,422.5703872817161,14
2024-09-20 09:39:22.476,422.55608015321934,105
2024-09-20 09:39:22.500,422.5329332664156,1003
2024-09-20 09:39:22.621,422.5795382498126,96
2024-09-20 09:39:22.713,422.5521334742624,1001
2024-09-20 09:39:22.720,422.5293173695303,96
2024-09-20 09:39:22.799,422.5687606270127,12
2024-09-20 09:39:22.830,422.5730779970838,96
2024-09-20 09:39:22.853,42.25627648417554,15
2024-09-20 09:39:22.876,422.5593094230279,1000
2024-09-20 09:39:22.896,422.5490112357727,5
2024-09-20 09:39:22.930,422.5758844789896,998
2024-09-20 09:39:22.940,422.55608383605056,103
2024-09-20 09:39:22.965,422.5666926423559,15
2024-09-20 09:39:22.967,422.5691204486628,1004
2024-09-20 09:39:23.093,422.6169822235844,104
2024-09-20 09:39:23.206,422.5944237016555,997
2024-09-20 09:39:23.346,422.60686314165264,995
2024-09-20 09:39:23.429,422.6168787395964,10
2024-09-20 09:39:23.444,422.6118814406182,6
2024-09-20 09:39:23.503,422.6417686629583,7
2024-09-20 09:39:23.576,422.5936072687231,6
2024-09-20 09:39:23.631,422.6027286211128,1005
2024-09-20 09:39:23.685,422.598740849193,15
2024-09-20 09:39:23.730,422.6069907305529,95
2024-09-20 09:39:23.938,422.59857631191727,9
2024-09-20 09:39:24.033,422.5971795202536,101
2024-09-20 09:39:24.129,-422.6205058858892,101
2024-09-20 09:39:24.168,422.6114403304021,8
2024-09-20 09:39:24.288,422.6176014570214,12
2024-09-20 09:39:24.302,422.5853358887756,7
2024-09-20 09:39:24.398,-422.61843763736624,8
2024-09-20 09:39:24.427,422.5931456765729,996
2024-09-20 09:39:24.541,,96
2024-09-20 09:39:24.632,422.6271656677754,995
2024-09-20 09:39:24.645,422.5834292261081,14
2024-09-20 09:39:24.678,422.6123405389612,96
2024-09-20 09:39:24.700,422.595804010105,1004
2024-09-20 09:39:24.831,422.58813451308566,104
2024-09-20 09:39:24.862,422.5878067514061,997
2024-09-20 09:39:24.915,-422.5880441463936,13
2024-09-20 09:39:24.943,422.6080297122687,10
2024-09-20 09:39:26.029,422.6214167830325,99
2024-09-20 09:39:26.068,422.6095004777885,1002
2024-09-20 09:39:26.128,422.6770946900186,11
2024-09-20 09:39:26.129,42.26244590115983,98
2024-09-20 09:39:26.200,422.6012938011753,1004
2024-09-20 09:39:26.344,422.6243353331855,1001
2024-09-20 09:39:26.368,422.6244618228151,104
2024-09-20 09:39:26.625,422.6240557382224,12
2024-09-20 09:39:26.793,422.6677433346081,13
2024-09-20 09:39:26.803,422.6438440710861,96
2024-09-20 09:39:27.033,422.64539854540175,1005
2024-09-20 09:39:27.056,422.5857403614672,998
2024-09-20 09:39:27.232,422.6154320847992,10
2024-09-20 09:39:27.234,422.6657463648162,7
2024-09-20 09:39:27.253,422.68987274690153,8
2024-09-20 09:39:27.254,422.6192756351963,99
2024-09-20 09:39:27.278,422.5891105427074,11
2024-09-20 09:39:27.411,422.6010681935397,13
2024-09-20 09:39:27.414,422.6662172387672,104
2024-09-20 09:39:27.438,422.5856960720629,995
2024-09-20 09:39:27.607,422.6743849271309,10
2024-09-20 09:39:27.608,422.6655478559576,105
2024-09-20 09:39:27.637,422.6386749066476,8
2024-09-20 09:39:27.660,422.665184693668,105
2024-09-20 09:39:27.696,422.64464273938034,10
2024-09-20 09:39:27.712,422.6707445045534,1002
2024-09-20 09:39:27.737,422.6484292975555,1001
2024-09-20 09:39:27.866,422.6388901229929,5
2024-09-20 09:39:27.877,422.6608801310104,1001
2024-09-20 09:39:27.910,422.6083738120336,103
2024-09-20 09:39:27.940,422.6188572952559,100
2024-09-20 09:39:27.967,422.66741759180906,105
2024-09-20 09:39:28.052,422.53123193773047,995
2024-09-20 09:39:28.076,422.5741482063968,997
2024-09-20 09:39:28.086,422.50510086643953,1001
2024-09-20 09:39:28.130,422.49374500903576,95
2024-09-20 09:39:28.135,422.5452187794634,5
2024-09-20 09:39:28.179,422.4958874226669,105
2024-09-20 09:39:28.227,422.54494925628313,14
2024-09-20 09:39:28.252,422.5287910538054,103
2024-09-20 09:39:28.273,422.52369319687375,99
2024-09-20 09:39:28.305,422.51035213998745,998
2024-09-20 09:39:28.374,422.5337648983664,5
2024-09-20 09:39:28.420,422.4915577122758,999
2024-09-20 09:39:28.444,422.5274492411154,5
2024-09-20 09:39:28.568,422.4860460315989,11
2024-09-20 09:39:28.596,422.5216094446181,997
2024-09-20 09:39:28.714,422.4981927671666,6
2024-09-20 09:39:28.827,422.5255358571412,9
2024-09-20 09:39:28.837,422.52787422857335,95
2024-09-20 09:39:28.879,422.51766479903927,996
2024-09-20 09:39:28.888,422.5253670227865,100
2024-09-20 09:39:28.906,422.4827004645233,8
2024-09-20 09:39:28.926,422.5203646615747,102
2024-09-20 09:39:28.977,422.55592099057856,10
2024-09-20 09:39:29.038,422.45481056331954,104
2024-09-20 09:39:29.060,422.4126707649812,96
2024-09-20 09:39:29.230,422.4493740987649,1004
2024-09-20 09:39:29.268,42.24153949020142,1001
2024-09-20 09:39:29.380,422.4586044176771,15
2024-09-20 09:39:29.386,422.4635651997245,105
2024-09-20 09:39:29.431,422.4467767086068,995
2024-09-20 09:39:29.474,422.4125374973166,13
2024-09-20 09:39:29.618,422.4383876523858,101
2024-09-20 09:39:29.682,422.4767639846957,97
2024-09-20 09:39:29.787,422.4577654543342,15
2024-09-20 09:39:29.836,422.43751552999095,1000
2024-09-20 09:39:29.937,422.4605235742383,1003
2024-09-20 09:39:29.996,422.4437914728719,105
2024-09-20 09:39:30.328,422.4512375503467,5
2024-09-20 09:39:30.385,422.460172871873,8
2024-09-20 09:39:30.482,422.4954829722072,13
2024-09-20 09:39:30.499,422.4732937334792,1004
2024-09-20 09:39:30.666,422.5101828728001,101
2024-09-20 09:39:30.699,,97
2024-09-20 09:39:30.729,422.5088038641229,1002
2024-09-20 09:39:30.854,422.5118917430193,11
2024-09-20 09:39:31.133,422.5171014267206,998
2024-09-20 09:39:31.497,422.51207455277466,1000
2024-09-20 09:39:31.537,422.50611160991184,997
2024-09-20 09:39:31.557,422.5171216303329,104
2024-09-20 09:39:31.776,422.5285405765282,8
2024-09-20 09:39:31.797,422.5378721787106,995
2024-09-20 09:39:32.049,42.24597595624071,999
2024-09-20 09:39:32.127,422.4769272821876,10
2024-09-20 09:39:32.136,422.4885170409467,5
2024-09-20 09:39:32.217,422.4829000317808,102
2024-09-20 09:39:32.479,422.46634220892446,1004
2024-09-20 09:39:32.536,422.4916731564231,5
2024-09-20 09:39:32.564,422.5087859298077,997
2024-09-20 09:39:32.653,422.5039367433354,13
2024-09-20 09:39:32.889,422.5045581913456,999
2024-09-20 09:39:32.961,422.4729212740235,996
2024-09-20 09:39:33.018,422.48177157299904,104
2024-09-20 09:39:33.024,422.5157422817328,8
2024-09-20 09:39:33.111,422.5234308945855,12
2024-09-20 09:39:33.142,422.4915938622376,105
2024-09-20 09:39:33.157,422.540956082633,998
2024-09-20 09:39:33.172,422.5028347734049,101
2024-09-20 09:39:33.177,422.5135691327321,5
2024-09-20 09:39:33.345,422.5132985784758,104
2024-09-20 09:39:33.431,422.5160810343017,105
2024-09-20 09:39:33.452,422.5657283519259,15
2024-09-20 09:39:33.511,422.5389645789566,1000
2024-09-20 09:39:33.564,422.5460299066568,1001
2024-09-20 09:39:33.593,422.50085672757535,95
2024-09-20 09:39:33.630,422.5617196684445,6
2024-09-20 09:39:33.638,422.4976407840106,102
2024-09-20 09:39:33.653,422.5336510652951,95
2024-09-20 09:39:33.657,422.5177621270839,998
2024-09-20 09:39:33.685,422.554292147607,6
2024-09-20 09:39:33.745,422.4853676902306,996
2024-09-20 09:39:33.803,422.53886204651707,8
2024-09-20 09:39:33.803,422.4707856620476,6
2024-09-20 09:39:33.835,422.5331792020529,997
2024-09-20 09:39:33.897,422.5194252440689,999
2024-09-20 09:39:33.979,422.54158142530815,13
2024-09-20 09:39:33.995,422.5372201877128,101
2024-09-20 09:39:33.999,42.254604623197125,100
2024-09-20 09:39:34.011,422.5205134223491,997
2024-09-20 09:39:34.031,422.48067236979045,101
2024-09-20 09:39:34.042,422.5167466703292,99
2024-09-20 09:39:34.060,422.53030750327673,6
2024-09-20 09:39:34.075,422.5277853277375,101
2024-09-20 09:39:34.077,422.53858074730886,105
2024-09-20 09:39:34.117,422.5382960457088,96
2024-09-20 09:39:34.214,422.5492532836475,12
2024-09-20 09:39:34.259,422.5366592056994,101
2024-09-20 09:39:34.309,422.5505056891678,13
2024-09-20 09:39:34.341,422.49137518139287,105
2024-09-20 09:39:34.371,422.50333079960586,1000
2024-09-20 09:39:34.399,422.5608132360923,997
2024-09-20 09:39:34.441,422.5272521786752,997
2024-09-20 09:39:34.532,422.5361684960418,13
2024-09-20 09:39:34.608,422.556041122738,100
2024-09-20 09:39:34.640,422.4840233640167,1003
2024-09-20 09:39:34.642,422.5313806738956,9
2024-09-20 09:39:34.649,422.4930724129677,1005
2024-09-20 09:39:34.655,422.4788478809193,104
2024-09-20 09:39:34.680,422.5561332525664,1002
2024-09-20 09:39:34.812,422.5402726358522,1002
2024-09-20 09:39:34.833,422.4887675094369,13
2024-09-20 09:39:34.923,422.5370478965668,6
2024-09-20 09:39:34.945,422.4618143039368,104
2024-09-20 09:39:34.957,422.5563271125806,100
2024-09-20 09:39:34.978,422.4691441359163,105
2024-09-20 09:39:34.985,422.49316036798666,97
2024-09-20 09:39:35.008,422.432938970916,1001
2024-09-20 09:39:35.032,422.4129949521501,6
2024-09-20 09:39:35.034,42.23833600448821,96
2024-09-20 09:39:35.049,422.4017083913916,5
2024-09-20 09:39:35.061,422.42200410817,103
2024-09-20 09:39:35.244,422.410903621628,96
2024-09-20 09:39:35.287,422.4168376291954,95
2024-09-20 09:39:35.323,422.40937996940846,5
2024-09-20 09:39:35.329,422.4174657311148,102
2024-09-20 09:39:35.443,422.43828297457486,10
2024-09-20 09:39:35.447,422.38238049173503,6
2024-09-20 09:39:35.650,422.4167274531199,1002
2024-09-20 09:39:35.664,422.4244498886165,99
2024-09-20 09:39:35.712,422.378081906114,99
2024-09-20 09:39:35.743,422.3948785383837,10
2024-09-20 09:39:35.855,422.3952408939626,99
2024-09-20 09:39:35.990,422.443920961266,101
2024-09-20 09:39:36.010,422.4697284613538,10
2024-09-20 09:39:36.015,422.4368276480015,7
2024-09-20 09:39:36.066,422.43291841422416,5
2024-09-20 09:39:36.095,422.4800395386169,1003
2024-09-20 09:39:36.101,422.4807981662399,8
2024-09-20 09:39:36.154,422.41986616063207,1000
2024-09-20 09:39:36.183,422.4496601680858,6
2024-09-20 09:39:36.219,422.4463268927003,102
2024-09-20 09:39:36.226,422.46281763597926,1001
2024-09-20 09:39:36.313,422.43633611952976,995
2024-09-20 09:39:36.337,422.4426519365467,101
2024-09-20 09:39:36.341,422.4614989789141,1004
2024-09-20 09:39:36.421,422.4173176258351,95
2024-09-20 09:39:36.436,422.4346408679211,997
2024-09-20 09:39:36.486,422.4147385755077,6
2024-09-20 09:39:36.509,422.4237082998848,104
2024-09-20 09:39:36.514,422.43102050082473,998
2024-09-20 09:39:36.554,422.457341631878,95
2024-09-20 09:39:36.646,422.4374119741624,97
2024-09-20 09:39:36.670,422.4625935116367,95
2024-09-20 09:39:36.787,422.423059472273,96
2024-09-20 09:39:36.792,422.4437601685751,997
2024-09-20 09:39:36.830,422.4108752514039,1004
2024-09-20 09:39:36.902,422.4248937700764,97
2024-09-20 09:39:36.998,422.426619414001,12
2024-09-20 09:39:37.020,422.5095241752424,1000
2024-09-20 09:39:37.072,,998
2024-09-20 09:39:37.153,422.4940612022816,99
2024-09-20 09:39:37.156,422.5141948559149,15
2024-09-20 09:39:37.171,422.51683018679415,15
2024-09-20 09:39:37.241,422.5307949742812,100
2024-09-20 09:39:37.332,422.5090077878874,11
2024-09-20 09:39:37.340,422.5160756267975,1001
2024-09-20 09:39:37.362,422.5222473086674,995
2024-09-20 09:39:37.500,422.5259431749885,9
2024-09-20 09:39:37.593,422.50683972679616,999
2024-09-20 09:39:37.654,422.5006755178111,1005
2024-09-20 09:39:37.718,422.51494707371455,11
2024-09-20 09:39:37.795,422.5431791611875,95
2024-09-20 09:39:37.802,422.50960415048,98
2024-09-20 09:39:37.821,422.5255257921351,1001
2024-09-20 09:39:37.825,422.553785792383,9
2024-09-20 09:39:37.932,422.48497113560416,103
2024-09-20 09:39:37.963,422.5363120314833,103
2024-09-20 09:39:37.988,422.5059061031807,997
2024-09-20 09:39:37.991,422.4870875471217,9
2024-09-20 09:39:37.996,422.5023119923533,1000
2024-09-20 09:39:38.030,422.4900245255037,1002
2024-09-20 09:39:38.109,422.4665610737986,101
2024-09-20 09:39:38.114,422.45821479029263,9
2024-09-20 09:39:38.181,422.4459759875077,101
2024-09-20 09:39:38.208,422.4499828506197,7
2024-09-20 09:39:38.217,422.4791492300431,98
2024-09-20 09:39:38.232,422.497172531716,998
2024-09-20 09:39:38.251,42.24832107476513,15
2024-09-20 09:39:38.258,422.4744817757901,11
2024-09-20 09:39:38.265,422.4714575068074,1000
2024-09-20 09:39:38.283,422.4655253747068,13
2024-09-20 09:39:38.288,422.4246449504557,98
2024-09-20 09:39:38.290,422.45244109374255,101
2024-09-20 09:39:38.360,422.4821399415599,102
2024-09-20 09:39:38.360,422.48259191344897,997
2024-09-20 09:39:38.372,422.4505019717296,95
2024-09-20 09:39:38.456,422.457676083849,997
2024-09-20 09:39:38.462,422.45226035295184,104
2024-09-20 09:39:38.502,422.4806418230233,997
2024-09-20 09:39:38.506,422.4695191945648,998
2024-09-20 09:39:38.558,422.4933605385849,11
2024-09-20 09:39:38.754,422.4949625598176,1004
2024-09-20 09:39:38.856,422.4454860316002,15
2024-09-20 09:39:38.861,422.4782627620337,105
2024-09-20 09:39:38.892,422.4711760885766,96
2024-09-20 09:39:38.912,422.4879210848428,1000
2024-09-20 09:39:38.950,422.43561281423433,103
2024-09-20 09:39:39.010,422.4153024594879,15
2024-09-20 09:39:39.013,422.4170483742079,1002
2024-09-20 09:39:39.021,422.4579229299303,9
2024-09-20 09:39:39.066,422.4166971284028,15
2024-09-20 09:39:39.079,422.43450784714537,995
2024-09-20 09:39:39.137,422.4263023712994,11
2024-09-20 09:39:39.246,422.4526172429272,998
2024-09-20 09:39:39.247,422.43916775925845,6
2024-09-20 09:39:39.283,422.44481887156,996
2024-09-20 09:39:39.308,422.40393829147536,96
2024-09-20 09:39:39.320,422.4186111511956,13
2024-09-20 09:39:39.385,422.3729158333617,999
2024-09-20 09:39:39.479,422.4253950256938,996
2024-09-20 09:39:39.514,422.4470900288761,15
2024-09-20 09:39:39.614,422.4278476249986,998
2024-09-20 09:39:39.615,422.4714193147833,999
2024-09-20 09:39:39.712,422.4315739325016,104
2024-09-20 09:39:39.760,-422.43430280495227,14
2024-09-20 09:39:39.767,422.4549594051175,99
2024-09-20 09:39:39.771,422.4091218814504,996
2024-09-20 09:39:39.848,422.4258440154464,15
2024-09-20 09:39:39.850,422.4261320338084,1001
2024-09-20 09:39:39.870,422.439100591026,1003
2024-09-20 09:39:39.913,422.4230890747797,14
2024-09-20 09:39:39.928,422.4257104333739,100
2024-09-20 09:39:39.967,422.36563181932576,6
2024-09-20 09:39:39.976,422.4068410336521,103
2024-09-20 09:39:40.006,422.30515122343786,14
2024-09-20 09:39:40.104,422.2920845707369,105
2024-09-20 09:39:40.143,422.3131704923733,6
2024-09-20 09:39:40.195,422.3281495084221,9
2024-09-20 09:39:40.218,422.3398174671973,14
2024-09-20 09:39:40.326,422.36144181134375,104
2024-09-20 09:39:40.336,422.3291713882554,102
2024-09-20 09:39:40.361,422.3225060596358,98
2024-09-20 09:39:40.362,422.2964109555219,104
2024-09-20 09:39:40.426,422.3062701765825,1003
2024-09-20 09:39:40.667,422.34983833483255,96
2024-09-20 09:39:40.669,422.3111555872233,997
2024-09-20 09:39:40.692,422.2914594265666,1002
2024-09-20 09:39:40.696,422.33158654464273,1001
2024-09-20 09:39:40.706,422.3391585021282,96
2024-09-20 09:39:40.775,422.3026719995506,1000
2024-09-20 09:39:40.786,422.33157956894433,11
2024-09-20 09:39:40.806,422.3396106255158,8
2024-09-20 09:39:40.811,422.3336309372259,103
2024-09-20 09:39:40.815,422.3665617135106,95
2024-09-20 09:39:40.876,422.3143189907917,7
2024-09-20 09:39:40.897,422.33606762857306,105
2024-09-20 09:39:40.941,422.2948616080075,6
2024-09-20 09:39:40.980,422.34627748969706,13
2024-09-20 09:39:41.072,422.31289531360505,1001
2024-09-20 09:39:41.085,422.35278485166526,1005
2024-09-20 09:39:41.089,422.34415542102863,10
2024-09-20 09:39:41.184,422.310789176328,12
2024-09-20 09:39:41.224,422.2560613149321,95
2024-09-20 09:39:41.325,422.2564039992503,1004
2024-09-20 09:39:41.345,422.3377500542475,995
2024-09-20 09:39:41.350,422.3132624823071,1001
2024-09-20 09:39:41.361,422.3118402582122,1005
2024-09-20 09:39:41.475,422.3362208594929,96
2024-09-20 09:39:41.522,422.280833375006,1003
2024-09-20 09:39:41.574,422.34909304539536,1003
2024-09-20 09:39:41.575,422.2820344989998,1001
2024-09-20 09:39:41.597,422.344060611858,104
2024-09-20 09:39:41.650,422.2596509259601,14
2024-09-20 09:39:41.692,422.30974053611766,1003
2024-09-20 09:39:41.697,422.33554685554265,101
2024-09-20 09:39:41.792,422.3150620414909,103
2024-09-20 09:39:41.825,422.2561004039576,99
2024-09-20 09:39:41.833,422.3516717307754,997
2024-09-20 09:39:41.834,422.3326595891988,999
2024-09-20 09:39:41.865,422.3619884483619,103
2024-09-20 09:39:41.867,422.2930916442132,5
2024-09-20 09:39:41.874,422.26482778784566,6
2024-09-20 09:39:41.925,42.231882364216894,103
2024-09-20 09:39:41.956,422.3254540798975,1005
2024-09-20 09:39:41.958,422.3184576613519,10
2024-09-20 09:39:41.990,422.327368852091,13
2024-09-20 09:39:41.994,422.27270781014727,101
2024-09-20 09:39:42.048,422.3589197304043,7
2024-09-20 09:39:42.233,422.3420089609497,11
2024-09-20 09:39:42.283,422.3526141834678,996
2024-09-20 09:39:42.485,42.232890825721306,96
2024-09-20 09:39:42.519,422.34578879177786,996
2024-09-20 09:39:42.659,422.34463678211335,96
2024-09-20 09:39:43.124,422.3606610270484,1005
2024-09-20 09:39:43.180,422.3695983951974,995
2024-09-20 09:39:43.268,422.37431773235625,1000
2024-09-20 09:39:43.354,422.3570478243743,1005
2024-09-20 09:39:43.377,422.3731778774748,996
2024-09-20 09:39:43.418,422.33150493706427,101
2024-09-20 09:39:43.443,422.3536016682765,1001
2024-09-20 09:39:43.449,422.3154833541092,99
2024-09-20 09:39:43.518,422.3221748070116,1000
2024-09-20 09:39:43.534,422.34222621312426,10
2024-09-20 09:39:43.549,422.3531511786889,8
2024-09-20 09:39:43.568,422.36963694810817,104
2024-09-20 09:39:43.579,422.32213832569926,997
2024-09-20 09:39:43.650,422.3695703635053,999
2024-09-20 09:39:43.688,422.346666224657,101
2024-09-20 09:39:43.884,422.3763070730426,7
2024-09-20 09:39:43.963,422.37579676952816,1000
2024-09-20 09:39:44.218,422.29461496642057,997
2024-09-20 09:39:44.226,422.29695830165525,1002
2024-09-20 09:39:44.290,422.29480303877176,995
2024-09-20 09:39:44.292,422.3323499710261,999
2024-09-20 09:39:44.328,422.2834460014756,101
2024-09-20 09:39:44.371,422.2968858077955,101
2024-09-20 09:39:44.410,422.3047171890897,105
2024-09-20 09:39:44.517,422.3125115991916,995
2024-09-20 09:39:44.587,422.3176737055256,14
2024-09-20 09:39:44.600,422.3282936817707,103
2024-09-20 09:39:44.660,422.3432556564119,105
2024-09-20 09:39:44.717,422.2939927295521,104
2024-09-20 09:39:44.753,422.3314810142119,102
2024-09-20 09:39:44.984,422.33571390505705,14
2024-09-20 09:39:45.022,42.23408792560132,96
2024-09-20 09:39:45.101,422.3713955863627,103
2024-09-20 09:39:45.149,422.30584337265344,1001
2024-09-20 09:39:45.188,422.3410518240749,11
2024-09-20 09:39:45.260,422.37073975596746,1000
2024-09-20 09:39:45.388,422.3257464145885,995
2024-09-20 09:39:45.489,422.33471881223227,996
2024-09-20 09:39:45.650,422.3681547517074,999
2024-09-20 09:39:45.707,422.3643016307095,998
2024-09-20 09:39:45.715,422.3626308785381,995
2024-09-20 09:39:45.734,422.35003823706165,15
2024-09-20 09:39:45.853,422.3421348235992,13
2024-09-20 09:39:45.855,422.35266176174815,15
2024-09-20 09:39:45.893,422.3198878279244,100
2024-09-20 09:39:45.995,422.3495073619023,14
2024-09-20 09:39:46.168,422.3298425330124,104
2024-09-20 09:39:46.261,422.33113913167386,12
2024-09-20 09:39:46.302,422.3432411700328,997
2024-09-20 09:39:46.386,422.326575888179,14
2024-09-20 09:39:46.444,422.3277346148956,6
2024-09-20 09:39:46.567,422.3218560648343,1000
2024-09-20 09:39:46.573,422.3234652135537,1005
2024-09-20 09:39:46.610,422.3412420235098,5
2024-09-20 09:39:46.690,422.3105079816568,95
2024-09-20 09:39:46.721,422.35347752725903,14
2024-09-20 09:39:46.763,422.30513121779626,6
2024-09-20 09:39:46.872,422.3462227354543,13
2024-09-20 09:39:46.977,422.3235086153325,1001
2024-09-20 09:39:46.981,422.3531685619,1004
2024-09-20 09:39:47.051,422.4010050273366,100
2024-09-20 09:39:47.160,422.3676316991454,96
2024-09-20 09:39:47.169,422.3627312573301,12
2024-09-20 09:39:47.322,422.3514281255455,97
2024-09-20 09:39:47.345,422.37509859516746,996
2024-09-20 09:39:47.362,422.3197023837027,103
2024-09-20 09:39:47.378,422.377930151092,1000
2024-09-20 09:39:47.399,422.3745713330314,97
2024-09-20 09:39:47.403,422.3843146392639,95
2024-09-20 09:39:47.421,422.3750150639688,9
2024-09-20 09:39:47.454,422.37952421576,10
2024-09-20 09:39:47.461,422.34779944026224,9
2024-09-20 09:39:47.504,422.3445271518048,96
2024-09-20 09:39:47.605,422.3576191788409,1005
2024-09-20 09:39:47.684,422.3754897174639,996
2024-09-20 09:39:47.686,422.4021414610571,13
2024-09-20 09:39:47.720,422.3334883604901,998
2024-09-20 09:39:47.782,422.38056805895246,996
2024-09-20 09:39:47.852,422.401971712568,13
2024-09-20 09:39:47.858,422.3626726747944,105
2024-09-20 09:39:47.892,422.3774549320025,998
2024-09-20 09:39:47.953,422.3207429946215,999
2024-09-20 09:39:48.007,422.35378222039526,96
2024-09-20 09:39:48.082,422.30240210130665,96
2024-09-20 09:39:48.084,422.327421724818,1003
2024-09-20 09:39:48.095,422.3049461448162,1004
2024-09-20 09:39:48.178,422.3300104195086,999
2024-09-20 09:39:48.256,422.3404010974178,5
2024-09-20 09:39:48.284,422.33044503577486,105
2024-09-20 09:39:48.288,422.2883388975955,99
2024-09-20 09:39:48.315,422.3519322051287,996
2024-09-20 09:39:48.320,422.3476009879127,96
2024-09-20 09:39:48.321,422.3194483996679,10
2024-09-20 09:39:48.333,422.3166690935477,10
2024-09-20 09:39:48.439,422.3239085980345,10
2024-09-20 09:39:48.448,422.3312256265693,101
2024-09-20 09:39:48.494,422.3339317063758,13
2024-09-20 09:39:48.505,422.3679078682454,1005
2024-09-20 09:39:48.507,422.3319777607214,8
2024-09-20 09:39:48.527,422.3241979245522,9
2024-09-20 09:39:48.534,422.3030046895277,996
2024-09-20 09:39:48.547,422.3693202744994,97
2024-09-20 09:39:48.551,422.30842887865833,1004
2024-09-20 09:39:48.587,422.27763280927,999
2024-09-20 09:39:48.605,422.3266483227925,97
2024-09-20 09:39:48.615,,13
2024-09-20 09:39:48.669,422.32697312931367,12
2024-09-20 09:39:48.734,422.3011782503036,1001
2024-09-20 09:39:48.762,422.3737134923264,98
2024-09-20 09:39:48.847,42.234775100917375,104
2024-09-20 09:39:48.996,422.3059666647474,1001
2024-09-20 09:39:49.648,422.27691219867125,15
2024-09-20 09:39:49.748,422.24910605847214,1004
2024-09-20 09:39:49.969,422.2685988208064,13
2024-09-20 09:39:50.002,422.1807374968813,997
2024-09-20 09:39:50.032,422.188289014556,101
2024-09-20 09:39:50.050,422.2024034907332,998
2024-09-20 09:39:50.074,422.25183172148354,101
2024-09-20 09:39:50.104,422.1887634199794,9
2024-09-20 09:39:50.109,422.2317482467925,1001
2024-09-20 09:39:50.195,422.274574638525,104
2024-09-20 09:39:50.207,422.2615826329649,103
2024-09-20 09:39:50.236,422.2377222522925,100
2024-09-20 09:39:50.245,422.2520608558369,105
2024-09-20 09:39:50.316,422.2036059773104,101
2024-09-20 09:39:50.335,422.2698562756079,10
2024-09-20 09:39:50.339,422.2771281966994,8
2024-09-20 09:39:50.438,422.25360282010575,1002
2024-09-20 09:39:50.482,422.2519789645135,996
2024-09-20 09:39:50.597,422.2291690145248,13
2024-09-20 09:39:50.664,422.2192158831986,99
2024-09-20 09:39:50.672,422.2301384360522,1002
2024-09-20 09:39:50.739,422.2138205277367,97
2024-09-20 09:39:50.859,422.2150305264315,997
2024-09-20 09:39:50.936,422.1888847332568,95
2024-09-20 09:39:50.965,422.201344448675,997
2024-09-20 09:39:51.468,422.15042092882777,9
2024-09-20 09:39:51.681,422.1559771348226,10
2024-09-20 09:39:52.026,422.142661127691,97
2024-09-20 09:39:52.034,422.1782989405973,97
2024-09-20 09:39:52.167,422.1563917846224,10
2024-09-20 09:39:52.217,422.1258776695958,104
2024-09-20 09:39:52.236,422.15073003168993,1005
2024-09-20 09:39:52.292,422.152600318592,999
2024-09-20 09:39:52.295,422.1652983879496,95
2024-09-20 09:39:52.298,422.15339116528656,10
2024-09-20 09:39:52.329,422.1250850661968,997
2024-09-20 09:39:52.372,422.1358245034709,100
2024-09-20 09:39:52.374,422.1576039340913,14
2024-09-20 09:39:52.434,422.16719824515786,103
2024-09-20 09:39:52.470,422.1617195069741,100
2024-09-20 09:39:52.509,422.1725733132122,1002
2024-09-20 09:39:52.527,422.15210609975503,11
2024-09-20 09:39:52.624,422.1393256653868,1003
2024-09-20 09:39:52.630,422.1422444026941,15
2024-09-20 09:39:52.731,422.141249010326,7
2024-09-20 09:39:52.731,422.1744395607653,15
2024-09-20 09:39:52.746,422.1310082270337,996
2024-09-20 09:39:52.756,422.1556114516318,103
2024-09-20 09:39:52.763,422.12982561904096,1001
2024-09-20 09:39:52.786,422.1512561694489,1002
2024-09-20 09:39:52.790,422.1369373753478,101
2024-09-20 09:39:52.852,422.1455170469799,8
2024-09-20 09:39:52.853,422.1090902998326,997
2024-09-20 09:39:52.995,422.1385034891076,105
2024-09-20 09:39:53.012,422.1379932233425,7
2024-09-20 09:39:53.151,422.1395600549742,1000
2024-09-20 09:39:53.158,422.1421028330929,103
2024-09-20 09:39:53.197,422.1515736534717,6
2024-09-20 09:39:53.225,422.1187900935909,1005
2024-09-20 09:39:53.231,422.1503711421564,99
2024-09-20 09:39:53.517,422.1336572260338,998
2024-09-20 09:39:53.591,422.1350395437173,105
2024-09-20 09:39:53.621,422.1536996191029,104
2024-09-20 09:39:53.887,422.1625240751191,999
2024-09-20 09:39:53.923,422.1391442654674,1005
2024-09-20 09:39:53.962,422.1587864683484,102
2024-09-20 09:39:54.007,422.1791714570372,14
2024-09-20 09:39:54.086,422.1626713517098,1000
2024-09-20 09:39:54.133,422.1884421422919,100
2024-09-20 09:39:54.192,422.15745409946817,997
2024-09-20 09:39:54.214,422.19788262570927,14
2024-09-20 09:39:54.272,422.16580099083205,10
2024-09-20 09:39:54.302,422.1609022256914,1000
2024-09-20 09:39:54.317,422.16218694617896,100
2024-09-20 09:39:54.388,422.148535853224,1000
2024-09-20 09:39:54.401,422.1714300821693,7
2024-09-20 09:39:54.605,422.1698700094454,12
2024-09-20 09:39:54.697,422.1611882918393,105
2024-09-20 09:39:54.743,422.1720127439266,996
2024-09-20 09:39:54.791,422.15561473396224,999
2024-09-20 09:39:54.811,422.1542571471842,101
2024-09-20 09:39:54.878,422.1844110016289,8
2024-09-20 09:39:54.879,422.19925578527466,1003
2024-09-20 09:39:54.907,422.20967648128095,10
2024-09-20 09:39:54.975,422.2023352894321,105
2024-09-20 09:39:54.994,422.1401608330361,1005
2024-09-20 09:39:55.464,422.20206247096473,9
2024-09-20 09:39:55.887,422.2008558519202,103
2024-09-20 09:39:56.025,422.1961229220528,10
2024-09-20 09:39:56.110,422.23921605222586,103
2024-09-20 09:39:56.125,422.29142687525,105
2024-09-20 09:39:56.214,422.2828591576854,100
2024-09-20 09:39:56.222,422.2726426181531,995
2024-09-20 09:39:56.256,422.219629756876,98
2024-09-20 09:39:56.275,422.1868003501003,95
2024-09-20 09:39:56.281,422.2717974788402,7
2024-09-20 09:39:56.329,422.2644963130057,999
2024-09-20 09:39:56.494,422.2950820856105,998
2024-09-20 09:39:56.542,422.2062040669679,10
2024-09-20 09:39:56.598,422.3037967557888,10
2024-09-20 09:39:56.599,422.21216959123046,12
2024-09-20 09:39:56.647,422.2081258318081,100
2024-09-20 09:39:56.710,422.2090822541513,5
2024-09-20 09:39:56.760,422.24290360657534,96
2024-09-20 09:39:56.810,422.1840879513679,11
2024-09-20 09:39:56.839,422.1958227222527,996
2024-09-20 09:39:56.870,42.21895584473109,8
2024-09-20 09:39:56.876,422.29034378338025,1002
2024-09-20 09:39:56.891,422.18006467813416,995
2024-09-20 09:39:56.975,422.1966566133863,997
2024-09-20 09:39:57.081,422.2258223004896,7
2024-09-20 09:39:57.115,422.24333538623966,5
2024-09-20 09:39:57.300,422.22606995318233,13
2024-09-20 09:39:57.376,422.2255740776705,995
2024-09-20 09:39:57.428,422.2174981824061,101
2024-09-20 09:39:57.440,422.23018699250366,12
2024-09-20 09:39:57.449,422.2214632254704,102
2024-09-20 09:39:57.565,422.2585786828071,103
2024-09-20 09:39:57.567,422.2647400422883,997
2024-09-20 09:39:57.610,422.2828727614202,996
2024-09-20 09:39:57.694,422.28372017454615,999
2024-09-20 09:39:57.749,422.21139296278704,101
2024-09-20 09:39:57.870,422.2173263727227,1003
2024-09-20 09:39:57.872,422.2792711304061,13
2024-09-20 09:39:57.955,422.2508353448407,996
2024-09-20 09:39:58.130,422.2407435881916,5
2024-09-20 09:39:58.175,422.2355575530258,101
2024-09-20 09:39:58.189,422.2695454014495,996
2024-09-20 09:39:58.275,422.22737186455066,1000
2024-09-20 09:39:58.340,422.2289524470037,102
2024-09-20 09:39:58.369,422.2456414114487,1001
2024-09-20 09:39:58.384,422.2535763789895,998
2024-09-20 09:39:58.403,422.2196548423784,1001
2024-09-20 09:39:58.777,422.2520580260008,5
2024-09-20 09:39:58.829,422.2471914717786,7
2024-09-20 09:39:58.830,422.2679658871515,8
2024-09-20 09:39:58.871,422.2356639430328,1002
2024-09-20 09:39:59.033,422.2434424044089,997
2024-09-20 09:39:59.088,422.232865818134,97
2024-09-20 09:39:59.142,422.2418690799609,1002
2024-09-20 09:39:59.177,422.2301071117394,999
2024-09-20 09:39:59.181,422.22721003368656,996
2024-09-20 09:39:59.194,422.2288122848816,10
2024-09-20 09:39:59.213,422.2385439118604,10
2024-09-20 09:39:59.323,422.2486580238391,14
2024-09-20 09:39:59.371,422.2353113987084,1002
2024-09-20 09:39:59.399,422.2353190931772,1005
2024-09-20 09:39:59.438,422.2207346199367,7
2024-09-20 09:39:59.465,422.2598530688793,995
2024-09-20 09:39:59.531,422.2366712191975,103
2024-09-20 09:39:59.628,422.218209434207,996
2024-09-20 09:39:59.891,422.2259950373856,1005
2024-09-20 09:39:59.902,422.2510666151567,1000
2024-09-20 09:39:59.904,422.2348412850233,11
2024-09-20 09:39:59.959,422.2199704758887,9
