Timestamp,Price,Size
2024-09-20 10:13:00.047,424.144527527202,15
2024-09-20 10:13:00.249,424.1425119371528,12
2024-09-20 10:13:00.303,424.1587873921196,998
2024-09-20 10:13:00.342,424.1519186091622,7
2024-09-20 10:13:00.816,424.1608139538874,13
2024-09-20 10:13:00.890,424.1618606177597,99
2024-09-20 10:13:01.026,424.1147437121343,1001
2024-09-20 10:13:01.054,424.1111973222731,104
2024-09-20 10:13:01.063,424.104396482792,1000
2024-09-20 10:13:01.113,424.1287941000365,996
2024-09-20 10:13:01.118,424.155646455916,1005
2024-09-20 10:13:01.141,424.0839850972705,8
2024-09-20 10:13:01.149,424.1573538134353,95
2024-09-20 10:13:01.194,424.1276014490579,7
2024-09-20 10:13:01.210,424.1446380737812,1005
2024-09-20 10:13:01.255,424.10731529465903,1003
2024-09-20 10:13:01.263,424.14939958564906,104
2024-09-20 10:13:01.275,424.10890935598593,105
2024-09-20 10:13:01.303,424.10423517356526,1002
2024-09-20 10:13:01.351,424.0940575857485,7
2024-09-20 10:13:01.405,424.1065347041428,102
2024-09-20 10:13:01.437,424.1520372017626,13
2024-09-20 10:13:01.448,424.110803860338,1000
2024-09-20 10:13:01.455,424.0999575590299,995
2024-09-20 10:13:01.593,424.1429460901046,6
2024-09-20 10:13:01.731,424.11455870915256,13
2024-09-20 10:13:01.756,424.1111190134535,12
2024-09-20 10:13:01.787,424.1135669897525,98
2024-09-20 10:13:01.799,424.12683949409393,1003
2024-09-20 10:13:01.826,-424.1259881205893,9
2024-09-20 10:13:01.851,424.1378458955648,7
2024-09-20 10:13:01.894,424.1158679745709,1002
2024-09-20 10:13:01.904,424.1054859799393,1005
2024-09-20 10:13:02.036,424.1314445275066,103
2024-09-20 10:13:02.116,424.156348631561,6
2024-09-20 10:13:02.123,424.1863073038249,997
2024-09-20 10:13:02.148,424.11825736583626,998
2024-09-20 10:13:02.157,424.1817323898588,1003
2024-09-20 10:13:02.232,424.13216411586205,11
2024-09-20 10:13:02.241,424.1564278555022,102
2024-09-20 10:13:02.251,424.1214787175133,1000
2024-09-20 10:13:02.330,424.193993068844,15
2024-09-20 10:13:02.342,424.1580729029986,9
2024-09-20 10:13:02.526,424.185908914092,997
2024-09-20 10:13:02.694,424.1566301687127,996
2024-09-20 10:13:02.761,424.1334109549284,1002
2024-09-20 10:13:02.847,424.1190675481657,999
2024-09-20 10:13:03.008,424.2247648340152,1001
2024-09-20 10:13:03.043,424.215206851331,1003
2024-09-20 10:13:03.360,424.2348794711455,9
2024-09-20 10:13:03.386,424.2027671799221,1004
2024-09-20 10:13:03.422,424.2371205598664,15
2024-09-20 10:13:03.928,424.2197730040277,996
2024-09-20 10:13:04.188,424.2603306137165,104
2024-09-20 10:13:04.400,424.2851079415472,995
2024-09-20 10:13:04.412,424.2421940189928,1003
2024-09-20 10:13:04.445,424.26322725169626,1000
2024-09-20 10:13:04.453,424.28580276446,5
2024-09-20 10:13:04.629,424.24623586295866,12
2024-09-20 10:13:04.765,424.25312295729714,104
2024-09-20 10:13:04.855,424.2757852643703,9
2024-09-20 10:13:04.898,424.2575134777588,1005
2024-09-20 10:13:04.938,,10
2024-09-20 10:13:04.950,424.2760724326298,12
2024-09-20 10:13:05.034,424.2269031876351,13
2024-09-20 10:13:05.065,424.2237575891554,12
2024-09-20 10:13:05.121,424.23547293994943,13
2024-09-20 10:13:05.131,424.215882611844,98
2024-09-20 10:13:05.145,424.2301657978172,15
2024-09-20 10:13:05.217,424.2338173277488,14
2024-09-20 10:13:05.295,424.2258263660007,11
2024-09-20 10:13:05.302,424.20828414496,104
2024-09-20 10:13:05.351,424.2440746765024,95
2024-09-20 10:13:05.449,424.2381502981575,15
2024-09-20 10:13:05.455,424.2319708562595,103
2024-09-20 10:13:05.464,424.2252933779258,5
2024-09-20 10:13:05.473,424.247729237006,999
2024-09-20 10:13:05.516,424.23610513084753,995
2024-09-20 10:13:05.529,424.2304284942169,95
2024-09-20 10:13:05.539,424.2308677027058,996
2024-09-20 10:13:05.549,424.2555307792944,14
2024-09-20 10:13:05.584,424.25163156916113,1004
2024-09-20 10:13:05.588,424.2353851696248,1005
2024-09-20 10:13:05.591,424.2548529329445,995
2024-09-20 10:13:05.634,424.225091407266,999
2024-09-20 10:13:05.727,424.2445019028362,101
2024-09-20 10:13:05.787,424.2347393236159,103
2024-09-20 10:13:05.927,424.2115041688072,105
2024-09-20 10:13:06.139,424.2455308484886,104
2024-09-20 10:13:06.172,424.209579022796,1001
2024-09-20 10:13:06.201,424.2267990107791,1004
2024-09-20 10:13:06.359,424.2103137008566,101
2024-09-20 10:13:06.755,424.22185608418,996
2024-09-20 10:13:06.888,424.2237463029836,100
2024-09-20 10:13:07.493,424.20918512139417,103
2024-09-20 10:13:07.519,424.2188421855233,996
2024-09-20 10:13:07.545,424.2067123774404,996
2024-09-20 10:13:07.989,424.2247164877605,9
2024-09-20 10:13:08.092,424.2259927576555,1003
2024-09-20 10:13:08.145,424.2434334641229,9
2024-09-20 10:13:08.152,424.2298922296692,100
2024-09-20 10:13:08.205,424.22153969239326,13
2024-09-20 10:13:08.342,424.2227382024704,96
2024-09-20 10:13:08.383,424.2052565160856,96
2024-09-20 10:13:08.514,424.2076392796652,7
2024-09-20 10:13:08.537,-424.2331212046844,1001
2024-09-20 10:13:08.564,424.2310722913978,1001
2024-09-20 10:13:08.573,424.2330372761871,105
2024-09-20 10:13:08.601,424.2157923525455,1002
2024-09-20 10:13:08.664,424.2207382921195,9
2024-09-20 10:13:08.818,424.2272465334647,102
2024-09-20 10:13:08.963,424.2262305709357,100
2024-09-20 10:13:09.131,424.2288469481379,101
2024-09-20 10:13:09.462,424.2235459585194,15
2024-09-20 10:13:09.476,424.2123672543661,99
2024-09-20 10:13:09.503,424.1942563219727,9
2024-09-20 10:13:09.504,424.2125698720632,999
2024-09-20 10:13:09.656,424.2444944236871,15
2024-09-20 10:13:10.001,424.2805055430449,99
2024-09-20 10:13:10.057,424.2658579198054,11
2024-09-20 10:13:10.241,424.2529647715848,1001
2024-09-20 10:13:10.289,424.2440989548088,6
2024-09-20 10:13:10.310,424.278657331519,100
2024-09-20 10:13:10.355,424.32713400654615,9
2024-09-20 10:13:10.363,424.272398228916,995
2024-09-20 10:13:10.381,424.30669695882375,15
2024-09-20 10:13:10.385,424.2882487954663,104
2024-09-20 10:13:10.498,424.26435866666657,998
2024-09-20 10:13:10.552,424.2669417914285,15
2024-09-20 10:13:10.559,424.25501221197936,99
2024-09-20 10:13:10.570,424.33646023563614,1001
2024-09-20 10:13:10.635,424.2918344378491,97
2024-09-20 10:13:10.642,424.2820288953466,102
2024-09-20 10:13:10.652,424.25363744791815,102
2024-09-20 10:13:10.656,424.29262826267023,104
2024-09-20 10:13:10.717,424.29383511714855,995
2024-09-20 10:13:10.728,424.3123092419533,1005
2024-09-20 10:13:10.730,424.29085981116486,15
2024-09-20 10:13:10.939,424.3067025295376,997
2024-09-20 10:13:11.049,424.3859924238787,995
2024-09-20 10:13:11.059,424.3492174166024,104
2024-09-20 10:13:11.073,424.32068649654616,995
2024-09-20 10:13:11.108,424.388650674759,105
2024-09-20 10:13:11.119,424.3380979747744,14
2024-09-20 10:13:11.163,424.3962804592975,10
2024-09-20 10:13:11.247,424.3377677988661,101
2024-09-20 10:13:11.305,424.33814220839247,996
2024-09-20 10:13:11.361,424.3388793285659,99
2024-09-20 10:13:11.393,424.373633788168,1000
2024-09-20 10:13:11.405,424.38090819360286,11
2024-09-20 10:13:11.473,424.38204160743686,95
2024-09-20 10:13:11.492,424.38265463334506,104
2024-09-20 10:13:11.493,424.36596328481374,97
2024-09-20 10:13:11.626,424.37071184176415,98
2024-09-20 10:13:11.634,424.33652716457925,9
2024-09-20 10:13:11.639,424.3690941837396,101
2024-09-20 10:13:11.642,424.3769627951168,1004
2024-09-20 10:13:11.838,424.3447429918071,7
2024-09-20 10:13:11.961,424.3100744040955,101
2024-09-20 10:13:11.980,424.3274878468661,998
2024-09-20 10:13:11.984,424.3761007880361,11
2024-09-20 10:13:12.073,424.39359313343874,1003
2024-09-20 10:13:12.106,424.4524388053266,12
2024-09-20 10:13:12.109,424.4169778931805,101
2024-09-20 10:13:12.152,424.4563892470666,995
2024-09-20 10:13:12.163,424.37816778563626,15
2024-09-20 10:13:12.258,424.4451312730949,996
2024-09-20 10:13:12.328,424.43174475558993,13
2024-09-20 10:13:12.377,424.4206058271786,997
2024-09-20 10:13:12.383,424.4552921748577,1004
2024-09-20 10:13:12.418,424.4360512733898,13
2024-09-20 10:13:12.488,424.45007092290194,15
2024-09-20 10:13:12.551,424.44250432665615,95
2024-09-20 10:13:12.591,424.4223073260454,98
2024-09-20 10:13:12.617,424.41445038205256,1005
2024-09-20 10:13:12.618,424.4151534174938,96
2024-09-20 10:13:12.621,424.4120167797081,103
2024-09-20 10:13:12.624,424.4149105136688,10
2024-09-20 10:13:12.632,424.4050674300757,997
2024-09-20 10:13:12.642,424.4069565542135,9
2024-09-20 10:13:12.686,424.4531711539441,100
2024-09-20 10:13:13.003,424.4089024324204,99
2024-09-20 10:13:13.018,424.4186119876334,100
2024-09-20 10:13:13.020,424.4230818070791,14
2024-09-20 10:13:13.088,424.4459549356258,1004
2024-09-20 10:13:13.098,424.3944830803456,100
2024-09-20 10:13:13.129,424.4162796505887,13
2024-09-20 10:13:13.164,424.4292382489357,5
2024-09-20 10:13:13.246,424.3746378843382,997
2024-09-20 10:13:13.295,424.4023169068519,15
2024-09-20 10:13:13.354,424.39376674337007,104
2024-09-20 10:13:13.434,424.431336140694,96
2024-09-20 10:13:13.435,424.472819646127,7
2024-09-20 10:13:13.453,424.3929185309968,1003
2024-09-20 10:13:13.526,424.3823053656537,8
2024-09-20 10:13:13.531,424.4106498777971,1000
2024-09-20 10:13:13.601,424.43095689789794,95
2024-09-20 10:13:13.607,424.42387677296585,998
2024-09-20 10:13:13.611,424.3958870206851,104
2024-09-20 10:13:13.633,424.3848041184511,5
2024-09-20 10:13:13.634,424.3660435863057,8
2024-09-20 10:13:13.705,424.4397029314517,996
2024-09-20 10:13:13.739,424.4048090327301,102
2024-09-20 10:13:13.801,424.4245570191596,13
2024-09-20 10:13:13.813,424.4313952540636,995
2024-09-20 10:13:13.878,424.3932382057301,7
2024-09-20 10:13:13.936,424.4075132196567,11
2024-09-20 10:13:13.996,424.4138986179172,13
2024-09-20 10:13:14.257,424.4591435468401,14
2024-09-20 10:13:15.029,424.4767986923568,1005
2024-09-20 10:13:15.053,42.44548373205143,1004
2024-09-20 10:13:15.070,424.45871176078055,997
2024-09-20 10:13:15.187,424.4899129170712,11
2024-09-20 10:13:15.193,424.44493602222445,95
2024-09-20 10:13:15.250,424.4669877095711,15
2024-09-20 10:13:15.299,424.4204542121968,10
2024-09-20 10:13:15.301,424.4802547680181,98
2024-09-20 10:13:15.320,424.4738696685989,98
2024-09-20 10:13:15.326,424.46814618725705,102
2024-09-20 10:13:15.399,424.4470063141504,1000
2024-09-20 10:13:15.403,424.4565501397739,15
2024-09-20 10:13:15.405,424.4518442518447,7
2024-09-20 10:13:15.455,424.4254908847323,95
2024-09-20 10:13:15.494,424.4501304674133,15
2024-09-20 10:13:15.559,424.4856470132806,9
2024-09-20 10:13:15.577,424.433630317632,1003
2024-09-20 10:13:15.607,424.44738406396095,103
2024-09-20 10:13:15.690,424.4669625844338,1001
2024-09-20 10:13:15.696,424.4608052991276,12
2024-09-20 10:13:15.759,424.43751851504175,95
2024-09-20 10:13:15.781,424.4362141272488,101
2024-09-20 10:13:15.903,424.48572446929546,15
2024-09-20 10:13:15.999,424.4576853827581,999
2024-09-20 10:13:16.755,424.43201438248894,11
2024-09-20 10:13:17.008,424.42781685984926,1003
2024-09-20 10:13:17.016,424.448384465526,103
2024-09-20 10:13:17.025,424.431357698128,998
2024-09-20 10:13:17.073,424.4256720216159,999
2024-09-20 10:13:17.152,424.4336145074241,1004
2024-09-20 10:13:17.325,424.41575853332085,12
2024-09-20 10:13:17.536,424.4227361555257,15
2024-09-20 10:13:17.552,424.45908977297137,12
2024-09-20 10:13:17.677,424.437658347939,999
2024-09-20 10:13:17.677,424.4201214757357,102
2024-09-20 10:13:17.789,424.4077720747087,995
2024-09-20 10:13:17.818,424.43367504379097,9
2024-09-20 10:13:17.885,424.4701054499113,11
2024-09-20 10:13:17.953,424.434182275347,96
2024-09-20 10:13:17.967,424.4241385808632,8
2024-09-20 10:13:17.979,424.4246644503506,97
2024-09-20 10:13:17.989,424.4418209781584,5
2024-09-20 10:13:18.070,424.3760720654559,102
2024-09-20 10:13:18.324,424.4067570976132,96
2024-09-20 10:13:18.404,424.4023232720736,1002
2024-09-20 10:13:18.495,424.39000760902,995
2024-09-20 10:13:18.576,424.4100447152732,11
2024-09-20 10:13:18.587,424.367106984433,5
2024-09-20 10:13:18.829,424.3974614358444,1001
2024-09-20 10:13:18.839,424.3925641505185,97
2024-09-20 10:13:19.826,424.4163560006628,101
2024-09-20 10:13:20.059,424.3995598198925,13
2024-09-20 10:13:20.062,424.4150662634396,6
2024-09-20 10:13:20.082,424.3800071473385,995
2024-09-20 10:13:20.102,424.3955894389088,12
2024-09-20 10:13:20.105,424.3979275905348,9
2024-09-20 10:13:20.214,424.3933968569148,96
2024-09-20 10:13:20.234,424.38474825497445,12
2024-09-20 10:13:20.303,424.4141141282554,1004
2024-09-20 10:13:20.340,424.3892914391603,11
2024-09-20 10:13:20.342,424.3720638060732,101
2024-09-20 10:13:20.343,424.3835977299536,103
2024-09-20 10:13:20.344,424.3950216111773,96
2024-09-20 10:13:20.358,424.3820006583117,1000
2024-09-20 10:13:20.507,424.37153329887207,1001
2024-09-20 10:13:20.512,424.3859466317946,14
2024-09-20 10:13:20.518,424.4262993031998,13
2024-09-20 10:13:20.567,424.37696450151134,8
2024-09-20 10:13:20.587,424.3834654883315,13
2024-09-20 10:13:20.648,424.3989497999555,96
2024-09-20 10:13:20.657,424.4185787473976,5
2024-09-20 10:13:20.692,424.3760365154092,102
2024-09-20 10:13:20.724,424.3755166735397,99
2024-09-20 10:13:20.767,424.379144077142,7
2024-09-20 10:13:20.772,424.3740258365765,1003
2024-09-20 10:13:20.793,,996
2024-09-20 10:13:20.811,424.3889820197718,1002
2024-09-20 10:13:20.833,424.3607987265867,12
2024-09-20 10:13:20.914,424.3807748662064,102
2024-09-20 10:13:21.216,424.4239753346568,100
2024-09-20 10:13:21.222,424.423388933713,11
2024-09-20 10:13:21.235,424.4260163805629,7
2024-09-20 10:13:21.354,424.43713710183687,1001
2024-09-20 10:13:21.466,424.40824699815727,999
2024-09-20 10:13:21.534,424.4390083437885,95
2024-09-20 10:13:21.538,424.4143316657739,1000
2024-09-20 10:13:21.553,424.4001352745851,99
2024-09-20 10:13:21.569,424.3797727553973,100
2024-09-20 10:13:21.727,424.44244831800034,10
2024-09-20 10:13:21.732,424.4321232982391,1000
2024-09-20 10:13:21.786,424.4335340881713,997
2024-09-20 10:13:21.850,424.43490482785546,995
2024-09-20 10:13:22.003,424.3537321727113,14
2024-09-20 10:13:22.101,424.3496948805919,6
2024-09-20 10:13:22.201,424.3663892103674,1003
2024-09-20 10:13:22.251,424.3754791012626,997
2024-09-20 10:13:22.321,424.367522471793,1003
2024-09-20 10:13:22.359,424.3982123322593,1003
2024-09-20 10:13:22.458,424.3411859390359,1001
2024-09-20 10:13:22.567,424.3825755730264,105
2024-09-20 10:13:22.631,424.3487825478934,10
2024-09-20 10:13:22.697,424.35412148498665,102
2024-09-20 10:13:22.722,424.3975690610291,8
2024-09-20 10:13:22.796,424.3354176313135,98
2024-09-20 10:13:22.861,424.3934773148975,102
2024-09-20 10:13:22.902,-424.384188103805,96
2024-09-20 10:13:23.005,424.35714012524335,95
2024-09-20 10:13:23.010,424.3723905164127,100
2024-09-20 10:13:23.032,424.32430783346166,996
2024-09-20 10:13:23.049,424.3368730541973,995
2024-09-20 10:13:23.056,424.3383137687191,13
2024-09-20 10:13:23.117,424.35482473210544,996
2024-09-20 10:13:23.129,424.4002535652101,1002
2024-09-20 10:13:23.182,424.35290559808135,12
2024-09-20 10:13:23.263,424.3486204707538,1004
2024-09-20 10:13:23.276,424.3679389566553,7
2024-09-20 10:13:23.318,424.3824582584679,96
2024-09-20 10:13:23.362,424.3691757397159,10
2024-09-20 10:13:23.365,424.40321582948815,96
2024-09-20 10:13:23.390,424.3215240932877,103
2024-09-20 10:13:23.398,424.3888983384856,13
2024-09-20 10:13:23.409,424.40608055503,7
2024-09-20 10:13:23.476,424.3556915384397,12
2024-09-20 10:13:23.583,424.3859674440442,101
2024-09-20 10:13:23.665,424.3459963761232,105
2024-09-20 10:13:23.672,424.35788371058,6
2024-09-20 10:13:23.780,424.3466861448288,996
2024-09-20 10:13:23.872,424.4135767669128,999
2024-09-20 10:13:24.042,424.4080189667608,1000
2024-09-20 10:13:24.163,424.3227039828958,12
2024-09-20 10:13:24.171,424.3242492280431,101
2024-09-20 10:13:24.184,424.3271228460546,1002
2024-09-20 10:13:24.192,424.3818572686385,9
2024-09-20 10:13:24.218,,95
2024-09-20 10:13:24.255,424.3353123902652,999
2024-09-20 10:13:24.280,424.331832661122,5
2024-09-20 10:13:24.292,424.3987786055234,13
2024-09-20 10:13:24.365,424.320185268772,1004
2024-09-20 10:13:24.392,424.3115203090928,95
2024-09-20 10:13:24.417,424.3616682910119,99
2024-09-20 10:13:24.458,424.31790763952085,100
2024-09-20 10:13:24.463,424.32042440820106,1003
2024-09-20 10:13:24.493,424.42786939867335,13
2024-09-20 10:13:24.505,424.33328975286696,5
2024-09-20 10:13:24.511,424.32017985329753,98
2024-09-20 10:13:24.551,424.376156907197,1002
2024-09-20 10:13:24.590,424.3691820821115,99
2024-09-20 10:13:24.608,424.3488750139089,100
2024-09-20 10:13:24.618,-424.4214728677719,6
2024-09-20 10:13:24.706,424.3361413705492,97
2024-09-20 10:13:24.828,424.3250909358382,7
2024-09-20 10:13:24.869,424.3389169250792,8
2024-09-20 10:13:24.900,424.4189876638762,99
2024-09-20 10:13:24.932,424.4180940552472,10
2024-09-20 10:13:24.966,424.32437319401714,12
2024-09-20 10:13:24.987,424.4279564313475,14
2024-09-20 10:13:25.019,424.2909078568336,15
2024-09-20 10:13:25.025,424.3154434215099,97
2024-09-20 10:13:25.046,424.3239945518292,102
2024-09-20 10:13:25.128,424.30449383200886,99
2024-09-20 10:13:25.143,424.3228087384828,995
2024-09-20 10:13:25.594,424.2877767605482,96
2024-09-20 10:13:25.608,424.2819045803637,103
2024-09-20 10:13:25.621,424.2927644467108,1005
2024-09-20 10:13:25.634,424.31141825183096,6
2024-09-20 10:13:25.702,42.43053913799452,995
2024-09-20 10:13:25.744,424.3289113830799,98
2024-09-20 10:13:26.011,424.3128937352128,11
2024-09-20 10:13:26.048,424.3223612242704,998
2024-09-20 10:13:26.096,424.31951509345015,5
2024-09-20 10:13:26.132,424.2623861088997,13
2024-09-20 10:13:26.144,424.28981712712095,97
2024-09-20 10:13:26.160,424.3086587671612,1005
2024-09-20 10:13:26.196,424.3215602508132,103
2024-09-20 10:13:26.310,424.316430741524,1003
2024-09-20 10:13:26.387,424.28575226929456,97
2024-09-20 10:13:26.466,42.43083130243424,97
2024-09-20 10:13:26.532,424.3169721019564,1002
2024-09-20 10:13:26.568,424.3175873074988,9
2024-09-20 10:13:26.572,424.3129816791568,104
2024-09-20 10:13:26.614,424.2562934035325,997
2024-09-20 10:13:26.635,424.3076301717868,95
2024-09-20 10:13:26.637,424.3315783495103,15
2024-09-20 10:13:26.717,424.3156755190415,8
2024-09-20 10:13:26.743,424.3242416759416,995
2024-09-20 10:13:26.747,424.2731611997635,1000
2024-09-20 10:13:26.835,424.302937147464,96
2024-09-20 10:13:26.838,424.297436032623,1001
2024-09-20 10:13:26.920,424.28641101566967,995
2024-09-20 10:13:26.928,424.320087522353,98
2024-09-20 10:13:26.953,424.2928424879502,102
2024-09-20 10:13:26.955,424.2471841830997,997
2024-09-20 10:13:26.967,424.3071705563189,6
2024-09-20 10:13:26.981,424.2993149660252,999
2024-09-20 10:13:27.032,424.26517047823125,98
2024-09-20 10:13:27.047,424.1995833866853,103
2024-09-20 10:13:27.062,424.306212943832,6
2024-09-20 10:13:27.134,424.2791766357151,95
2024-09-20 10:13:27.178,424.2309288678019,11
2024-09-20 10:13:27.197,424.1847082860896,98
2024-09-20 10:13:27.197,424.24359530891536,8
2024-09-20 10:13:27.200,424.2551256086736,98
2024-09-20 10:13:27.228,424.2792208898306,1000
2024-09-20 10:13:27.287,424.2571225732863,99
2024-09-20 10:13:27.462,424.28357680402496,15
2024-09-20 10:13:27.468,424.29152930282135,997
2024-09-20 10:13:27.543,424.24474085820094,101
2024-09-20 10:13:27.552,424.1985919202549,996
2024-09-20 10:13:27.578,424.2917792737716,97
2024-09-20 10:13:27.610,424.2838090952428,95
2024-09-20 10:13:27.624,424.1773962876698,100
2024-09-20 10:13:27.648,424.2181764384716,998
2024-09-20 10:13:27.689,424.2098150049768,103
2024-09-20 10:13:27.735,424.1659343354501,104
2024-09-20 10:13:27.762,424.2711832621971,1002
2024-09-20 10:13:27.797,424.2561891907324,6
2024-09-20 10:13:27.852,424.2449480268111,103
2024-09-20 10:13:27.852,424.1903605966754,995
2024-09-20 10:13:27.864,424.2308042553518,1002
2024-09-20 10:13:27.893,424.2841510161812,1004
2024-09-20 10:13:27.900,424.2720782821884,103
2024-09-20 10:13:27.926,424.1595894054799,9
2024-09-20 10:13:28.061,424.1097280408217,10
2024-09-20 10:13:28.079,424.14507152847705,999
2024-09-20 10:13:28.095,424.0885334600933,95
2024-09-20 10:13:28.113,424.1261034874909,1005
2024-09-20 10:13:28.140,424.1545508000745,1005
2024-09-20 10:13:28.154,424.1590207412147,103
2024-09-20 10:13:28.278,424.1330292225438,14
2024-09-20 10:13:28.289,424.0946083992351,1001
2024-09-20 10:13:28.414,424.0993527138599,99
2024-09-20 10:13:28.520,424.1628896845896,1000
2024-09-20 10:13:28.544,424.1021845369455,95
2024-09-20 10:13:28.711,424.10581610482967,102
2024-09-20 10:13:28.774,424.118505866646,997
2024-09-20 10:13:28.840,424.0943973783439,103
2024-09-20 10:13:28.894,424.1065591794092,101
2024-09-20 10:13:28.922,424.1264250457386,1003
2024-09-20 10:13:28.927,424.1393464395123,995
2024-09-20 10:13:28.983,424.0923642464263,6
2024-09-20 10:13:29.021,424.096372563519,13
2024-09-20 10:13:29.108,424.0749919156282,9
2024-09-20 10:13:29.109,424.08121991248174,1002
2024-09-20 10:13:29.127,424.0914124485525,103
2024-09-20 10:13:29.236,424.1079839182144,15
2024-09-20 10:13:29.273,-424.0871606046783,104
2024-09-20 10:13:29.284,424.0459361583412,99
2024-09-20 10:13:29.329,424.0802787037268,998
2024-09-20 10:13:29.364,424.0676533043633,100
2024-09-20 10:13:29.408,424.1041277517111,15
2024-09-20 10:13:29.429,424.0562029427242,13
2024-09-20 10:13:29.477,424.0925545339483,9
2024-09-20 10:13:29.668,424.0924785349097,6
2024-09-20 10:13:29.957,424.08790512156,12
2024-09-20 10:13:30.036,-424.06838644661127,1005
2024-09-20 10:13:30.269,424.0699293953514,1005
2024-09-20 10:13:30.389,424.09150937019376,997
2024-09-20 10:13:30.808,424.0947182633,14
2024-09-20 10:13:30.852,424.096073788976,13
2024-09-20 10:13:31.041,424.0883596586988,105
2024-09-20 10:13:31.042,424.0462292534444,998
2024-09-20 10:13:31.110,424.11508149436185,996
2024-09-20 10:13:31.129,424.1099678111208,97
2024-09-20 10:13:31.208,424.094360202191,998
2024-09-20 10:13:31.211,424.0945146583068,104
2024-09-20 10:13:31.218,424.0966018456848,102
2024-09-20 10:13:31.277,424.0921248326152,998
2024-09-20 10:13:31.322,424.090942015513,15
2024-09-20 10:13:31.342,424.096957587182,11
2024-09-20 10:13:31.376,424.026586273659,102
2024-09-20 10:13:31.464,424.09542351539073,10
2024-09-20 10:13:31.506,424.0874904600919,101
2024-09-20 10:13:31.557,424.0289374982958,96
2024-09-20 10:13:31.572,424.0860666697378,95
2024-09-20 10:13:31.599,424.1085588446349,97
2024-09-20 10:13:31.660,424.10209775719807,1005
2024-09-20 10:13:31.661,424.02028015433007,1005
2024-09-20 10:13:31.665,424.0684766565801,15
2024-09-20 10:13:31.751,424.1138039926717,997
2024-09-20 10:13:31.896,424.0820604752256,1005
2024-09-20 10:13:31.902,424.1016183231311,97
2024-09-20 10:13:31.919,424.0956400198973,15
2024-09-20 10:13:31.939,424.0838591055937,997
2024-09-20 10:13:32.201,424.03960919674887,105
2024-09-20 10:13:32.213,424.02385787443495,15
2024-09-20 10:13:32.310,424.0367956984453,1002
2024-09-20 10:13:32.346,42.4037500891348,96
2024-09-20 10:13:32.398,424.0207943330745,998
2024-09-20 10:13:32.482,424.0151609461458,98
2024-09-20 10:13:32.518,424.0227511440916,98
2024-09-20 10:13:32.727,424.0227756921957,1001
2024-09-20 10:13:32.946,424.0418593905385,10
2024-09-20 10:13:33.078,424.01924063412326,102
2024-09-20 10:13:33.111,423.9928052585976,101
2024-09-20 10:13:33.153,423.9977540381034,13
2024-09-20 10:13:33.302,423.9887732470336,1000
2024-09-20 10:13:33.395,424.0144933121305,8
2024-09-20 10:13:33.552,424.017768875101,15
2024-09-20 10:13:33.793,424.01663652922514,9
2024-09-20 10:13:33.843,424.0056828306727,105
2024-09-20 10:13:33.910,,996
2024-09-20 10:13:34.017,424.0547565403156,1003
2024-09-20 10:13:34.595,424.03090299211294,100
2024-09-20 10:13:35.137,424.068038072685,1005
2024-09-20 10:13:35.152,424.0731576955659,101
2024-09-20 10:13:35.277,424.0716470066196,103
2024-09-20 10:13:35.416,424.07318736799175,98
2024-09-20 10:13:35.611,424.0708961417257,1005
2024-09-20 10:13:35.645,424.0683894304482,7
2024-09-20 10:13:35.757,424.0705229497933,996
2024-09-20 10:13:35.834,424.073201258574,8
2024-09-20 10:13:36.066,424.1342737044863,105
2024-09-20 10:13:36.077,424.12639363726777,100
2024-09-20 10:13:36.086,424.0552576539408,105
2024-09-20 10:13:36.109,424.1098328830311,10
2024-09-20 10:13:36.134,424.0568699020898,12
2024-09-20 10:13:36.164,424.0859693906359,1002
2024-09-20 10:13:36.178,424.0747514859172,996
2024-09-20 10:13:36.197,424.0976479514112,14
2024-09-20 10:13:36.239,424.14903118073966,12
2024-09-20 10:13:36.252,424.1359355395713,101
2024-09-20 10:13:36.286,424.0407651590716,100
2024-09-20 10:13:36.310,424.1542246500211,9
2024-09-20 10:13:36.476,424.1512722348549,999
2024-09-20 10:13:36.490,424.11627360374257,1001
2024-09-20 10:13:36.528,424.0989324878968,997
2024-09-20 10:13:36.550,424.0544802961111,1003
2024-09-20 10:13:36.572,424.1408058227614,1003
2024-09-20 10:13:36.781,424.14688693942446,9
2024-09-20 10:13:36.844,424.14352612405474,8
2024-09-20 10:13:36.937,424.1436791338297,99
2024-09-20 10:13:36.960,424.14659176322016,5
2024-09-20 10:13:36.964,424.0828639904487,997
2024-09-20 10:13:37.575,424.0559579843392,7
2024-09-20 10:13:37.624,424.0590868598559,104
2024-09-20 10:13:37.675,424.0535056867729,97
2024-09-20 10:13:37.902,424.0481712928584,96
2024-09-20 10:13:38.006,424.018047520992,7
2024-09-20 10:13:38.019,424.0530974387023,1005
2024-09-20 10:13:38.105,424.0622817933712,1002
2024-09-20 10:13:38.131,424.0449528291637,14
2024-09-20 10:13:38.179,424.06778414830177,101
2024-09-20 10:13:38.214,424.03995447358136,1000
2024-09-20 10:13:38.382,423.9935266126195,8
2024-09-20 10:13:38.404,424.03353337040414,104
2024-09-20 10:13:38.518,424.0437912637961,14
2024-09-20 10:13:38.532,424.0617683902853,102
2024-09-20 10:13:38.550,424.0679345142958,1001
2024-09-20 10:13:38.603,424.0510791724756,102
2024-09-20 10:13:38.686,424.0563825427981,997
2024-09-20 10:13:38.706,424.0603795242205,1005
2024-09-20 10:13:38.709,424.0520009602243,1000
2024-09-20 10:13:38.775,424.05519803422993,8
2024-09-20 10:13:38.779,424.0017827162266,12
2024-09-20 10:13:38.844,424.05650415148153,100
2024-09-20 10:13:38.876,424.036065745328,999
2024-09-20 10:13:38.888,424.02940108333456,12
2024-09-20 10:13:38.948,424.0475955772614,99
2024-09-20 10:13:38.972,424.0504349861474,12
2024-09-20 10:13:38.993,424.0528909475663,998
2024-09-20 10:13:39.125,424.0074239150118,1003
2024-09-20 10:13:39.257,423.9937082553933,1000
2024-09-20 10:13:39.314,424.01086934273377,104
2024-09-20 10:13:39.416,424.011612003902,997
2024-09-20 10:13:39.418,424.0009783686805,996
2024-09-20 10:13:39.459,423.988994335484,997
2024-09-20 10:13:39.475,423.9724818401268,98
2024-09-20 10:13:39.574,424.0012216383441,105
2024-09-20 10:13:39.648,424.01966427534063,103
2024-09-20 10:13:39.659,423.9930582920241,15
2024-09-20 10:13:39.682,423.9841986401741,12
2024-09-20 10:13:39.697,423.9933456557304,11
2024-09-20 10:13:39.741,423.9820856904215,1002
2024-09-20 10:13:39.780,423.9806237734103,996
2024-09-20 10:13:39.784,-423.9891990972785,13
2024-09-20 10:13:39.799,423.9862259086251,102
2024-09-20 10:13:39.829,423.9963404540799,98
2024-09-20 10:13:39.862,423.9841927608344,1003
2024-09-20 10:13:39.866,423.9779123453313,1001
2024-09-20 10:13:39.902,423.9980945254725,101
2024-09-20 10:13:39.982,423.99019084909565,7
2024-09-20 10:13:40.021,424.01733795621305,996
2024-09-20 10:13:40.134,424.0177740294212,996
2024-09-20 10:13:40.264,423.9998518590913,15
2024-09-20 10:13:40.685,424.0238635130816,6
2024-09-20 10:13:40.762,424.027113040552,9
2024-09-20 10:13:40.884,424.0267912556753,8
2024-09-20 10:13:41.074,424.0559486917731,98
2024-09-20 10:13:41.090,424.032608242961,104
2024-09-20 10:13:41.254,424.01405919070265,997
2024-09-20 10:13:41.306,424.0724890819804,13
2024-09-20 10:13:41.376,424.0379798722154,103
2024-09-20 10:13:41.411,424.0609322314111,10
2024-09-20 10:13:41.416,424.0652748800793,1000
2024-09-20 10:13:41.417,424.0221426512284,5
2024-09-20 10:13:41.419,424.0332254962029,102
2024-09-20 10:13:41.437,424.0408845200581,6
2024-09-20 10:13:41.547,424.0652756202642,11
2024-09-20 10:13:41.555,424.0263705055009,998
2024-09-20 10:13:41.645,424.09111588045096,5
2024-09-20 10:13:41.729,424.0200698119969,103
2024-09-20 10:13:41.751,424.0570894015051,998
2024-09-20 10:13:41.792,424.03254566427256,100
2024-09-20 10:13:41.812,424.0279338399524,1005
2024-09-20 10:13:41.886,424.07361923758407,100
2024-09-20 10:13:42.025,424.0545901662046,96
2024-09-20 10:13:42.025,424.072847351621,5
2024-09-20 10:13:42.057,424.03521815350393,1001
2024-09-20 10:13:42.078,424.06634090080496,996
2024-09-20 10:13:42.094,,104
2024-09-20 10:13:42.114,424.0616879921352,997
2024-09-20 10:13:42.147,424.0634778618888,96
2024-09-20 10:13:42.155,424.0731669299172,13
2024-09-20 10:13:42.158,424.04426602477946,1004
2024-09-20 10:13:42.158,424.0545990022541,95
2024-09-20 10:13:42.294,424.0769658073448,95
2024-09-20 10:13:42.296,424.0470691761725,1001
2024-09-20 10:13:42.326,424.05074934849847,996
2024-09-20 10:13:42.332,424.0512476956788,12
2024-09-20 10:13:42.360,424.083977639852,1002
2024-09-20 10:13:42.369,424.06414416403294,98
2024-09-20 10:13:42.386,-424.0505777758167,1004
2024-09-20 10:13:42.403,424.0595812338293,998
2024-09-20 10:13:42.460,424.0583942301247,95
2024-09-20 10:13:42.575,424.0782832556495,14
2024-09-20 10:13:42.668,424.05313382118334,999
2024-09-20 10:13:42.690,424.0748752760825,998
2024-09-20 10:13:42.719,424.0644714763233,1002
2024-09-20 10:13:42.830,424.0668440240724,997
2024-09-20 10:13:42.867,424.0779891565008,9
2024-09-20 10:13:42.952,424.0749745524403,96
2024-09-20 10:13:42.952,424.04812902566425,998
2024-09-20 10:13:42.986,424.0569224766693,7
2024-09-20 10:13:43.014,424.05254761786216,99
2024-09-20 10:13:43.109,424.00915744169487,11
2024-09-20 10:13:43.189,424.0279418152416,14
2024-09-20 10:13:43.280,424.02479567930817,1005
2024-09-20 10:13:43.314,423.993320515787,996
2024-09-20 10:13:43.354,423.978486301858,1000
2024-09-20 10:13:43.457,423.9910456356445,103
2024-09-20 10:13:43.586,424.0543299281584,1001
2024-09-20 10:13:43.612,424.0295623931223,12
2024-09-20 10:13:44.079,423.9634652782861,999
2024-09-20 10:13:44.239,423.9741001432461,12
2024-09-20 10:13:44.250,423.9570213240465,996
2024-09-20 10:13:44.326,423.97745817545433,1003
2024-09-20 10:13:44.399,423.9602292641251,15
2024-09-20 10:13:44.407,423.9796487888626,995
2024-09-20 10:13:44.470,423.9786618498741,995
2024-09-20 10:13:44.736,-423.9560888032233,996
2024-09-20 10:13:44.829,423.9634890064327,999
2024-09-20 10:13:44.876,423.9618330802296,95
2024-09-20 10:13:45.692,423.95218361960906,11
2024-09-20 10:13:45.727,423.9465689054281,1004
2024-09-20 10:13:45.749,423.9642069300217,1000
2024-09-20 10:13:45.869,423.95786180967593,9
2024-09-20 10:13:45.887,423.9971616425686,95
2024-09-20 10:13:46.059,423.92387141281233,5
2024-09-20 10:13:46.067,423.9197582814148,97
2024-09-20 10:13:46.215,423.9890709995976,11
2024-09-20 10:13:46.267,423.95833434769474,101
2024-09-20 10:13:46.324,423.91956249098064,1000
2024-09-20 10:13:46.368,423.9268806533511,14
2024-09-20 10:13:46.372,423.9570086534199,995
2024-09-20 10:13:46.404,423.9430115583076,100
2024-09-20 10:13:46.422,423.9968298537686,8
2024-09-20 10:13:46.488,423.8910876053533,104
2024-09-20 10:13:46.533,423.9074929080083,5
2024-09-20 10:13:46.569,423.98584338130905,102
2024-09-20 10:13:46.633,423.9096255321513,6
2024-09-20 10:13:46.646,423.9974329927896,8
2024-09-20 10:13:46.705,423.905754175568,998
2024-09-20 10:13:46.742,,97
2024-09-20 10:13:46.743,423.90491067041904,997
2024-09-20 10:13:46.762,423.9404609098131,8
2024-09-20 10:13:46.782,423.97296499038,10
2024-09-20 10:13:46.858,423.9000449968511,1002
2024-09-20 10:13:46.895,423.9677171206003,97
2024-09-20 10:13:46.915,423.9121995770724,13
2024-09-20 10:13:46.943,423.9595796323858,95
2024-09-20 10:13:46.965,423.96061475696257,997
2024-09-20 10:13:46.996,423.9188795350194,1003
2024-09-20 10:13:47.112,423.9845894676984,95
2024-09-20 10:13:47.146,424.0031170386015,95
2024-09-20 10:13:47.183,423.9818078800359,10
2024-09-20 10:13:47.355,423.97317731651447,1005
2024-09-20 10:13:47.385,423.9663567882039,997
2024-09-20 10:13:47.442,423.96507311171615,96
2024-09-20 10:13:47.456,423.976194637015,103
2024-09-20 10:13:47.480,423.9694996386848,101
2024-09-20 10:13:47.510,423.9819993189354,10
2024-09-20 10:13:47.511,423.9891305501824,1002
2024-09-20 10:13:47.525,423.95868710361947,1005
2024-09-20 10:13:47.583,423.95938751600414,98
2024-09-20 10:13:47.650,423.975145193389,6
2024-09-20 10:13:47.757,424.0037557361117,1005
2024-09-20 10:13:47.876,423.9919738118234,105
2024-09-20 10:13:47.899,423.9507317036116,100
2024-09-20 10:13:47.903,423.9861926346706,99
2024-09-20 10:13:47.924,423.9821355698073,102
2024-09-20 10:13:48.113,424.0279528698062,102
2024-09-20 10:13:48.179,424.0085141901224,104
2024-09-20 10:13:48.508,424.03024725685617,8
2024-09-20 10:13:48.796,424.0401015574503,1004
2024-09-20 10:13:48.801,424.0027295110392,1003
2024-09-20 10:13:48.939,424.037570324788,13
2024-09-20 10:13:49.146,423.97458192799087,6
2024-09-20 10:13:49.187,423.9820475660813,98
2024-09-20 10:13:49.337,423.9940817434372,14
2024-09-20 10:13:49.371,423.9885128461855,15
2024-09-20 10:13:49.452,424.0252330687401,1003
2024-09-20 10:13:49.465,424.0018925728618,12
2024-09-20 10:13:49.502,424.0341896352843,10
2024-09-20 10:13:49.563,424.0230602527422,97
2024-09-20 10:13:49.657,424.0084694240018,102
2024-09-20 10:13:49.755,424.0183827669478,1003
2024-09-20 10:13:49.771,424.0342129254237,999
2024-09-20 10:13:49.811,423.9996753418879,102
2024-09-20 10:13:49.863,423.9983523767804,1003
2024-09-20 10:13:49.948,424.0068356359616,995
2024-09-20 10:13:49.951,423.98331833326034,997
2024-09-20 10:13:50.022,424.00420831172784,1000
2024-09-20 10:13:50.054,424.003144603008,1002
2024-09-20 10:13:50.062,423.9572690107817,6
2024-09-20 10:13:50.085,423.9465521118974,1004
2024-09-20 10:13:50.130,423.9088930721082,6
2024-09-20 10:13:50.145,424.0030429685278,1000
2024-09-20 10:13:50.150,423.98873055448513,1005
2024-09-20 10:13:50.156,424.0129906941101,1000
2024-09-20 10:13:50.163,423.9681342400357,1004
2024-09-20 10:13:50.170,423.97147036967766,998
2024-09-20 10:13:50.295,423.9596558288126,98
2024-09-20 10:13:50.305,423.9557382469214,1000
2024-09-20 10:13:50.522,423.89798530764506,6
2024-09-20 10:13:50.557,424.0019902503893,996
2024-09-20 10:13:50.562,-424.0120690304742,998
2024-09-20 10:13:50.626,423.89650480593286,995
2024-09-20 10:13:50.682,423.9880037455823,98
2024-09-20 10:13:50.686,423.9740469444555,995
2024-09-20 10:13:50.716,424.00402739551527,10
2024-09-20 10:13:50.857,423.9723660687679,11
2024-09-20 10:13:50.858,424.0046261464439,11
2024-09-20 10:13:50.866,423.9736915523554,13
2024-09-20 10:13:50.879,423.99590573054905,1000
2024-09-20 10:13:50.915,424.00846687326487,97
2024-09-20 10:13:51.017,423.8597911077205,101
2024-09-20 10:13:51.031,423.868378149172,98
2024-09-20 10:13:51.110,423.8802200052276,10
2024-09-20 10:13:51.112,423.87776975344417,100
2024-09-20 10:13:51.145,423.8915630595323,15
2024-09-20 10:13:51.202,423.8636753602908,5
2024-09-20 10:13:51.337,423.8659292550134,999
2024-09-20 10:13:51.400,423.81859539196427,95
2024-09-20 10:13:51.429,423.8623158624128,14
2024-09-20 10:13:51.453,423.8360632920683,105
2024-09-20 10:13:51.463,423.8357328008304,100
2024-09-20 10:13:51.529,423.8705866296754,1005
2024-09-20 10:13:51.539,423.8524420248216,1002
2024-09-20 10:13:51.564,423.8491843594347,102
2024-09-20 10:13:51.847,423.8493468370376,1000
2024-09-20 10:13:51.888,423.8624118575325,105
2024-09-20 10:13:51.888,423.8557955883156,6
2024-09-20 10:13:51.895,423.8735087956883,997
2024-09-20 10:13:51.923,423.85435631232616,996
2024-09-20 10:13:51.967,423.8642148423323,8
2024-09-20 10:13:51.997,423.8680184909664,1003
2024-09-20 10:13:52.018,423.92176199103,1005
2024-09-20 10:13:52.032,423.9232002651739,12
2024-09-20 10:13:52.090,423.8950287100758,999
2024-09-20 10:13:52.131,423.917639319278,6
2024-09-20 10:13:52.131,423.8944446441325,102
2024-09-20 10:13:52.136,-423.9049320614309,98
2024-09-20 10:13:52.237,423.9075831612636,104
2024-09-20 10:13:52.320,423.87529031479977,1003
2024-09-20 10:13:52.451,423.9018740444819,98
2024-09-20 10:13:52.471,423.9267345476495,14
2024-09-20 10:13:52.491,423.9185258058279,103
2024-09-20 10:13:52.579,423.8597658043868,12
2024-09-20 10:13:52.630,423.9200552538676,5
2024-09-20 10:13:52.634,423.8513555178537,97
2024-09-20 10:13:52.666,423.8985614046991,1001
2024-09-20 10:13:52.671,423.90146416363206,999
2024-09-20 10:13:52.676,423.8950790895652,996
2024-09-20 10:13:52.739,423.84613651928265,104
2024-09-20 10:13:52.748,423.8987440520246,6
2024-09-20 10:13:52.761,423.8856750340218,7
2024-09-20 10:13:52.777,423.8403957653182,995
2024-09-20 10:13:52.830,423.8970973337169,101
2024-09-20 10:13:52.912,423.922240258565,1000
2024-09-20 10:13:52.925,423.9100641854049,102
2024-09-20 10:13:52.946,423.8600481318303,1005
2024-09-20 10:13:53.202,423.9441613208231,996
2024-09-20 10:13:53.265,423.9492165917949,9
2024-09-20 10:13:53.394,423.9361895355096,97
2024-09-20 10:13:53.441,423.9346069392779,13
2024-09-20 10:13:53.517,423.9392745136551,1001
2024-09-20 10:13:53.521,423.8847323774865,996
2024-09-20 10:13:53.579,423.9092079631845,7
2024-09-20 10:13:53.761,423.9114370635172,7
2024-09-20 10:13:53.792,423.8897996930442,14
2024-09-20 10:13:53.908,423.8945699028639,998
2024-09-20 10:13:53.991,423.8982204196836,1002
2024-09-20 10:13:54.037,423.8750443050995,997
2024-09-20 10:13:54.037,423.8865757854374,14
2024-09-20 10:13:54.041,423.85571336498,9
2024-09-20 10:13:54.059,423.8873954394008,102
2024-09-20 10:13:54.116,423.89009799016736,999
2024-09-20 10:13:54.181,423.86833968257525,104
2024-09-20 10:13:54.265,423.8778293971518,97
2024-09-20 10:13:54.369,423.8809561489881,15
2024-09-20 10:13:54.453,423.87721705489776,98
2024-09-20 10:13:54.464,423.8941169073482,101
2024-09-20 10:13:54.486,423.897916531786,1002
2024-09-20 10:13:54.530,423.8888516685428,1002
2024-09-20 10:13:54.543,423.8990110478903,10
2024-09-20 10:13:54.552,423.8708121210964,98
2024-09-20 10:13:54.567,423.8830424504483,1001
2024-09-20 10:13:54.647,423.8747984154776,10
2024-09-20 10:13:54.766,423.8791245086804,7
2024-09-20 10:13:54.771,423.8808242982524,1002
2024-09-20 10:13:54.773,423.8781051977352,95
2024-09-20 10:13:54.864,423.8848716525045,997
2024-09-20 10:13:54.865,423.88500677689217,8
2024-09-20 10:13:54.931,423.87352734471335,95
2024-09-20 10:13:54.994,423.8643600397028,102
2024-09-20 10:13:55.131,423.8919213591767,10
2024-09-20 10:13:55.136,423.9439969166162,1004
2024-09-20 10:13:55.136,423.94479574169054,7
2024-09-20 10:13:55.291,423.94482413040777,11
2024-09-20 10:13:55.297,423.9592427059313,999
2024-09-20 10:13:55.354,423.9336850573292,98
2024-09-20 10:13:55.396,423.9360629227811,1002
2024-09-20 10:13:55.454,423.949722144768,104
2024-09-20 10:13:55.519,423.9177164208572,998
2024-09-20 10:13:55.520,423.9657401030701,15
2024-09-20 10:13:55.537,-423.9406366485151,13
2024-09-20 10:13:55.661,423.9301720407912,10
2024-09-20 10:13:55.719,423.8740636478341,98
2024-09-20 10:13:55.741,423.91631002903546,12
2024-09-20 10:13:55.767,423.9768705773423,15
2024-09-20 10:13:55.769,-423.8693459047234,99
2024-09-20 10:13:55.826,423.8661013222719,105
2024-09-20 10:13:55.828,423.8904900086921,1004
2024-09-20 10:13:55.848,423.9449678695216,1003
2024-09-20 10:13:55.861,423.95259824687366,1001
2024-09-20 10:13:55.865,423.9006448914266,6
2024-09-20 10:13:55.907,423.96112417049807,15
2024-09-20 10:13:55.964,423.958393886562,1003
2024-09-20 10:13:56.057,423.9678343123365,104
2024-09-20 10:13:56.086,423.9661155585394,102
2024-09-20 10:13:56.109,423.9854850533731,995
2024-09-20 10:13:56.154,424.00617426782776,999
2024-09-20 10:13:56.171,423.9996229141667,99
2024-09-20 10:13:56.225,424.0135598495472,1003
2024-09-20 10:13:56.338,424.00372942783366,12
2024-09-20 10:13:56.431,423.98333566461474,102
2024-09-20 10:13:56.439,424.008414268989,1000
2024-09-20 10:13:56.442,423.9629884791719,103
2024-09-20 10:13:56.532,423.97204635123046,12
2024-09-20 10:13:56.560,423.9751411929126,9
2024-09-20 10:13:56.584,423.9870396739609,996
2024-09-20 10:13:56.585,424.01667628161766,8
2024-09-20 10:13:56.654,-423.96339953599113,1001
2024-09-20 10:13:56.675,423.9539207070689,12
2024-09-20 10:13:56.775,423.979284913556,15
2024-09-20 10:13:56.782,423.972202077224,102
2024-09-20 10:13:56.828,423.946400577426,1003
2024-09-20 10:13:56.885,,99
2024-09-20 10:13:56.980,423.9659761742272,995
2024-09-20 10:13:57.003,423.9730497203649,98
2024-09-20 10:13:57.082,423.9739992735337,102
2024-09-20 10:13:57.092,423.9595897977717,102
2024-09-20 10:13:57.103,423.9740100713472,97
2024-09-20 10:13:57.200,423.97994119405257,99
2024-09-20 10:13:57.403,423.9817795509641,105
2024-09-20 10:13:57.406,,6
2024-09-20 10:13:57.494,423.9545325441575,14
2024-09-20 10:13:57.520,423.97773339334543,1003
2024-09-20 10:13:57.562,423.98760311744064,8
2024-09-20 10:13:57.579,423.9602838669133,13
2024-09-20 10:13:57.630,423.996058803484,1003
2024-09-20 10:13:57.638,423.95486707180464,12
2024-09-20 10:13:57.762,423.97035490158913,1002
2024-09-20 10:13:57.847,423.9707382377488,100
2024-09-20 10:13:57.911,423.9834076467952,6
2024-09-20 10:13:57.981,423.9892549088076,7
2024-09-20 10:13:58.093,424.0308646272003,1000
2024-09-20 10:13:58.133,423.9909129311903,999
2024-09-20 10:13:58.226,423.9593448748906,1001
2024-09-20 10:13:58.230,424.0510438579986,5
2024-09-20 10:13:58.239,423.98499499363305,12
2024-09-20 10:13:58.283,423.95184659000506,102
2024-09-20 10:13:58.427,424.0522884362129,99
2024-09-20 10:13:58.573,424.00314583519815,103
2024-09-20 10:13:58.604,423.99661615262,13
2024-09-20 10:13:58.747,424.0689444677112,995
2024-09-20 10:13:58.905,42.40565620506729,99
2024-09-20 10:13:58.989,423.9628745471371,6
2024-09-20 10:13:59.050,424.08754169700205,15
2024-09-20 10:13:59.120,424.0887506729208,98
2024-09-20 10:13:59.177,424.0627937870305,102
2024-09-20 10:13:59.246,424.0627881828132,999
2024-09-20 10:13:59.250,424.1125839248275,997
2024-09-20 10:13:59.433,424.1010275225641,995
2024-09-20 10:13:59.449,424.1329543292609,98
2024-09-20 10:13:59.456,-424.096496569569,995
2024-09-20 10:13:59.457,424.11951438256585,14
2024-09-20 10:13:59.461,424.0741587737392,997
2024-09-20 10:13:59.482,424.1115761334897,14
2024-09-20 10:13:59.513,424.1234542696791,11
2024-09-20 10:13:59.548,424.09501482498393,102
2024-09-20 10:13:59.653,424.1235054782376,995
2024-09-20 10:13:59.663,424.099239160194,13
2024-09-20 10:13:59.671,424.10151852065815,95
2024-09-20 10:13:59.704,424.1248369139858,98
2024-09-20 10:13:59.734,424.1088367163683,999
2024-09-20 10:13:59.746,424.118346802694,104
2024-09-20 10:13:59.813,424.0850065403114,101
2024-09-20 10:13:59.818,42.41306380104443,102
2024-09-20 10:13:59.822,424.1077268405625,101
2024-09-20 10:13:59.864,424.11140008610937,10
2024-09-20 10:13:59.998,424.08152029729575,11
