Timestamp,Price,Size
2024-09-16 10:24:00.088,417.2706802507842,103
2024-09-16 10:24:00.094,417.2882555057897,96
2024-09-16 10:24:00.114,417.2830083272464,1001
2024-09-16 10:24:00.124,417.2859030232807,15
2024-09-16 10:24:00.273,417.2672888453839,103
2024-09-16 10:24:00.304,417.2686368706196,5
2024-09-16 10:24:00.307,417.2542584193925,13
2024-09-16 10:24:00.319,417.2554185300625,8
2024-09-16 10:24:00.326,417.2599045705221,995
2024-09-16 10:24:00.404,417.2894827004729,1003
2024-09-16 10:24:00.423,417.286889579101,101
2024-09-16 10:24:00.425,417.2668289123088,9
2024-09-16 10:24:00.536,417.2713078004503,1002
2024-09-16 10:24:00.559,417.2767244721139,6
2024-09-16 10:24:00.578,417.2747281428221,12
2024-09-16 10:24:00.591,417.2560414806489,1003
2024-09-16 10:24:00.629,417.2958190402902,1004
2024-09-16 10:24:00.677,417.2691675378791,15
2024-09-16 10:24:00.715,417.2926787200452,102
2024-09-16 10:24:00.732,417.2997412570817,1005
2024-09-16 10:24:00.853,417.2623135850678,6
2024-09-16 10:24:00.877,417.27406205900377,100
2024-09-16 10:24:00.965,417.2795998413882,96
2024-09-16 10:24:01.042,417.2431225159226,1005
2024-09-16 10:24:01.088,417.2428226628523,7
2024-09-16 10:24:01.384,417.2237187609752,997
2024-09-16 10:24:01.429,417.27304301342616,1004
2024-09-16 10:24:01.618,417.25181351294657,1004
2024-09-16 10:24:01.665,417.2350048390032,1002
2024-09-16 10:24:01.713,417.23334767359074,995
2024-09-16 10:24:01.792,417.23296491381785,999
2024-09-16 10:24:01.830,417.2180083598669,13
2024-09-16 10:24:02.001,417.26236737552455,999
2024-09-16 10:24:02.059,417.2812635439632,12
2024-09-16 10:24:02.132,-417.2541090053352,15
2024-09-16 10:24:02.262,417.2736477209091,103
2024-09-16 10:24:02.298,417.26643295761295,95
2024-09-16 10:24:02.351,417.2765451668056,5
2024-09-16 10:24:02.389,417.2673920425986,11
2024-09-16 10:24:02.396,417.2875378312887,1005
2024-09-16 10:24:02.398,417.2821096120605,103
2024-09-16 10:24:02.427,417.27996521579473,103
2024-09-16 10:24:02.443,417.3012140842198,1002
2024-09-16 10:24:02.465,417.2770647175852,1003
2024-09-16 10:24:02.508,417.28470674420953,105
2024-09-16 10:24:02.528,417.2881041519212,999
2024-09-16 10:24:02.540,417.2692462800836,98
2024-09-16 10:24:02.543,417.2702873639849,95
2024-09-16 10:24:02.583,417.27048138648246,13
2024-09-16 10:24:02.623,417.2818574544509,105
2024-09-16 10:24:02.629,417.26347728170407,1003
2024-09-16 10:24:02.643,417.26675345095975,1000
2024-09-16 10:24:02.660,417.2797355721239,12
2024-09-16 10:24:02.716,417.2810176919031,13
2024-09-16 10:24:02.718,417.2980114990772,995
2024-09-16 10:24:02.849,,15
2024-09-16 10:24:02.857,417.2752585614931,1005
2024-09-16 10:24:02.912,417.26535114493714,8
2024-09-16 10:24:02.937,417.2813175643413,95
2024-09-16 10:24:02.979,417.2876774850641,1002
2024-09-16 10:24:02.997,417.2861392092389,9
2024-09-16 10:24:03.174,417.23378309838944,14
2024-09-16 10:24:03.265,417.2449404729828,7
2024-09-16 10:24:03.288,417.24578537421775,13
2024-09-16 10:24:03.362,417.25492673176313,100
2024-09-16 10:24:03.493,417.258650930657,6
2024-09-16 10:24:03.551,417.2329446608788,1002
2024-09-16 10:24:03.640,417.253728314967,14
2024-09-16 10:24:03.712,417.2478431727348,999
2024-09-16 10:24:03.750,417.2989399904125,8
2024-09-16 10:24:03.884,417.2364425699319,15
2024-09-16 10:24:03.890,417.2453263133495,15
2024-09-16 10:24:03.939,417.2466146579778,1002
2024-09-16 10:24:03.963,417.27366909540086,1002
2024-09-16 10:24:04.021,417.2548402675453,10
2024-09-16 10:24:04.025,417.2498814500779,105
2024-09-16 10:24:04.290,417.2333275948285,1000
2024-09-16 10:24:04.544,417.2289196513415,999
2024-09-16 10:24:04.584,417.2334722319521,101
2024-09-16 10:24:05.521,417.2365288318325,998
2024-09-16 10:24:05.700,417.2411132826359,95
2024-09-16 10:24:06.134,417.2677903635845,101
2024-09-16 10:24:06.195,417.2671003430042,1004
2024-09-16 10:24:06.309,417.28563156581,1000
2024-09-16 10:24:06.338,417.24881305032,10
2024-09-16 10:24:06.415,417.2660989001672,997
2024-09-16 10:24:06.421,417.26517453814427,101
2024-09-16 10:24:06.440,417.26514545457337,8
2024-09-16 10:24:06.596,417.2704290048868,103
2024-09-16 10:24:06.602,417.2639040078233,998
2024-09-16 10:24:06.634,417.26730214619096,1003
2024-09-16 10:24:06.651,417.2770972042906,95
2024-09-16 10:24:06.794,417.2472762362827,5
2024-09-16 10:24:06.850,417.25484000899,100
2024-09-16 10:24:06.914,417.2766664906013,7
2024-09-16 10:24:06.964,417.276048357694,997
2024-09-16 10:24:07.036,417.2410541142758,1001
2024-09-16 10:24:07.114,417.246527572193,1002
2024-09-16 10:24:07.333,417.22180173505296,99
2024-09-16 10:24:07.372,417.2374974973581,1000
2024-09-16 10:24:07.518,417.2116257787961,9
2024-09-16 10:24:07.712,417.2236065703663,1004
2024-09-16 10:24:08.029,417.2523553249295,98
2024-09-16 10:24:08.053,417.2306592131218,97
2024-09-16 10:24:08.151,417.20007722130975,12
2024-09-16 10:24:08.187,417.2111031311522,97
2024-09-16 10:24:08.234,417.25940312306807,95
2024-09-16 10:24:08.258,417.203728504575,97
2024-09-16 10:24:08.264,417.2332997444285,5
2024-09-16 10:24:08.305,417.208136510934,95
2024-09-16 10:24:08.333,417.2364100337738,997
2024-09-16 10:24:08.380,417.2145209634882,8
2024-09-16 10:24:08.388,417.19943299198354,1005
2024-09-16 10:24:08.559,417.2253328419842,102
2024-09-16 10:24:08.667,417.1959954369206,98
2024-09-16 10:24:08.678,417.20144594962073,1005
2024-09-16 10:24:08.691,417.2442351951138,15
2024-09-16 10:24:08.691,417.19210694450896,14
2024-09-16 10:24:08.694,417.2067632873792,102
2024-09-16 10:24:08.842,417.19444493885663,10
2024-09-16 10:24:08.904,417.19133500945856,95
2024-09-16 10:24:09.003,417.16621774792463,97
2024-09-16 10:24:09.081,417.2090098992445,7
2024-09-16 10:24:09.208,417.2089333128394,1005
2024-09-16 10:24:09.266,417.211818464079,998
2024-09-16 10:24:09.269,417.2019685622213,95
2024-09-16 10:24:09.282,417.1955794332755,998
2024-09-16 10:24:09.360,417.2027573600946,15
2024-09-16 10:24:09.468,417.2022877003597,103
2024-09-16 10:24:09.498,417.20567432699,997
2024-09-16 10:24:09.664,417.2249390609862,1003
2024-09-16 10:24:09.686,417.1870639910781,15
2024-09-16 10:24:09.720,417.2222388828112,999
2024-09-16 10:24:09.946,417.1642311222772,95
2024-09-16 10:24:10.070,41.71190482064247,1001
2024-09-16 10:24:10.273,417.1125707270263,7
2024-09-16 10:24:10.289,417.15121380906606,102
2024-09-16 10:24:10.423,417.12895296369214,5
2024-09-16 10:24:10.507,417.1033646277117,99
2024-09-16 10:24:10.530,417.1047012517798,998
2024-09-16 10:24:10.616,417.15470484457904,1002
2024-09-16 10:24:10.977,417.1111243177716,98
2024-09-16 10:24:11.139,417.1074083555728,96
2024-09-16 10:24:11.142,417.1019296940764,8
2024-09-16 10:24:11.143,417.13478297829135,7
2024-09-16 10:24:11.171,417.1261746851964,97
2024-09-16 10:24:11.219,417.1301556376951,13
2024-09-16 10:24:11.241,417.08138737353136,1002
2024-09-16 10:24:11.299,417.1087515692523,1004
2024-09-16 10:24:11.395,417.1092966586797,100
2024-09-16 10:24:11.547,41.7115571978658,95
2024-09-16 10:24:11.586,417.1023308267283,13
2024-09-16 10:24:11.742,417.10185334037857,14
2024-09-16 10:24:11.756,417.0908024493692,7
2024-09-16 10:24:11.802,417.1036043806291,995
2024-09-16 10:24:11.931,417.1227777960899,100
2024-09-16 10:24:12.008,417.1366327469882,1005
2024-09-16 10:24:12.015,417.1318430291616,13
2024-09-16 10:24:12.045,417.1359446934162,103
2024-09-16 10:24:12.124,417.1275393731875,1002
2024-09-16 10:24:12.213,417.1479430810715,14
2024-09-16 10:24:12.273,417.1374041248533,1004
2024-09-16 10:24:12.322,417.1419981849985,997
2024-09-16 10:24:12.413,417.1297483266041,14
2024-09-16 10:24:12.427,417.1420743279345,5
2024-09-16 10:24:12.441,417.1473354060733,99
2024-09-16 10:24:12.442,417.1327738607,999
2024-09-16 10:24:12.497,41.71456957047148,98
2024-09-16 10:24:12.595,417.1301011262007,102
2024-09-16 10:24:12.624,,15
2024-09-16 10:24:12.633,417.1440642803312,999
2024-09-16 10:24:12.734,417.1273362059401,96
2024-09-16 10:24:12.806,417.15379509811305,7
2024-09-16 10:24:12.833,417.1525355454037,7
2024-09-16 10:24:12.847,417.13196572533377,102
2024-09-16 10:24:12.900,417.1238308618005,98
2024-09-16 10:24:13.859,417.1528228524456,13
2024-09-16 10:24:13.942,417.1499867084856,15
2024-09-16 10:24:14.842,417.12055166709655,10
2024-09-16 10:24:15.011,417.1927268378479,102
2024-09-16 10:24:15.044,417.1923750745456,11
2024-09-16 10:24:15.081,417.1930869426319,10
2024-09-16 10:24:15.083,417.1342728817505,1005
2024-09-16 10:24:15.191,417.1938956632401,99
2024-09-16 10:24:15.206,417.1805009456007,7
2024-09-16 10:24:15.353,417.184177206641,11
2024-09-16 10:24:15.379,417.16846381752754,1004
2024-09-16 10:24:15.400,417.1901406977344,103
2024-09-16 10:24:15.428,417.1862936618005,998
2024-09-16 10:24:15.431,417.20512883239786,998
2024-09-16 10:24:15.446,417.2041249327668,5
2024-09-16 10:24:15.562,,12
2024-09-16 10:24:15.585,417.12922596652,97
2024-09-16 10:24:15.586,417.2050896368811,11
2024-09-16 10:24:15.603,417.2045652432317,996
2024-09-16 10:24:15.606,417.1492226129647,5
2024-09-16 10:24:15.630,417.1922003307156,105
2024-09-16 10:24:15.683,417.1623214662248,995
2024-09-16 10:24:15.738,417.1847046056547,5
2024-09-16 10:24:15.755,417.20169728832457,97
2024-09-16 10:24:15.782,417.1757538042118,15
2024-09-16 10:24:15.917,417.2086363364859,103
2024-09-16 10:24:15.948,417.1440489475335,995
2024-09-16 10:24:15.950,417.1769098453421,8
2024-09-16 10:24:15.997,417.189294664701,102
2024-09-16 10:24:16.316,417.2078132115019,15
2024-09-16 10:24:17.412,417.2265122182037,14
2024-09-16 10:24:17.921,417.220500813555,6
2024-09-16 10:24:18.003,417.2264827536054,95
2024-09-16 10:24:18.018,417.2586445556301,998
2024-09-16 10:24:18.040,417.2580049324055,1002
2024-09-16 10:24:18.065,417.2599352065416,98
2024-09-16 10:24:18.088,417.22615507413815,9
2024-09-16 10:24:18.140,417.27594410163056,1002
2024-09-16 10:24:18.151,417.2630259276169,1004
2024-09-16 10:24:18.213,417.2423312345203,1002
2024-09-16 10:24:18.360,417.2891444733112,13
2024-09-16 10:24:18.494,417.2973574022214,9
2024-09-16 10:24:18.553,417.2424494308309,100
2024-09-16 10:24:18.602,417.2725365754429,102
2024-09-16 10:24:18.722,417.27198354529054,98
2024-09-16 10:24:18.755,417.2349045453888,10
2024-09-16 10:24:18.858,417.2481557827418,13
2024-09-16 10:24:18.922,417.232224151078,100
2024-09-16 10:24:18.990,417.2633791829742,105
2024-09-16 10:24:19.012,417.2440318847138,995
2024-09-16 10:24:19.063,417.2572562385694,1001
2024-09-16 10:24:19.139,417.2604339271324,100
2024-09-16 10:24:19.213,417.2446458757784,5
2024-09-16 10:24:19.285,417.2262380757732,13
2024-09-16 10:24:19.412,417.2531410392825,103
2024-09-16 10:24:19.455,417.26977423717017,105
2024-09-16 10:24:19.540,417.2523191199219,104
2024-09-16 10:24:19.584,417.2391409266261,13
2024-09-16 10:24:19.611,417.2394125589777,98
2024-09-16 10:24:19.708,417.2534917297524,9
2024-09-16 10:24:19.878,417.25652967714586,12
2024-09-16 10:24:19.893,417.2387782211512,998
2024-09-16 10:24:20.059,417.19756148998704,104
2024-09-16 10:24:20.124,417.2149077790372,1003
2024-09-16 10:24:20.129,417.2473833543621,103
2024-09-16 10:24:20.130,417.1894346626214,1002
2024-09-16 10:24:20.143,417.2205413663665,1004
2024-09-16 10:24:20.179,417.1894753335179,998
2024-09-16 10:24:20.226,417.1758072046108,13
2024-09-16 10:24:20.257,417.2312295497324,8
2024-09-16 10:24:20.439,417.2254725331447,1005
2024-09-16 10:24:20.439,417.1764380911415,995
2024-09-16 10:24:20.440,417.2354940304177,1000
2024-09-16 10:24:20.544,417.2442378613097,10
2024-09-16 10:24:20.585,417.2198621561746,96
2024-09-16 10:24:20.702,417.21862939789145,998
2024-09-16 10:24:20.731,417.1904004505384,13
2024-09-16 10:24:20.771,417.2475324497626,6
2024-09-16 10:24:20.779,417.2236554425247,10
2024-09-16 10:24:20.840,417.1866993842173,97
2024-09-16 10:24:20.864,417.23707533847625,14
2024-09-16 10:24:21.067,417.2727855889115,999
2024-09-16 10:24:21.167,417.2608308166064,6
2024-09-16 10:24:21.173,417.2536835405383,6
2024-09-16 10:24:21.229,417.26214674680097,103
2024-09-16 10:24:21.286,417.26306225474207,104
2024-09-16 10:24:21.438,417.2621028878182,6
2024-09-16 10:24:21.458,417.25956953201353,101
2024-09-16 10:24:21.487,417.2351030064332,995
2024-09-16 10:24:21.527,417.2085090665087,99
2024-09-16 10:24:21.527,417.2814550128552,1003
2024-09-16 10:24:21.541,417.2771557924141,1001
2024-09-16 10:24:21.598,417.2571207013701,8
2024-09-16 10:24:21.722,417.25781630300094,100
2024-09-16 10:24:21.974,417.2880026783673,10
2024-09-16 10:24:21.980,417.2808753831901,1000
2024-09-16 10:24:22.016,417.2538487112603,8
2024-09-16 10:24:22.327,417.2538714425893,1004
2024-09-16 10:24:22.375,417.26368410536406,104
2024-09-16 10:24:22.398,417.23951146561967,104
2024-09-16 10:24:22.410,417.2551760629092,97
2024-09-16 10:24:22.462,417.2335947474908,7
2024-09-16 10:24:22.610,417.23949950942153,105
2024-09-16 10:24:22.793,417.2760705541763,97
2024-09-16 10:24:22.802,417.268927323325,9
2024-09-16 10:24:23.027,417.2306277014177,102
2024-09-16 10:24:23.039,417.23616623460856,105
2024-09-16 10:24:23.066,417.2422171022019,13
2024-09-16 10:24:23.116,417.2704545607363,95
2024-09-16 10:24:23.135,417.2558196084796,1003
2024-09-16 10:24:23.179,417.2319689642741,1003
2024-09-16 10:24:23.244,417.270425205502,95
2024-09-16 10:24:23.259,417.25618930977697,100
2024-09-16 10:24:23.280,417.26963924034175,100
2024-09-16 10:24:23.400,417.2529623489343,10
2024-09-16 10:24:23.432,417.2579372015277,14
2024-09-16 10:24:23.448,417.2672378784292,8
2024-09-16 10:24:23.455,417.2567092369743,100
2024-09-16 10:24:23.482,417.2691699506147,1001
2024-09-16 10:24:23.517,417.23178394192126,1004
2024-09-16 10:24:23.595,417.23971520431314,101
2024-09-16 10:24:23.654,417.2521667130744,10
2024-09-16 10:24:23.712,417.2287356133956,999
2024-09-16 10:24:23.822,417.2354491219125,12
2024-09-16 10:24:23.874,417.2358327842462,15
2024-09-16 10:24:23.891,417.2146353639226,14
2024-09-16 10:24:23.896,417.2416308906571,12
2024-09-16 10:24:23.965,417.2250187572208,7
2024-09-16 10:24:23.974,417.2378657987587,103
2024-09-16 10:24:24.655,417.2630943393591,99
2024-09-16 10:24:25.014,417.2874833533454,7
2024-09-16 10:24:25.073,417.2572016871715,105
2024-09-16 10:24:25.077,417.25354898642297,95
2024-09-16 10:24:25.157,417.3457082215749,996
2024-09-16 10:24:25.222,417.3574467319638,99
2024-09-16 10:24:25.269,417.291683203384,103
2024-09-16 10:24:25.292,417.2799856978784,12
2024-09-16 10:24:25.395,417.2811378050688,102
2024-09-16 10:24:25.408,417.3121732488337,999
2024-09-16 10:24:25.436,417.3422693775318,999
2024-09-16 10:24:25.521,417.3235491237248,13
2024-09-16 10:24:25.613,417.3300679590216,95
2024-09-16 10:24:25.680,417.2943162425399,15
2024-09-16 10:24:25.733,417.3222857998125,1002
2024-09-16 10:24:25.767,417.2854754001367,996
2024-09-16 10:24:25.827,417.3111091610616,999
2024-09-16 10:24:25.857,417.29922132387753,995
2024-09-16 10:24:25.866,417.3697543479663,995
2024-09-16 10:24:25.886,417.2603805951232,14
2024-09-16 10:24:25.911,417.2697808127567,12
2024-09-16 10:24:25.954,417.3609617997372,998
2024-09-16 10:24:25.958,417.3675310733714,102
2024-09-16 10:24:25.974,417.3583977301012,97
2024-09-16 10:24:25.999,417.3217891978798,12
2024-09-16 10:24:26.004,417.3108164203943,11
2024-09-16 10:24:26.040,417.3345863126516,8
2024-09-16 10:24:26.085,417.3274425693383,11
2024-09-16 10:24:26.088,417.300474256484,1003
2024-09-16 10:24:26.151,417.3606654101552,997
2024-09-16 10:24:26.153,417.3583476224034,5
2024-09-16 10:24:26.177,417.41961779586666,105
2024-09-16 10:24:26.206,417.3103350151469,15
2024-09-16 10:24:26.267,417.3439645611254,100
2024-09-16 10:24:26.275,417.3953171066752,12
2024-09-16 10:24:26.282,417.3452273732515,13
2024-09-16 10:24:26.353,417.38898706890194,996
2024-09-16 10:24:26.371,417.3749439932385,95
2024-09-16 10:24:26.381,417.3168995306828,14
2024-09-16 10:24:26.416,417.361186358809,1001
2024-09-16 10:24:26.418,417.3373073104915,997
2024-09-16 10:24:26.450,417.3275322541527,14
2024-09-16 10:24:26.475,417.3983908183567,100
2024-09-16 10:24:26.498,417.31451000931554,101
2024-09-16 10:24:26.657,417.32056004995735,103
2024-09-16 10:24:26.699,417.3369469210633,97
2024-09-16 10:24:26.711,417.402485511249,7
2024-09-16 10:24:26.783,417.3129241406609,14
2024-09-16 10:24:26.838,417.3286386396844,14
2024-09-16 10:24:26.851,417.3109940243189,98
2024-09-16 10:24:26.891,417.31655139483934,995
2024-09-16 10:24:26.908,417.40647004269016,7
2024-09-16 10:24:26.997,417.3809249071624,12
2024-09-16 10:24:27.030,417.3150267392208,7
2024-09-16 10:24:27.117,417.409986395924,5
2024-09-16 10:24:27.143,417.3501361682712,1004
2024-09-16 10:24:27.161,417.37303312453975,96
2024-09-16 10:24:27.239,417.40235129039183,5
2024-09-16 10:24:27.285,417.401450017764,99
2024-09-16 10:24:27.334,417.3240486256584,105
2024-09-16 10:24:27.392,417.40210546282697,104
2024-09-16 10:24:27.402,417.3694042685077,14
2024-09-16 10:24:27.482,417.40140707963377,97
2024-09-16 10:24:27.573,417.3666107300842,95
2024-09-16 10:24:27.599,417.3544565794882,5
2024-09-16 10:24:27.607,417.4021478400082,95
2024-09-16 10:24:27.631,417.396265644554,995
2024-09-16 10:24:27.655,417.3900604489186,999
2024-09-16 10:24:27.670,417.3822894451603,13
2024-09-16 10:24:27.673,417.410577777138,1000
2024-09-16 10:24:27.687,417.3843929072718,1005
2024-09-16 10:24:27.693,417.400751375049,9
2024-09-16 10:24:27.719,417.4063749658425,14
2024-09-16 10:24:27.719,417.3513405711249,104
2024-09-16 10:24:29.179,417.3363212724148,95
2024-09-16 10:24:29.710,417.3520736823618,9
2024-09-16 10:24:29.823,417.3703905171136,1000
2024-09-16 10:24:30.030,417.39027957155406,9
2024-09-16 10:24:30.034,417.42425269611823,9
2024-09-16 10:24:30.062,417.41817283980976,100
2024-09-16 10:24:30.077,417.4098378363888,1004
2024-09-16 10:24:30.115,417.3710434425357,1000
2024-09-16 10:24:30.172,417.4033161929152,1004
2024-09-16 10:24:30.237,417.41648672240143,100
2024-09-16 10:24:30.253,417.369358679273,96
2024-09-16 10:24:30.275,417.4255495015452,997
2024-09-16 10:24:30.289,417.4065339262053,95
2024-09-16 10:24:30.337,41.74140339118711,11
2024-09-16 10:24:30.395,417.3751004014881,104
2024-09-16 10:24:30.398,417.3543550574185,15
2024-09-16 10:24:30.449,417.33787675839966,96
2024-09-16 10:24:30.469,417.3623639200854,5
2024-09-16 10:24:30.626,417.3812848017562,13
2024-09-16 10:24:30.627,417.34853951625513,99
2024-09-16 10:24:30.638,417.3424921192664,9
2024-09-16 10:24:30.653,417.4051819399296,12
2024-09-16 10:24:30.687,417.3854189046243,7
2024-09-16 10:24:30.725,417.394892384326,98
2024-09-16 10:24:30.726,417.4102438350676,11
2024-09-16 10:24:30.742,417.3504666892736,6
2024-09-16 10:24:30.791,417.3608194100474,1002
2024-09-16 10:24:30.811,41.73602616787425,102
2024-09-16 10:24:30.828,417.3584906543287,103
2024-09-16 10:24:30.830,417.4192832513776,11
2024-09-16 10:24:30.848,417.393525055225,104
2024-09-16 10:24:30.944,417.3960699030071,1001
2024-09-16 10:24:30.984,417.3763209704024,103
2024-09-16 10:24:31.057,417.379263363475,12
2024-09-16 10:24:31.129,417.3788466487653,1002
2024-09-16 10:24:31.144,417.4148692993165,1003
2024-09-16 10:24:31.222,417.3920924792485,1000
2024-09-16 10:24:31.223,417.3921284887232,97
2024-09-16 10:24:31.261,417.40455712225,99
2024-09-16 10:24:31.262,417.3774704917146,1005
2024-09-16 10:24:31.280,417.38719187684205,14
2024-09-16 10:24:31.286,417.3989527720443,1004
2024-09-16 10:24:31.346,417.4041926792483,1004
2024-09-16 10:24:31.404,417.3694747081959,1004
2024-09-16 10:24:31.540,417.3875095043518,1005
2024-09-16 10:24:31.548,417.4186272100891,14
2024-09-16 10:24:33.003,417.40648945748256,998
2024-09-16 10:24:33.091,417.3967498043116,1001
2024-09-16 10:24:33.098,417.4225452905749,100
2024-09-16 10:24:33.149,417.4178485358181,1002
2024-09-16 10:24:33.300,417.39200034803616,98
2024-09-16 10:24:33.369,417.41570786739805,995
2024-09-16 10:24:33.498,417.3875228402257,5
2024-09-16 10:24:33.501,417.3900467198468,101
2024-09-16 10:24:33.596,417.4186695790617,995
2024-09-16 10:24:33.649,417.4119560630265,102
2024-09-16 10:24:33.712,417.4247955564328,7
2024-09-16 10:24:33.986,417.400845753102,104
2024-09-16 10:24:33.991,417.4138425670832,105
2024-09-16 10:24:34.057,,5
2024-09-16 10:24:34.175,417.44402061982186,1002
2024-09-16 10:24:34.180,417.43850476384415,996
2024-09-16 10:24:34.193,417.4682068177999,103
2024-09-16 10:24:34.215,417.4722352815255,997
2024-09-16 10:24:34.312,417.4234983757629,1001
2024-09-16 10:24:34.336,417.433968486534,11
2024-09-16 10:24:34.356,417.44714211879887,103
2024-09-16 10:24:34.384,417.4660658163819,1003
2024-09-16 10:24:34.495,417.4361357793627,1005
2024-09-16 10:24:34.559,417.4316407584767,10
2024-09-16 10:24:34.643,417.4447680357085,1000
2024-09-16 10:24:34.663,417.4299224262708,13
2024-09-16 10:24:34.726,417.4260171542308,7
2024-09-16 10:24:34.807,417.4498293128072,15
2024-09-16 10:24:35.035,417.4874542085767,12
2024-09-16 10:24:35.061,41.74721208927542,99
2024-09-16 10:24:35.077,417.4895034398822,995
2024-09-16 10:24:35.109,417.494663359373,995
2024-09-16 10:24:35.218,-417.4599836679131,1005
2024-09-16 10:24:35.261,417.43319892725,15
2024-09-16 10:24:35.455,417.5048409381133,104
2024-09-16 10:24:35.466,417.49867131783344,101
2024-09-16 10:24:35.538,417.49348732984754,12
2024-09-16 10:24:35.565,417.5013236255288,1004
2024-09-16 10:24:35.627,417.51122628397167,12
2024-09-16 10:24:35.643,417.50652796845134,104
2024-09-16 10:24:35.664,417.49669949783,95
2024-09-16 10:24:35.758,417.4717223512969,99
2024-09-16 10:24:35.775,417.49966035728414,7
2024-09-16 10:24:35.788,417.4933423045295,9
2024-09-16 10:24:35.909,417.4681033441251,95
2024-09-16 10:24:35.956,417.4586197713975,996
2024-09-16 10:24:35.986,417.49518416474257,15
2024-09-16 10:24:35.987,417.468197266621,999
2024-09-16 10:24:35.989,417.48578933878827,1000
2024-09-16 10:24:36.312,417.43838898985496,98
2024-09-16 10:24:36.466,417.4754361088861,7
2024-09-16 10:24:36.474,417.4693916988371,10
2024-09-16 10:24:36.613,417.4701746609051,14
2024-09-16 10:24:36.629,417.4532133281372,1001
2024-09-16 10:24:36.637,417.4730020617457,1003
2024-09-16 10:24:36.642,417.44774904104537,1003
2024-09-16 10:24:36.688,417.4397985162611,997
2024-09-16 10:24:36.726,417.45062879928025,15
2024-09-16 10:24:36.795,417.4472157373714,1005
2024-09-16 10:24:36.804,417.4640488895578,99
2024-09-16 10:24:36.850,417.4384859808407,11
2024-09-16 10:24:36.939,417.45784346480616,14
2024-09-16 10:24:37.028,417.4196878254015,996
2024-09-16 10:24:37.051,417.4455906309355,9
2024-09-16 10:24:37.055,417.42256918250393,997
2024-09-16 10:24:37.055,417.4361460972807,105
2024-09-16 10:24:37.113,417.4429857335448,6
2024-09-16 10:24:37.140,417.4611869385735,10
2024-09-16 10:24:37.144,417.4230278220053,12
2024-09-16 10:24:37.156,417.4134096910444,102
2024-09-16 10:24:37.186,417.45843380539833,12
2024-09-16 10:24:37.231,417.4327739295207,5
2024-09-16 10:24:37.249,417.4533582817177,1002
2024-09-16 10:24:37.288,417.47400594517785,7
2024-09-16 10:24:37.305,417.4404713822148,5
2024-09-16 10:24:37.513,417.4682189375768,997
2024-09-16 10:24:37.546,417.4602497591883,1004
2024-09-16 10:24:37.561,417.4283482615647,997
2024-09-16 10:24:37.566,417.458177220824,1003
2024-09-16 10:24:37.621,417.44428593133176,5
2024-09-16 10:24:37.678,417.4535700627398,1003
2024-09-16 10:24:37.680,417.4310658031464,104
2024-09-16 10:24:37.748,417.4481827696016,5
2024-09-16 10:24:37.814,417.4264052668282,1005
2024-09-16 10:24:37.837,417.4417079082493,999
2024-09-16 10:24:37.839,417.426421376825,1003
2024-09-16 10:24:37.885,417.4538406145452,12
2024-09-16 10:24:37.938,417.4247812260136,1005
2024-09-16 10:24:37.943,417.4545778579843,13
2024-09-16 10:24:38.001,417.4868907804482,95
2024-09-16 10:24:38.025,417.4616244583508,101
2024-09-16 10:24:38.121,417.4961251537802,96
2024-09-16 10:24:38.158,417.4688194910973,1001
2024-09-16 10:24:38.230,417.4769038056515,1003
2024-09-16 10:24:38.240,417.4951487426501,999
2024-09-16 10:24:38.304,417.4740522280543,7
2024-09-16 10:24:38.315,417.4913605556796,96
2024-09-16 10:24:38.386,417.4576199502708,99
2024-09-16 10:24:38.459,417.463936199774,9
2024-09-16 10:24:38.659,417.4536491554996,1001
2024-09-16 10:24:38.686,417.4882528303672,1004
2024-09-16 10:24:38.699,417.4878502349965,1003
2024-09-16 10:24:38.735,417.46557984749865,95
2024-09-16 10:24:38.747,417.4506007802472,8
2024-09-16 10:24:38.798,417.4588488717776,99
2024-09-16 10:24:38.817,417.5047152810951,102
2024-09-16 10:24:38.884,417.4795850475057,11
2024-09-16 10:24:38.951,417.4765466756446,997
2024-09-16 10:24:39.364,417.477019676072,98
2024-09-16 10:24:39.574,417.4912294797082,102
2024-09-16 10:24:40.204,-417.47140679758655,12
2024-09-16 10:24:40.988,417.46120240280544,96
2024-09-16 10:24:41.069,417.4881322481455,97
2024-09-16 10:24:41.073,417.4883319920244,995
2024-09-16 10:24:41.263,417.4956409789956,999
2024-09-16 10:24:41.306,417.4555898911706,1005
2024-09-16 10:24:41.446,417.4685424863867,101
2024-09-16 10:24:41.553,417.5036178686616,99
2024-09-16 10:24:41.793,,996
2024-09-16 10:24:41.949,417.4790137238574,5
2024-09-16 10:24:42.064,,12
2024-09-16 10:24:42.183,417.510140368959,10
2024-09-16 10:24:42.833,417.4928519550553,95
2024-09-16 10:24:42.875,417.5037993167768,998
2024-09-16 10:24:42.933,417.4918574500269,104
2024-09-16 10:24:43.087,417.51722239479807,103
2024-09-16 10:24:43.132,417.5129163756778,1001
2024-09-16 10:24:43.152,417.46599187533707,13
2024-09-16 10:24:43.170,417.4788774263605,1004
2024-09-16 10:24:43.195,417.5180660721389,15
2024-09-16 10:24:43.198,-417.4971344552153,6
2024-09-16 10:24:43.282,417.5013620015893,104
2024-09-16 10:24:43.306,417.47488217637846,98
2024-09-16 10:24:43.310,41.74855167413477,1002
2024-09-16 10:24:43.314,417.4681106187376,1002
2024-09-16 10:24:43.336,417.46547608353313,97
2024-09-16 10:24:43.386,417.5141808627766,997
2024-09-16 10:24:43.447,417.47850499888096,1001
2024-09-16 10:24:43.467,417.47328351158734,96
2024-09-16 10:24:43.541,417.4879499559947,1003
2024-09-16 10:24:43.546,417.4861239583612,96
2024-09-16 10:24:43.550,417.4774346869726,999
2024-09-16 10:24:43.704,417.50007283368006,13
2024-09-16 10:24:43.758,417.4834721341933,97
2024-09-16 10:24:43.767,417.4616069193291,10
2024-09-16 10:24:43.875,417.4958670895842,11
2024-09-16 10:24:43.922,417.45191612725415,101
2024-09-16 10:24:43.949,417.4960590856912,5
2024-09-16 10:24:43.965,417.4917373458563,999
2024-09-16 10:24:44.183,417.5208269120577,998
2024-09-16 10:24:44.206,417.5351242185972,10
2024-09-16 10:24:44.406,417.5134430228862,5
2024-09-16 10:24:44.497,417.5283152274612,998
2024-09-16 10:24:44.555,41.75097809496509,1005
2024-09-16 10:24:44.665,417.5250251648279,101
2024-09-16 10:24:44.757,417.5265903824738,96
2024-09-16 10:24:44.873,417.512878192257,102
2024-09-16 10:24:44.898,417.5133416233927,103
2024-09-16 10:24:44.906,417.5190665839482,5
2024-09-16 10:24:44.931,417.5333354269823,97
2024-09-16 10:24:44.953,417.5316087346078,7
2024-09-16 10:24:45.001,417.429068103757,97
2024-09-16 10:24:45.025,417.4729461288597,5
2024-09-16 10:24:45.068,417.4655495374923,7
2024-09-16 10:24:45.074,417.4693626001097,1001
2024-09-16 10:24:45.095,,1004
2024-09-16 10:24:45.244,417.5070220074418,99
2024-09-16 10:24:45.335,417.47215250066745,5
2024-09-16 10:24:45.335,417.4401178999403,1003
2024-09-16 10:24:45.352,417.4516806513925,1004
2024-09-16 10:24:45.427,417.4414602026226,14
2024-09-16 10:24:45.506,417.4539244174866,1003
2024-09-16 10:24:45.521,417.47855962337087,998
2024-09-16 10:24:45.568,417.4445060550703,997
2024-09-16 10:24:45.586,417.4372612657994,12
2024-09-16 10:24:45.597,417.4295488970757,15
2024-09-16 10:24:45.600,417.4760062139573,999
2024-09-16 10:24:45.619,417.41709286259,1002
2024-09-16 10:24:45.668,417.4221480193039,5
2024-09-16 10:24:45.897,417.4187459031726,1004
2024-09-16 10:24:45.987,417.4497972639515,15
2024-09-16 10:24:46.418,417.4669305131825,997
2024-09-16 10:24:47.132,417.5091984258123,99
2024-09-16 10:24:47.818,417.5139150603194,96
2024-09-16 10:24:47.863,417.5117767548269,13
2024-09-16 10:24:47.878,417.5093996923299,105
2024-09-16 10:24:47.959,417.5053141587397,8
2024-09-16 10:24:47.986,417.52144878372206,95
2024-09-16 10:24:47.996,417.51161797974106,6
2024-09-16 10:24:48.026,417.516743167042,99
2024-09-16 10:24:48.106,41.752404493585885,1002
2024-09-16 10:24:48.124,417.54426868256655,1001
2024-09-16 10:24:48.203,417.5248092187553,1004
2024-09-16 10:24:48.217,417.5106217007639,997
2024-09-16 10:24:48.223,417.5586055920157,7
2024-09-16 10:24:48.262,417.5385396433576,12
2024-09-16 10:24:48.283,417.53215175829536,95
2024-09-16 10:24:48.302,417.55602836871327,15
2024-09-16 10:24:48.303,417.5675710019484,6
2024-09-16 10:24:48.318,417.5311480106119,8
2024-09-16 10:24:48.362,417.5411061653045,14
2024-09-16 10:24:48.556,417.5249151090808,97
2024-09-16 10:24:48.642,417.5428179382307,104
2024-09-16 10:24:48.714,417.5044203183765,999
2024-09-16 10:24:48.741,417.5311400494388,98
2024-09-16 10:24:48.789,417.543369858931,98
2024-09-16 10:24:48.840,417.5480167571839,95
2024-09-16 10:24:48.903,417.5406831645568,6
2024-09-16 10:24:48.916,417.5200854961831,1004
2024-09-16 10:24:49.122,417.56826450571856,104
2024-09-16 10:24:50.298,417.5702915056702,1004
2024-09-16 10:24:50.378,417.5676432793591,95
2024-09-16 10:24:50.865,417.5775374153667,13
2024-09-16 10:24:51.025,417.5899885822295,98
2024-09-16 10:24:51.049,-417.6421415408612,1004
2024-09-16 10:24:51.114,417.5581039093704,14
2024-09-16 10:24:51.126,417.6098464810085,96
2024-09-16 10:24:51.199,417.563136802762,1000
2024-09-16 10:24:51.249,417.608093228728,998
2024-09-16 10:24:51.250,417.55916017680096,998
2024-09-16 10:24:51.290,417.6090719916323,1004
2024-09-16 10:24:51.295,417.5700758963817,6
2024-09-16 10:24:51.299,417.6162483383803,995
2024-09-16 10:24:51.323,417.5937773982879,14
2024-09-16 10:24:51.331,417.5838629718723,997
2024-09-16 10:24:51.433,417.57093284000825,7
2024-09-16 10:24:51.512,417.6262020779853,104
2024-09-16 10:24:51.523,417.5715032263752,995
2024-09-16 10:24:51.577,417.5654382184169,15
2024-09-16 10:24:51.632,417.6115021090092,999
2024-09-16 10:24:51.711,417.5733101653189,1003
2024-09-16 10:24:51.743,417.6128730476343,98
2024-09-16 10:24:51.764,417.6002083301756,1003
2024-09-16 10:24:51.837,417.5921791416278,95
2024-09-16 10:24:51.886,417.60060503659446,103
2024-09-16 10:24:51.889,417.60247067778727,103
2024-09-16 10:24:51.932,417.6060324996549,104
2024-09-16 10:24:52.072,417.6226580458716,8
2024-09-16 10:24:52.082,417.5798915709411,99
2024-09-16 10:24:52.147,417.5690255427582,97
2024-09-16 10:24:52.168,417.5865032696775,6
2024-09-16 10:24:52.174,417.59153010773736,96
2024-09-16 10:24:52.221,417.60068083965433,1002
2024-09-16 10:24:52.287,417.5785816199116,105
2024-09-16 10:24:52.414,41.75789030686835,103
2024-09-16 10:24:52.443,417.5849199402879,11
2024-09-16 10:24:52.596,417.59886016013473,102
2024-09-16 10:24:52.626,-417.6202569693176,1005
2024-09-16 10:24:52.734,417.5977510859194,9
2024-09-16 10:24:52.750,417.5855117858709,995
2024-09-16 10:24:52.851,417.6316699677689,11
2024-09-16 10:24:53.623,417.6563819008567,98
2024-09-16 10:24:53.657,417.65561525077953,99
2024-09-16 10:24:53.972,417.65345897133017,101
2024-09-16 10:24:54.157,417.6123357972256,1003
2024-09-16 10:24:54.179,417.6343489487254,105
2024-09-16 10:24:54.187,417.6461223419437,7
2024-09-16 10:24:54.494,417.6254408087973,5
2024-09-16 10:24:54.570,417.6238943999453,96
2024-09-16 10:24:54.579,41.76091956339977,8
2024-09-16 10:24:54.689,417.616404209338,10
2024-09-16 10:24:54.750,417.6112250254321,99
2024-09-16 10:24:54.796,417.62965757949104,1001
2024-09-16 10:24:54.797,,995
2024-09-16 10:24:54.818,417.63066682833227,9
2024-09-16 10:24:54.836,417.6123142426629,101
2024-09-16 10:24:55.008,417.7192687452792,996
2024-09-16 10:24:55.018,417.6220220359138,95
2024-09-16 10:24:55.113,417.6937957332247,1002
2024-09-16 10:24:55.170,417.6994782159754,995
2024-09-16 10:24:55.208,417.69764431474863,5
2024-09-16 10:24:55.232,417.7022434629641,96
2024-09-16 10:24:55.270,417.6998103121072,6
2024-09-16 10:24:55.321,417.6409390938153,10
2024-09-16 10:24:55.342,417.6808144556891,997
2024-09-16 10:24:55.349,417.71998569899085,1004
2024-09-16 10:24:55.398,417.6280015645746,105
2024-09-16 10:24:55.432,417.70254283461816,1003
2024-09-16 10:24:55.510,417.7259414689808,1001
2024-09-16 10:24:55.542,417.61291490959536,1002
2024-09-16 10:24:55.564,417.7090671782222,1004
2024-09-16 10:24:55.620,417.7105503233868,99
2024-09-16 10:24:55.672,417.62588134486987,102
2024-09-16 10:24:55.681,417.6108123387977,998
2024-09-16 10:24:55.752,417.6385908062128,101
2024-09-16 10:24:55.770,417.6888909178105,12
2024-09-16 10:24:55.832,417.6366162029661,1002
2024-09-16 10:24:55.835,417.6611230979551,8
2024-09-16 10:24:55.837,417.7163831898904,6
2024-09-16 10:24:55.918,417.7136856560149,14
2024-09-16 10:24:55.942,417.6925271254351,996
2024-09-16 10:24:55.955,417.6833451272463,100
2024-09-16 10:24:56.104,417.7123768554356,15
2024-09-16 10:24:56.348,417.7170901640094,98
2024-09-16 10:24:56.370,417.7103184492372,95
2024-09-16 10:24:56.425,417.7287171640696,997
2024-09-16 10:24:56.436,417.71114424763255,98
2024-09-16 10:24:56.705,417.7310141909248,996
2024-09-16 10:24:56.759,417.7212388259341,96
2024-09-16 10:24:56.817,417.723960585984,9
2024-09-16 10:24:56.863,417.73957069891975,7
2024-09-16 10:24:56.941,417.7324980252539,96
2024-09-16 10:24:56.990,,1000
2024-09-16 10:24:57.057,417.7259117600729,995
2024-09-16 10:24:57.081,417.70856878308814,8
2024-09-16 10:24:57.107,417.6464038319842,14
2024-09-16 10:24:57.111,417.6436924959456,1005
2024-09-16 10:24:57.157,417.6907995260386,997
2024-09-16 10:24:57.169,417.6836449439923,996
2024-09-16 10:24:57.217,417.6908105329487,1004
2024-09-16 10:24:57.223,417.6490938522624,7
2024-09-16 10:24:57.256,417.7143465669192,997
2024-09-16 10:24:57.303,417.6948277264439,95
2024-09-16 10:24:57.371,417.70117518974047,15
2024-09-16 10:24:57.424,417.7138431279428,999
2024-09-16 10:24:57.466,417.699137286849,98
2024-09-16 10:24:57.583,417.6861932576451,1004
2024-09-16 10:24:57.605,417.6865332073404,104
2024-09-16 10:24:57.697,417.6506823512517,9
2024-09-16 10:24:57.722,417.6806791862162,105
2024-09-16 10:24:57.759,417.7073480516792,1001
2024-09-16 10:24:57.759,417.6595048830531,104
2024-09-16 10:24:57.764,417.6940730820536,7
2024-09-16 10:24:57.768,417.713059570678,13
2024-09-16 10:24:57.800,417.6897775062124,97
2024-09-16 10:24:57.858,417.6710427341041,102
2024-09-16 10:24:57.859,417.68480567566,999
2024-09-16 10:24:57.866,417.6980296898961,9
2024-09-16 10:24:57.868,417.67119315397167,95
2024-09-16 10:24:57.903,417.6655799937101,103
2024-09-16 10:24:58.059,417.69638697141386,102
2024-09-16 10:24:58.084,417.75941483588525,999
2024-09-16 10:24:58.258,,995
2024-09-16 10:24:58.483,417.7213130519699,95
2024-09-16 10:24:58.527,417.72200147586784,1003
2024-09-16 10:24:58.597,417.7533905548301,6
2024-09-16 10:24:58.635,417.721357528403,1004
2024-09-16 10:24:58.777,417.7103612960863,13
2024-09-16 10:24:58.853,417.72965629314587,13
2024-09-16 10:24:58.931,,13
2024-09-16 10:24:58.959,417.6992339452036,998
2024-09-16 10:24:58.989,417.7771590671508,996
2024-09-16 10:24:59.041,417.79164797387466,995
2024-09-16 10:24:59.075,-417.806810112818,1003
2024-09-16 10:24:59.150,417.7862638193666,1003
2024-09-16 10:24:59.174,417.7764245224786,102
2024-09-16 10:24:59.223,417.8105054281099,999
2024-09-16 10:24:59.285,417.8063543009111,995
2024-09-16 10:24:59.360,417.8023791428381,999
2024-09-16 10:24:59.372,417.7860495137887,7
2024-09-16 10:24:59.383,417.7848117724209,102
2024-09-16 10:24:59.419,417.8029093833854,6
2024-09-16 10:24:59.421,417.7967792989605,13
2024-09-16 10:24:59.421,417.80898795431006,999
2024-09-16 10:24:59.423,,96
2024-09-16 10:24:59.426,417.774074037683,102
2024-09-16 10:24:59.550,417.8024748673541,97
2024-09-16 10:24:59.561,417.829585295757,95
2024-09-16 10:24:59.562,417.7741027370216,103
2024-09-16 10:24:59.575,417.8068830719285,1004
2024-09-16 10:24:59.577,417.8086397598017,99
2024-09-16 10:24:59.653,417.7906978073834,102
2024-09-16 10:24:59.658,417.8048398065524,96
2024-09-16 10:24:59.666,417.79005143718007,95
2024-09-16 10:24:59.727,417.80958841301833,7
2024-09-16 10:24:59.783,417.8069805021815,104
2024-09-16 10:24:59.786,417.8116436859382,1003
2024-09-16 10:24:59.827,417.81047265417,5
2024-09-16 10:24:59.862,417.79786788136687,10
2024-09-16 10:24:59.952,417.79065288359664,10
2024-09-16 10:24:59.956,417.80612701706326,999
2024-09-16 10:24:59.967,417.7980444489432,1003
