Timestamp,Price,Size
2024-09-17 14:14:00.040,403.1196008108061,11
2024-09-17 14:14:00.118,403.1360318279631,6
2024-09-17 14:14:00.121,403.13350890023366,96
2024-09-17 14:14:00.122,403.1372087726828,1005
2024-09-17 14:14:00.158,403.137340543352,15
2024-09-17 14:14:00.170,,1003
2024-09-17 14:14:00.198,403.13106196290335,7
2024-09-17 14:14:00.249,403.1358863248642,995
2024-09-17 14:14:00.285,403.1456956263844,100
2024-09-17 14:14:00.353,403.1318355389368,1001
2024-09-17 14:14:00.445,403.134478581848,997
2024-09-17 14:14:00.524,403.15084657055337,5
2024-09-17 14:14:00.533,403.1261769636603,8
2024-09-17 14:14:00.577,403.12104915623263,15
2024-09-17 14:14:00.609,403.1423301936688,97
2024-09-17 14:14:00.662,403.1679565733127,1001
2024-09-17 14:14:00.683,403.152785686915,99
2024-09-17 14:14:00.687,403.1306267122144,103
2024-09-17 14:14:00.690,403.1409237576401,15
2024-09-17 14:14:00.755,403.15641718119286,1001
2024-09-17 14:14:00.766,403.1364836777517,9
2024-09-17 14:14:00.800,403.1451207819874,6
2024-09-17 14:14:00.807,,5
2024-09-17 14:14:00.920,403.1734106880716,95
2024-09-17 14:14:01.049,,9
2024-09-17 14:14:01.075,403.1373209614847,11
2024-09-17 14:14:01.109,403.1656942066555,1005
2024-09-17 14:14:01.134,403.1534793571561,13
2024-09-17 14:14:01.223,403.17491920517296,7
2024-09-17 14:14:01.640,403.13794515814647,13
2024-09-17 14:14:01.684,403.1612529781039,99
2024-09-17 14:14:03.007,403.1512521323707,100
2024-09-17 14:14:03.017,403.13604193836017,6
2024-09-17 14:14:03.025,403.1404179202353,101
2024-09-17 14:14:03.080,403.1610425227454,95
2024-09-17 14:14:03.090,403.1923436628989,998
2024-09-17 14:14:03.190,403.2024747013989,13
2024-09-17 14:14:03.287,403.1348209549053,1003
2024-09-17 14:14:03.317,403.1571290955695,997
2024-09-17 14:14:03.444,403.20324204141696,1004
2024-09-17 14:14:03.448,403.1453120298796,102
2024-09-17 14:14:03.477,403.1644309557583,102
2024-09-17 14:14:03.483,403.1956582306457,1002
2024-09-17 14:14:03.607,403.1852726236635,15
2024-09-17 14:14:03.627,403.1534941731898,995
2024-09-17 14:14:03.640,403.13946333638256,13
2024-09-17 14:14:03.655,403.1533010917346,998
2024-09-17 14:14:03.668,403.21590870434005,95
2024-09-17 14:14:03.672,403.1887856755837,1005
2024-09-17 14:14:03.683,403.1936934455438,5
2024-09-17 14:14:03.701,403.141405082853,9
2024-09-17 14:14:03.735,403.1475959328493,1005
2024-09-17 14:14:03.779,403.20026790099314,11
2024-09-17 14:14:03.794,403.1522647843138,13
2024-09-17 14:14:03.869,403.20797815553294,1003
2024-09-17 14:14:03.874,403.1459556222417,999
2024-09-17 14:14:03.893,403.1463937576345,9
2024-09-17 14:14:03.923,403.1398006958085,1000
2024-09-17 14:14:04.030,403.19798622529,105
2024-09-17 14:14:04.032,403.1196780260734,105
2024-09-17 14:14:04.212,403.1992187026983,11
2024-09-17 14:14:04.237,403.142388797012,95
2024-09-17 14:14:04.252,403.15578319921343,12
2024-09-17 14:14:04.280,403.1518082874287,999
2024-09-17 14:14:04.316,403.1879800487653,996
2024-09-17 14:14:04.396,403.1933827036888,103
2024-09-17 14:14:04.551,403.1976860674845,997
2024-09-17 14:14:04.551,403.1703727714388,1003
2024-09-17 14:14:04.653,403.1261844010794,1000
2024-09-17 14:14:04.707,403.1657825420712,13
2024-09-17 14:14:04.770,403.1541872206912,11
2024-09-17 14:14:04.836,403.1457158896426,1000
2024-09-17 14:14:04.871,403.2101131281939,1001
2024-09-17 14:14:04.910,403.1256951548042,1002
2024-09-17 14:14:04.981,403.18995774977645,998
2024-09-17 14:14:05.010,403.1286122116934,100
2024-09-17 14:14:05.013,403.10659574943526,102
2024-09-17 14:14:05.064,403.0883701834332,5
2024-09-17 14:14:05.085,403.0903556940048,5
2024-09-17 14:14:05.376,403.0883760289479,102
2024-09-17 14:14:05.388,403.1217677254849,105
2024-09-17 14:14:05.398,403.1033435909154,96
2024-09-17 14:14:05.486,403.0881603274408,1004
2024-09-17 14:14:05.635,403.0894117391285,95
2024-09-17 14:14:05.695,403.1020021597374,9
2024-09-17 14:14:06.031,403.15267108576825,6
2024-09-17 14:14:06.040,403.1544500729584,105
2024-09-17 14:14:06.076,403.0839329546298,98
2024-09-17 14:14:06.113,403.1395395562682,1004
2024-09-17 14:14:06.156,403.10661230398574,1001
2024-09-17 14:14:06.223,403.0723105452882,995
2024-09-17 14:14:06.313,403.157947384857,100
2024-09-17 14:14:06.376,403.0760418300944,102
2024-09-17 14:14:06.410,403.1038974442924,12
2024-09-17 14:14:06.541,403.1096609274709,995
2024-09-17 14:14:06.550,403.1499598153829,1001
2024-09-17 14:14:06.602,403.1522959098096,14
2024-09-17 14:14:06.743,403.1339786714309,996
2024-09-17 14:14:06.779,403.14214428178366,1005
2024-09-17 14:14:06.814,403.1545398264112,995
2024-09-17 14:14:06.972,403.12768803755694,5
2024-09-17 14:14:07.052,403.0482370499736,100
2024-09-17 14:14:07.140,403.0583210778449,1003
2024-09-17 14:14:07.149,403.05241501650295,1003
2024-09-17 14:14:07.190,403.04197816726605,99
2024-09-17 14:14:07.252,,9
2024-09-17 14:14:07.344,402.9910468984393,1002
2024-09-17 14:14:07.353,402.9937374071566,14
2024-09-17 14:14:07.440,403.0394235283719,101
2024-09-17 14:14:07.491,403.0589948918386,997
2024-09-17 14:14:07.548,-402.9999000330587,96
2024-09-17 14:14:07.591,403.0386916990067,996
2024-09-17 14:14:07.596,403.02736766956247,101
2024-09-17 14:14:07.601,403.06034505449855,8
2024-09-17 14:14:07.629,403.01261809407305,1002
2024-09-17 14:14:07.667,403.0269449689689,10
2024-09-17 14:14:07.691,403.0013074368933,14
2024-09-17 14:14:07.738,403.0277490468834,97
2024-09-17 14:14:07.773,403.03289398745534,102
2024-09-17 14:14:07.782,403.0012165525748,1001
2024-09-17 14:14:07.838,402.9966929303314,10
2024-09-17 14:14:07.862,403.044493040213,995
2024-09-17 14:14:07.922,403.03905138270073,1002
2024-09-17 14:14:07.948,403.04159360607537,6
2024-09-17 14:14:07.955,403.02729228098167,10
2024-09-17 14:14:07.977,403.0008475173152,8
2024-09-17 14:14:07.993,403.06036557846426,8
2024-09-17 14:14:07.997,403.0010311504664,100
2024-09-17 14:14:08.001,402.98585048095055,1002
2024-09-17 14:14:08.041,402.99065153762206,99
2024-09-17 14:14:08.061,402.95908820718734,1003
2024-09-17 14:14:08.108,402.9896106691771,1002
2024-09-17 14:14:08.181,402.99549748814246,102
2024-09-17 14:14:08.229,402.97098609783217,104
2024-09-17 14:14:08.288,402.97521802684,98
2024-09-17 14:14:08.299,402.9996988934288,105
2024-09-17 14:14:08.309,402.9590782979669,1000
2024-09-17 14:14:08.327,402.98845469909503,1001
2024-09-17 14:14:08.356,402.98038478242216,1002
2024-09-17 14:14:08.362,402.9932747307838,14
2024-09-17 14:14:08.394,402.98685136638414,5
2024-09-17 14:14:08.423,402.9631708625257,105
2024-09-17 14:14:08.472,402.9881465275601,996
2024-09-17 14:14:08.488,402.9838714679051,99
2024-09-17 14:14:08.567,402.9716378390185,100
2024-09-17 14:14:08.603,402.99658540522125,15
2024-09-17 14:14:08.651,402.9467094069934,97
2024-09-17 14:14:08.728,403.0110845090832,102
2024-09-17 14:14:08.758,402.99968183712616,6
2024-09-17 14:14:08.763,402.9981219147958,102
2024-09-17 14:14:08.996,402.97450901443176,1005
2024-09-17 14:14:09.088,402.9738624765971,99
2024-09-17 14:14:09.151,403.0019706093597,9
2024-09-17 14:14:09.185,403.0114932353405,1000
2024-09-17 14:14:09.374,402.9955940641233,96
2024-09-17 14:14:09.497,40.29782198274035,98
2024-09-17 14:14:09.498,402.9918654478855,9
2024-09-17 14:14:09.691,402.9859244331971,104
2024-09-17 14:14:09.750,402.9725033837288,998
2024-09-17 14:14:09.848,402.997457742088,12
2024-09-17 14:14:09.931,402.97366555460366,96
2024-09-17 14:14:09.973,403.0013550772467,102
2024-09-17 14:14:10.010,402.9841416806704,995
2024-09-17 14:14:10.161,402.9811123065907,5
2024-09-17 14:14:10.222,402.98601541036805,8
2024-09-17 14:14:10.255,403.0026592408629,102
2024-09-17 14:14:10.258,402.9572087731756,14
2024-09-17 14:14:10.300,402.9744884405536,98
2024-09-17 14:14:10.312,402.9753377161402,997
2024-09-17 14:14:10.313,40.29919324676375,98
2024-09-17 14:14:10.339,402.9721052159047,996
2024-09-17 14:14:10.348,402.99917789889,96
2024-09-17 14:14:10.477,402.97700055350646,997
2024-09-17 14:14:10.479,402.96211773619046,14
2024-09-17 14:14:10.575,402.9641773546461,13
2024-09-17 14:14:10.611,402.9874059853217,9
2024-09-17 14:14:10.679,403.007243441722,102
2024-09-17 14:14:10.780,402.9772477641317,1002
2024-09-17 14:14:10.805,402.9671874126444,8
2024-09-17 14:14:10.820,402.9847901648235,10
2024-09-17 14:14:11.040,402.9934304105941,104
2024-09-17 14:14:11.153,402.9773200050786,104
2024-09-17 14:14:11.180,402.9995110688683,1004
2024-09-17 14:14:11.322,402.9817086040164,15
2024-09-17 14:14:11.507,402.9753465834239,6
2024-09-17 14:14:11.567,403.00155797906575,104
2024-09-17 14:14:11.700,402.9908701088414,998
2024-09-17 14:14:11.716,402.9906548792269,12
2024-09-17 14:14:12.941,403.0048078434106,12
2024-09-17 14:14:13.060,-403.0149731974217,11
2024-09-17 14:14:13.169,403.01231304124406,1000
2024-09-17 14:14:13.175,403.0093490235453,996
2024-09-17 14:14:13.279,403.0176448419333,100
2024-09-17 14:14:13.361,403.0110427152115,998
2024-09-17 14:14:13.370,403.0258835375423,1004
2024-09-17 14:14:13.608,403.02098357797695,9
2024-09-17 14:14:13.615,403.00648134062,1005
2024-09-17 14:14:13.642,403.01709953368254,98
2024-09-17 14:14:13.651,403.0159102918704,98
2024-09-17 14:14:13.655,403.016167892343,1001
2024-09-17 14:14:13.693,403.0257418876345,105
2024-09-17 14:14:13.851,403.013115946975,104
2024-09-17 14:14:14.035,403.020933713677,12
2024-09-17 14:14:14.325,403.0318462778674,95
2024-09-17 14:14:14.606,403.035509676466,999
2024-09-17 14:14:15.021,403.0850757035912,99
2024-09-17 14:14:15.035,403.0654150815057,1005
2024-09-17 14:14:15.096,403.052653332069,1001
2024-09-17 14:14:15.259,402.96893194891607,13
2024-09-17 14:14:15.282,403.02411062751264,996
2024-09-17 14:14:15.334,402.9736016318924,996
2024-09-17 14:14:15.346,402.983291989184,8
2024-09-17 14:14:15.374,403.0015646219949,999
2024-09-17 14:14:15.382,403.0646921818855,7
2024-09-17 14:14:15.401,403.0146242979332,8
2024-09-17 14:14:15.509,403.083406783021,96
2024-09-17 14:14:15.543,403.0734553131736,996
2024-09-17 14:14:15.565,403.0919252622671,100
2024-09-17 14:14:15.606,402.9871455973402,998
2024-09-17 14:14:15.664,403.0704279928861,1002
2024-09-17 14:14:15.683,402.9881705039954,12
2024-09-17 14:14:15.799,403.02000595732727,14
2024-09-17 14:14:15.834,402.9762819933285,14
2024-09-17 14:14:15.901,403.0436478388312,11
2024-09-17 14:14:15.936,403.065886489709,102
2024-09-17 14:14:15.937,403.0606967014454,100
2024-09-17 14:14:15.939,402.97051380954247,101
2024-09-17 14:14:15.939,403.0158795185371,103
2024-09-17 14:14:15.944,403.0822049859696,999
2024-09-17 14:14:15.958,403.05044330919935,1003
2024-09-17 14:14:15.976,402.9815885917687,998
2024-09-17 14:14:15.989,403.0428389933932,5
2024-09-17 14:14:16.001,402.9502057724874,11
2024-09-17 14:14:16.026,402.9672157448391,100
2024-09-17 14:14:16.063,402.9478162771654,14
2024-09-17 14:14:16.096,402.9377302541086,98
2024-09-17 14:14:16.113,402.93819439649786,5
2024-09-17 14:14:16.124,402.9722243614469,6
2024-09-17 14:14:16.187,402.98706349080624,997
2024-09-17 14:14:16.191,403.00599575812254,104
2024-09-17 14:14:16.192,402.92970465313806,15
2024-09-17 14:14:16.197,402.9978198628204,9
2024-09-17 14:14:16.206,402.9756377409441,1004
2024-09-17 14:14:16.214,403.0002520369595,14
2024-09-17 14:14:16.279,402.9887060017368,1005
2024-09-17 14:14:16.292,402.92999190796513,13
2024-09-17 14:14:16.307,402.968031933337,7
2024-09-17 14:14:16.314,402.9237464172812,104
2024-09-17 14:14:16.475,402.9928425285181,1002
2024-09-17 14:14:16.499,402.97395479026585,12
2024-09-17 14:14:16.502,402.9448197658987,1003
2024-09-17 14:14:16.575,402.9657957826981,95
2024-09-17 14:14:16.615,402.9343607114403,5
2024-09-17 14:14:16.750,402.9580609285112,9
2024-09-17 14:14:16.767,402.96856832317104,12
2024-09-17 14:14:16.804,-402.9777692254522,97
2024-09-17 14:14:16.841,402.9486339666501,998
2024-09-17 14:14:16.877,402.9266854123927,10
2024-09-17 14:14:16.886,402.9325095196454,97
2024-09-17 14:14:16.984,402.9916733563593,1002
2024-09-17 14:14:17.039,402.9543046727572,8
2024-09-17 14:14:17.117,402.9727889458362,95
2024-09-17 14:14:17.136,402.9697808149048,5
2024-09-17 14:14:17.204,402.9396005303258,1005
2024-09-17 14:14:17.219,402.9479315361706,12
2024-09-17 14:14:17.254,402.9588451170711,1005
2024-09-17 14:14:17.378,402.9567970028319,97
2024-09-17 14:14:17.394,402.9650837427456,5
2024-09-17 14:14:17.425,402.983762089476,97
2024-09-17 14:14:17.444,402.9424524489029,98
2024-09-17 14:14:17.684,402.9486867584778,995
2024-09-17 14:14:17.690,402.9504436137341,1004
2024-09-17 14:14:17.694,402.98099341678005,100
2024-09-17 14:14:17.786,402.9582407646805,12
2024-09-17 14:14:18.023,402.9572295689383,996
2024-09-17 14:14:18.128,402.9484258964079,104
2024-09-17 14:14:18.143,402.961688961912,1000
2024-09-17 14:14:18.143,402.9732995145707,1002
2024-09-17 14:14:18.144,402.9628055385208,104
2024-09-17 14:14:18.229,402.9690913797031,102
2024-09-17 14:14:18.237,402.96837783395534,15
2024-09-17 14:14:18.273,402.98527845771,995
2024-09-17 14:14:18.280,402.97623764257816,102
2024-09-17 14:14:18.314,402.9614521557676,5
2024-09-17 14:14:18.330,402.95215388558273,15
2024-09-17 14:14:18.380,402.9564914324919,100
2024-09-17 14:14:18.437,402.97778563399,96
2024-09-17 14:14:18.455,402.9576334462085,104
2024-09-17 14:14:18.461,402.9548686006919,13
2024-09-17 14:14:18.540,402.96265392067306,103
2024-09-17 14:14:18.582,402.9666640016821,96
2024-09-17 14:14:18.587,402.980597255566,1004
2024-09-17 14:14:18.686,402.97260063380105,105
2024-09-17 14:14:18.708,402.9451747539825,105
2024-09-17 14:14:18.708,402.959708343126,1005
2024-09-17 14:14:18.720,402.9657660351767,95
2024-09-17 14:14:18.796,402.9551473222917,999
2024-09-17 14:14:18.796,402.9700515013627,999
2024-09-17 14:14:18.825,402.9588632212387,102
2024-09-17 14:14:18.883,402.9685690827764,103
2024-09-17 14:14:18.902,402.969354967366,100
2024-09-17 14:14:18.919,402.978968254626,100
2024-09-17 14:14:18.926,402.9498159431372,996
2024-09-17 14:14:18.962,402.9443127319525,5
2024-09-17 14:14:19.068,403.0034974128098,12
2024-09-17 14:14:19.106,403.0415319153576,1001
2024-09-17 14:14:19.222,402.9971426911352,97
2024-09-17 14:14:19.224,403.0131737942364,97
2024-09-17 14:14:19.231,403.0283924188796,14
2024-09-17 14:14:19.275,403.00660333972826,1005
2024-09-17 14:14:19.324,403.040048908035,15
2024-09-17 14:14:19.394,403.0089904330036,997
2024-09-17 14:14:19.402,403.0129010875641,7
2024-09-17 14:14:19.480,403.0065866134669,96
2024-09-17 14:14:19.604,403.00736953273577,8
2024-09-17 14:14:19.645,403.0636947707291,5
2024-09-17 14:14:19.688,403.0646523322495,998
2024-09-17 14:14:19.887,-403.0619692508901,12
2024-09-17 14:14:19.937,403.0320937971336,1001
2024-09-17 14:14:20.092,403.00803222459217,9
2024-09-17 14:14:20.100,,1001
2024-09-17 14:14:20.122,402.9587078210318,997
2024-09-17 14:14:20.155,403.0242983679999,7
2024-09-17 14:14:20.165,403.0336373402204,14
2024-09-17 14:14:20.187,403.03301571250313,105
2024-09-17 14:14:20.239,402.9535371171232,999
2024-09-17 14:14:20.316,402.9982080902623,102
2024-09-17 14:14:20.355,402.9338117325049,96
2024-09-17 14:14:20.357,402.9734747841002,96
2024-09-17 14:14:20.440,402.9670305301609,999
2024-09-17 14:14:20.570,402.9827402738086,104
2024-09-17 14:14:20.589,402.9742840751185,100
2024-09-17 14:14:20.680,403.0033413732224,1000
2024-09-17 14:14:20.815,402.97920486221904,11
2024-09-17 14:14:20.875,403.020770556756,997
2024-09-17 14:14:20.880,402.9723537715666,6
2024-09-17 14:14:20.999,402.99953095763567,996
2024-09-17 14:14:21.253,402.9107387070191,11
2024-09-17 14:14:21.298,402.8969449069365,997
2024-09-17 14:14:21.546,402.8871471213976,7
2024-09-17 14:14:21.627,402.91420162969126,13
2024-09-17 14:14:21.835,402.915694642482,1002
2024-09-17 14:14:22.062,402.9386635884878,10
2024-09-17 14:14:22.068,402.8971274141948,14
2024-09-17 14:14:22.396,402.9167172195581,1000
2024-09-17 14:14:22.460,402.9068233566471,15
2024-09-17 14:14:22.491,402.9124020696007,102
2024-09-17 14:14:22.715,402.9202727859723,9
2024-09-17 14:14:22.910,402.9199388865017,1000
2024-09-17 14:14:22.949,402.9239405188197,105
2024-09-17 14:14:23.022,402.9281238756213,14
2024-09-17 14:14:23.044,402.9128264983716,996
2024-09-17 14:14:23.050,402.91998133444486,1001
2024-09-17 14:14:23.083,402.9234138770643,97
2024-09-17 14:14:23.129,402.94118225075806,96
2024-09-17 14:14:23.161,402.94275818924285,15
2024-09-17 14:14:23.248,402.9165996332511,1002
2024-09-17 14:14:23.250,402.9275175545316,13
2024-09-17 14:14:23.350,402.94538390475816,999
2024-09-17 14:14:23.428,402.9364508092235,1002
2024-09-17 14:14:23.430,402.91455137453926,95
2024-09-17 14:14:23.445,402.959311366822,97
2024-09-17 14:14:23.465,402.929270172509,14
2024-09-17 14:14:23.508,402.9320229064769,102
2024-09-17 14:14:23.565,402.9596054139284,103
2024-09-17 14:14:23.623,402.9134564725786,13
2024-09-17 14:14:23.710,402.94929308042686,1005
2024-09-17 14:14:23.725,402.93833020461045,7
2024-09-17 14:14:23.725,402.9379493631705,6
2024-09-17 14:14:23.751,402.9328614263326,1004
2024-09-17 14:14:23.798,402.92030013172297,1000
2024-09-17 14:14:23.878,402.91366440459,102
2024-09-17 14:14:23.909,402.9473837712218,1003
2024-09-17 14:14:23.945,402.9425951007166,11
2024-09-17 14:14:23.961,402.9571307844772,6
2024-09-17 14:14:23.989,402.92500947742815,1001
2024-09-17 14:14:24.031,402.9938038140162,1002
2024-09-17 14:14:24.231,402.96614337405146,14
2024-09-17 14:14:24.311,,7
2024-09-17 14:14:24.343,402.98774784667086,1001
2024-09-17 14:14:24.366,402.959604602695,8
2024-09-17 14:14:24.387,402.9587477044619,97
2024-09-17 14:14:24.422,403.007521781017,8
2024-09-17 14:14:24.466,403.00724629280273,105
2024-09-17 14:14:24.565,402.9726683961094,12
2024-09-17 14:14:24.591,403.0097420805895,7
2024-09-17 14:14:24.700,402.9671727388344,101
2024-09-17 14:14:24.721,402.9977631501521,9
2024-09-17 14:14:24.730,402.9552861584598,10
2024-09-17 14:14:24.756,402.94885727112046,100
2024-09-17 14:14:24.758,402.976299574068,97
2024-09-17 14:14:24.884,402.95755986044776,1000
2024-09-17 14:14:25.032,403.0136227691924,1002
2024-09-17 14:14:25.049,403.00018041214776,97
2024-09-17 14:14:25.060,403.01549706241536,7
2024-09-17 14:14:25.077,402.9970858515331,103
2024-09-17 14:14:25.093,403.0182549147012,8
2024-09-17 14:14:25.310,403.0128186408213,15
2024-09-17 14:14:25.333,403.02574517051227,1005
2024-09-17 14:14:25.438,403.02259022466296,10
2024-09-17 14:14:25.488,403.0213563969135,10
2024-09-17 14:14:25.571,402.9963293058862,999
2024-09-17 14:14:25.720,403.000326486733,15
2024-09-17 14:14:25.750,403.0028051305475,1002
2024-09-17 14:14:25.887,403.0115429204232,98
2024-09-17 14:14:25.942,403.0014096370092,998
2024-09-17 14:14:26.261,403.0384933898684,95
2024-09-17 14:14:26.693,403.0178877508545,997
2024-09-17 14:14:26.720,403.031938810734,95
2024-09-17 14:14:26.770,403.0239508690589,102
2024-09-17 14:14:27.004,403.0228551771401,99
2024-09-17 14:14:27.005,403.01832792827,996
2024-09-17 14:14:27.013,403.0666940642215,104
2024-09-17 14:14:27.035,403.0332449031036,1002
2024-09-17 14:14:27.064,403.03861564411153,101
2024-09-17 14:14:27.082,403.0592894931637,1005
2024-09-17 14:14:27.160,403.0189405045485,13
2024-09-17 14:14:27.203,403.0356723864074,13
2024-09-17 14:14:27.235,403.0166335387639,1004
2024-09-17 14:14:27.251,403.07197167253,13
2024-09-17 14:14:27.252,403.03868098282624,99
2024-09-17 14:14:27.314,403.060976859041,97
2024-09-17 14:14:27.321,403.0449660687134,99
2024-09-17 14:14:27.459,403.00857862766856,995
2024-09-17 14:14:27.493,403.0549366526882,100
2024-09-17 14:14:27.555,403.0160067508158,6
2024-09-17 14:14:27.559,403.0192004847967,13
2024-09-17 14:14:27.636,403.0743313278848,96
2024-09-17 14:14:27.660,403.07641776754,7
2024-09-17 14:14:27.677,403.030846413481,7
2024-09-17 14:14:27.685,403.076568289116,105
2024-09-17 14:14:27.698,403.06232991163614,97
2024-09-17 14:14:27.707,403.04137458976487,102
2024-09-17 14:14:27.723,403.0393819612139,9
2024-09-17 14:14:27.839,403.0698026370166,1003
2024-09-17 14:14:27.925,403.07067387978105,11
2024-09-17 14:14:27.999,403.0352917980368,99
2024-09-17 14:14:28.113,403.0215548288273,101
2024-09-17 14:14:28.142,403.0660642539679,103
2024-09-17 14:14:28.203,403.0359992263373,1003
2024-09-17 14:14:28.318,403.0744311308094,5
2024-09-17 14:14:28.366,403.0615075447731,103
2024-09-17 14:14:28.439,403.053995223701,8
2024-09-17 14:14:28.481,403.0633926620586,998
2024-09-17 14:14:28.487,403.0302466667455,1002
2024-09-17 14:14:28.697,403.0388441518623,105
2024-09-17 14:14:28.748,403.0635088601686,1000
2024-09-17 14:14:28.772,403.03789003423566,97
2024-09-17 14:14:28.836,403.0275849624903,15
2024-09-17 14:14:28.929,403.0694122278727,105
2024-09-17 14:14:28.947,403.0367262344496,996
2024-09-17 14:14:28.954,403.0469810087265,12
2024-09-17 14:14:28.997,403.035893401847,105
2024-09-17 14:14:29.000,403.0527991143778,98
2024-09-17 14:14:29.018,403.0725941135146,996
2024-09-17 14:14:29.052,403.0659020753296,100
2024-09-17 14:14:29.057,403.06552359427474,95
2024-09-17 14:14:29.082,403.0574050144217,1002
2024-09-17 14:14:29.168,403.05643764852726,1003
2024-09-17 14:14:29.197,403.0695725591805,12
2024-09-17 14:14:29.250,403.0436843768626,95
2024-09-17 14:14:29.309,403.0770707559499,14
2024-09-17 14:14:29.320,403.06989336929166,15
2024-09-17 14:14:29.362,403.0690610142332,998
2024-09-17 14:14:29.365,403.0565992246808,1004
2024-09-17 14:14:29.380,403.071172665215,11
2024-09-17 14:14:29.536,403.0526125684426,13
2024-09-17 14:14:29.600,403.0574319787066,13
2024-09-17 14:14:29.610,403.0507903354946,95
2024-09-17 14:14:29.648,403.0475230061764,9
2024-09-17 14:14:29.668,403.04044009540905,995
2024-09-17 14:14:29.737,403.0458933342911,105
2024-09-17 14:14:29.759,403.0765604966172,996
2024-09-17 14:14:29.760,403.040009492936,13
2024-09-17 14:14:29.917,403.0720178326128,12
2024-09-17 14:14:30.208,403.11207295878216,105
2024-09-17 14:14:30.600,403.0812308845312,996
2024-09-17 14:14:30.854,403.0668947826193,103
2024-09-17 14:14:31.038,403.1859630514829,10
2024-09-17 14:14:31.062,403.1997298193151,5
2024-09-17 14:14:31.072,403.1935354947602,12
2024-09-17 14:14:31.078,403.1672958182543,1002
2024-09-17 14:14:31.113,403.1210457010163,103
2024-09-17 14:14:31.124,403.1437777946343,995
2024-09-17 14:14:31.178,403.17979312387496,1001
2024-09-17 14:14:31.247,403.11816915588287,98
2024-09-17 14:14:31.482,403.1542880034499,1002
2024-09-17 14:14:31.513,403.1207579606055,1000
2024-09-17 14:14:31.553,403.1480620361752,7
2024-09-17 14:14:31.632,403.1844058506636,13
2024-09-17 14:14:31.754,403.1860406334329,9
2024-09-17 14:14:31.762,403.15876186159824,7
2024-09-17 14:14:31.775,403.2119371646417,1000
2024-09-17 14:14:31.784,403.1238533135306,998
2024-09-17 14:14:31.786,403.15801931360267,997
2024-09-17 14:14:31.789,403.1824891797396,7
2024-09-17 14:14:31.868,403.1647039099428,8
2024-09-17 14:14:31.949,403.1242263030994,95
2024-09-17 14:14:32.045,403.161006580178,99
2024-09-17 14:14:32.084,403.1354853044039,1001
2024-09-17 14:14:32.115,403.2630320767755,13
2024-09-17 14:14:32.141,403.2419904516008,1004
2024-09-17 14:14:32.443,403.1489730939725,100
2024-09-17 14:14:32.522,403.241401177181,997
2024-09-17 14:14:32.531,40.31467609077916,99
2024-09-17 14:14:32.543,403.21124423397407,99
2024-09-17 14:14:32.603,403.1832558819165,1003
2024-09-17 14:14:32.603,403.14350352601474,1003
2024-09-17 14:14:32.662,403.2580238629832,1005
2024-09-17 14:14:32.674,403.1259131319439,15
2024-09-17 14:14:32.679,403.246023587361,12
2024-09-17 14:14:32.707,403.2303761551107,101
2024-09-17 14:14:32.724,403.2328032139536,97
2024-09-17 14:14:32.737,403.1230011357599,98
2024-09-17 14:14:32.809,403.1991433334384,1000
2024-09-17 14:14:32.845,403.1854587447867,7
2024-09-17 14:14:32.898,403.1414885673347,5
2024-09-17 14:14:32.920,403.2512730374417,1005
2024-09-17 14:14:32.928,403.2501410651038,1001
2024-09-17 14:14:32.944,403.1469928317303,103
2024-09-17 14:14:32.951,403.1297085530064,1000
2024-09-17 14:14:33.626,403.26106230438575,998
2024-09-17 14:14:34.021,403.25543582760776,12
2024-09-17 14:14:34.039,403.24238701083215,6
2024-09-17 14:14:34.160,403.2673831803649,1001
2024-09-17 14:14:34.259,403.2588447976557,996
2024-09-17 14:14:34.261,403.2252480856631,998
2024-09-17 14:14:34.382,403.2377533651653,99
2024-09-17 14:14:34.434,403.2466210061245,10
2024-09-17 14:14:34.583,403.2442609781803,97
2024-09-17 14:14:34.601,403.233695299577,1003
2024-09-17 14:14:34.634,403.22204099922106,1001
2024-09-17 14:14:34.639,-403.2441812591344,1001
2024-09-17 14:14:34.693,403.244600465319,13
2024-09-17 14:14:34.799,403.2462768227725,999
2024-09-17 14:14:34.817,403.2412601089692,1000
2024-09-17 14:14:34.848,403.2452110191361,997
2024-09-17 14:14:34.855,403.2425949642297,100
2024-09-17 14:14:34.879,403.254288785009,12
2024-09-17 14:14:34.956,403.2595073261436,11
2024-09-17 14:14:35.058,403.29059886724616,96
2024-09-17 14:14:35.063,403.2415184145447,99
2024-09-17 14:14:35.114,403.258859272646,7
2024-09-17 14:14:35.130,403.30919752572817,1002
2024-09-17 14:14:35.154,403.3171039917848,97
2024-09-17 14:14:35.254,403.2439387837408,13
2024-09-17 14:14:35.277,403.3027661300317,998
2024-09-17 14:14:35.365,403.2990799058535,100
2024-09-17 14:14:35.367,403.2360787863002,1002
2024-09-17 14:14:35.380,403.2595949531796,11
2024-09-17 14:14:35.398,403.2824679880508,11
2024-09-17 14:14:35.424,403.2485152610346,9
2024-09-17 14:14:35.426,403.2593185111895,96
2024-09-17 14:14:35.445,403.2770083432687,999
2024-09-17 14:14:35.516,403.2703832283039,12
2024-09-17 14:14:35.530,403.24078387233953,5
2024-09-17 14:14:35.580,403.2961894502079,997
2024-09-17 14:14:35.631,,103
2024-09-17 14:14:35.696,403.3067371647585,9
2024-09-17 14:14:35.696,403.28526611851066,7
2024-09-17 14:14:35.712,403.31355547430127,996
2024-09-17 14:14:35.776,403.29065948034525,98
2024-09-17 14:14:35.786,403.2565342213214,999
2024-09-17 14:14:35.851,403.2834674381112,14
2024-09-17 14:14:35.877,403.2741353593117,5
2024-09-17 14:14:35.989,403.27575479846087,1001
2024-09-17 14:14:36.091,403.2832912832631,97
2024-09-17 14:14:36.428,403.2656586863196,102
2024-09-17 14:14:36.682,403.2421488987178,12
2024-09-17 14:14:36.972,403.28396698851554,12
2024-09-17 14:14:37.084,403.2735241785052,1001
2024-09-17 14:14:37.134,403.2645079290047,1001
2024-09-17 14:14:37.200,403.25072544845005,995
2024-09-17 14:14:37.206,403.2717388076012,12
2024-09-17 14:14:37.238,403.2604261132765,7
2024-09-17 14:14:37.240,403.27005550301874,97
2024-09-17 14:14:37.271,403.2524740242351,1005
2024-09-17 14:14:37.311,403.2255604797109,95
2024-09-17 14:14:37.323,40.32494255190585,101
2024-09-17 14:14:37.368,403.25861981349567,1004
2024-09-17 14:14:37.402,403.252898553034,1000
2024-09-17 14:14:37.430,403.2488854881453,13
2024-09-17 14:14:37.525,403.2436971595509,104
2024-09-17 14:14:37.549,403.2583848954506,6
2024-09-17 14:14:37.556,403.2650374074504,1002
2024-09-17 14:14:37.613,403.2658153626443,95
2024-09-17 14:14:37.658,403.2760599463684,14
2024-09-17 14:14:37.674,403.2630539654304,1002
2024-09-17 14:14:37.730,403.2770784487003,996
2024-09-17 14:14:37.758,403.2292830075346,8
2024-09-17 14:14:37.777,403.2313158855465,13
2024-09-17 14:14:37.920,403.255617580058,98
2024-09-17 14:14:37.966,403.2253749721944,999
2024-09-17 14:14:37.999,40.326622077252495,13
2024-09-17 14:14:38.196,403.2597462824561,104
2024-09-17 14:14:38.560,403.2705260904089,99
2024-09-17 14:14:38.561,403.2809518103399,11
2024-09-17 14:14:39.156,403.2572880874544,7
2024-09-17 14:14:39.208,403.2559192068944,11
2024-09-17 14:14:39.261,403.2523204228817,999
2024-09-17 14:14:39.275,403.24871557037255,101
2024-09-17 14:14:40.180,403.26880888097696,1002
2024-09-17 14:14:40.224,403.2662155986711,995
2024-09-17 14:14:40.224,403.2322494978408,7
2024-09-17 14:14:40.251,403.2589635508732,995
2024-09-17 14:14:40.275,403.269675384997,96
2024-09-17 14:14:40.277,403.2709858044514,96
2024-09-17 14:14:40.400,403.2417799360296,13
2024-09-17 14:14:40.451,403.2666518728456,12
2024-09-17 14:14:40.452,403.2447850005219,1003
2024-09-17 14:14:40.512,403.27480572714376,103
2024-09-17 14:14:40.580,403.2655628945743,99
2024-09-17 14:14:40.636,403.2537627284067,8
2024-09-17 14:14:40.648,403.2618068686543,1001
2024-09-17 14:14:40.684,403.2584913327226,999
2024-09-17 14:14:40.809,403.2458582804367,105
2024-09-17 14:14:40.871,403.24841332709616,97
2024-09-17 14:14:40.945,403.2455156902324,102
2024-09-17 14:14:40.957,403.25568509193965,100
2024-09-17 14:14:41.151,403.25258712620206,11
2024-09-17 14:14:41.212,403.2179967526589,999
2024-09-17 14:14:41.222,403.23854820166736,105
2024-09-17 14:14:41.232,403.2313941348538,5
2024-09-17 14:14:41.251,403.2335911752049,1003
2024-09-17 14:14:41.292,403.2177074878772,99
2024-09-17 14:14:41.474,403.21763453692233,995
2024-09-17 14:14:41.490,403.22662240473386,1003
2024-09-17 14:14:41.888,403.27922812898686,1001
2024-09-17 14:14:41.912,403.2226359318002,999
2024-09-17 14:14:41.949,403.2386830343635,996
2024-09-17 14:14:41.988,403.2241591092025,102
2024-09-17 14:14:42.054,403.2446211820974,103
2024-09-17 14:14:42.085,403.2691268529877,105
2024-09-17 14:14:42.128,403.2531099534672,105
2024-09-17 14:14:42.178,403.2354794008289,1000
2024-09-17 14:14:42.292,403.2542007506868,96
2024-09-17 14:14:42.389,403.3345566131781,1004
2024-09-17 14:14:42.496,403.25291601104647,101
2024-09-17 14:14:42.535,403.2280041448504,997
2024-09-17 14:14:42.608,403.2266404086858,98
2024-09-17 14:14:42.806,403.2304757543847,101
2024-09-17 14:14:42.853,403.3138804239394,996
2024-09-17 14:14:42.853,403.2772410852253,1003
2024-09-17 14:14:42.885,403.2494364410721,12
2024-09-17 14:14:42.982,403.2929203948653,101
2024-09-17 14:14:42.993,403.2962511017556,1003
2024-09-17 14:14:43.122,403.3715454435136,6
2024-09-17 14:14:43.246,403.3743310035202,13
2024-09-17 14:14:43.292,403.3438648093182,98
2024-09-17 14:14:43.322,403.3623747738227,9
2024-09-17 14:14:43.371,403.3757668478307,14
2024-09-17 14:14:43.447,403.36362356625136,10
2024-09-17 14:14:43.563,403.3547970630402,14
2024-09-17 14:14:43.619,,9
2024-09-17 14:14:43.643,403.3481346741244,6
2024-09-17 14:14:43.839,403.3810684255228,14
2024-09-17 14:14:43.890,403.3823340476225,14
2024-09-17 14:14:44.109,403.3987265378168,5
2024-09-17 14:14:44.271,403.40872795804455,8
2024-09-17 14:14:44.346,403.43950680197054,9
2024-09-17 14:14:44.517,403.437816168355,1005
2024-09-17 14:14:44.532,403.44168585379816,98
2024-09-17 14:14:44.807,403.4243093986189,997
2024-09-17 14:14:44.973,403.3960889577208,11
2024-09-17 14:14:44.988,403.4045936877545,10
2024-09-17 14:14:45.076,403.43504081901614,11
2024-09-17 14:14:45.158,403.363972261742,13
2024-09-17 14:14:45.171,403.40844802228,996
2024-09-17 14:14:45.196,403.4560717350955,104
2024-09-17 14:14:45.248,403.447842409306,14
2024-09-17 14:14:45.268,403.4428000052045,1001
2024-09-17 14:14:45.330,403.3811440157451,6
2024-09-17 14:14:45.384,403.4564585008083,95
2024-09-17 14:14:45.565,403.4041367695315,1002
2024-09-17 14:14:45.576,403.3727108001902,1002
2024-09-17 14:14:45.596,403.3895287139638,12
2024-09-17 14:14:45.602,403.4317194808564,6
2024-09-17 14:14:45.632,403.40718587106267,11
2024-09-17 14:14:45.694,403.4336853017908,103
2024-09-17 14:14:45.722,403.38857729771,105
2024-09-17 14:14:45.729,403.4474188735084,999
2024-09-17 14:14:45.745,403.3707094790555,1000
2024-09-17 14:14:45.756,403.37409456869966,1000
2024-09-17 14:14:45.819,403.3670284285809,1005
2024-09-17 14:14:45.826,403.4386365852087,101
2024-09-17 14:14:45.841,403.366148000578,103
2024-09-17 14:14:45.878,403.4427753441838,14
2024-09-17 14:14:45.921,-403.3834011609288,96
2024-09-17 14:14:46.056,403.3728358904855,1002
2024-09-17 14:14:46.119,403.4091548408594,998
2024-09-17 14:14:46.209,403.4163395632422,1003
2024-09-17 14:14:46.284,403.41448746517705,999
2024-09-17 14:14:46.382,403.43366758985366,15
2024-09-17 14:14:46.415,403.4365086079167,14
2024-09-17 14:14:46.456,403.3717332374935,104
2024-09-17 14:14:46.620,403.4371345918448,12
2024-09-17 14:14:46.670,403.42298841428766,11
2024-09-17 14:14:46.707,403.4184198802927,1005
2024-09-17 14:14:46.712,403.40738267194814,102
2024-09-17 14:14:46.731,403.4064819650798,14
2024-09-17 14:14:46.755,403.41702911282937,999
2024-09-17 14:14:46.867,403.3991435498072,14
2024-09-17 14:14:46.882,403.41933378724366,1000
2024-09-17 14:14:47.093,403.47269080115205,1003
2024-09-17 14:14:47.102,403.4564971949378,98
2024-09-17 14:14:47.124,403.5337984702781,103
2024-09-17 14:14:47.135,403.5281339015832,8
2024-09-17 14:14:47.199,403.4514588880091,103
2024-09-17 14:14:47.250,403.5062138405471,14
2024-09-17 14:14:47.260,403.46118448976927,9
2024-09-17 14:14:47.379,403.46810398765007,5
2024-09-17 14:14:47.532,403.5184927932564,96
2024-09-17 14:14:47.749,403.4546548119097,101
2024-09-17 14:14:47.754,403.4727682538606,5
2024-09-17 14:14:47.816,403.5414912148385,99
2024-09-17 14:14:47.975,403.4713448904248,997
2024-09-17 14:14:48.003,403.5377512407456,6
2024-09-17 14:14:48.049,403.5475251613435,13
2024-09-17 14:14:48.061,403.5416373910299,7
2024-09-17 14:14:48.063,403.543542661924,12
2024-09-17 14:14:48.109,403.5205411517031,8
2024-09-17 14:14:48.196,403.5109098235561,96
2024-09-17 14:14:48.213,403.54601358226216,103
2024-09-17 14:14:48.219,403.5317288836935,103
2024-09-17 14:14:48.239,403.5144679835379,11
2024-09-17 14:14:48.270,403.5229834634276,9
2024-09-17 14:14:48.276,403.54697672798727,96
2024-09-17 14:14:48.324,403.51919462195696,103
2024-09-17 14:14:48.333,403.52964024507287,6
2024-09-17 14:14:48.352,403.5452997618884,1003
2024-09-17 14:14:48.516,403.5341318509517,11
2024-09-17 14:14:48.519,403.5315766962152,10
2024-09-17 14:14:48.573,403.5089365599383,1003
2024-09-17 14:14:48.632,403.49398892318567,999
2024-09-17 14:14:48.648,403.539594716626,102
2024-09-17 14:14:48.689,403.5305233389645,998
2024-09-17 14:14:48.818,403.5208114175607,104
2024-09-17 14:14:49.008,403.4884546687527,104
2024-09-17 14:14:49.014,403.5002945651544,7
2024-09-17 14:14:49.083,403.5427915033744,1000
2024-09-17 14:14:49.197,403.4942864369641,995
2024-09-17 14:14:49.237,403.5349991811023,11
2024-09-17 14:14:49.296,403.5403491211064,1004
2024-09-17 14:14:49.377,403.5132364633863,101
2024-09-17 14:14:49.427,403.488823900556,104
2024-09-17 14:14:49.442,403.5405624772493,997
2024-09-17 14:14:49.451,403.4875871459385,1000
2024-09-17 14:14:49.456,403.5158431751475,102
2024-09-17 14:14:49.552,403.4927986735971,105
2024-09-17 14:14:49.555,403.5408162441888,1003
2024-09-17 14:14:49.578,403.5402995710203,6
2024-09-17 14:14:49.594,403.4884499655606,98
2024-09-17 14:14:49.626,403.4934559699382,99
2024-09-17 14:14:49.643,403.5166735126783,1004
2024-09-17 14:14:49.678,403.4956725363658,1004
2024-09-17 14:14:49.679,403.5012000439573,998
2024-09-17 14:14:49.697,403.5123717155921,101
2024-09-17 14:14:49.731,403.4921480516648,104
2024-09-17 14:14:49.759,403.50334963794,7
2024-09-17 14:14:49.803,403.5190699455012,11
2024-09-17 14:14:49.830,403.4875671850116,102
2024-09-17 14:14:49.887,403.5304579391732,995
2024-09-17 14:14:49.903,403.508659979244,5
2024-09-17 14:14:49.918,403.5177515188799,6
2024-09-17 14:14:49.959,403.5081605018456,103
2024-09-17 14:14:49.969,403.5057603931792,998
2024-09-17 14:14:49.973,403.5170260089124,105
2024-09-17 14:14:50.013,403.5097381316196,1001
2024-09-17 14:14:50.050,403.516385468506,1005
2024-09-17 14:14:50.084,403.4987214323701,95
2024-09-17 14:14:50.210,,9
2024-09-17 14:14:50.223,403.5236724432434,999
2024-09-17 14:14:50.230,403.51945150976655,99
2024-09-17 14:14:50.316,403.5270345240647,999
2024-09-17 14:14:50.375,403.5340632908288,105
2024-09-17 14:14:50.456,403.5420636199188,103
2024-09-17 14:14:50.474,403.5082670162665,9
2024-09-17 14:14:50.523,403.495337451147,1005
2024-09-17 14:14:50.554,403.50554256663486,8
2024-09-17 14:14:50.578,403.5214715291164,100
2024-09-17 14:14:50.662,403.5330612541249,96
2024-09-17 14:14:50.719,403.48983116510686,104
2024-09-17 14:14:50.731,403.53004304633663,10
2024-09-17 14:14:50.743,403.5215956858892,997
2024-09-17 14:14:50.785,-403.5244676252244,7
2024-09-17 14:14:50.808,403.50074095702,12
2024-09-17 14:14:50.819,403.5097681852647,7
2024-09-17 14:14:50.838,403.4863463596416,996
2024-09-17 14:14:50.842,403.52231360839966,95
2024-09-17 14:14:50.881,403.514725825343,997
2024-09-17 14:14:50.925,403.5018779787366,1001
2024-09-17 14:14:50.938,403.5086891800232,998
2024-09-17 14:14:50.955,403.5086396094401,96
2024-09-17 14:14:50.992,403.5192601368152,95
2024-09-17 14:14:52.015,403.564037549744,15
2024-09-17 14:14:52.114,403.5737371510709,1000
2024-09-17 14:14:52.210,403.5422136452375,104
2024-09-17 14:14:52.213,403.57698091267054,13
2024-09-17 14:14:52.216,403.54197865518734,8
2024-09-17 14:14:52.350,403.565439009473,998
2024-09-17 14:14:52.384,403.552455233687,97
2024-09-17 14:14:52.449,403.5463932118393,6
2024-09-17 14:14:52.481,403.5473151481805,999
2024-09-17 14:14:52.505,403.5388902636999,1002
2024-09-17 14:14:52.549,403.54339169713165,101
2024-09-17 14:14:52.594,403.57057994763335,6
2024-09-17 14:14:52.604,403.58002449529937,104
2024-09-17 14:14:52.621,403.5432135617836,8
2024-09-17 14:14:52.644,403.5368079083425,999
2024-09-17 14:14:52.684,403.5388687389741,8
2024-09-17 14:14:52.733,403.5318201862529,996
2024-09-17 14:14:52.738,403.5226187876162,100
2024-09-17 14:14:52.936,403.5504251472752,103
2024-09-17 14:14:53.030,40.361859438657525,104
2024-09-17 14:14:53.059,403.5814180700241,999
2024-09-17 14:14:53.074,403.6103308758791,103
2024-09-17 14:14:53.115,403.5973946055099,1004
2024-09-17 14:14:53.174,403.5948579803601,100
2024-09-17 14:14:53.180,403.5829168115844,98
2024-09-17 14:14:53.181,403.6171538390643,999
2024-09-17 14:14:53.234,403.6040670646655,13
2024-09-17 14:14:53.269,403.60597368841206,1003
2024-09-17 14:14:53.362,403.6110865107883,12
2024-09-17 14:14:53.414,403.5924452625268,101
2024-09-17 14:14:53.454,403.58759560856686,100
2024-09-17 14:14:53.560,403.589921249445,10
2024-09-17 14:14:53.572,403.6032324984068,8
2024-09-17 14:14:53.608,403.5717343036264,1002
2024-09-17 14:14:53.659,403.5907582958964,1000
2024-09-17 14:14:53.678,403.5933716770872,9
2024-09-17 14:14:53.770,403.5954557239335,95
2024-09-17 14:14:53.807,403.5976154964911,96
2024-09-17 14:14:53.830,403.5945658591846,996
2024-09-17 14:14:53.916,403.6180190117362,12
2024-09-17 14:14:53.963,403.5786057926316,6
2024-09-17 14:14:54.002,403.6251927847392,999
2024-09-17 14:14:54.006,403.6166556105299,997
2024-09-17 14:14:54.278,403.5872304366764,8
2024-09-17 14:14:54.281,403.61126577967735,95
2024-09-17 14:14:54.295,403.58679009196845,12
2024-09-17 14:14:54.321,403.6189694921658,13
2024-09-17 14:14:54.347,403.6076001693783,1001
2024-09-17 14:14:54.381,403.60925070414936,97
2024-09-17 14:14:54.413,403.6205753270684,1001
2024-09-17 14:14:54.415,403.6118108316652,102
2024-09-17 14:14:54.417,403.62635189746567,7
2024-09-17 14:14:54.503,403.6145500154238,999
2024-09-17 14:14:54.506,403.59730346809,12
2024-09-17 14:14:54.573,403.5966782416991,15
2024-09-17 14:14:54.579,403.6214598927761,10
2024-09-17 14:14:54.675,403.608312447009,9
2024-09-17 14:14:54.722,403.60712677493393,1004
2024-09-17 14:14:54.730,403.6113360563232,15
2024-09-17 14:14:54.753,403.6207390672085,9
2024-09-17 14:14:54.788,403.6288033323456,1002
2024-09-17 14:14:54.792,403.60081504620655,15
2024-09-17 14:14:54.811,403.6026414981517,9
2024-09-17 14:14:54.963,403.6217714470609,15
2024-09-17 14:14:54.976,403.6041555194574,5
2024-09-17 14:14:54.987,403.61666115872345,996
2024-09-17 14:14:55.040,403.5780337018002,1002
2024-09-17 14:14:55.044,403.5833657386718,13
2024-09-17 14:14:55.080,403.56280344467456,95
2024-09-17 14:14:55.112,403.60247226631066,96
2024-09-17 14:14:55.267,403.5684174296582,98
2024-09-17 14:14:55.318,403.58154214509057,1000
2024-09-17 14:14:55.325,403.56727064342425,13
2024-09-17 14:14:55.335,403.5926268163134,104
2024-09-17 14:14:55.383,403.5834221023398,1002
2024-09-17 14:14:55.505,403.57295559267567,5
2024-09-17 14:14:55.568,403.5615535434181,13
2024-09-17 14:14:55.594,403.573061353653,98
2024-09-17 14:14:55.631,403.5535244656797,5
2024-09-17 14:14:55.688,403.577635293219,99
2024-09-17 14:14:55.726,403.57820542992926,15
2024-09-17 14:14:55.746,403.5771424957013,97
2024-09-17 14:14:55.773,403.6037738426135,11
2024-09-17 14:14:55.844,403.5743319316314,995
2024-09-17 14:14:55.848,403.5722623080068,1001
2024-09-17 14:14:55.927,403.579369711034,996
2024-09-17 14:14:56.032,403.5836701378424,98
2024-09-17 14:14:56.133,403.5799738441208,996
2024-09-17 14:14:56.771,403.5760107642095,997
2024-09-17 14:14:57.025,403.58586016470537,1000
2024-09-17 14:14:57.069,403.5582518424793,15
2024-09-17 14:14:57.171,403.5668788069149,1001
2024-09-17 14:14:57.280,403.5710005796819,995
2024-09-17 14:14:57.329,403.5603703890685,96
2024-09-17 14:14:57.369,403.57100537740337,6
2024-09-17 14:14:57.419,403.5644574095636,1002
2024-09-17 14:14:57.745,403.5724112702279,12
2024-09-17 14:14:58.130,403.5725640175812,102
2024-09-17 14:14:58.236,403.5542770890005,13
2024-09-17 14:14:58.368,403.5473990784837,10
2024-09-17 14:14:58.386,403.5713456301125,103
2024-09-17 14:14:58.440,403.5949357230452,100
2024-09-17 14:14:58.522,403.5581285354414,1001
2024-09-17 14:14:58.530,403.5740043411524,1002
2024-09-17 14:14:58.564,403.5559530228852,14
2024-09-17 14:14:58.624,403.5807807580307,98
2024-09-17 14:14:58.637,403.5730995876329,95
2024-09-17 14:14:58.642,403.56702313867686,999
2024-09-17 14:14:58.666,403.5587076348535,7
2024-09-17 14:14:58.707,403.5483783099423,13
2024-09-17 14:14:58.745,403.5906498125095,98
2024-09-17 14:14:58.769,403.5557581621456,96
2024-09-17 14:14:58.773,403.5752782082839,6
2024-09-17 14:14:58.783,403.5489594309865,10
2024-09-17 14:14:58.820,403.54574326496015,1002
2024-09-17 14:14:58.832,403.5650409419554,100
2024-09-17 14:14:58.847,403.5774788687104,101
2024-09-17 14:14:58.852,403.5712470096472,96
2024-09-17 14:14:58.859,403.5663132028259,96
2024-09-17 14:14:58.954,403.575027796171,1001
2024-09-17 14:14:59.044,403.5892953907906,104
2024-09-17 14:14:59.081,403.5690715344108,995
2024-09-17 14:14:59.100,403.56158014237377,103
2024-09-17 14:14:59.185,403.563465791852,95
2024-09-17 14:14:59.224,403.5452266487858,15
2024-09-17 14:14:59.250,403.5625191576655,8
2024-09-17 14:14:59.259,403.5820932010095,995
2024-09-17 14:14:59.270,403.5727111262036,104
2024-09-17 14:14:59.292,403.5644367212492,8
2024-09-17 14:14:59.347,403.5814569357441,1003
2024-09-17 14:14:59.380,403.5620515557576,12
2024-09-17 14:14:59.429,403.5803930620068,15
2024-09-17 14:14:59.465,403.5651208719368,1004
2024-09-17 14:14:59.569,403.5886226495589,995
2024-09-17 14:14:59.572,403.5715276678856,14
2024-09-17 14:14:59.598,403.569071197874,8
2024-09-17 14:14:59.611,403.5417313729691,1004
2024-09-17 14:14:59.629,403.5625487152756,12
2024-09-17 14:14:59.646,403.5868756020673,1001
2024-09-17 14:14:59.735,403.5779471579364,9
2024-09-17 14:14:59.801,403.568460781895,14
2024-09-17 14:14:59.814,403.5901742902912,995
2024-09-17 14:14:59.845,403.5695136971712,9
2024-09-17 14:14:59.861,403.5677196606293,6
2024-09-17 14:14:59.886,403.5781133548458,995
2024-09-17 14:14:59.914,403.5502910171281,15
2024-09-17 14:14:59.917,403.5514035427782,998
2024-09-17 14:14:59.928,403.5927433764235,6
2024-09-17 14:14:59.969,403.5936209298493,98
2024-09-17 14:14:59.990,403.5501923127485,95
