Timestamp,Price,Size
2024-09-20 10:24:00.138,423.8253709623808,998
2024-09-20 10:24:00.206,423.83624841075977,98
2024-09-20 10:24:00.220,423.8111157932327,1003
2024-09-20 10:24:00.602,423.8540436536145,105
2024-09-20 10:24:00.658,423.8230184047361,7
2024-09-20 10:24:00.711,423.82330717292274,95
2024-09-20 10:24:00.738,423.8502889486106,5
2024-09-20 10:24:00.748,423.8368434491166,15
2024-09-20 10:24:00.811,423.8430693913148,102
2024-09-20 10:24:01.084,423.8276532897555,96
2024-09-20 10:24:01.123,423.7869769158609,102
2024-09-20 10:24:01.352,423.8088556431533,95
2024-09-20 10:24:01.495,423.8007051616362,12
2024-09-20 10:24:01.773,423.7732630855981,11
2024-09-20 10:24:02.070,423.84525663529575,100
2024-09-20 10:24:02.072,423.7881860021472,996
2024-09-20 10:24:02.133,423.7730743242501,97
2024-09-20 10:24:02.147,423.8284337578219,998
2024-09-20 10:24:02.149,423.8534784662801,15
2024-09-20 10:24:02.196,423.7704755045343,996
2024-09-20 10:24:02.210,423.8650629263283,11
2024-09-20 10:24:02.217,423.831162492786,15
2024-09-20 10:24:02.223,423.7762999428178,104
2024-09-20 10:24:02.250,423.8536713684844,14
2024-09-20 10:24:02.281,423.8953202078067,10
2024-09-20 10:24:02.306,423.8395917316892,7
2024-09-20 10:24:02.316,423.8562978218178,97
2024-09-20 10:24:02.334,423.8787038815432,997
2024-09-20 10:24:02.439,,10
2024-09-20 10:24:02.453,423.76737929885786,997
2024-09-20 10:24:02.473,423.8764533171814,997
2024-09-20 10:24:02.481,423.8568501452811,8
2024-09-20 10:24:02.485,423.8775878481793,96
2024-09-20 10:24:02.526,423.87860416804295,7
2024-09-20 10:24:02.580,423.7887781047584,7
2024-09-20 10:24:02.733,423.8351032984228,105
2024-09-20 10:24:02.770,423.8481276500616,15
2024-09-20 10:24:02.779,423.858306918598,11
2024-09-20 10:24:02.932,423.90344966412056,1001
2024-09-20 10:24:02.951,423.8581673555117,98
2024-09-20 10:24:03.037,-423.8963855738186,100
2024-09-20 10:24:03.070,423.9332822257381,996
2024-09-20 10:24:03.112,423.8545466217023,1005
2024-09-20 10:24:03.151,423.8787719123241,997
2024-09-20 10:24:03.319,423.8653962728124,97
2024-09-20 10:24:03.333,423.8593638682557,13
2024-09-20 10:24:03.364,423.850872649124,9
2024-09-20 10:24:03.438,423.8566035201689,97
2024-09-20 10:24:03.543,423.9016254658052,995
2024-09-20 10:24:03.550,423.94523077994666,8
2024-09-20 10:24:03.550,423.8646168835041,1002
2024-09-20 10:24:03.669,423.8683597522417,95
2024-09-20 10:24:03.747,423.9337398955775,997
2024-09-20 10:24:03.765,423.8912802549504,998
2024-09-20 10:24:03.776,423.9334158502188,997
2024-09-20 10:24:03.946,423.9136006534022,102
2024-09-20 10:24:04.033,423.9324173221658,103
2024-09-20 10:24:04.042,423.9374860932693,1003
2024-09-20 10:24:04.116,423.9328708718911,7
2024-09-20 10:24:04.142,423.93660769539866,102
2024-09-20 10:24:04.148,423.9207585984831,998
2024-09-20 10:24:04.170,423.9482343428831,1004
2024-09-20 10:24:04.298,423.9339266630015,104
2024-09-20 10:24:04.424,423.9561744166776,15
2024-09-20 10:24:04.535,423.9222463698897,95
2024-09-20 10:24:04.548,423.9416818387654,998
2024-09-20 10:24:04.574,423.9436201754264,12
2024-09-20 10:24:04.617,423.9300361679005,12
2024-09-20 10:24:04.641,423.9224688202666,12
2024-09-20 10:24:04.645,423.93783731915113,97
2024-09-20 10:24:04.784,423.93957319057415,98
2024-09-20 10:24:04.841,423.9522517465214,12
2024-09-20 10:24:04.916,423.91891703745375,11
2024-09-20 10:24:04.979,423.934849088858,13
2024-09-20 10:24:05.007,423.9101596526842,12
2024-09-20 10:24:05.079,423.927660051882,6
2024-09-20 10:24:05.212,423.9138770692815,102
2024-09-20 10:24:05.309,423.9437123381714,97
2024-09-20 10:24:05.545,423.9204600995745,103
2024-09-20 10:24:05.546,423.94956876900886,96
2024-09-20 10:24:05.643,423.8987236571149,15
2024-09-20 10:24:05.742,423.9448857415039,6
2024-09-20 10:24:05.900,423.9033756991794,1004
2024-09-20 10:24:05.942,423.9337945849457,10
2024-09-20 10:24:05.991,423.9055162815709,8
2024-09-20 10:24:06.013,423.9469936203402,995
2024-09-20 10:24:06.069,423.9756407339928,95
2024-09-20 10:24:06.074,423.98573937825984,12
2024-09-20 10:24:06.079,,105
2024-09-20 10:24:06.129,423.9893954517656,101
2024-09-20 10:24:06.134,423.9893545705378,1004
2024-09-20 10:24:06.148,423.9917661326565,995
2024-09-20 10:24:06.153,423.9784364858223,997
2024-09-20 10:24:06.167,423.9742993389399,999
2024-09-20 10:24:06.172,423.9985638899303,1003
2024-09-20 10:24:06.520,423.97476514224246,101
2024-09-20 10:24:06.580,423.9732084242916,1000
2024-09-20 10:24:06.675,424.001921977178,103
2024-09-20 10:24:06.701,423.9562413727807,7
2024-09-20 10:24:06.845,423.9557520277834,1003
2024-09-20 10:24:06.867,423.9708268249176,1004
2024-09-20 10:24:06.870,423.978601643168,999
2024-09-20 10:24:06.935,423.9975698380876,100
2024-09-20 10:24:06.966,423.97945281568747,1004
2024-09-20 10:24:07.008,423.9904914116211,1000
2024-09-20 10:24:07.019,423.9092743747266,8
2024-09-20 10:24:07.065,423.8850824586639,100
2024-09-20 10:24:07.099,423.9312956283214,15
2024-09-20 10:24:07.118,-423.8610431830194,99
2024-09-20 10:24:07.135,423.8563050935638,13
2024-09-20 10:24:07.142,423.93535771746593,105
2024-09-20 10:24:07.269,423.9577838903754,101
2024-09-20 10:24:07.316,423.9459298780287,5
2024-09-20 10:24:07.331,423.9420147714485,1002
2024-09-20 10:24:07.392,423.9419030639734,10
2024-09-20 10:24:07.409,423.888165335698,9
2024-09-20 10:24:07.548,423.9021313866363,100
2024-09-20 10:24:07.578,423.9588228624835,997
2024-09-20 10:24:07.614,423.9592595451427,6
2024-09-20 10:24:07.714,423.8960318635482,101
2024-09-20 10:24:07.769,423.9612149900136,98
2024-09-20 10:24:07.796,423.93528270162994,104
2024-09-20 10:24:07.806,423.9393634087999,1004
2024-09-20 10:24:07.815,423.9282102443736,1003
2024-09-20 10:24:07.857,423.9481277472108,999
2024-09-20 10:24:07.864,423.9502889860058,98
2024-09-20 10:24:07.905,423.8822747510139,1000
2024-09-20 10:24:07.909,423.87269546466194,103
2024-09-20 10:24:07.922,423.9713792509023,6
2024-09-20 10:24:07.923,423.8398847679388,5
2024-09-20 10:24:07.936,423.9293067914122,95
2024-09-20 10:24:07.944,423.86737329605126,1002
2024-09-20 10:24:08.002,423.8458675273326,103
2024-09-20 10:24:08.075,423.8454253778606,15
2024-09-20 10:24:08.255,423.8643709311275,10
2024-09-20 10:24:08.270,423.8641685571935,995
2024-09-20 10:24:08.308,,97
2024-09-20 10:24:08.605,423.829783082531,5
2024-09-20 10:24:08.635,423.8303228529805,99
2024-09-20 10:24:08.658,423.8147587972251,9
2024-09-20 10:24:08.697,423.8456050943649,13
2024-09-20 10:24:08.715,423.83476560609387,10
2024-09-20 10:24:08.725,423.8258980827636,8
2024-09-20 10:24:08.750,423.8473248150134,1005
2024-09-20 10:24:08.778,423.8328131945904,96
2024-09-20 10:24:08.851,-423.8182696671864,1004
2024-09-20 10:24:08.957,423.8555021019079,102
2024-09-20 10:24:09.091,423.8872790917069,6
2024-09-20 10:24:09.113,423.8653775105384,1001
2024-09-20 10:24:09.199,423.876429075811,102
2024-09-20 10:24:09.199,423.8724410578377,1003
2024-09-20 10:24:09.213,423.871435900292,11
2024-09-20 10:24:09.233,423.8626338499551,5
2024-09-20 10:24:09.306,423.870922767425,1003
2024-09-20 10:24:09.307,423.8493429086627,14
2024-09-20 10:24:09.395,423.8892649476203,1004
2024-09-20 10:24:09.436,423.8732512727887,102
2024-09-20 10:24:09.538,423.8667853784287,996
2024-09-20 10:24:09.584,423.8863715170981,14
2024-09-20 10:24:09.600,423.8647674665915,10
2024-09-20 10:24:09.664,423.8730160694111,1005
2024-09-20 10:24:09.707,423.8606844440952,1005
2024-09-20 10:24:09.759,423.8706662530343,12
2024-09-20 10:24:09.861,423.8548599244348,1004
2024-09-20 10:24:09.876,423.8749066081521,10
2024-09-20 10:24:09.894,423.877806118344,995
2024-09-20 10:24:09.906,423.8781004092336,100
2024-09-20 10:24:09.912,423.84801329157415,9
2024-09-20 10:24:09.990,423.8835152882273,8
2024-09-20 10:24:10.027,423.88113692594,8
2024-09-20 10:24:11.147,423.9033921533757,1005
2024-09-20 10:24:11.208,423.8767190307515,15
2024-09-20 10:24:11.228,423.87343660373847,1003
2024-09-20 10:24:11.326,423.8581374098083,997
2024-09-20 10:24:11.488,423.8641394258681,102
2024-09-20 10:24:11.512,423.886337874575,996
2024-09-20 10:24:11.569,423.8720131985951,8
2024-09-20 10:24:11.598,423.8858276447344,9
2024-09-20 10:24:11.606,,5
2024-09-20 10:24:11.650,423.85371020508205,7
2024-09-20 10:24:11.679,423.901139498448,100
2024-09-20 10:24:11.749,423.87004882036814,996
2024-09-20 10:24:11.854,423.8763290819717,98
2024-09-20 10:24:11.952,423.8884483120305,13
2024-09-20 10:24:12.037,423.866617882458,998
2024-09-20 10:24:12.071,423.8284392952616,15
2024-09-20 10:24:12.169,423.8523815470918,1004
2024-09-20 10:24:12.181,423.91248997033017,99
2024-09-20 10:24:12.210,423.8902050519444,98
2024-09-20 10:24:12.278,423.84209991837344,1004
2024-09-20 10:24:12.285,423.88953722417705,98
2024-09-20 10:24:12.311,423.8771260399497,13
2024-09-20 10:24:12.359,423.8805556373224,96
2024-09-20 10:24:12.367,423.8874466365082,14
2024-09-20 10:24:12.399,423.8802330673466,1005
2024-09-20 10:24:12.451,423.862859642395,9
2024-09-20 10:24:12.455,423.8891237401383,99
2024-09-20 10:24:12.490,423.85355674193335,96
2024-09-20 10:24:12.619,423.8736220182169,5
2024-09-20 10:24:12.687,423.8657460754173,1005
2024-09-20 10:24:12.791,423.8269079207794,104
2024-09-20 10:24:12.823,423.8737491525735,102
2024-09-20 10:24:12.857,423.860987766428,5
2024-09-20 10:24:12.928,423.9205338351348,1002
2024-09-20 10:24:12.932,423.905108630268,998
2024-09-20 10:24:12.982,423.8469979633783,104
2024-09-20 10:24:13.091,423.8747623677118,95
2024-09-20 10:24:13.166,423.8747987829371,1003
2024-09-20 10:24:13.180,423.8743483719008,995
2024-09-20 10:24:13.192,423.8739344571288,10
2024-09-20 10:24:13.193,423.8974095913612,8
2024-09-20 10:24:13.333,423.8875869770503,996
2024-09-20 10:24:13.376,423.8624797320245,96
2024-09-20 10:24:13.390,423.8685020111544,1003
2024-09-20 10:24:13.447,423.8917583990672,6
2024-09-20 10:24:13.469,423.8986017810608,1005
2024-09-20 10:24:13.519,423.9088377045642,997
2024-09-20 10:24:13.622,423.8921684610062,1002
2024-09-20 10:24:13.622,423.8933399352037,1001
2024-09-20 10:24:13.709,423.92315975346446,1005
2024-09-20 10:24:13.780,423.85742154487417,103
2024-09-20 10:24:13.848,423.8834393289808,13
2024-09-20 10:24:13.959,423.8486275677651,1000
2024-09-20 10:24:15.232,423.8494590040769,8
2024-09-20 10:24:15.340,423.8736632163926,99
2024-09-20 10:24:15.510,423.88483790184,98
2024-09-20 10:24:15.518,423.8516126417079,14
2024-09-20 10:24:15.601,423.85970142482216,998
2024-09-20 10:24:16.003,423.81572127987,999
2024-09-20 10:24:16.126,423.8756943796264,12
2024-09-20 10:24:16.151,423.8643249553231,997
2024-09-20 10:24:16.238,423.8397904534113,5
2024-09-20 10:24:16.428,423.8606773319692,97
2024-09-20 10:24:16.446,423.8640402462843,100
2024-09-20 10:24:16.462,423.8266735299493,6
2024-09-20 10:24:16.534,423.8733959160677,101
2024-09-20 10:24:16.616,423.8769953949883,100
2024-09-20 10:24:16.644,423.8339979129906,96
2024-09-20 10:24:16.691,423.87424507556,103
2024-09-20 10:24:16.705,423.8357998305984,13
2024-09-20 10:24:16.784,423.8583628492836,101
2024-09-20 10:24:16.933,423.8361987224114,995
2024-09-20 10:24:16.963,423.823637404267,995
2024-09-20 10:24:16.974,423.803969072964,6
2024-09-20 10:24:16.993,423.8446349496415,6
2024-09-20 10:24:17.032,423.815874879389,997
2024-09-20 10:24:17.059,423.8002877615901,1000
2024-09-20 10:24:17.079,423.81049102314006,102
2024-09-20 10:24:17.093,423.82763682802187,99
2024-09-20 10:24:17.144,423.80406326185664,1000
2024-09-20 10:24:17.161,423.8262201105277,996
2024-09-20 10:24:17.177,423.85303124407386,1002
2024-09-20 10:24:17.198,423.8011305398228,997
2024-09-20 10:24:17.220,423.82026745562337,105
2024-09-20 10:24:17.289,423.80853938688927,1001
2024-09-20 10:24:17.292,423.8237955241305,97
2024-09-20 10:24:17.352,423.8005686158892,14
2024-09-20 10:24:17.386,423.80410797157714,96
2024-09-20 10:24:17.418,423.8241963161077,1003
2024-09-20 10:24:17.477,423.8005566180776,103
2024-09-20 10:24:17.479,423.8053194500375,1001
2024-09-20 10:24:17.532,423.8350377183264,14
2024-09-20 10:24:17.539,423.8215530664227,102
2024-09-20 10:24:17.566,423.84040845393673,98
2024-09-20 10:24:17.623,423.8233175159758,103
2024-09-20 10:24:17.652,423.8155658576809,101
2024-09-20 10:24:17.719,423.8300381233672,5
2024-09-20 10:24:17.741,423.8198753138218,1003
2024-09-20 10:24:17.771,423.80669161211415,101
2024-09-20 10:24:17.881,423.8044150448056,996
2024-09-20 10:24:17.883,423.831084907767,996
2024-09-20 10:24:17.960,423.8408365000336,13
2024-09-20 10:24:17.962,423.8084035239801,98
2024-09-20 10:24:18.084,423.8336145421674,12
2024-09-20 10:24:18.171,423.8352610402444,12
2024-09-20 10:24:18.197,423.8341229636336,104
2024-09-20 10:24:18.247,423.85024594765713,105
2024-09-20 10:24:18.275,423.8493858871213,1002
2024-09-20 10:24:18.315,423.8463477265048,999
2024-09-20 10:24:18.366,423.82532243253047,10
2024-09-20 10:24:18.624,423.847709224525,11
2024-09-20 10:24:18.743,423.82732866392826,7
2024-09-20 10:24:18.839,423.8136140757434,97
2024-09-20 10:24:18.929,423.8436826744515,5
2024-09-20 10:24:18.945,423.8317904578104,1004
2024-09-20 10:24:18.952,423.8207822976829,7
2024-09-20 10:24:18.959,423.8505711935002,15
2024-09-20 10:24:18.962,423.85999474141937,1005
2024-09-20 10:24:18.964,423.8683298449954,8
2024-09-20 10:24:18.979,423.83287465473626,997
2024-09-20 10:24:18.983,423.8302685402985,9
2024-09-20 10:24:19.012,423.8886157754762,101
2024-09-20 10:24:19.046,423.8236735937575,7
2024-09-20 10:24:19.049,423.8509152383619,15
2024-09-20 10:24:19.101,423.86095976127245,10
2024-09-20 10:24:19.179,423.8345441363121,996
2024-09-20 10:24:19.186,423.8862364062783,8
2024-09-20 10:24:19.214,423.9079096681783,103
2024-09-20 10:24:19.252,423.8745413386886,1002
2024-09-20 10:24:19.252,423.8655546009424,96
2024-09-20 10:24:19.265,423.9022169296934,1003
2024-09-20 10:24:19.405,-423.8213745444239,1001
2024-09-20 10:24:19.412,423.8794127269524,7
2024-09-20 10:24:19.444,423.814766395635,10
2024-09-20 10:24:19.492,423.8654703940744,1000
2024-09-20 10:24:19.526,423.8800897613593,96
2024-09-20 10:24:19.555,423.8659241617453,96
2024-09-20 10:24:19.566,423.8807710773409,13
2024-09-20 10:24:19.568,423.8871725934275,102
2024-09-20 10:24:19.575,423.9101368832977,105
2024-09-20 10:24:19.586,423.8848386148515,102
2024-09-20 10:24:19.660,423.8375950177633,103
2024-09-20 10:24:19.688,423.9145952766818,15
2024-09-20 10:24:19.728,423.8791004569904,105
2024-09-20 10:24:19.737,423.84854559692656,1001
2024-09-20 10:24:19.802,423.89577620949177,99
2024-09-20 10:24:19.820,423.8445845986508,13
2024-09-20 10:24:19.914,423.8701887194722,999
2024-09-20 10:24:19.916,423.8366534368445,1000
2024-09-20 10:24:19.995,423.8460590326123,99
2024-09-20 10:24:20.029,423.8418936774072,99
2024-09-20 10:24:20.100,423.93593158680926,13
2024-09-20 10:24:20.172,423.9086462936424,1001
2024-09-20 10:24:20.223,423.9035715781735,14
2024-09-20 10:24:20.251,423.9250669713792,1003
2024-09-20 10:24:20.289,423.912412492776,1003
2024-09-20 10:24:20.294,423.8370442169823,9
2024-09-20 10:24:20.294,423.8573067410873,100
2024-09-20 10:24:20.340,423.9443697798467,97
2024-09-20 10:24:20.377,423.94017127096976,103
2024-09-20 10:24:20.400,423.8293273762782,5
2024-09-20 10:24:20.452,423.8288162402412,102
2024-09-20 10:24:20.509,423.8670598368032,996
2024-09-20 10:24:20.589,423.88271338689566,7
2024-09-20 10:24:20.671,423.885178843137,6
2024-09-20 10:24:20.688,423.8645343894121,11
2024-09-20 10:24:20.796,423.8339143075838,1002
2024-09-20 10:24:20.807,423.931521085713,9
2024-09-20 10:24:20.847,-423.8793223953474,10
2024-09-20 10:24:20.858,423.8944118755812,12
2024-09-20 10:24:20.962,423.83013631270165,998
2024-09-20 10:24:21.392,423.9032836394512,97
2024-09-20 10:24:21.708,423.9171316480901,105
2024-09-20 10:24:22.094,423.82164262238354,5
2024-09-20 10:24:22.099,423.7917907683011,99
2024-09-20 10:24:22.106,423.8152856397825,97
2024-09-20 10:24:22.118,423.7785827087322,13
2024-09-20 10:24:22.178,423.897016916157,105
2024-09-20 10:24:22.214,423.7859604857437,1001
2024-09-20 10:24:22.241,423.880117934724,102
2024-09-20 10:24:22.363,423.8410339304077,5
2024-09-20 10:24:22.375,423.90352015102,10
2024-09-20 10:24:22.391,423.832673101189,1000
2024-09-20 10:24:22.411,423.814605077749,5
2024-09-20 10:24:22.416,423.7571757927026,1001
2024-09-20 10:24:22.423,423.75487277111375,8
2024-09-20 10:24:22.446,423.870194544308,5
2024-09-20 10:24:22.482,423.8729093331465,10
2024-09-20 10:24:22.580,423.8082640648238,9
2024-09-20 10:24:22.581,423.77995289846007,996
2024-09-20 10:24:22.681,423.7592423970655,99
2024-09-20 10:24:22.690,423.8228639586536,105
2024-09-20 10:24:22.708,423.7862704226346,97
2024-09-20 10:24:22.715,423.8676967152316,13
2024-09-20 10:24:22.796,423.79597317948696,13
2024-09-20 10:24:22.822,423.91525699729294,96
2024-09-20 10:24:22.852,,102
2024-09-20 10:24:22.949,423.9224919726466,10
2024-09-20 10:24:22.954,423.7770298284984,995
2024-09-20 10:24:22.992,423.87199687639065,5
2024-09-20 10:24:23.037,423.8372698601647,1004
2024-09-20 10:24:23.076,423.8127508640042,13
2024-09-20 10:24:23.205,423.8379264867642,1002
2024-09-20 10:24:23.568,423.7963086186125,996
2024-09-20 10:24:24.031,423.8601440244095,997
2024-09-20 10:24:24.071,423.8171770594616,6
2024-09-20 10:24:24.156,423.8503206061047,999
2024-09-20 10:24:24.198,423.8314544173275,999
2024-09-20 10:24:24.218,423.834555290755,1005
2024-09-20 10:24:24.272,423.8448486907829,1004
2024-09-20 10:24:24.318,42.38340069001057,1004
2024-09-20 10:24:24.343,423.8675268916834,999
2024-09-20 10:24:24.377,423.83561752845605,10
2024-09-20 10:24:24.392,423.8712641943926,998
2024-09-20 10:24:24.404,423.85785883488006,98
2024-09-20 10:24:24.420,423.83798168282016,999
2024-09-20 10:24:24.428,423.8446807449179,1000
2024-09-20 10:24:24.441,423.8230241619737,14
2024-09-20 10:24:24.448,423.8439892121232,103
2024-09-20 10:24:24.456,423.8512085246966,996
2024-09-20 10:24:24.461,423.8631489982933,103
2024-09-20 10:24:24.481,423.82825717983815,102
2024-09-20 10:24:24.524,423.86021311589343,1000
2024-09-20 10:24:24.525,423.8111597490063,1005
2024-09-20 10:24:24.563,423.8102454909076,14
2024-09-20 10:24:24.635,423.8596248676727,102
2024-09-20 10:24:24.658,423.82128536006286,13
2024-09-20 10:24:24.713,423.822194588904,995
2024-09-20 10:24:24.725,423.8429258345296,8
2024-09-20 10:24:24.752,423.8457546898832,96
2024-09-20 10:24:24.824,423.8363045544328,12
2024-09-20 10:24:24.957,423.8233570039639,98
2024-09-20 10:24:24.996,423.8504018555261,996
2024-09-20 10:24:25.260,423.7954588959679,1001
2024-09-20 10:24:25.373,423.7953787299079,98
2024-09-20 10:24:26.031,423.7706636149584,10
2024-09-20 10:24:26.100,423.8189040540685,95
2024-09-20 10:24:26.103,423.6517189093837,5
2024-09-20 10:24:26.223,423.67630083975473,101
2024-09-20 10:24:26.288,423.69521349403766,1000
2024-09-20 10:24:26.313,423.7413555078544,15
2024-09-20 10:24:26.320,423.6834612738106,10
2024-09-20 10:24:26.348,423.68839555457976,105
2024-09-20 10:24:26.364,423.68496743645215,98
2024-09-20 10:24:26.407,423.6733746335141,99
2024-09-20 10:24:26.446,423.7075823111014,999
2024-09-20 10:24:26.484,423.7641432268876,96
2024-09-20 10:24:26.495,423.656816037558,995
2024-09-20 10:24:26.503,423.6960161431178,996
2024-09-20 10:24:26.513,423.7500985539815,1000
2024-09-20 10:24:26.518,423.6869840971851,1002
2024-09-20 10:24:26.659,423.7323200870808,998
2024-09-20 10:24:26.725,423.78219626247295,98
2024-09-20 10:24:26.821,423.80511152659,98
2024-09-20 10:24:26.858,423.80230396157305,9
2024-09-20 10:24:26.860,423.78259244076935,98
2024-09-20 10:24:26.903,423.7146270747256,1005
2024-09-20 10:24:26.920,423.7998717305581,999
2024-09-20 10:24:26.923,423.6490704099476,7
2024-09-20 10:24:26.939,423.8109267528093,104
2024-09-20 10:24:26.976,423.7868696229927,98
2024-09-20 10:24:26.986,423.6771954972924,15
2024-09-20 10:24:27.012,423.6061201080184,1005
2024-09-20 10:24:27.239,423.60998592004063,7
2024-09-20 10:24:27.317,423.65239014928846,99
2024-09-20 10:24:27.534,423.6462797060087,1004
2024-09-20 10:24:27.859,423.62081885066937,11
2024-09-20 10:24:27.881,423.6261136205752,12
2024-09-20 10:24:28.373,423.60353262606094,104
2024-09-20 10:24:28.475,423.5833234166819,1001
2024-09-20 10:24:28.485,423.6845798057207,11
2024-09-20 10:24:28.609,423.6611302785037,1003
2024-09-20 10:24:28.632,423.6184308603945,13
2024-09-20 10:24:28.717,423.6426903540256,97
2024-09-20 10:24:29.020,423.6896187295321,1000
2024-09-20 10:24:29.143,423.70304953817833,1004
2024-09-20 10:24:29.167,423.7228100615499,995
2024-09-20 10:24:29.177,423.7364000286348,13
2024-09-20 10:24:29.191,423.7095354869575,98
2024-09-20 10:24:29.201,423.71896664823447,996
2024-09-20 10:24:29.301,423.7599214201935,12
2024-09-20 10:24:29.323,423.6973384172476,102
2024-09-20 10:24:29.332,423.76793799235486,100
2024-09-20 10:24:29.381,423.7039779775611,15
2024-09-20 10:24:29.416,423.7499047684945,97
2024-09-20 10:24:29.460,423.70998794860793,995
2024-09-20 10:24:29.484,423.709304188268,105
2024-09-20 10:24:29.486,423.7053611954946,103
2024-09-20 10:24:29.492,423.6907798930996,104
2024-09-20 10:24:29.505,423.68539503190544,95
2024-09-20 10:24:29.575,423.7034297810042,13
2024-09-20 10:24:29.707,423.7012172286391,10
2024-09-20 10:24:29.758,423.6910744421739,997
2024-09-20 10:24:29.861,423.7707624014452,97
2024-09-20 10:24:29.907,423.7003471053003,1004
2024-09-20 10:24:29.937,423.71592761401615,104
2024-09-20 10:24:29.974,423.7211021742642,996
2024-09-20 10:24:29.977,423.7035083197331,11
2024-09-20 10:24:29.980,423.6794046925742,6
2024-09-20 10:24:29.983,423.70876852257646,1002
2024-09-20 10:24:31.002,423.7884513071382,99
2024-09-20 10:24:31.085,423.77189298311737,1000
2024-09-20 10:24:31.184,423.7988199632836,104
2024-09-20 10:24:31.277,423.8163065692992,97
2024-09-20 10:24:31.297,423.7944972102984,6
2024-09-20 10:24:31.308,423.7929887870392,103
2024-09-20 10:24:31.309,423.786012060986,1002
2024-09-20 10:24:31.323,423.7879936622524,102
2024-09-20 10:24:31.391,423.7634005408335,102
2024-09-20 10:24:31.488,423.8022522449738,1002
2024-09-20 10:24:31.559,423.7602340553862,7
2024-09-20 10:24:31.561,,998
2024-09-20 10:24:31.608,423.7594292030557,96
2024-09-20 10:24:31.644,423.7942058906444,101
2024-09-20 10:24:31.713,423.79171914605456,1003
2024-09-20 10:24:31.727,423.8303018644639,6
2024-09-20 10:24:31.746,423.7697814449982,102
2024-09-20 10:24:31.786,423.8213787626578,5
2024-09-20 10:24:31.865,423.7810682362785,95
2024-09-20 10:24:31.968,423.784247387451,12
2024-09-20 10:24:32.011,423.79024775312814,102
2024-09-20 10:24:32.221,423.81754161902126,7
2024-09-20 10:24:32.282,423.8095270996751,1000
2024-09-20 10:24:32.379,423.8189629081832,1001
2024-09-20 10:24:32.489,423.7905529640447,97
2024-09-20 10:24:32.547,423.8069821774045,11
2024-09-20 10:24:32.588,423.8110869358394,996
2024-09-20 10:24:32.592,423.81123171221225,1003
2024-09-20 10:24:32.630,423.79601037748256,104
2024-09-20 10:24:32.773,423.7972684566691,104
2024-09-20 10:24:32.904,423.8276693009557,1000
2024-09-20 10:24:32.942,423.79965890494,104
2024-09-20 10:24:33.211,423.8397945542168,7
2024-09-20 10:24:33.289,423.8147439045106,104
2024-09-20 10:24:33.340,423.8251945496688,5
2024-09-20 10:24:33.396,423.8129794838045,102
2024-09-20 10:24:33.422,423.8335143569578,98
2024-09-20 10:24:33.499,423.8529089218518,5
2024-09-20 10:24:33.612,423.8143912393825,1005
2024-09-20 10:24:33.620,423.8405639969927,10
2024-09-20 10:24:33.698,423.8275636326908,1002
2024-09-20 10:24:33.786,423.83217735701913,98
2024-09-20 10:24:33.842,423.806427751965,1002
2024-09-20 10:24:33.977,423.83011813974576,6
2024-09-20 10:24:34.048,423.815862702629,101
2024-09-20 10:24:34.056,423.8273684010677,8
2024-09-20 10:24:34.061,423.8236056242205,1001
2024-09-20 10:24:34.079,423.8161728697916,12
2024-09-20 10:24:34.262,423.7551579960058,101
2024-09-20 10:24:34.296,423.7782961340943,14
2024-09-20 10:24:34.305,423.8247316191357,104
2024-09-20 10:24:34.412,423.8181076525386,10
2024-09-20 10:24:34.440,423.81728866990034,995
2024-09-20 10:24:34.603,423.8338768935857,96
2024-09-20 10:24:34.728,423.8084682448263,6
2024-09-20 10:24:34.761,423.8353228566471,5
2024-09-20 10:24:34.805,423.7568469884026,14
2024-09-20 10:24:34.828,423.8234008979427,96
2024-09-20 10:24:35.064,42.37601462472124,104
2024-09-20 10:24:35.105,423.7995677541561,999
2024-09-20 10:24:35.233,423.75356416959255,100
2024-09-20 10:24:35.263,423.7966853615773,96
2024-09-20 10:24:35.318,423.8106003557557,10
2024-09-20 10:24:35.320,423.7440962608255,101
2024-09-20 10:24:35.391,423.759843359723,105
2024-09-20 10:24:35.427,423.7367271023905,5
2024-09-20 10:24:35.428,423.8022935935386,96
2024-09-20 10:24:35.430,423.7900528154725,8
2024-09-20 10:24:35.597,423.81097173029536,998
2024-09-20 10:24:35.620,423.7968872453175,1005
2024-09-20 10:24:35.810,423.7658397360565,6
2024-09-20 10:24:35.890,423.7828038184245,15
2024-09-20 10:24:35.895,423.7535608701534,100
2024-09-20 10:24:35.945,423.8175552000771,103
2024-09-20 10:24:35.978,423.7716807280182,11
2024-09-20 10:24:36.119,423.8044362098449,105
2024-09-20 10:24:36.173,423.8081613111289,102
2024-09-20 10:24:36.200,423.8136552214526,1003
2024-09-20 10:24:36.317,423.829207084826,95
2024-09-20 10:24:36.682,423.8228368077537,14
2024-09-20 10:24:36.771,423.82565449211927,8
2024-09-20 10:24:37.069,423.842209597047,104
2024-09-20 10:24:37.184,423.8840597314146,6
2024-09-20 10:24:37.238,423.8725374456973,1000
2024-09-20 10:24:37.255,423.8972413173614,999
2024-09-20 10:24:37.281,423.8779011849625,95
2024-09-20 10:24:37.287,423.8779582073405,11
2024-09-20 10:24:37.301,423.8843087761662,105
2024-09-20 10:24:37.340,423.8502960859744,95
2024-09-20 10:24:37.494,423.8788739605298,1004
2024-09-20 10:24:37.523,423.8776209250224,1000
2024-09-20 10:24:37.579,423.890695477682,8
2024-09-20 10:24:37.588,423.86342247278674,996
2024-09-20 10:24:37.604,423.8566067052204,100
2024-09-20 10:24:37.623,423.8673609085782,105
2024-09-20 10:24:37.871,423.8933260026117,996
2024-09-20 10:24:38.029,423.9335053708525,12
2024-09-20 10:24:38.068,423.9715696808929,10
2024-09-20 10:24:38.236,423.91280411519216,9
2024-09-20 10:24:38.500,423.911899909854,100
2024-09-20 10:24:38.552,423.8927915663012,1004
2024-09-20 10:24:38.659,423.9461035059998,100
2024-09-20 10:24:38.770,423.9611966305901,96
2024-09-20 10:24:38.928,423.9211531723281,10
2024-09-20 10:24:39.075,423.9553201847624,996
2024-09-20 10:24:39.092,423.9612191906581,103
2024-09-20 10:24:39.113,423.97541051184936,105
2024-09-20 10:24:39.181,423.9887234479061,5
2024-09-20 10:24:39.309,423.9796538185893,101
2024-09-20 10:24:39.312,423.9588608208257,105
2024-09-20 10:24:39.312,423.9519486899372,96
2024-09-20 10:24:39.369,423.987890033411,1002
2024-09-20 10:24:39.424,423.9742868222397,5
2024-09-20 10:24:39.493,423.94239489760827,1001
2024-09-20 10:24:39.583,423.961611811689,1002
2024-09-20 10:24:39.704,423.9813075493542,99
2024-09-20 10:24:39.767,423.96825032394105,9
2024-09-20 10:24:39.770,423.96764791783255,15
2024-09-20 10:24:39.834,423.9602410426593,105
2024-09-20 10:24:39.864,423.9705704240914,14
2024-09-20 10:24:39.897,423.9580168059097,12
2024-09-20 10:24:39.970,423.9734018978807,1001
2024-09-20 10:24:40.168,423.9336028781538,98
2024-09-20 10:24:40.217,423.9388767826928,8
2024-09-20 10:24:40.282,423.9431077402579,1003
2024-09-20 10:24:40.291,423.9497208230292,97
2024-09-20 10:24:40.323,423.9411575735835,8
2024-09-20 10:24:40.343,423.9038445072055,6
2024-09-20 10:24:40.351,423.9644827561272,996
2024-09-20 10:24:40.393,423.9520952889726,100
2024-09-20 10:24:40.426,423.9665602458192,1003
2024-09-20 10:24:40.429,423.8983140662367,1004
2024-09-20 10:24:40.536,423.94753899744825,95
2024-09-20 10:24:40.541,423.939986940622,997
2024-09-20 10:24:40.543,423.8884716877498,997
2024-09-20 10:24:40.563,423.9285492732873,15
2024-09-20 10:24:40.619,423.8856363836719,100
2024-09-20 10:24:40.634,423.8917162992552,104
2024-09-20 10:24:40.641,423.92472438799246,12
2024-09-20 10:24:40.656,423.91622046427625,13
2024-09-20 10:24:40.656,423.918751673239,105
2024-09-20 10:24:40.671,423.94205623981816,97
2024-09-20 10:24:40.706,423.9372991999685,1004
2024-09-20 10:24:40.793,423.9218863820943,105
2024-09-20 10:24:40.873,423.8913116269246,99
2024-09-20 10:24:40.880,423.9038923550435,97
2024-09-20 10:24:40.936,423.9485172565366,13
2024-09-20 10:24:40.959,423.9256702502135,104
2024-09-20 10:24:40.969,423.8967958310496,999
2024-09-20 10:24:41.107,423.973350392257,103
2024-09-20 10:24:41.190,423.9349020348004,9
2024-09-20 10:24:41.260,423.9523740172284,15
2024-09-20 10:24:41.294,423.91512397622375,1005
2024-09-20 10:24:41.350,423.9399398068478,95
2024-09-20 10:24:41.367,423.9617890433321,995
2024-09-20 10:24:41.444,423.9811054847025,98
2024-09-20 10:24:41.468,423.9637114093392,7
2024-09-20 10:24:41.489,423.9323182695964,100
2024-09-20 10:24:41.504,423.9913353777436,9
2024-09-20 10:24:41.506,423.96556476066513,102
2024-09-20 10:24:41.576,423.9813740677457,101
2024-09-20 10:24:41.601,,995
2024-09-20 10:24:41.624,423.9535748701028,101
2024-09-20 10:24:41.666,423.9252413375622,102
2024-09-20 10:24:41.687,423.9701342783165,14
2024-09-20 10:24:41.722,423.9672804444532,996
2024-09-20 10:24:41.730,423.9626582338668,1004
2024-09-20 10:24:41.801,423.975997313623,95
2024-09-20 10:24:41.822,423.91675250072416,99
2024-09-20 10:24:41.899,423.9650819871592,102
2024-09-20 10:24:41.960,423.9792140677649,15
2024-09-20 10:24:41.993,423.9721907438259,14
2024-09-20 10:24:41.995,423.9492337118741,102
2024-09-20 10:24:41.999,423.9370688990344,104
2024-09-20 10:24:42.005,423.90441929795134,1004
2024-09-20 10:24:42.074,423.8627377732927,102
2024-09-20 10:24:42.088,423.8281748157391,995
2024-09-20 10:24:42.153,423.923163808817,998
2024-09-20 10:24:42.207,423.8741737632496,98
2024-09-20 10:24:42.328,423.8209471083987,995
2024-09-20 10:24:42.332,423.86382171262255,1004
2024-09-20 10:24:42.492,423.9093016767799,104
2024-09-20 10:24:42.538,423.82805963565096,997
2024-09-20 10:24:42.568,423.9066078905377,96
2024-09-20 10:24:42.698,423.93818287257824,11
2024-09-20 10:24:42.758,423.86736175309255,15
2024-09-20 10:24:42.804,423.9460618994747,98
2024-09-20 10:24:42.830,423.81346062035146,100
2024-09-20 10:24:42.889,423.85413223315953,103
2024-09-20 10:24:42.981,423.9148446663709,105
2024-09-20 10:24:43.001,423.7934515998783,103
2024-09-20 10:24:43.066,423.75988613993496,96
2024-09-20 10:24:43.096,423.7975754948464,96
2024-09-20 10:24:43.122,423.78409245932255,996
2024-09-20 10:24:43.137,423.7975714789344,103
2024-09-20 10:24:43.247,423.77377021498006,101
2024-09-20 10:24:43.254,423.7666735300631,1003
2024-09-20 10:24:43.258,423.7031140814952,1002
2024-09-20 10:24:43.289,423.75556958348375,1002
2024-09-20 10:24:43.313,423.8022623912224,1001
2024-09-20 10:24:43.322,423.792993729254,97
2024-09-20 10:24:43.391,423.7556628273917,1004
2024-09-20 10:24:43.408,423.7586351803265,1000
2024-09-20 10:24:43.442,423.7486111299675,1003
2024-09-20 10:24:43.453,423.7503452292948,102
2024-09-20 10:24:43.582,423.7609033203249,8
2024-09-20 10:24:43.656,423.7813201198125,5
2024-09-20 10:24:43.660,423.7900578322981,103
2024-09-20 10:24:43.665,423.7798795055628,97
2024-09-20 10:24:43.672,423.7153090349692,1004
2024-09-20 10:24:43.710,423.74842269534105,10
2024-09-20 10:24:43.710,423.78013541656566,10
2024-09-20 10:24:43.813,423.7867221185717,1002
2024-09-20 10:24:43.823,423.73166945242144,1001
2024-09-20 10:24:43.840,423.7870809004703,1003
2024-09-20 10:24:43.874,423.7984623900326,15
2024-09-20 10:24:43.883,423.7746421289628,1005
2024-09-20 10:24:43.921,423.7844884498989,1005
2024-09-20 10:24:43.993,423.7776753858161,6
2024-09-20 10:24:44.053,423.6651322995487,1002
2024-09-20 10:24:44.192,423.6780676486833,1000
2024-09-20 10:24:44.409,423.67954441438457,100
2024-09-20 10:24:44.698,423.6960478147535,997
2024-09-20 10:24:44.704,423.66759070166944,5
2024-09-20 10:24:44.847,423.6970657082687,12
2024-09-20 10:24:44.886,423.6917665565886,998
2024-09-20 10:24:45.165,423.66039005439086,1002
2024-09-20 10:24:45.234,423.6319179016504,96
2024-09-20 10:24:45.276,423.6292624782408,1001
2024-09-20 10:24:45.420,423.6507672636672,5
2024-09-20 10:24:45.438,423.6399920542205,8
2024-09-20 10:24:45.720,423.6248294809242,13
2024-09-20 10:24:45.811,,10
2024-09-20 10:24:46.028,423.6055744817264,98
2024-09-20 10:24:46.041,423.6198830209511,100
2024-09-20 10:24:46.092,423.601789389181,96
2024-09-20 10:24:46.109,423.5995546647652,14
2024-09-20 10:24:46.174,423.604951718462,105
2024-09-20 10:24:46.258,423.6380343899186,99
2024-09-20 10:24:46.293,423.6083047880846,997
2024-09-20 10:24:46.313,423.6223094195863,996
2024-09-20 10:24:46.345,423.6115078373005,101
2024-09-20 10:24:46.346,423.5974508867912,5
2024-09-20 10:24:46.480,423.6204297667405,996
2024-09-20 10:24:46.493,423.61648910503305,12
2024-09-20 10:24:46.609,423.6367036351133,100
2024-09-20 10:24:46.669,42.36170960750289,101
2024-09-20 10:24:46.674,423.6060915998688,5
2024-09-20 10:24:46.725,423.6350490977622,997
2024-09-20 10:24:46.756,423.6309504784842,96
2024-09-20 10:24:46.806,423.6211195314596,105
2024-09-20 10:24:46.878,423.62576778434135,1004
2024-09-20 10:24:46.899,423.6007561997756,95
2024-09-20 10:24:46.907,423.6213907558276,998
2024-09-20 10:24:46.912,423.6010864133676,95
2024-09-20 10:24:46.945,423.60355133601774,104
2024-09-20 10:24:46.950,423.6132401032107,10
2024-09-20 10:24:46.978,423.6084692146241,6
2024-09-20 10:24:47.083,,14
2024-09-20 10:24:47.096,423.60608254871767,998
2024-09-20 10:24:47.112,423.59919273970536,998
2024-09-20 10:24:47.129,423.58526552801953,8
2024-09-20 10:24:47.142,423.6079075598951,1005
2024-09-20 10:24:47.172,423.7148539337597,11
2024-09-20 10:24:47.193,423.6886579985906,8
2024-09-20 10:24:47.201,423.58609214117246,6
2024-09-20 10:24:47.255,423.6739656617308,998
2024-09-20 10:24:47.257,423.67033715580976,98
2024-09-20 10:24:47.264,423.6259292773544,995
2024-09-20 10:24:47.295,423.5864932809077,999
2024-09-20 10:24:47.345,423.6481200490644,100
2024-09-20 10:24:47.375,423.6107906397066,5
2024-09-20 10:24:47.428,423.6770374996892,1004
2024-09-20 10:24:47.439,423.6221675319812,995
2024-09-20 10:24:47.439,423.7138576245468,5
2024-09-20 10:24:47.522,423.6135976826447,102
2024-09-20 10:24:47.550,423.61024983393247,99
2024-09-20 10:24:47.560,423.6579306663684,101
2024-09-20 10:24:47.624,423.6996570662717,995
2024-09-20 10:24:47.722,423.68125137212274,98
2024-09-20 10:24:47.802,423.59516014867086,996
2024-09-20 10:24:47.807,423.6480293684712,1005
2024-09-20 10:24:47.857,423.5855820692292,8
2024-09-20 10:24:47.889,423.5900035633094,101
2024-09-20 10:24:47.910,423.59124114274624,104
2024-09-20 10:24:47.917,423.59924705289234,1005
2024-09-20 10:24:47.958,423.6673590454993,998
2024-09-20 10:24:48.167,42.36614726486109,1002
2024-09-20 10:24:48.188,423.6679802307706,11
2024-09-20 10:24:48.442,423.6748771377442,5
2024-09-20 10:24:48.471,423.64790749322106,8
2024-09-20 10:24:48.636,423.67137260130033,11
2024-09-20 10:24:48.730,423.67074663282233,5
2024-09-20 10:24:48.853,423.6652821136335,997
2024-09-20 10:24:48.913,423.67084543234427,7
2024-09-20 10:24:49.057,423.6745198632428,96
2024-09-20 10:24:49.213,423.6968219922651,13
2024-09-20 10:24:49.240,423.683647105152,8
2024-09-20 10:24:49.242,423.6762628722728,99
2024-09-20 10:24:49.256,423.6896259717632,12
2024-09-20 10:24:49.294,423.6912445448209,996
2024-09-20 10:24:49.468,423.6945176772403,15
2024-09-20 10:24:49.485,423.68146070064927,98
2024-09-20 10:24:49.544,423.7024901516086,1003
2024-09-20 10:24:49.701,423.6532458110004,12
2024-09-20 10:24:49.705,423.685661460477,95
2024-09-20 10:24:49.885,423.69030081631513,100
2024-09-20 10:24:50.015,423.6496316570841,13
2024-09-20 10:24:50.029,423.61617477068415,9
2024-09-20 10:24:50.034,423.53599949323234,97
2024-09-20 10:24:50.069,423.5806943327887,8
2024-09-20 10:24:50.073,423.5676926690768,999
2024-09-20 10:24:50.167,423.60070678035055,996
2024-09-20 10:24:50.254,423.6638409742586,11
2024-09-20 10:24:50.275,423.6216299962069,995
2024-09-20 10:24:50.376,423.575426588323,103
2024-09-20 10:24:50.400,423.5994308436424,999
2024-09-20 10:24:50.426,423.6224250524248,996
2024-09-20 10:24:50.433,423.670393885627,1001
2024-09-20 10:24:50.440,423.6038748337299,1003
2024-09-20 10:24:50.454,423.6225503040097,1002
2024-09-20 10:24:50.504,423.6212458453853,13
2024-09-20 10:24:50.529,423.6206370010639,15
2024-09-20 10:24:50.543,423.54216229637234,101
2024-09-20 10:24:50.632,423.5975973976205,8
2024-09-20 10:24:50.654,423.5757105687127,96
2024-09-20 10:24:50.674,423.5662322670386,100
2024-09-20 10:24:50.695,423.5605775726132,998
2024-09-20 10:24:50.697,423.59580896138624,997
2024-09-20 10:24:50.776,423.551405276396,101
2024-09-20 10:24:51.079,423.5298941264732,14
2024-09-20 10:24:51.209,423.4939542381762,98
2024-09-20 10:24:51.230,423.5378706162989,1005
2024-09-20 10:24:51.279,423.4841109588626,15
2024-09-20 10:24:51.305,423.5345143235733,1002
2024-09-20 10:24:51.347,42.35357226844957,105
2024-09-20 10:24:51.349,423.4848636552784,105
2024-09-20 10:24:51.367,423.5208369070214,6
2024-09-20 10:24:51.462,423.511065666154,10
2024-09-20 10:24:51.484,423.5403393173158,100
2024-09-20 10:24:51.528,423.5119962752973,1000
2024-09-20 10:24:51.537,423.5187296782239,1001
2024-09-20 10:24:51.540,423.48920275028246,5
2024-09-20 10:24:51.543,423.510864094769,9
2024-09-20 10:24:51.618,423.5008846865296,101
2024-09-20 10:24:51.622,423.5349395962169,11
2024-09-20 10:24:51.712,423.5000051577591,1004
2024-09-20 10:24:51.723,,11
2024-09-20 10:24:51.728,423.52175190597455,13
2024-09-20 10:24:51.741,423.5487758280922,10
2024-09-20 10:24:51.780,423.5410080056749,103
2024-09-20 10:24:51.787,423.48422581138846,105
2024-09-20 10:24:51.793,423.5353740892115,10
2024-09-20 10:24:51.810,423.53048444625887,1000
2024-09-20 10:24:51.940,423.4867652780604,1003
2024-09-20 10:24:51.984,423.53853396049976,5
2024-09-20 10:24:52.012,,5
2024-09-20 10:24:52.015,423.5524609099921,7
2024-09-20 10:24:52.065,423.5665052079689,103
2024-09-20 10:24:52.167,423.5495128101344,105
2024-09-20 10:24:52.309,423.5526559602312,5
2024-09-20 10:24:52.432,423.5598465305813,997
2024-09-20 10:24:52.453,423.5617754974688,13
2024-09-20 10:24:52.585,423.56379331325815,12
2024-09-20 10:24:52.588,423.5570720788943,13
2024-09-20 10:24:52.691,423.5532439018677,104
2024-09-20 10:24:52.836,423.5400234626803,95
2024-09-20 10:24:52.859,423.5732819875385,7
2024-09-20 10:24:53.805,423.5381861488788,999
2024-09-20 10:24:54.247,423.5232407922585,999
2024-09-20 10:24:54.389,423.49813327559417,1003
2024-09-20 10:24:54.424,423.4965633803084,103
2024-09-20 10:24:54.471,423.5232335468547,95
2024-09-20 10:24:54.846,423.52531840991526,1003
2024-09-20 10:24:54.973,423.5176499988598,999
2024-09-20 10:24:55.002,423.51799253612455,997
2024-09-20 10:24:55.045,42.3514107789938,995
2024-09-20 10:24:55.094,423.5073236724651,100
2024-09-20 10:24:55.378,423.51730811897016,102
2024-09-20 10:24:55.529,423.5261323051806,102
2024-09-20 10:24:55.907,423.52010145585183,1005
2024-09-20 10:24:56.030,423.45620869422623,103
2024-09-20 10:24:56.033,423.4858961142243,12
2024-09-20 10:24:56.142,423.46106683885125,96
2024-09-20 10:24:56.144,423.4653544579061,9
2024-09-20 10:24:56.233,423.47302238725337,103
2024-09-20 10:24:56.252,423.45066628686817,97
2024-09-20 10:24:56.295,423.4836271125669,9
2024-09-20 10:24:56.338,423.4483093753887,14
2024-09-20 10:24:56.384,423.4886155455378,7
2024-09-20 10:24:56.507,423.48215564009627,13
2024-09-20 10:24:56.559,423.4731723072389,103
2024-09-20 10:24:56.645,42.3497582447868,104
2024-09-20 10:24:56.693,423.46272332637386,995
2024-09-20 10:24:56.695,423.4527408760704,99
2024-09-20 10:24:56.706,423.4481680594082,101
2024-09-20 10:24:56.744,423.5190027703314,996
2024-09-20 10:24:56.821,423.4622882810928,97
2024-09-20 10:24:56.863,423.4849670188795,996
2024-09-20 10:24:56.935,423.4858009339068,997
2024-09-20 10:24:57.000,423.5089159678769,101
2024-09-20 10:24:57.012,423.4968202560021,104
2024-09-20 10:24:57.027,423.4913610600378,8
2024-09-20 10:24:57.062,423.5149237577757,1000
2024-09-20 10:24:57.066,423.5245607470381,1004
2024-09-20 10:24:57.099,423.5668528336758,101
2024-09-20 10:24:57.117,423.50855433596047,7
2024-09-20 10:24:57.276,423.5048362123427,95
2024-09-20 10:24:57.287,423.4741135125862,103
2024-09-20 10:24:57.436,42.34949529959667,12
2024-09-20 10:24:57.609,42.34812329575987,96
2024-09-20 10:24:57.640,423.5314926598392,13
2024-09-20 10:24:57.648,423.4838767083581,102
2024-09-20 10:24:57.725,423.5193113392144,101
2024-09-20 10:24:57.755,423.4600230881352,1002
2024-09-20 10:24:57.801,423.530714163762,9
2024-09-20 10:24:57.807,423.490736979266,96
2024-09-20 10:24:57.844,423.4845384154853,1004
2024-09-20 10:24:57.924,423.5384967130842,6
2024-09-20 10:24:57.944,423.5643253434434,9
2024-09-20 10:24:57.995,423.5611018320922,101
2024-09-20 10:24:59.007,423.5528564001108,96
2024-09-20 10:24:59.016,423.5778935831684,96
2024-09-20 10:24:59.057,423.5883933774792,13
2024-09-20 10:24:59.069,423.5656784631699,995
2024-09-20 10:24:59.084,423.5725170640455,7
2024-09-20 10:24:59.166,423.5666788873556,104
2024-09-20 10:24:59.428,423.56420251845617,998
2024-09-20 10:24:59.693,423.550313923717,10
2024-09-20 10:24:59.701,423.5507514728919,13
2024-09-20 10:24:59.747,423.5698779411733,6
2024-09-20 10:24:59.772,423.5790212311805,97
2024-09-20 10:24:59.936,423.569751157789,102
2024-09-20 10:24:59.963,423.5692726509242,9
