Timestamp,Price,Size
2024-09-19 12:11:00.249,423.1865834835955,104
2024-09-19 12:11:00.262,423.1759649216056,99
2024-09-19 12:11:00.265,423.1625587082779,97
2024-09-19 12:11:00.280,423.1696274520988,13
2024-09-19 12:11:00.304,423.1891937139912,10
2024-09-19 12:11:00.408,42.317890341493545,997
2024-09-19 12:11:00.438,423.1697913742221,103
2024-09-19 12:11:00.860,423.1693240476797,8
2024-09-19 12:11:00.893,423.1837734045951,6
2024-09-19 12:11:00.935,423.1701320828872,15
2024-09-19 12:11:01.034,423.1759458201205,99
2024-09-19 12:11:01.294,423.177262802831,12
2024-09-19 12:11:01.386,423.17184970381874,1005
2024-09-19 12:11:01.859,423.1838670340701,96
2024-09-19 12:11:01.999,423.18972544355626,8
2024-09-19 12:11:02.018,,1004
2024-09-19 12:11:02.025,423.16363130855126,12
2024-09-19 12:11:02.042,423.1821649227575,998
2024-09-19 12:11:02.071,423.1678665555846,5
2024-09-19 12:11:02.078,423.1707190858001,1000
2024-09-19 12:11:02.145,,5
2024-09-19 12:11:02.218,423.1631410325783,14
2024-09-19 12:11:02.244,,11
2024-09-19 12:11:02.252,423.1879641296982,104
2024-09-19 12:11:02.485,423.17344025744006,103
2024-09-19 12:11:02.510,423.1914739224913,1002
2024-09-19 12:11:02.548,423.1950187414967,11
2024-09-19 12:11:02.558,423.1849863926178,14
2024-09-19 12:11:02.657,423.1728577919183,98
2024-09-19 12:11:02.672,423.2098258188503,1003
2024-09-19 12:11:02.695,423.1706001399288,8
2024-09-19 12:11:02.733,423.17894137510143,998
2024-09-19 12:11:02.764,423.17719728993,996
2024-09-19 12:11:02.770,423.1826942335866,104
2024-09-19 12:11:02.775,423.18993966626783,5
2024-09-19 12:11:02.833,423.19664048688566,98
2024-09-19 12:11:02.920,423.1870143048399,995
2024-09-19 12:11:02.940,423.1843525654704,13
2024-09-19 12:11:02.959,423.1597576328057,7
2024-09-19 12:11:03.055,423.1736628426948,11
2024-09-19 12:11:03.097,423.17468273978943,998
2024-09-19 12:11:03.186,423.17084937887,96
2024-09-19 12:11:03.230,423.2143251084887,997
2024-09-19 12:11:03.308,423.1850318054143,8
2024-09-19 12:11:03.312,423.1772436647641,998
2024-09-19 12:11:03.491,423.1723604551349,996
2024-09-19 12:11:03.622,423.1973794420405,95
2024-09-19 12:11:03.644,423.1985735885776,1005
2024-09-19 12:11:03.727,423.1822149614953,9
2024-09-19 12:11:03.761,423.1697717479946,97
2024-09-19 12:11:03.797,423.171293692822,101
2024-09-19 12:11:03.810,423.17194460790296,1003
2024-09-19 12:11:03.811,423.1705476223863,995
2024-09-19 12:11:03.834,423.17938294545286,101
2024-09-19 12:11:03.905,423.1765019615168,995
2024-09-19 12:11:03.947,423.1988350925802,7
2024-09-19 12:11:03.964,423.1639398826448,98
2024-09-19 12:11:03.968,423.1870368598827,996
2024-09-19 12:11:04.013,-423.16406183862927,98
2024-09-19 12:11:04.058,423.1105436516605,104
2024-09-19 12:11:04.079,423.1590836693581,1001
2024-09-19 12:11:04.105,423.1124769420849,100
2024-09-19 12:11:04.121,423.1459656821237,8
2024-09-19 12:11:04.133,423.1809229648272,1004
2024-09-19 12:11:04.175,423.1613045065234,1003
2024-09-19 12:11:04.236,-423.1328954157912,1000
2024-09-19 12:11:04.287,423.1503510560908,997
2024-09-19 12:11:04.351,,103
2024-09-19 12:11:04.352,423.1574165741218,105
2024-09-19 12:11:04.395,423.1554456149784,11
2024-09-19 12:11:04.572,423.16157801087815,7
2024-09-19 12:11:04.604,423.1625481833064,99
2024-09-19 12:11:04.604,423.1401214353919,101
2024-09-19 12:11:04.614,423.1732544833566,105
2024-09-19 12:11:04.628,423.12530982840434,102
2024-09-19 12:11:04.720,423.1647435020864,102
2024-09-19 12:11:04.799,423.1133247725626,95
2024-09-19 12:11:04.812,423.147440152947,95
2024-09-19 12:11:04.834,423.15248497118966,1002
2024-09-19 12:11:04.837,423.1614045758519,95
2024-09-19 12:11:04.842,423.1230231360897,95
2024-09-19 12:11:04.848,423.1346032301049,96
2024-09-19 12:11:04.853,423.1511043381999,101
2024-09-19 12:11:04.887,423.14157546806433,10
2024-09-19 12:11:05.711,423.1320534495366,996
2024-09-19 12:11:06.004,423.1312711877792,104
2024-09-19 12:11:06.025,423.1572629387867,103
2024-09-19 12:11:06.043,42.317095709809145,1004
2024-09-19 12:11:06.101,423.1685390276541,99
2024-09-19 12:11:06.151,423.1745553869642,11
2024-09-19 12:11:06.156,423.1603829603257,102
2024-09-19 12:11:06.198,423.1708120440635,7
2024-09-19 12:11:06.198,423.1770627534568,11
2024-09-19 12:11:06.216,423.1490486591404,1000
2024-09-19 12:11:06.238,423.1600380840191,6
2024-09-19 12:11:06.247,423.15546378972175,10
2024-09-19 12:11:06.348,423.13624848642553,9
2024-09-19 12:11:06.366,423.1520703711676,996
2024-09-19 12:11:06.438,423.1398159162037,997
2024-09-19 12:11:06.454,423.1610756023493,99
2024-09-19 12:11:06.480,423.1422943797377,105
2024-09-19 12:11:06.689,423.1575356753143,15
2024-09-19 12:11:06.750,423.1726716655864,14
2024-09-19 12:11:06.872,423.12431895698586,97
2024-09-19 12:11:06.962,423.14714785455135,15
2024-09-19 12:11:07.052,423.1641812346534,1004
2024-09-19 12:11:07.076,423.15092497726346,14
2024-09-19 12:11:07.083,423.1663470282908,97
2024-09-19 12:11:07.153,423.1699059593399,1000
2024-09-19 12:11:07.174,423.1366207974736,105
2024-09-19 12:11:07.231,423.1835238055242,15
2024-09-19 12:11:07.292,423.1414918954677,98
2024-09-19 12:11:07.302,423.1357045828735,996
2024-09-19 12:11:07.400,423.1769826420045,97
2024-09-19 12:11:07.494,423.158860390437,11
2024-09-19 12:11:07.549,423.1839535598959,8
2024-09-19 12:11:07.666,423.1676160259216,95
2024-09-19 12:11:07.670,423.1476563468758,1001
2024-09-19 12:11:07.721,423.17393839652607,96
2024-09-19 12:11:07.812,423.1824734520831,103
2024-09-19 12:11:07.814,423.1481621121209,1004
2024-09-19 12:11:07.829,423.16478244424167,1005
2024-09-19 12:11:07.932,423.1387498494381,10
2024-09-19 12:11:07.989,423.1411754227041,95
2024-09-19 12:11:08.073,423.1205827680708,10
2024-09-19 12:11:08.118,423.1450934445182,98
2024-09-19 12:11:08.166,423.1490885451122,100
2024-09-19 12:11:08.266,423.1301330998276,1000
2024-09-19 12:11:08.278,423.1432528314958,104
2024-09-19 12:11:08.295,423.1301346790407,96
2024-09-19 12:11:08.367,423.1199689278053,11
2024-09-19 12:11:08.423,423.1481991584148,996
2024-09-19 12:11:08.473,423.139785323933,15
2024-09-19 12:11:08.499,423.1753729420655,96
2024-09-19 12:11:08.594,423.11511507823946,1001
2024-09-19 12:11:08.607,423.1509390811875,101
2024-09-19 12:11:08.705,423.104780652571,104
2024-09-19 12:11:08.814,423.1197106564712,995
2024-09-19 12:11:08.911,423.15515018122346,8
2024-09-19 12:11:08.949,423.1167179489151,100
2024-09-19 12:11:08.971,423.12463624132886,99
2024-09-19 12:11:10.003,423.0868375490635,104
2024-09-19 12:11:10.081,423.1133036061962,1003
2024-09-19 12:11:10.116,423.0979213810499,14
2024-09-19 12:11:10.126,423.1289228909157,995
2024-09-19 12:11:10.186,423.1210307194039,11
2024-09-19 12:11:10.228,423.12898435977166,14
2024-09-19 12:11:10.255,423.092888469629,98
2024-09-19 12:11:10.309,423.1086414979922,9
2024-09-19 12:11:10.352,423.081842205284,997
2024-09-19 12:11:10.370,423.12553989197215,1004
2024-09-19 12:11:10.399,423.1255374641759,100
2024-09-19 12:11:10.458,423.1283694659485,11
2024-09-19 12:11:10.486,423.149082683518,5
2024-09-19 12:11:10.518,423.14476766526,5
2024-09-19 12:11:10.519,,6
2024-09-19 12:11:10.572,423.1490121542838,100
2024-09-19 12:11:10.585,423.1190104350952,1004
2024-09-19 12:11:10.668,423.08270722857736,5
2024-09-19 12:11:10.764,423.0785109809032,997
2024-09-19 12:11:10.918,423.1389061919311,995
2024-09-19 12:11:10.938,423.1512014241036,14
2024-09-19 12:11:10.970,423.1281912954861,996
2024-09-19 12:11:10.992,423.11048915168993,104
2024-09-19 12:11:11.020,423.078088679932,97
2024-09-19 12:11:11.084,423.0783160425364,1001
2024-09-19 12:11:11.287,423.13025817004177,11
2024-09-19 12:11:11.308,423.0940016725518,104
2024-09-19 12:11:11.333,423.10918062895536,101
2024-09-19 12:11:11.431,423.0790385553711,15
2024-09-19 12:11:11.436,423.0990615583358,101
2024-09-19 12:11:11.454,423.0878961085017,7
2024-09-19 12:11:11.455,423.0867913360446,14
2024-09-19 12:11:11.460,423.05498502777925,1002
2024-09-19 12:11:11.507,423.0824924141281,99
2024-09-19 12:11:11.522,423.0595482662801,12
2024-09-19 12:11:11.523,423.0889554106288,6
2024-09-19 12:11:11.560,423.1312588925149,13
2024-09-19 12:11:11.570,423.0904978856895,99
2024-09-19 12:11:11.591,423.1160110289383,5
2024-09-19 12:11:11.651,423.0944934670108,1005
2024-09-19 12:11:11.665,423.0556174670722,1005
2024-09-19 12:11:11.692,423.09975892255767,98
2024-09-19 12:11:11.694,423.0783601470326,14
2024-09-19 12:11:11.711,423.09310807376767,1002
2024-09-19 12:11:11.728,423.0884604255172,996
2024-09-19 12:11:11.742,,104
2024-09-19 12:11:11.760,423.0819131112779,12
2024-09-19 12:11:11.768,423.08027909087167,5
2024-09-19 12:11:11.866,423.1201652936832,7
2024-09-19 12:11:11.940,423.07065826968807,99
2024-09-19 12:11:11.964,423.0714989062836,96
2024-09-19 12:11:11.973,423.09334489759954,100
2024-09-19 12:11:11.981,423.0915290481349,98
2024-09-19 12:11:12.411,423.1159339911898,999
2024-09-19 12:11:12.651,423.10739167402016,1000
2024-09-19 12:11:12.942,423.1396313108552,102
2024-09-19 12:11:13.053,423.1308627204112,105
2024-09-19 12:11:13.158,423.0365977594836,1000
2024-09-19 12:11:13.170,423.1340263353595,1003
2024-09-19 12:11:13.204,423.12778487202496,1003
2024-09-19 12:11:13.209,423.08801131114905,13
2024-09-19 12:11:13.228,423.09932349003134,999
2024-09-19 12:11:13.233,423.0437069733474,9
2024-09-19 12:11:13.242,423.14623731619696,5
2024-09-19 12:11:13.328,423.1020145515406,10
2024-09-19 12:11:13.348,423.0485359812338,1002
2024-09-19 12:11:13.375,423.1525963080384,998
2024-09-19 12:11:13.388,423.1372394630193,11
2024-09-19 12:11:13.462,423.0149025547539,98
2024-09-19 12:11:13.492,423.1105803901789,102
2024-09-19 12:11:13.555,423.0912159812895,1002
2024-09-19 12:11:13.619,423.0784365980595,1004
2024-09-19 12:11:13.626,423.1040313305675,11
2024-09-19 12:11:13.645,423.1152910105398,97
2024-09-19 12:11:13.819,423.1265389476485,10
2024-09-19 12:11:13.820,-423.0247665161664,105
2024-09-19 12:11:13.837,423.0620938670539,1000
2024-09-19 12:11:13.877,423.0148604237843,100
2024-09-19 12:11:13.879,423.1071737806956,1000
2024-09-19 12:11:13.913,423.0050655508339,8
2024-09-19 12:11:13.939,423.0484645067534,102
2024-09-19 12:11:13.967,423.0456150211035,7
2024-09-19 12:11:13.984,423.11204768950114,95
2024-09-19 12:11:14.007,422.9667166423712,995
2024-09-19 12:11:14.036,423.0031230425664,105
2024-09-19 12:11:14.224,-422.9933223403921,1005
2024-09-19 12:11:14.270,422.998510628922,1002
2024-09-19 12:11:14.271,423.0406843143071,6
2024-09-19 12:11:14.352,422.993323099996,96
2024-09-19 12:11:14.381,423.0196396082002,9
2024-09-19 12:11:14.383,422.9796988398648,102
2024-09-19 12:11:14.427,423.01202446802847,10
2024-09-19 12:11:14.513,423.01239550217406,5
2024-09-19 12:11:14.515,423.001790427477,102
2024-09-19 12:11:14.581,422.9934645733365,9
2024-09-19 12:11:14.613,423.0340860545677,998
2024-09-19 12:11:14.706,423.0307573431164,11
2024-09-19 12:11:14.894,422.9909233977038,1003
2024-09-19 12:11:14.961,422.97608957784337,102
2024-09-19 12:11:14.974,422.9593033108249,9
2024-09-19 12:11:15.016,422.9626162406948,105
2024-09-19 12:11:15.113,422.9914203154108,999
2024-09-19 12:11:15.115,423.00777986308174,15
2024-09-19 12:11:15.122,423.0027565662282,7
2024-09-19 12:11:15.157,422.9637602577247,13
2024-09-19 12:11:15.212,423.0259960331882,15
2024-09-19 12:11:15.387,423.03303239404096,8
2024-09-19 12:11:15.387,423.0128321344251,1005
2024-09-19 12:11:15.430,423.0102120082607,104
2024-09-19 12:11:15.438,422.9800080136165,999
2024-09-19 12:11:15.485,422.99283642007936,95
2024-09-19 12:11:15.500,423.0295496635283,995
2024-09-19 12:11:15.512,423.0372219168597,97
2024-09-19 12:11:15.542,423.0299540062023,11
2024-09-19 12:11:15.549,423.03000890622906,10
2024-09-19 12:11:15.549,422.9638036397902,997
2024-09-19 12:11:15.576,422.9804944074652,997
2024-09-19 12:11:15.582,422.9889585472162,1005
2024-09-19 12:11:15.622,423.0075385082811,14
2024-09-19 12:11:15.673,423.0150726501675,102
2024-09-19 12:11:15.677,422.9941027473467,100
2024-09-19 12:11:15.685,422.9972219775967,1000
2024-09-19 12:11:15.689,423.0315626623534,996
2024-09-19 12:11:15.756,423.02080411253166,1005
2024-09-19 12:11:15.914,422.99407389929263,100
2024-09-19 12:11:15.979,423.00949244941046,9
2024-09-19 12:11:15.980,422.9596561085443,1002
2024-09-19 12:11:16.007,422.98483053069975,1003
2024-09-19 12:11:16.142,423.0408578322674,8
2024-09-19 12:11:16.171,423.0417333714425,5
2024-09-19 12:11:16.224,-423.0151262082872,1003
2024-09-19 12:11:16.245,423.0499883587347,103
2024-09-19 12:11:16.331,422.97726682051774,998
2024-09-19 12:11:16.370,423.0351859960217,15
2024-09-19 12:11:16.524,-422.98104343472335,11
2024-09-19 12:11:16.540,423.04814973011855,14
2024-09-19 12:11:16.557,423.0327913423807,6
2024-09-19 12:11:16.574,423.0387632497023,7
2024-09-19 12:11:16.600,423.0424699525594,100
2024-09-19 12:11:16.813,423.0361362409556,105
2024-09-19 12:11:16.839,423.0261698325456,9
2024-09-19 12:11:16.852,423.0235516886935,996
2024-09-19 12:11:16.909,423.00009081567407,8
2024-09-19 12:11:16.928,,1002
2024-09-19 12:11:17.040,423.06808964712985,1000
2024-09-19 12:11:17.155,423.097733550737,9
2024-09-19 12:11:17.180,423.0908278282089,97
2024-09-19 12:11:17.180,423.0847130414572,7
2024-09-19 12:11:17.182,423.0487672343617,1005
2024-09-19 12:11:17.251,423.0671242377909,101
2024-09-19 12:11:17.260,423.09085237245546,99
2024-09-19 12:11:17.299,423.07089268372346,97
2024-09-19 12:11:17.344,423.0744354686171,997
2024-09-19 12:11:17.387,423.03269241203606,12
2024-09-19 12:11:17.390,423.0829744395977,103
2024-09-19 12:11:17.581,423.0824637834352,1003
2024-09-19 12:11:17.599,423.08739750587216,105
2024-09-19 12:11:17.855,423.08235089586833,99
2024-09-19 12:11:17.877,423.0432218931376,100
2024-09-19 12:11:17.965,423.04469225396826,96
2024-09-19 12:11:18.002,422.9929464031987,998
2024-09-19 12:11:18.008,422.9449108811594,1000
2024-09-19 12:11:18.023,422.901393457618,12
2024-09-19 12:11:18.038,423.00417034323226,1000
2024-09-19 12:11:18.070,423.0051513355637,10
2024-09-19 12:11:18.072,422.97245566365865,1000
2024-09-19 12:11:18.084,423.0119505229218,1001
2024-09-19 12:11:18.122,423.046583620188,6
2024-09-19 12:11:18.153,423.01431798508014,13
2024-09-19 12:11:18.169,423.00943328894544,1003
2024-09-19 12:11:18.297,422.9826267260516,997
2024-09-19 12:11:18.345,423.0351307349874,15
2024-09-19 12:11:18.445,423.01925384467614,104
2024-09-19 12:11:18.454,422.9984369132648,8
2024-09-19 12:11:18.500,423.03372469529353,1003
2024-09-19 12:11:18.521,422.9703951895851,15
2024-09-19 12:11:18.599,423.0242267149906,103
2024-09-19 12:11:18.601,423.02027462970096,9
2024-09-19 12:11:18.709,423.0241842019062,8
2024-09-19 12:11:18.711,422.9753887199042,13
2024-09-19 12:11:18.749,423.02373193216965,14
2024-09-19 12:11:18.764,423.0222527551926,15
2024-09-19 12:11:18.903,422.9895287272739,1005
2024-09-19 12:11:18.904,423.0566056293586,1000
2024-09-19 12:11:18.910,423.041523850656,1002
2024-09-19 12:11:18.928,423.0389391033867,104
2024-09-19 12:11:18.933,422.9281501417466,105
2024-09-19 12:11:19.007,422.8809662367295,1000
2024-09-19 12:11:19.096,422.93420663855545,996
2024-09-19 12:11:19.143,422.9398314039439,12
2024-09-19 12:11:19.160,422.92582649104673,15
2024-09-19 12:11:19.160,422.9236414989501,1003
2024-09-19 12:11:19.229,422.9366429502275,1004
2024-09-19 12:11:19.290,422.8900388463822,10
2024-09-19 12:11:19.301,422.8577121062563,99
2024-09-19 12:11:19.320,422.93795036215073,995
2024-09-19 12:11:19.322,422.9024204442043,99
2024-09-19 12:11:19.391,422.906125042675,10
2024-09-19 12:11:19.434,422.88221649391,8
2024-09-19 12:11:19.473,422.8692359192491,6
2024-09-19 12:11:19.478,422.8769248736349,1004
2024-09-19 12:11:19.591,422.9196987190503,1005
2024-09-19 12:11:19.690,422.8767481327476,14
2024-09-19 12:11:19.745,422.87130026644,1002
2024-09-19 12:11:19.791,422.9082905701681,101
2024-09-19 12:11:19.888,422.935922119752,100
2024-09-19 12:11:19.938,422.8681349880577,996
2024-09-19 12:11:19.948,422.9352747915043,100
2024-09-19 12:11:20.036,422.8842979167849,998
2024-09-19 12:11:20.056,422.868211631487,6
2024-09-19 12:11:20.161,422.87506850593513,6
2024-09-19 12:11:20.197,422.8685753190204,14
2024-09-19 12:11:20.226,422.8963841164498,995
2024-09-19 12:11:20.277,,95
2024-09-19 12:11:20.535,422.8945165388523,105
2024-09-19 12:11:20.594,422.8869356790294,996
2024-09-19 12:11:20.619,422.881781803113,10
2024-09-19 12:11:20.628,422.8838075673049,10
2024-09-19 12:11:20.645,422.8826754642876,10
2024-09-19 12:11:20.707,422.89102147914696,1002
2024-09-19 12:11:20.708,422.85704590355294,11
2024-09-19 12:11:20.747,422.8490421944703,13
2024-09-19 12:11:20.752,422.886804766221,995
2024-09-19 12:11:20.792,422.88370108443627,12
2024-09-19 12:11:20.802,422.8630704890159,999
2024-09-19 12:11:20.859,422.87936178655,13
2024-09-19 12:11:21.036,422.9137037275518,1000
2024-09-19 12:11:21.108,422.92611623403945,14
2024-09-19 12:11:21.134,422.8950190297824,1005
2024-09-19 12:11:21.214,422.9383859025792,97
2024-09-19 12:11:21.272,422.9190749562813,1001
2024-09-19 12:11:21.289,422.9251062619574,15
2024-09-19 12:11:21.333,422.8968012315666,100
2024-09-19 12:11:21.371,422.9241876416668,998
2024-09-19 12:11:21.538,422.8886688784345,999
2024-09-19 12:11:21.541,422.8944463932224,105
2024-09-19 12:11:21.559,422.94128013865424,97
2024-09-19 12:11:21.559,422.8870929857407,1005
2024-09-19 12:11:21.587,422.9181312851467,13
2024-09-19 12:11:21.588,422.8979835291267,1005
2024-09-19 12:11:21.592,422.8909279822384,7
2024-09-19 12:11:21.726,422.9009812377525,12
2024-09-19 12:11:21.782,422.891735827112,12
2024-09-19 12:11:21.791,422.936386755673,11
2024-09-19 12:11:21.808,422.91732211295096,95
2024-09-19 12:11:21.809,422.9326522186199,9
2024-09-19 12:11:21.830,422.9074394119634,104
2024-09-19 12:11:21.838,422.9093127464415,995
2024-09-19 12:11:21.866,422.9619777652478,100
2024-09-19 12:11:22.018,422.88722418357446,995
2024-09-19 12:11:22.064,422.9221673348275,10
2024-09-19 12:11:22.064,422.9367143302384,104
2024-09-19 12:11:22.077,422.8825784048696,14
2024-09-19 12:11:22.156,422.9113788274721,999
2024-09-19 12:11:22.188,422.9217018979745,998
2024-09-19 12:11:22.195,422.87726626059066,14
2024-09-19 12:11:22.255,422.90946508843416,1002
2024-09-19 12:11:22.264,422.89134152308577,10
2024-09-19 12:11:22.284,422.92616855386046,1000
2024-09-19 12:11:22.328,422.9058945549584,14
2024-09-19 12:11:22.373,422.8899388677336,11
2024-09-19 12:11:22.430,422.88062039533,995
2024-09-19 12:11:22.535,422.8937782091747,103
2024-09-19 12:11:22.543,422.9029642783096,8
2024-09-19 12:11:22.586,422.886776377032,99
2024-09-19 12:11:22.610,422.90231420814087,995
2024-09-19 12:11:22.617,422.914721155126,99
2024-09-19 12:11:22.745,422.88661196118807,998
2024-09-19 12:11:22.784,422.9291929338398,9
2024-09-19 12:11:22.788,422.9275149184259,995
2024-09-19 12:11:22.861,422.8919076488496,5
2024-09-19 12:11:22.871,422.91490943526657,5
2024-09-19 12:11:22.886,422.90878971425263,1005
2024-09-19 12:11:22.921,422.91830664168174,15
2024-09-19 12:11:22.960,422.8959647030495,998
2024-09-19 12:11:23.029,422.9134132267454,1003
2024-09-19 12:11:23.142,-422.91338316338863,997
2024-09-19 12:11:23.165,422.9133150030356,104
2024-09-19 12:11:23.222,422.8788487026694,14
2024-09-19 12:11:23.281,422.8869173307811,15
2024-09-19 12:11:23.298,422.8991344871726,12
2024-09-19 12:11:23.447,422.913129862188,10
2024-09-19 12:11:23.608,422.90746848296,1004
2024-09-19 12:11:23.763,422.9090746481348,15
2024-09-19 12:11:23.773,422.8693973355033,96
2024-09-19 12:11:23.928,422.9009496596982,998
2024-09-19 12:11:23.969,422.8937248534077,9
2024-09-19 12:11:24.008,422.93132102085167,101
2024-09-19 12:11:24.057,422.9302196003203,1004
2024-09-19 12:11:24.246,422.911736037113,1003
2024-09-19 12:11:24.250,422.9724977794857,96
2024-09-19 12:11:24.262,422.9891089101391,11
2024-09-19 12:11:24.296,-422.9590744285148,1002
2024-09-19 12:11:24.299,422.9389395893165,996
2024-09-19 12:11:24.337,422.9390285148121,999
2024-09-19 12:11:24.364,422.9588933442673,1001
2024-09-19 12:11:24.473,-422.96049853341856,997
2024-09-19 12:11:24.474,422.9150655695844,96
2024-09-19 12:11:24.507,422.9849186865055,102
2024-09-19 12:11:24.532,422.9468873175867,103
2024-09-19 12:11:24.535,422.9427324446166,103
2024-09-19 12:11:24.540,422.93578807285286,6
2024-09-19 12:11:24.598,422.9482988850218,12
2024-09-19 12:11:24.607,422.93438221308185,99
2024-09-19 12:11:24.614,422.9408971337227,103
2024-09-19 12:11:24.615,422.9846198070986,5
2024-09-19 12:11:24.665,422.9313906468495,1004
2024-09-19 12:11:24.675,422.9359508609484,8
2024-09-19 12:11:24.721,422.9378068460704,97
2024-09-19 12:11:24.753,422.9251504571083,1004
2024-09-19 12:11:24.861,422.9645045371408,999
2024-09-19 12:11:24.866,422.92407555532674,1002
2024-09-19 12:11:24.910,422.9324087757413,104
2024-09-19 12:11:24.920,422.94048444880815,1005
2024-09-19 12:11:24.989,422.9457623073059,999
2024-09-19 12:11:24.989,422.9235290814874,95
2024-09-19 12:11:24.990,422.9914160038202,103
2024-09-19 12:11:25.224,422.9404851965397,100
2024-09-19 12:11:25.249,422.963015729914,96
2024-09-19 12:11:25.257,422.9586549661941,998
2024-09-19 12:11:25.279,422.92712254963135,1003
2024-09-19 12:11:25.291,422.93339442639626,104
2024-09-19 12:11:25.360,422.9155095077956,102
2024-09-19 12:11:25.389,422.9477572732091,105
2024-09-19 12:11:25.401,422.9644815971977,5
2024-09-19 12:11:25.510,422.96926075573566,14
2024-09-19 12:11:25.534,422.9662563424724,97
2024-09-19 12:11:25.550,422.9573211977117,997
2024-09-19 12:11:25.610,422.92830149334577,100
2024-09-19 12:11:25.625,422.9765913969027,96
2024-09-19 12:11:25.659,422.96701454827513,8
2024-09-19 12:11:25.685,422.9934023446122,1001
2024-09-19 12:11:25.703,422.9320866646559,1003
2024-09-19 12:11:25.728,422.9377648100587,9
2024-09-19 12:11:25.786,422.9500559270728,100
2024-09-19 12:11:25.786,422.94374984213016,104
2024-09-19 12:11:25.791,422.9968309333857,15
2024-09-19 12:11:25.798,422.9802932369657,7
2024-09-19 12:11:25.801,422.922237065228,98
2024-09-19 12:11:25.811,422.9429885639179,1005
2024-09-19 12:11:25.813,422.95060088399015,998
2024-09-19 12:11:25.832,422.9661620451376,100
2024-09-19 12:11:25.837,422.9803679939072,99
2024-09-19 12:11:25.969,422.9579004615215,15
2024-09-19 12:11:25.974,422.95807408828296,12
2024-09-19 12:11:25.987,422.96577650436205,13
2024-09-19 12:11:26.030,422.996549524194,997
2024-09-19 12:11:26.133,422.9742309371633,995
2024-09-19 12:11:26.134,422.975818758859,96
2024-09-19 12:11:26.196,422.9796061784012,998
2024-09-19 12:11:26.199,423.01168406735184,997
2024-09-19 12:11:26.231,422.9919321836848,1003
2024-09-19 12:11:26.245,423.0026326679767,11
2024-09-19 12:11:26.252,423.0025397503621,1005
2024-09-19 12:11:26.309,422.9975490729733,1002
2024-09-19 12:11:26.311,422.9463572129862,105
2024-09-19 12:11:26.352,422.99953710260667,1005
2024-09-19 12:11:26.416,422.987266550721,1002
2024-09-19 12:11:26.419,422.9914353799439,996
2024-09-19 12:11:26.447,422.9889605811104,8
2024-09-19 12:11:26.500,423.0073113901531,6
2024-09-19 12:11:26.522,422.9895046249199,95
2024-09-19 12:11:26.608,422.9546762192246,12
2024-09-19 12:11:26.620,422.9906919866087,7
2024-09-19 12:11:26.718,423.00212861377867,997
2024-09-19 12:11:26.730,422.98241861969393,11
2024-09-19 12:11:26.787,422.9674687811548,9
2024-09-19 12:11:26.813,422.9868808695831,97
2024-09-19 12:11:26.815,422.9738835665871,105
2024-09-19 12:11:26.815,422.97266958478656,13
2024-09-19 12:11:26.856,423.0163331130836,99
2024-09-19 12:11:26.896,422.9873139706542,100
2024-09-19 12:11:26.951,422.9612330017365,14
2024-09-19 12:11:26.960,422.9576068508404,5
2024-09-19 12:11:27.000,422.9704214280738,13
2024-09-19 12:11:27.002,422.9533934766433,1005
2024-09-19 12:11:27.050,422.94499282228975,104
2024-09-19 12:11:27.107,422.938385699549,100
2024-09-19 12:11:27.147,422.9270869698438,1003
2024-09-19 12:11:27.159,422.9006909137522,1005
2024-09-19 12:11:27.160,422.9393461287041,105
2024-09-19 12:11:27.231,422.9098300053124,6
2024-09-19 12:11:27.241,422.9294583616917,103
2024-09-19 12:11:27.263,422.9446285671641,12
2024-09-19 12:11:27.270,422.9554256858382,1001
2024-09-19 12:11:27.328,422.96379036158,6
2024-09-19 12:11:27.341,422.9467073290062,7
2024-09-19 12:11:27.374,422.97491473786266,99
2024-09-19 12:11:27.385,422.8986739759152,995
2024-09-19 12:11:27.507,422.9155712074701,8
2024-09-19 12:11:27.528,422.9176497361174,12
2024-09-19 12:11:27.600,,1001
2024-09-19 12:11:27.695,422.9661132780087,104
2024-09-19 12:11:27.766,422.9435472960641,1005
2024-09-19 12:11:27.837,422.9523945104034,14
2024-09-19 12:11:27.884,422.9660901206325,997
2024-09-19 12:11:27.904,422.9564542437198,10
2024-09-19 12:11:27.918,422.9372675173822,997
2024-09-19 12:11:27.919,422.925999993873,1004
2024-09-19 12:11:27.932,422.8986191559172,97
2024-09-19 12:11:27.935,422.94120830465954,7
2024-09-19 12:11:27.990,42.29617692916402,13
2024-09-19 12:11:28.006,42.28871437951256,1004
2024-09-19 12:11:28.067,422.86535932901495,6
2024-09-19 12:11:28.206,422.88322792089616,1002
2024-09-19 12:11:28.268,422.87370059246257,6
2024-09-19 12:11:28.438,422.8771836348378,11
2024-09-19 12:11:28.439,422.8697230874116,998
2024-09-19 12:11:28.475,422.87513128302953,7
2024-09-19 12:11:28.571,422.8817206756806,10
2024-09-19 12:11:28.935,422.8756311575391,10
2024-09-19 12:11:29.037,422.8887980602803,7
2024-09-19 12:11:29.230,422.8535835712592,12
2024-09-19 12:11:29.324,422.8770354266331,8
2024-09-19 12:11:29.335,422.88265378820665,103
2024-09-19 12:11:29.433,422.8445032690208,102
2024-09-19 12:11:29.434,422.89807928558514,105
2024-09-19 12:11:29.445,422.9213380443726,11
2024-09-19 12:11:29.449,422.8563227963169,6
2024-09-19 12:11:29.453,422.8627840687425,97
2024-09-19 12:11:29.484,422.8952419645308,998
2024-09-19 12:11:29.491,422.8793307433921,9
2024-09-19 12:11:29.534,422.87214799884543,5
2024-09-19 12:11:29.540,422.8417722286579,995
2024-09-19 12:11:29.604,422.9159553650378,95
2024-09-19 12:11:29.731,422.8866040620183,95
2024-09-19 12:11:29.792,422.907345795353,1004
2024-09-19 12:11:29.859,422.8528545228529,1005
2024-09-19 12:11:29.913,422.8602373076836,1001
2024-09-19 12:11:29.990,422.8933296933114,95
2024-09-19 12:11:29.994,422.8596073703285,96
2024-09-19 12:11:30.001,422.8980037912118,8
2024-09-19 12:11:30.021,422.8809407375247,1003
2024-09-19 12:11:30.288,422.89276061468297,15
2024-09-19 12:11:30.494,422.8651907917944,1000
2024-09-19 12:11:30.509,422.8787194129141,97
2024-09-19 12:11:30.532,422.8904431875417,13
2024-09-19 12:11:30.652,422.8983171431718,1000
2024-09-19 12:11:30.692,422.88711895207126,1000
2024-09-19 12:11:31.000,422.8805267116027,7
2024-09-19 12:11:31.051,422.8667568916177,1000
2024-09-19 12:11:31.059,422.8791115020574,103
2024-09-19 12:11:31.098,422.8843304960611,1000
2024-09-19 12:11:31.105,422.9163150341842,11
2024-09-19 12:11:31.190,422.90842386426846,13
2024-09-19 12:11:31.258,422.8849031815592,95
2024-09-19 12:11:31.287,422.910851096121,15
2024-09-19 12:11:31.423,422.887773363283,101
2024-09-19 12:11:31.510,422.924479877744,97
2024-09-19 12:11:31.552,422.8782782545536,13
2024-09-19 12:11:31.618,422.929829997506,96
2024-09-19 12:11:31.620,422.880626032393,1004
2024-09-19 12:11:31.709,422.914037888464,5
2024-09-19 12:11:31.756,422.8820256700434,12
2024-09-19 12:11:31.773,422.9113899923996,995
2024-09-19 12:11:31.825,422.89627437899446,1000
2024-09-19 12:11:31.841,422.87947094526737,1003
2024-09-19 12:11:31.848,422.9116798340962,1004
2024-09-19 12:11:31.851,422.9157082135872,8
2024-09-19 12:11:31.852,422.9183220148449,11
2024-09-19 12:11:31.876,422.90067871926135,998
2024-09-19 12:11:31.892,422.9158845960668,12
2024-09-19 12:11:31.949,422.8868199808015,105
2024-09-19 12:11:32.076,422.95025315535344,5
2024-09-19 12:11:32.078,422.8594943172852,97
2024-09-19 12:11:32.084,422.9153248068128,999
2024-09-19 12:11:32.116,422.8542590477391,1002
2024-09-19 12:11:32.144,422.9081287068029,97
2024-09-19 12:11:32.274,422.8803467016264,102
2024-09-19 12:11:32.597,422.8674489291941,97
2024-09-19 12:11:32.714,422.9118285984688,1005
2024-09-19 12:11:32.748,422.8666332399464,101
2024-09-19 12:11:32.805,422.9312717993623,996
2024-09-19 12:11:32.808,422.8689735839852,999
2024-09-19 12:11:32.835,422.9275722687427,15
2024-09-19 12:11:32.866,422.9213709685998,998
2024-09-19 12:11:32.888,422.8672967050962,104
2024-09-19 12:11:32.953,422.8895873598372,11
2024-09-19 12:11:33.001,422.9811505461872,105
2024-09-19 12:11:33.040,422.9562669048455,15
2024-09-19 12:11:33.070,422.9766646447535,5
2024-09-19 12:11:33.124,422.9771651380916,995
2024-09-19 12:11:33.210,422.9828901653142,104
2024-09-19 12:11:33.228,422.9739617293196,1004
2024-09-19 12:11:33.230,422.9563479385679,103
2024-09-19 12:11:33.442,422.9305065363063,998
2024-09-19 12:11:33.465,422.9387996499524,11
2024-09-19 12:11:33.537,422.9431867251441,11
2024-09-19 12:11:33.749,422.95037113632617,105
2024-09-19 12:11:33.859,422.93959192627335,8
2024-09-19 12:11:33.929,422.9602166976751,14
2024-09-19 12:11:33.934,422.9593442331639,97
2024-09-19 12:11:34.042,422.9023577204471,96
2024-09-19 12:11:34.048,422.9045316521708,100
2024-09-19 12:11:34.055,422.9054016601158,1005
2024-09-19 12:11:34.105,422.88098053986255,1004
2024-09-19 12:11:34.128,422.9114483559744,10
2024-09-19 12:11:34.193,422.90447556202986,100
2024-09-19 12:11:34.257,422.9296226247792,1003
2024-09-19 12:11:34.266,422.8928737154614,98
2024-09-19 12:11:34.309,422.8917956517655,999
2024-09-19 12:11:34.380,422.89935980581976,95
2024-09-19 12:11:34.429,422.8960002829504,101
2024-09-19 12:11:34.467,422.9278088582347,101
2024-09-19 12:11:34.509,422.93428686235137,998
2024-09-19 12:11:34.576,422.889591018557,6
2024-09-19 12:11:34.592,422.8543289066583,1003
2024-09-19 12:11:34.601,422.9201810876399,1000
2024-09-19 12:11:34.645,,11
2024-09-19 12:11:34.660,422.8862406424865,15
2024-09-19 12:11:34.665,422.9304617021572,5
2024-09-19 12:11:34.717,422.87067066195726,98
2024-09-19 12:11:34.779,422.93768370186086,5
2024-09-19 12:11:34.782,422.88486024880143,96
2024-09-19 12:11:34.887,422.9313948366301,1000
2024-09-19 12:11:34.939,422.8886072976607,999
2024-09-19 12:11:35.114,422.8566607031433,104
2024-09-19 12:11:35.124,422.8491587914386,997
2024-09-19 12:11:35.140,422.8618098887366,100
2024-09-19 12:11:35.193,42.284947155536486,7
2024-09-19 12:11:35.260,422.8630077336843,995
2024-09-19 12:11:35.272,422.8536166227005,1002
2024-09-19 12:11:35.272,422.8547095327663,103
2024-09-19 12:11:35.396,422.84823616243057,101
2024-09-19 12:11:35.470,422.85806906243255,102
2024-09-19 12:11:35.642,422.8441643685184,101
2024-09-19 12:11:35.667,422.8639237726708,10
2024-09-19 12:11:35.776,422.8589399117026,7
2024-09-19 12:11:35.906,422.8474095884545,1001
2024-09-19 12:11:35.971,422.8586853879109,995
2024-09-19 12:11:35.994,422.86158064125686,1005
2024-09-19 12:11:36.097,422.87698278485686,95
2024-09-19 12:11:36.189,422.886357365164,1004
2024-09-19 12:11:36.204,422.875009692029,99
2024-09-19 12:11:36.225,422.8870924639038,1003
2024-09-19 12:11:36.232,422.8685678647472,8
2024-09-19 12:11:36.251,422.8872027738905,7
2024-09-19 12:11:36.285,422.8950160248908,101
2024-09-19 12:11:36.355,422.879334996736,11
2024-09-19 12:11:36.371,422.883912761344,1001
2024-09-19 12:11:36.565,422.9047686267623,101
2024-09-19 12:11:36.603,422.8867682360274,100
2024-09-19 12:11:36.711,422.90107318960594,6
2024-09-19 12:11:36.919,422.9208785690469,96
2024-09-19 12:11:36.925,422.89180181416674,1002
2024-09-19 12:11:36.931,422.8821981290305,102
2024-09-19 12:11:36.991,422.8690389639446,104
2024-09-19 12:11:36.997,422.8970747196147,101
2024-09-19 12:11:37.009,422.8895021967582,10
2024-09-19 12:11:37.100,422.897088641178,13
2024-09-19 12:11:37.101,422.91703957045615,99
2024-09-19 12:11:37.138,422.9019569241348,100
2024-09-19 12:11:37.146,422.8961019891108,995
2024-09-19 12:11:37.202,422.9151162347965,5
2024-09-19 12:11:37.263,422.9155839572881,997
2024-09-19 12:11:37.288,422.8994027831878,1004
2024-09-19 12:11:37.343,422.9245131549687,1002
2024-09-19 12:11:37.354,422.9217891519559,95
2024-09-19 12:11:37.427,422.9179171719397,5
2024-09-19 12:11:37.462,422.914372573804,97
2024-09-19 12:11:37.630,422.8954944504389,98
2024-09-19 12:11:37.660,422.909322802383,105
2024-09-19 12:11:37.739,422.9081480146182,5
2024-09-19 12:11:37.740,422.89610831968224,7
2024-09-19 12:11:37.746,422.91147433982354,97
2024-09-19 12:11:37.749,422.8993799603954,105
2024-09-19 12:11:37.781,422.92417706820027,1005
2024-09-19 12:11:37.978,422.9226047414911,1004
2024-09-19 12:11:38.066,422.920959346075,13
2024-09-19 12:11:38.113,422.9022861800307,99
2024-09-19 12:11:38.115,422.8974607448815,99
2024-09-19 12:11:38.124,422.90545807132094,1002
2024-09-19 12:11:38.163,422.8997171540362,996
2024-09-19 12:11:38.204,422.9073931825441,101
2024-09-19 12:11:38.211,422.9155319394986,9
2024-09-19 12:11:38.249,422.90277617660286,99
2024-09-19 12:11:38.250,422.9313021571954,999
2024-09-19 12:11:38.262,422.8888566478077,1000
2024-09-19 12:11:38.290,422.9201228417183,998
2024-09-19 12:11:38.320,422.8908583792463,995
2024-09-19 12:11:38.471,422.910162363762,998
2024-09-19 12:11:38.524,422.9278014178802,1002
2024-09-19 12:11:38.708,422.9238819230375,6
2024-09-19 12:11:38.818,422.9380216050159,6
2024-09-19 12:11:38.884,422.88705606338885,104
2024-09-19 12:11:38.889,422.9102493207317,97
2024-09-19 12:11:38.934,422.9138946753036,105
2024-09-19 12:11:38.948,422.8948105489315,98
2024-09-19 12:11:38.967,,99
2024-09-19 12:11:38.988,422.9153971301102,100
2024-09-19 12:11:39.022,422.8311821961203,97
2024-09-19 12:11:39.125,422.8957203864016,103
2024-09-19 12:11:39.173,422.86343608894816,15
2024-09-19 12:11:39.183,422.8175363516101,13
2024-09-19 12:11:39.197,422.81818649391664,8
2024-09-19 12:11:39.247,422.8356656521245,95
2024-09-19 12:11:39.253,422.8268667300994,95
2024-09-19 12:11:39.267,422.8641827799027,1001
2024-09-19 12:11:39.275,422.8138366533105,102
2024-09-19 12:11:39.281,422.8131798132248,12
2024-09-19 12:11:39.299,422.8918378602749,98
2024-09-19 12:11:39.332,422.8053412528255,998
2024-09-19 12:11:39.382,422.9093640023887,12
2024-09-19 12:11:39.411,422.8213103288804,8
2024-09-19 12:11:39.473,422.8831810686143,1002
2024-09-19 12:11:39.493,422.8617446152799,6
2024-09-19 12:11:39.533,422.8023881369102,95
2024-09-19 12:11:39.622,422.893213671982,10
2024-09-19 12:11:39.685,422.8795366592347,996
2024-09-19 12:11:39.856,422.8180223558242,998
2024-09-19 12:11:39.952,422.88364419138,1004
2024-09-19 12:11:39.978,422.89013094109976,12
2024-09-19 12:11:40.077,422.7969300214311,98
2024-09-19 12:11:40.088,422.78922694309625,1002
2024-09-19 12:11:40.125,422.80898627800246,99
2024-09-19 12:11:40.422,422.7897785827524,7
2024-09-19 12:11:40.580,422.79885948786006,995
2024-09-19 12:11:40.722,422.81061401927207,998
2024-09-19 12:11:40.894,422.8055734615859,96
2024-09-19 12:11:40.940,422.8062155896183,997
2024-09-19 12:11:40.960,422.8090008972412,9
2024-09-19 12:11:41.816,422.7922882687085,9
2024-09-19 12:11:41.913,422.7731120501636,9
2024-09-19 12:11:42.148,422.82507761940406,1005
2024-09-19 12:11:42.201,422.82764174366446,102
2024-09-19 12:11:42.374,422.79375019141776,102
2024-09-19 12:11:42.695,422.8011819352775,996
2024-09-19 12:11:42.718,422.7825782851015,14
2024-09-19 12:11:42.950,422.7852702068543,11
2024-09-19 12:11:43.008,422.7719522006481,9
2024-09-19 12:11:43.333,422.7831260066306,100
2024-09-19 12:11:43.504,422.7718368612249,8
2024-09-19 12:11:43.582,422.78689556503247,15
2024-09-19 12:11:43.673,422.7673194788703,96
2024-09-19 12:11:43.897,42.2758694013638,103
2024-09-19 12:11:44.002,422.7660490257097,995
2024-09-19 12:11:44.007,422.8135133075502,1001
2024-09-19 12:11:44.025,422.8129072315879,102
2024-09-19 12:11:44.059,422.8098427368543,998
2024-09-19 12:11:44.062,422.81519772347576,102
2024-09-19 12:11:44.178,-422.82645090958505,997
2024-09-19 12:11:44.183,42.27596902020192,14
2024-09-19 12:11:44.225,422.7535391248513,998
2024-09-19 12:11:44.322,422.7922037178494,1005
2024-09-19 12:11:44.355,422.7492319061858,103
2024-09-19 12:11:44.356,422.7721511104217,95
2024-09-19 12:11:44.372,422.7765751653634,14
2024-09-19 12:11:44.420,422.8012394643303,6
2024-09-19 12:11:44.633,422.75453476180616,9
2024-09-19 12:11:44.787,422.81654049314216,996
2024-09-19 12:11:44.820,422.824084579724,103
2024-09-19 12:11:44.843,422.8255691821553,1001
2024-09-19 12:11:44.967,422.8232924035762,102
2024-09-19 12:11:44.973,422.8267941298929,12
2024-09-19 12:11:45.022,422.7359717701726,99
2024-09-19 12:11:45.141,422.8205102687158,998
2024-09-19 12:11:45.182,422.7771063327244,1005
2024-09-19 12:11:45.242,422.74130149324014,999
2024-09-19 12:11:45.502,422.83486495801793,8
2024-09-19 12:11:45.544,422.7648335492486,104
2024-09-19 12:11:45.605,422.7437060636416,105
2024-09-19 12:11:45.649,422.8202095647118,996
2024-09-19 12:11:45.669,422.74316119011553,100
2024-09-19 12:11:45.925,422.7351911349133,9
2024-09-19 12:11:46.038,422.7882472258359,1005
2024-09-19 12:11:46.046,422.7636857657504,1004
2024-09-19 12:11:46.070,422.7760187201868,997
2024-09-19 12:11:46.083,422.7766570054839,1003
2024-09-19 12:11:46.165,-422.7728243562945,97
2024-09-19 12:11:46.225,422.7788490205452,1000
2024-09-19 12:11:46.340,422.7529356569126,14
2024-09-19 12:11:46.385,422.7826391495384,15
2024-09-19 12:11:46.403,422.78900298983314,98
2024-09-19 12:11:46.435,422.7903881494786,95
2024-09-19 12:11:46.502,422.78942125272937,15
2024-09-19 12:11:46.631,422.7869126081707,99
2024-09-19 12:11:46.648,422.7952597049448,8
2024-09-19 12:11:46.674,422.7865468972977,95
2024-09-19 12:11:46.705,422.77107016782,6
2024-09-19 12:11:46.746,422.7636059565154,995
2024-09-19 12:11:46.758,422.7734125462245,1004
2024-09-19 12:11:46.797,422.79159508567824,100
2024-09-19 12:11:46.843,422.80232421330015,99
2024-09-19 12:11:46.860,422.7684693296013,1005
2024-09-19 12:11:46.876,422.7961637248641,100
2024-09-19 12:11:46.926,422.7499270303574,15
2024-09-19 12:11:47.021,422.7634165354308,997
2024-09-19 12:11:47.037,422.7401038250442,8
2024-09-19 12:11:47.092,422.7484735546425,15
2024-09-19 12:11:47.109,422.7379991543641,99
2024-09-19 12:11:47.142,422.7502117166411,995
2024-09-19 12:11:47.208,422.7415636010372,1003
2024-09-19 12:11:47.226,422.750400386514,104
2024-09-19 12:11:47.285,422.74125313730127,11
2024-09-19 12:11:47.294,422.7357686626211,11
2024-09-19 12:11:47.345,422.74186855998,1005
2024-09-19 12:11:47.415,422.7434982958069,6
2024-09-19 12:11:47.429,422.7229747778511,14
2024-09-19 12:11:47.464,422.7346676712365,5
2024-09-19 12:11:47.464,422.7401130302591,98
2024-09-19 12:11:47.496,422.7394425176894,100
2024-09-19 12:11:47.598,422.7265518733273,102
2024-09-19 12:11:47.632,422.7613266151865,99
2024-09-19 12:11:47.811,422.72442933653474,1005
2024-09-19 12:11:47.814,422.7433287323369,996
2024-09-19 12:11:47.815,422.7661590876989,6
2024-09-19 12:11:47.859,422.73487491574735,10
2024-09-19 12:11:47.937,422.7188168792361,1005
2024-09-19 12:11:47.991,422.73171028813033,13
2024-09-19 12:11:48.076,422.6982228026736,100
2024-09-19 12:11:48.091,422.70657772792543,99
2024-09-19 12:11:49.092,422.6701015492711,13
2024-09-19 12:11:49.137,422.6918617273259,103
2024-09-19 12:11:49.157,422.6731102306104,7
2024-09-19 12:11:49.373,422.7088444311821,105
2024-09-19 12:11:49.395,422.6846658077425,6
2024-09-19 12:11:49.473,422.66754743538985,997
2024-09-19 12:11:49.759,422.673857800592,13
2024-09-19 12:11:49.769,422.685754771802,1003
2024-09-19 12:11:49.784,422.69923502948814,8
2024-09-19 12:11:49.814,422.7033637796789,102
2024-09-19 12:11:49.897,422.7077501838789,1002
2024-09-19 12:11:49.901,422.6965924020951,9
2024-09-19 12:11:49.901,422.6737411541178,14
2024-09-19 12:11:49.913,422.70418741367047,97
2024-09-19 12:11:49.917,422.6863218395817,105
2024-09-19 12:11:49.959,422.68395189686953,1003
2024-09-19 12:11:50.008,422.699209379865,101
2024-09-19 12:11:50.069,422.7262303896212,1000
2024-09-19 12:11:50.092,422.7152104824325,998
2024-09-19 12:11:50.104,422.70017984818,1004
2024-09-19 12:11:50.110,422.71159627370434,995
2024-09-19 12:11:50.153,422.7263058838284,5
2024-09-19 12:11:50.289,422.7408833346154,6
2024-09-19 12:11:50.306,422.7072216218064,5
2024-09-19 12:11:50.346,422.71253867090593,9
2024-09-19 12:11:50.376,422.6942372226569,8
2024-09-19 12:11:50.385,422.7291838767122,96
2024-09-19 12:11:50.402,422.7351252264528,97
2024-09-19 12:11:50.415,422.7071608838813,5
2024-09-19 12:11:50.425,422.7290188333892,98
2024-09-19 12:11:50.468,422.70355525593,999
2024-09-19 12:11:50.475,422.7156863404786,105
2024-09-19 12:11:50.510,422.7113737559137,996
2024-09-19 12:11:50.581,422.6964526235522,999
2024-09-19 12:11:50.655,422.7058251146433,998
2024-09-19 12:11:50.679,422.7103718010847,7
2024-09-19 12:11:50.748,422.7476390882802,10
2024-09-19 12:11:50.783,422.7104870680457,9
2024-09-19 12:11:50.821,422.7001269435599,100
2024-09-19 12:11:50.960,-422.7191958255472,13
2024-09-19 12:11:51.010,422.6881539406265,105
2024-09-19 12:11:51.050,422.6886049040603,102
2024-09-19 12:11:51.106,422.66343610102695,98
2024-09-19 12:11:51.121,422.6785919025399,11
2024-09-19 12:11:51.153,422.65333085826165,1003
2024-09-19 12:11:51.157,422.6701194421088,98
2024-09-19 12:11:51.231,422.6903261086445,103
2024-09-19 12:11:51.301,422.6731354644832,105
2024-09-19 12:11:51.310,422.6939233213536,12
2024-09-19 12:11:51.314,422.6785030794735,105
2024-09-19 12:11:51.528,422.679440863964,99
2024-09-19 12:11:51.570,422.6892311803676,1001
2024-09-19 12:11:51.613,422.704739007024,999
2024-09-19 12:11:51.648,422.6898241874018,995
2024-09-19 12:11:51.682,422.69452911640434,5
2024-09-19 12:11:51.693,422.67037028345817,104
2024-09-19 12:11:51.700,422.69125799962575,1005
2024-09-19 12:11:51.750,422.67791365777606,11
2024-09-19 12:11:51.756,422.6702089822926,1000
2024-09-19 12:11:51.791,422.67617747872737,103
2024-09-19 12:11:51.801,422.71415958205176,1000
2024-09-19 12:11:51.821,422.69214766547776,96
2024-09-19 12:11:51.827,422.6697181831111,15
2024-09-19 12:11:51.844,422.6881943258143,102
2024-09-19 12:11:51.854,422.67333098455714,1004
2024-09-19 12:11:51.921,422.6914154124436,105
2024-09-19 12:11:51.991,422.6756386120499,11
2024-09-19 12:11:52.073,422.7012978309445,1003
2024-09-19 12:11:52.128,422.6862947533183,105
2024-09-19 12:11:52.432,422.7224086475546,96
2024-09-19 12:11:52.445,422.72373345897256,995
2024-09-19 12:11:52.447,422.7072231066402,1001
2024-09-19 12:11:52.547,,1002
2024-09-19 12:11:52.601,422.6963926016391,1002
2024-09-19 12:11:52.626,422.7054990369298,995
2024-09-19 12:11:52.930,422.7106817770083,99
2024-09-19 12:11:52.975,422.7450602077702,9
2024-09-19 12:11:52.978,422.67773754407256,8
2024-09-19 12:11:53.032,422.8052684300056,995
2024-09-19 12:11:53.061,422.765975546888,96
2024-09-19 12:11:53.122,422.8365168555905,11
2024-09-19 12:11:53.133,422.794350799465,103
2024-09-19 12:11:53.181,422.8560116917486,1002
2024-09-19 12:11:53.280,,11
2024-09-19 12:11:53.293,422.8564413883152,15
2024-09-19 12:11:53.303,422.7355946562644,998
2024-09-19 12:11:53.341,-422.734527981652,1000
2024-09-19 12:11:53.372,422.8385924682498,96
2024-09-19 12:11:53.446,422.8665387804814,995
2024-09-19 12:11:53.477,422.86399058299446,14
2024-09-19 12:11:53.569,422.860608996202,102
2024-09-19 12:11:53.644,422.8404292386947,998
2024-09-19 12:11:53.681,422.7587842405603,995
2024-09-19 12:11:53.742,422.8765587423936,1000
2024-09-19 12:11:53.807,422.7817158901256,6
2024-09-19 12:11:53.904,422.7562752673806,7
2024-09-19 12:11:53.947,422.813250214829,14
2024-09-19 12:11:53.954,422.7590953245551,105
2024-09-19 12:11:53.957,422.859521995491,995
2024-09-19 12:11:54.019,422.85361314998426,995
2024-09-19 12:11:54.050,422.8410074049881,8
2024-09-19 12:11:54.055,422.85727369805966,96
2024-09-19 12:11:54.075,422.84372666576047,96
2024-09-19 12:11:54.123,422.847755520536,96
2024-09-19 12:11:54.164,422.8604796845053,7
2024-09-19 12:11:54.253,422.8359745511636,12
2024-09-19 12:11:54.253,422.8457442091622,11
2024-09-19 12:11:54.445,422.83494691507497,11
2024-09-19 12:11:54.482,422.85330367385023,7
2024-09-19 12:11:54.566,422.8450353599312,14
2024-09-19 12:11:54.603,422.855001389919,5
2024-09-19 12:11:54.885,422.8634670207602,100
2024-09-19 12:11:54.903,422.8365233787665,998
2024-09-19 12:11:54.903,422.8525071519488,95
2024-09-19 12:11:54.956,422.8684427776802,5
2024-09-19 12:11:55.018,422.8424319757918,7
2024-09-19 12:11:55.093,422.8339104148863,95
2024-09-19 12:11:55.106,422.8352488924154,101
2024-09-19 12:11:55.127,422.8676288997124,999
2024-09-19 12:11:55.165,422.8501885080053,996
2024-09-19 12:11:55.184,-422.8608267008541,99
2024-09-19 12:11:55.186,422.832876511143,7
2024-09-19 12:11:55.263,422.8623676995166,5
2024-09-19 12:11:55.291,422.8409532805206,1001
2024-09-19 12:11:55.306,422.8688618296326,98
2024-09-19 12:11:55.306,422.839413118102,14
2024-09-19 12:11:55.368,422.8337339387413,998
2024-09-19 12:11:55.423,422.8419816278204,104
2024-09-19 12:11:55.517,422.8210530668813,95
2024-09-19 12:11:55.575,422.8363622769189,1005
2024-09-19 12:11:55.645,422.8538268684322,95
2024-09-19 12:11:55.647,422.86122949227007,104
2024-09-19 12:11:55.677,422.8417668696534,14
2024-09-19 12:11:55.754,422.8414659290552,97
2024-09-19 12:11:55.798,422.858957398634,100
2024-09-19 12:11:55.820,422.8561780787918,12
2024-09-19 12:11:55.874,422.8612553175332,10
2024-09-19 12:11:55.914,-422.82911610717935,95
2024-09-19 12:11:55.939,422.82716525964815,995
2024-09-19 12:11:55.961,422.87334269939055,103
2024-09-19 12:11:56.004,422.8108556928574,1005
2024-09-19 12:11:56.071,422.80909844389447,15
2024-09-19 12:11:56.108,422.8476130528975,13
2024-09-19 12:11:56.114,422.84295584893465,103
2024-09-19 12:11:56.119,422.8378283220215,1005
2024-09-19 12:11:56.163,422.7940650681869,1000
2024-09-19 12:11:56.199,422.80292209879286,1005
2024-09-19 12:11:56.314,422.8034354143808,1003
2024-09-19 12:11:56.338,422.8171197642176,12
2024-09-19 12:11:56.371,422.75073555568434,105
2024-09-19 12:11:56.399,422.7640673523578,13
2024-09-19 12:11:56.447,422.76307974391614,1002
2024-09-19 12:11:56.493,422.8349029148651,1001
2024-09-19 12:11:56.527,422.7680185354466,6
2024-09-19 12:11:56.589,422.85053490950656,6
2024-09-19 12:11:56.597,422.76610490752506,10
2024-09-19 12:11:56.618,422.8201080152203,96
2024-09-19 12:11:56.642,422.8301437502061,8
2024-09-19 12:11:56.681,422.7667830001528,10
2024-09-19 12:11:56.693,422.8174142630708,103
2024-09-19 12:11:56.754,422.7771282669288,1003
2024-09-19 12:11:56.874,422.8470739893353,10
2024-09-19 12:11:56.947,422.770299582326,100
2024-09-19 12:11:56.959,422.8273244932162,96
2024-09-19 12:11:57.048,422.74871145871634,1005
2024-09-19 12:11:57.575,422.726954396407,100
2024-09-19 12:11:57.578,422.76339833907593,15
2024-09-19 12:11:57.600,422.7251329910612,101
2024-09-19 12:11:57.702,422.7348308663997,1004
2024-09-19 12:11:57.751,422.7383863209862,999
2024-09-19 12:11:57.975,422.7619383051387,98
2024-09-19 12:11:58.256,422.7290167404334,8
2024-09-19 12:11:58.283,422.722587972236,103
2024-09-19 12:11:58.635,422.7075865158679,12
2024-09-19 12:11:58.842,422.7326973690827,996
2024-09-19 12:11:59.027,422.7006432945223,1005
2024-09-19 12:11:59.074,422.76068100982826,995
2024-09-19 12:11:59.117,422.73445570662176,998
2024-09-19 12:11:59.125,422.72760525028207,105
2024-09-19 12:11:59.245,422.7279268383284,9
2024-09-19 12:11:59.264,422.7199900159002,1000
2024-09-19 12:11:59.281,422.7050375781018,7
2024-09-19 12:11:59.301,422.7358724629436,97
2024-09-19 12:11:59.394,422.7054172782517,102
2024-09-19 12:11:59.437,422.7428988867296,105
2024-09-19 12:11:59.475,422.7112995529422,13
2024-09-19 12:11:59.568,422.7341588399336,15
2024-09-19 12:11:59.709,422.7433833575367,1002
2024-09-19 12:11:59.812,422.72053616791607,101
2024-09-19 12:11:59.886,422.7173961007057,996
2024-09-19 12:11:59.919,422.742233491429,12
