Timestamp,Price,Size
2024-09-16 11:28:00.073,417.377096047222,9
2024-09-16 11:28:00.095,417.39510134713095,95
2024-09-16 11:28:00.138,417.35853684660384,996
2024-09-16 11:28:00.153,417.36183400358544,996
2024-09-16 11:28:00.187,417.3625387816346,999
2024-09-16 11:28:00.298,417.3196222174566,999
2024-09-16 11:28:00.386,417.3132090487979,997
2024-09-16 11:28:00.416,417.3873298093234,12
2024-09-16 11:28:00.417,417.3799761957816,999
2024-09-16 11:28:00.422,-417.3844774871479,999
2024-09-16 11:28:00.453,417.3997517587671,105
2024-09-16 11:28:00.479,417.3367411281961,995
2024-09-16 11:28:00.481,417.4050941642798,997
2024-09-16 11:28:00.533,417.31976298514,11
2024-09-16 11:28:00.534,417.3715063391496,998
2024-09-16 11:28:00.565,417.3972022156241,102
2024-09-16 11:28:00.570,417.370934961929,997
2024-09-16 11:28:00.586,417.3258491092872,8
2024-09-16 11:28:00.593,417.3950300600528,103
2024-09-16 11:28:00.625,417.3420125332596,6
2024-09-16 11:28:00.661,417.378219715595,997
2024-09-16 11:28:00.661,417.3931753064949,995
2024-09-16 11:28:00.680,417.3494132047941,101
2024-09-16 11:28:00.762,417.3340932874552,6
2024-09-16 11:28:00.763,417.3824437238937,996
2024-09-16 11:28:00.778,417.34345786277095,13
2024-09-16 11:28:00.803,417.4228617538909,103
2024-09-16 11:28:00.888,417.3324930348005,104
2024-09-16 11:28:00.929,417.3729643593906,11
2024-09-16 11:28:00.993,417.3706701756912,999
2024-09-16 11:28:01.019,417.3245423808662,98
2024-09-16 11:28:01.032,417.34526196505,15
2024-09-16 11:28:01.049,417.3353161757481,104
2024-09-16 11:28:01.088,417.3301725042634,15
2024-09-16 11:28:01.100,417.3522191314041,100
2024-09-16 11:28:01.103,417.3474850392413,105
2024-09-16 11:28:01.114,417.3743464197655,6
2024-09-16 11:28:01.151,417.3300396534953,1000
2024-09-16 11:28:01.169,417.3425600747924,97
2024-09-16 11:28:01.223,417.3320563464659,105
2024-09-16 11:28:01.247,417.3718438865124,1002
2024-09-16 11:28:01.256,417.33139820986446,12
2024-09-16 11:28:01.297,417.3503476158708,95
2024-09-16 11:28:01.395,417.3441391024031,12
2024-09-16 11:28:01.465,417.37575877595617,12
2024-09-16 11:28:01.605,417.3453185056815,14
2024-09-16 11:28:01.635,417.34802347266753,14
2024-09-16 11:28:01.662,417.32681912236393,96
2024-09-16 11:28:01.923,417.36242504311537,95
2024-09-16 11:28:01.993,417.3349913714882,95
2024-09-16 11:28:02.032,417.32249871048987,995
2024-09-16 11:28:02.039,417.3310888610222,1000
2024-09-16 11:28:02.075,417.35461091222174,1004
2024-09-16 11:28:02.098,417.3032261296377,998
2024-09-16 11:28:02.109,417.3075734553688,11
2024-09-16 11:28:02.127,417.3191308267452,6
2024-09-16 11:28:02.148,417.3433392069032,102
2024-09-16 11:28:02.160,417.3081416626036,1000
2024-09-16 11:28:02.177,,10
2024-09-16 11:28:02.191,417.3100041750528,997
2024-09-16 11:28:02.216,417.32262708464384,999
2024-09-16 11:28:02.398,417.297037264394,1002
2024-09-16 11:28:02.406,417.3165130473184,13
2024-09-16 11:28:02.459,417.33549775880914,997
2024-09-16 11:28:02.501,417.3133888454822,95
2024-09-16 11:28:02.568,417.3313166134597,13
2024-09-16 11:28:02.577,417.3655279241892,99
2024-09-16 11:28:02.657,417.3376598652599,103
2024-09-16 11:28:02.689,417.36550075453823,1002
2024-09-16 11:28:02.770,417.3215087771621,101
2024-09-16 11:28:02.969,417.319884945648,97
2024-09-16 11:28:02.996,417.3673504058252,995
2024-09-16 11:28:03.013,417.3070308446366,5
2024-09-16 11:28:03.040,,6
2024-09-16 11:28:03.078,417.3437490500309,12
2024-09-16 11:28:03.085,417.3000508274284,14
2024-09-16 11:28:03.114,417.2945662862429,1005
2024-09-16 11:28:03.159,417.35955795262015,1002
2024-09-16 11:28:03.288,417.3068616827025,10
2024-09-16 11:28:03.312,417.30901863637126,14
2024-09-16 11:28:03.349,417.3321971565842,12
2024-09-16 11:28:03.422,417.33697897881217,9
2024-09-16 11:28:03.494,417.316213723928,104
2024-09-16 11:28:03.559,417.3553641238981,1000
2024-09-16 11:28:03.619,417.3543650738024,1004
2024-09-16 11:28:03.620,417.31452341416406,105
2024-09-16 11:28:03.635,417.31684259516567,96
2024-09-16 11:28:03.667,417.31752290257975,1004
2024-09-16 11:28:03.668,417.3210243799017,1001
2024-09-16 11:28:03.705,417.3143423311429,1004
2024-09-16 11:28:03.872,417.3252273911848,6
2024-09-16 11:28:04.003,417.31130529576495,102
2024-09-16 11:28:04.010,417.2831518479898,100
2024-09-16 11:28:04.017,417.3227802605966,104
2024-09-16 11:28:04.055,417.2858008115323,1001
2024-09-16 11:28:04.179,417.3177537880024,6
2024-09-16 11:28:04.213,417.3059225845283,999
2024-09-16 11:28:04.257,417.2686085502697,10
2024-09-16 11:28:04.289,417.30285051134393,996
2024-09-16 11:28:04.363,417.32365710502177,15
2024-09-16 11:28:04.475,417.3369507955952,11
2024-09-16 11:28:04.513,417.2716105051944,1001
2024-09-16 11:28:04.529,417.2647812292249,996
2024-09-16 11:28:04.550,417.30092051608347,96
2024-09-16 11:28:04.588,417.2824875916517,102
2024-09-16 11:28:04.633,417.29641203171,14
2024-09-16 11:28:04.638,417.3333328062836,101
2024-09-16 11:28:04.716,417.3209786846898,11
2024-09-16 11:28:04.743,417.30495877394014,97
2024-09-16 11:28:04.751,417.26809905545497,1002
2024-09-16 11:28:04.759,417.31940970731546,1001
2024-09-16 11:28:04.825,417.3353008507516,100
2024-09-16 11:28:04.826,417.2931519970711,103
2024-09-16 11:28:04.837,417.2754644307721,8
2024-09-16 11:28:04.871,417.32813369219446,99
2024-09-16 11:28:04.877,417.28822548602375,998
2024-09-16 11:28:04.877,417.3207559684433,6
2024-09-16 11:28:04.918,417.28361086921416,11
2024-09-16 11:28:04.944,417.3329219463032,11
2024-09-16 11:28:04.967,417.3348298634809,997
2024-09-16 11:28:06.032,417.2469717708293,101
2024-09-16 11:28:06.074,417.26105747758754,996
2024-09-16 11:28:06.123,417.26533549855736,995
2024-09-16 11:28:06.194,417.213387386242,1003
2024-09-16 11:28:06.233,417.2152460810541,1004
2024-09-16 11:28:06.264,417.2670970159393,995
2024-09-16 11:28:06.344,417.2578249921343,9
2024-09-16 11:28:06.395,417.2301047580754,96
2024-09-16 11:28:06.425,417.2635508379871,100
2024-09-16 11:28:06.484,417.2337471968853,97
2024-09-16 11:28:06.532,417.2410323931516,1005
2024-09-16 11:28:06.536,417.2034407949552,1005
2024-09-16 11:28:06.539,417.2226424421384,5
2024-09-16 11:28:06.637,417.2652861754247,1001
2024-09-16 11:28:06.698,417.2033043835279,1003
2024-09-16 11:28:06.717,417.2534134078488,104
2024-09-16 11:28:06.764,417.24916077338,1001
2024-09-16 11:28:06.871,417.2456434901585,97
2024-09-16 11:28:06.902,417.27016991104966,100
2024-09-16 11:28:06.915,417.2315387544128,996
2024-09-16 11:28:06.942,417.2392603013712,99
2024-09-16 11:28:06.954,417.200903593998,101
2024-09-16 11:28:06.997,417.2007752596823,997
2024-09-16 11:28:06.998,417.240847457899,1001
2024-09-16 11:28:07.040,417.2680642325878,1000
2024-09-16 11:28:07.042,417.2371109880005,996
2024-09-16 11:28:07.058,417.2762701126488,101
2024-09-16 11:28:07.068,417.2452285223599,95
2024-09-16 11:28:07.101,417.2863629172688,5
2024-09-16 11:28:07.118,417.23979283436887,1001
2024-09-16 11:28:07.122,417.2386622962576,97
2024-09-16 11:28:07.145,417.2289757182497,10
2024-09-16 11:28:07.153,417.314738121248,995
2024-09-16 11:28:07.288,417.2951838481399,99
2024-09-16 11:28:07.296,417.3009195651069,96
2024-09-16 11:28:07.299,417.25116716465647,100
2024-09-16 11:28:07.353,417.2587106417122,1005
2024-09-16 11:28:07.371,417.3028471878589,100
2024-09-16 11:28:07.411,417.2432803807958,14
2024-09-16 11:28:07.434,417.2694910912768,101
2024-09-16 11:28:07.446,417.2542422437375,1001
2024-09-16 11:28:07.905,417.249968791118,996
2024-09-16 11:28:08.022,417.2458611270914,1001
2024-09-16 11:28:08.106,417.255287816872,8
2024-09-16 11:28:08.128,417.2454870844266,6
2024-09-16 11:28:08.419,417.2584336685533,15
2024-09-16 11:28:08.552,417.26223985346,997
2024-09-16 11:28:08.696,417.2580428060264,102
2024-09-16 11:28:08.780,417.26361071257946,102
2024-09-16 11:28:08.926,417.2689652941137,996
2024-09-16 11:28:09.053,41.72600413549357,97
2024-09-16 11:28:09.103,417.267184540973,105
2024-09-16 11:28:09.220,417.2507064570223,11
2024-09-16 11:28:09.246,417.256465449777,10
2024-09-16 11:28:09.297,417.2019403310242,8
2024-09-16 11:28:09.397,417.2642527923275,100
2024-09-16 11:28:09.406,417.2282536726197,997
2024-09-16 11:28:09.447,417.2001049096521,101
2024-09-16 11:28:09.468,417.198014240369,99
2024-09-16 11:28:09.482,417.189493853133,101
2024-09-16 11:28:09.532,417.2200368404645,95
2024-09-16 11:28:09.595,417.23352996760633,1004
2024-09-16 11:28:09.737,417.26119800888273,1001
2024-09-16 11:28:09.762,417.2173533862445,996
2024-09-16 11:28:09.784,41.72490087785026,101
2024-09-16 11:28:09.785,417.21784255295154,5
2024-09-16 11:28:09.808,417.1697155422296,11
2024-09-16 11:28:09.836,417.1968512473142,997
2024-09-16 11:28:09.870,417.2573596195263,5
2024-09-16 11:28:09.922,417.2204270291804,102
2024-09-16 11:28:09.996,417.2066617649471,103
2024-09-16 11:28:10.056,417.2216304745591,997
2024-09-16 11:28:10.130,417.1401035592043,9
2024-09-16 11:28:10.316,417.1982218537551,102
2024-09-16 11:28:10.451,417.1628374374421,100
2024-09-16 11:28:10.468,417.15879346322447,13
2024-09-16 11:28:10.587,417.2102842647809,99
2024-09-16 11:28:10.611,417.1566097887133,998
2024-09-16 11:28:10.630,417.1123991601908,10
2024-09-16 11:28:10.737,417.2104231582248,1000
2024-09-16 11:28:10.802,417.218380078822,10
2024-09-16 11:28:10.864,417.2043187132266,6
2024-09-16 11:28:10.919,417.11812901679394,15
2024-09-16 11:28:10.932,417.2115161416943,98
2024-09-16 11:28:10.970,417.179688318323,105
2024-09-16 11:28:12.183,417.1087499246428,100
2024-09-16 11:28:12.235,417.1364589985733,1002
2024-09-16 11:28:12.406,417.1723860976347,998
2024-09-16 11:28:12.448,417.1123599415708,1004
2024-09-16 11:28:12.497,417.1566792852798,9
2024-09-16 11:28:12.503,417.1344036724027,998
2024-09-16 11:28:12.676,417.1282751647714,995
2024-09-16 11:28:12.678,417.16402803480696,1003
2024-09-16 11:28:12.768,417.105537419265,996
2024-09-16 11:28:12.775,417.1575019299708,102
2024-09-16 11:28:12.943,417.174509491,96
2024-09-16 11:28:13.369,417.1642516196728,1004
2024-09-16 11:28:13.521,417.1700473878612,15
2024-09-16 11:28:14.074,417.1515916890831,100
2024-09-16 11:28:14.161,417.14279427738217,12
2024-09-16 11:28:14.237,417.1251538522209,13
2024-09-16 11:28:14.296,417.15097940599657,102
2024-09-16 11:28:14.345,417.13421699907934,998
2024-09-16 11:28:14.616,417.1517564414516,98
2024-09-16 11:28:14.657,,999
2024-09-16 11:28:14.665,417.1655039636948,1000
2024-09-16 11:28:14.755,417.154066156116,1004
2024-09-16 11:28:14.970,417.1323480667924,102
2024-09-16 11:28:15.801,417.14052851512673,995
2024-09-16 11:28:16.063,417.152062511997,1002
2024-09-16 11:28:16.117,417.13317000203233,14
2024-09-16 11:28:16.132,417.15702322109735,6
2024-09-16 11:28:16.145,417.1457884714791,5
2024-09-16 11:28:16.196,417.137729420668,11
2024-09-16 11:28:16.236,417.1394601352459,1002
2024-09-16 11:28:16.247,417.14729507445855,997
2024-09-16 11:28:16.279,417.1554887624115,1005
2024-09-16 11:28:16.368,,101
2024-09-16 11:28:16.594,417.15090645204543,5
2024-09-16 11:28:16.648,417.1205512793026,997
2024-09-16 11:28:16.733,417.14716647785343,103
2024-09-16 11:28:16.786,417.1420827347074,6
2024-09-16 11:28:16.904,417.1408565682541,101
2024-09-16 11:28:16.973,417.1631350167216,1002
2024-09-16 11:28:17.058,417.106053920386,11
2024-09-16 11:28:17.166,417.1143132276902,1002
2024-09-16 11:28:17.408,417.12047400301344,96
2024-09-16 11:28:17.597,417.1009132169033,5
2024-09-16 11:28:17.606,417.0804149043025,98
2024-09-16 11:28:17.849,417.08636282895367,100
2024-09-16 11:28:17.924,417.07967957024255,95
2024-09-16 11:28:17.973,417.0801062148548,95
2024-09-16 11:28:18.007,417.1229549392873,999
2024-09-16 11:28:18.169,417.0850934915974,1002
2024-09-16 11:28:18.200,417.1402873814509,6
2024-09-16 11:28:18.233,417.118145363868,102
2024-09-16 11:28:18.244,417.1278858605911,99
2024-09-16 11:28:18.271,417.14063602786456,96
2024-09-16 11:28:18.403,417.0928688227662,1003
2024-09-16 11:28:18.484,417.11275845819046,99
2024-09-16 11:28:18.737,417.1247167758819,96
2024-09-16 11:28:18.753,417.113024384863,8
2024-09-16 11:28:18.808,417.1162342566163,1003
2024-09-16 11:28:18.876,417.146244036658,999
2024-09-16 11:28:18.894,417.10303067236566,104
2024-09-16 11:28:19.226,417.1021357923095,999
2024-09-16 11:28:19.237,417.1091288809216,1003
2024-09-16 11:28:19.262,417.1134835226962,101
2024-09-16 11:28:19.363,417.1006569102657,995
2024-09-16 11:28:19.455,417.1203182207364,998
2024-09-16 11:28:19.457,417.11465773463095,1003
2024-09-16 11:28:19.539,417.1302531493748,103
2024-09-16 11:28:19.624,417.1271660819352,9
2024-09-16 11:28:19.723,417.1236653806033,97
2024-09-16 11:28:19.753,417.14054422575913,99
2024-09-16 11:28:19.962,417.1143689272825,10
2024-09-16 11:28:21.016,417.1036921254941,14
2024-09-16 11:28:21.225,417.100540042668,1002
2024-09-16 11:28:21.238,417.0725184596136,12
2024-09-16 11:28:21.342,417.08748635937474,996
2024-09-16 11:28:21.350,417.0672663270643,1003
2024-09-16 11:28:21.414,417.069304089181,6
2024-09-16 11:28:21.497,417.06665638262734,5
2024-09-16 11:28:21.563,417.0834859232935,1002
2024-09-16 11:28:21.685,417.10467173785946,101
2024-09-16 11:28:21.732,417.0696808624439,105
2024-09-16 11:28:21.759,417.0872470443218,99
2024-09-16 11:28:21.992,417.0802953362032,996
2024-09-16 11:28:22.143,417.1188082040529,98
2024-09-16 11:28:22.180,417.11917641306144,95
2024-09-16 11:28:22.184,417.0661861330107,98
2024-09-16 11:28:22.251,417.0754152237341,10
2024-09-16 11:28:22.373,417.1361875036922,15
2024-09-16 11:28:22.525,417.0775282300881,96
2024-09-16 11:28:22.609,417.0991631003848,6
2024-09-16 11:28:22.693,417.0996941425134,1001
2024-09-16 11:28:22.713,417.0721205149413,1002
2024-09-16 11:28:22.761,417.1389922779355,96
2024-09-16 11:28:22.820,417.136921140102,105
2024-09-16 11:28:22.961,417.0864108871754,5
2024-09-16 11:28:22.978,417.0653642872519,5
2024-09-16 11:28:23.007,417.1581194644177,100
2024-09-16 11:28:23.065,417.18586582290345,103
2024-09-16 11:28:23.109,417.14467715571647,95
2024-09-16 11:28:23.127,417.1944238791279,1002
2024-09-16 11:28:23.147,417.16757946292375,14
2024-09-16 11:28:23.178,417.1370428546507,996
2024-09-16 11:28:23.189,417.1453013854178,104
2024-09-16 11:28:23.199,417.150102522224,99
2024-09-16 11:28:23.200,417.18662160472576,14
2024-09-16 11:28:23.312,417.15924204644085,99
2024-09-16 11:28:23.337,417.1347372825255,104
2024-09-16 11:28:23.412,417.1536000774902,102
2024-09-16 11:28:23.422,417.1713675921545,102
2024-09-16 11:28:23.491,417.1367553056701,96
2024-09-16 11:28:23.500,417.14997056429854,104
2024-09-16 11:28:23.602,417.1475153547096,103
2024-09-16 11:28:23.612,417.17971735416575,5
2024-09-16 11:28:23.630,417.1550814414262,100
2024-09-16 11:28:23.724,417.14593623925873,7
2024-09-16 11:28:23.735,417.1821654510782,1005
2024-09-16 11:28:23.778,417.1507849597348,998
2024-09-16 11:28:23.780,417.14544531298577,13
2024-09-16 11:28:23.782,417.1602764412482,999
2024-09-16 11:28:23.856,417.1584489556434,96
2024-09-16 11:28:24.024,417.2294752772628,100
2024-09-16 11:28:24.077,417.2771857607488,95
2024-09-16 11:28:24.119,417.21822761542177,9
2024-09-16 11:28:24.128,417.2674412793633,14
2024-09-16 11:28:24.147,417.2217496020859,10
2024-09-16 11:28:24.171,417.2549145488729,102
2024-09-16 11:28:24.214,417.227959110469,95
2024-09-16 11:28:24.250,417.2280293770888,8
2024-09-16 11:28:24.267,417.2204525831316,101
2024-09-16 11:28:24.285,417.20812460316967,1003
2024-09-16 11:28:24.298,417.24243658647737,1001
2024-09-16 11:28:24.345,417.2138516848402,96
2024-09-16 11:28:24.383,417.22647544232416,97
2024-09-16 11:28:24.387,417.256648531663,15
2024-09-16 11:28:24.441,417.2058297007463,6
2024-09-16 11:28:24.478,417.2409779442619,11
2024-09-16 11:28:24.519,417.2273488442605,995
2024-09-16 11:28:24.556,417.2797654950838,103
2024-09-16 11:28:24.645,417.2352529579339,100
2024-09-16 11:28:24.805,417.22891307465846,6
2024-09-16 11:28:24.818,417.1997072271393,1005
2024-09-16 11:28:24.907,417.265741379447,100
2024-09-16 11:28:24.960,417.2147903685525,101
2024-09-16 11:28:24.960,417.27312553407336,997
2024-09-16 11:28:25.106,417.18139421299776,100
2024-09-16 11:28:25.209,417.20016568445294,997
2024-09-16 11:28:25.257,417.16408503988174,101
2024-09-16 11:28:25.483,417.18413544545234,996
2024-09-16 11:28:25.523,417.14525599524256,11
2024-09-16 11:28:25.805,417.16958511281945,101
2024-09-16 11:28:25.823,417.1899965751193,999
2024-09-16 11:28:26.249,417.1585110185968,5
2024-09-16 11:28:26.618,417.1479430684843,1005
2024-09-16 11:28:26.704,417.13545814735727,995
2024-09-16 11:28:26.752,417.1448382696079,101
2024-09-16 11:28:26.850,417.12151865607217,995
2024-09-16 11:28:26.884,417.13876953933016,100
2024-09-16 11:28:26.942,417.14574022189504,997
2024-09-16 11:28:27.030,417.159767562738,10
2024-09-16 11:28:27.039,417.1681281608203,95
2024-09-16 11:28:27.047,417.1989629156044,14
2024-09-16 11:28:27.115,417.1401468209252,997
2024-09-16 11:28:27.166,417.12634542848434,97
2024-09-16 11:28:27.166,417.1467283784802,1001
2024-09-16 11:28:27.244,417.1095484931766,104
2024-09-16 11:28:27.257,417.1854301443996,9
2024-09-16 11:28:27.324,417.1255829850514,12
2024-09-16 11:28:27.388,417.1695822566314,103
2024-09-16 11:28:27.435,417.1699119291642,998
2024-09-16 11:28:27.542,417.1556689165235,13
2024-09-16 11:28:27.567,417.2088932914225,98
2024-09-16 11:28:27.582,417.1794799789898,11
2024-09-16 11:28:27.633,41.71702070926021,15
2024-09-16 11:28:27.682,417.15177564936295,9
2024-09-16 11:28:27.695,417.1465964753962,96
2024-09-16 11:28:27.708,417.12425056688295,95
2024-09-16 11:28:27.774,417.1804352903267,1000
2024-09-16 11:28:27.824,417.1209434882181,14
2024-09-16 11:28:27.852,417.1225576470306,997
2024-09-16 11:28:27.894,417.1392274009995,95
2024-09-16 11:28:27.937,417.137944622409,99
2024-09-16 11:28:27.942,417.1309810550764,7
2024-09-16 11:28:27.950,417.1706168371886,997
2024-09-16 11:28:28.028,417.2150791263573,99
2024-09-16 11:28:28.058,417.20163604558456,100
2024-09-16 11:28:28.159,417.2207603327849,100
2024-09-16 11:28:28.208,417.1806088492834,999
2024-09-16 11:28:28.209,417.1399688838257,8
2024-09-16 11:28:28.219,417.14091986070895,1001
2024-09-16 11:28:28.230,417.14892367005575,1001
2024-09-16 11:28:28.294,417.118002311691,5
2024-09-16 11:28:28.362,417.069171259673,14
2024-09-16 11:28:28.377,417.20013383931575,12
2024-09-16 11:28:28.389,417.1296451268586,5
2024-09-16 11:28:28.434,417.1033278837986,1005
2024-09-16 11:28:28.452,417.2156716060685,11
2024-09-16 11:28:28.479,417.16124833704254,105
2024-09-16 11:28:28.482,417.12715320390953,1000
2024-09-16 11:28:28.508,417.17515328052633,1001
2024-09-16 11:28:28.551,417.12107467929457,95
2024-09-16 11:28:28.595,417.1415639156749,1000
2024-09-16 11:28:28.613,417.1882601330461,104
2024-09-16 11:28:28.616,417.16971406976734,6
2024-09-16 11:28:28.654,417.12049071883,13
2024-09-16 11:28:28.676,417.13905607294095,1002
2024-09-16 11:28:28.701,417.2055060161367,95
2024-09-16 11:28:28.711,417.1956285323023,97
2024-09-16 11:28:28.739,417.1033161343157,104
2024-09-16 11:28:28.784,417.1053438191237,5
2024-09-16 11:28:28.790,417.2185253908734,1000
2024-09-16 11:28:28.903,417.0893252625928,8
2024-09-16 11:28:28.909,417.0975131278146,1005
2024-09-16 11:28:29.430,417.0188894573771,14
2024-09-16 11:28:29.438,41.70204739100422,100
2024-09-16 11:28:29.583,417.0799954102248,12
2024-09-16 11:28:29.655,417.0210322944969,1001
2024-09-16 11:28:29.672,417.0186964638508,998
2024-09-16 11:28:29.689,417.03469363509794,10
2024-09-16 11:28:29.728,417.0474035010544,1003
2024-09-16 11:28:29.762,417.03088206436814,102
2024-09-16 11:28:29.787,417.0313990691645,1005
2024-09-16 11:28:29.796,417.0281185770821,1005
2024-09-16 11:28:29.943,417.0246764881923,997
2024-09-16 11:28:31.129,417.0358630167302,8
2024-09-16 11:28:31.236,417.0429586823297,1000
2024-09-16 11:28:31.258,417.05111387566086,5
2024-09-16 11:28:31.325,417.0733714208231,10
2024-09-16 11:28:31.363,417.0636969422264,5
2024-09-16 11:28:31.420,417.0400960526638,97
2024-09-16 11:28:31.536,417.0516085738223,8
2024-09-16 11:28:31.770,417.0522863917651,13
2024-09-16 11:28:31.847,417.05767378423633,999
2024-09-16 11:28:31.911,417.0433359537913,101
2024-09-16 11:28:32.058,417.0449955110958,13
2024-09-16 11:28:32.190,417.0493645514262,100
2024-09-16 11:28:32.285,417.0315384645608,996
2024-09-16 11:28:32.314,41.70522380278379,5
2024-09-16 11:28:32.351,417.05170805806944,96
2024-09-16 11:28:32.438,417.0247773835432,996
2024-09-16 11:28:32.607,417.017149177086,14
2024-09-16 11:28:33.217,417.0147935853763,13
2024-09-16 11:28:33.332,417.03029700357234,95
2024-09-16 11:28:33.399,417.0029926895577,99
2024-09-16 11:28:33.469,417.0225569633512,1003
2024-09-16 11:28:33.671,417.0106483525452,104
2024-09-16 11:28:33.740,417.0014516864596,96
2024-09-16 11:28:33.872,417.0099992249841,1001
2024-09-16 11:28:33.932,417.03696273015305,1000
2024-09-16 11:28:34.048,417.0940849859903,1003
2024-09-16 11:28:34.065,417.1003834991941,995
2024-09-16 11:28:34.083,417.08290424936456,103
2024-09-16 11:28:34.119,417.107251296835,100
2024-09-16 11:28:34.135,417.02923911505343,97
2024-09-16 11:28:34.168,417.11218696092845,998
2024-09-16 11:28:34.176,417.1283461494447,96
2024-09-16 11:28:34.191,417.0848989661661,1004
2024-09-16 11:28:34.195,417.1249364989699,996
2024-09-16 11:28:34.257,417.0804236147656,100
2024-09-16 11:28:34.296,417.0170706023776,998
2024-09-16 11:28:34.324,417.0781899823982,999
2024-09-16 11:28:34.327,417.0617956319225,5
2024-09-16 11:28:34.339,417.01084077018703,7
2024-09-16 11:28:34.346,417.11737135344254,104
2024-09-16 11:28:34.352,417.0452246161456,1004
2024-09-16 11:28:34.406,417.1114034788322,15
2024-09-16 11:28:34.466,417.1007921969668,1004
2024-09-16 11:28:34.475,417.08095297348814,13
2024-09-16 11:28:34.520,417.0593696769229,12
2024-09-16 11:28:34.528,417.12866622978135,102
2024-09-16 11:28:34.649,417.067644526798,103
2024-09-16 11:28:34.730,416.999791654144,1001
2024-09-16 11:28:34.813,417.1130809546185,1001
2024-09-16 11:28:34.824,417.0916168302744,13
2024-09-16 11:28:34.864,417.0489858945459,1004
2024-09-16 11:28:34.958,417.1181389375172,997
2024-09-16 11:28:34.965,417.0803747336713,101
2024-09-16 11:28:35.067,417.0144933932322,103
2024-09-16 11:28:35.112,416.9506510420103,99
2024-09-16 11:28:35.113,416.9626828371918,998
2024-09-16 11:28:35.244,416.954467066518,101
2024-09-16 11:28:35.337,416.9642013437912,998
2024-09-16 11:28:35.341,416.9849395512297,995
2024-09-16 11:28:35.345,417.05717303939775,96
2024-09-16 11:28:35.371,417.046125035323,104
2024-09-16 11:28:35.472,416.9539025909687,1002
2024-09-16 11:28:35.549,417.046774921636,98
2024-09-16 11:28:35.662,416.9913823747822,104
2024-09-16 11:28:35.697,416.9839552560824,6
2024-09-16 11:28:35.756,417.0492329824841,1000
2024-09-16 11:28:35.800,416.99723666279374,1000
2024-09-16 11:28:35.881,416.94928583065655,1002
2024-09-16 11:28:35.969,417.0392449955938,100
2024-09-16 11:28:35.976,417.04325949906166,1003
2024-09-16 11:28:35.977,416.9594138396378,15
2024-09-16 11:28:36.171,416.9890213424968,998
2024-09-16 11:28:36.172,416.9945617306988,8
2024-09-16 11:28:36.222,417.00163559194016,5
2024-09-16 11:28:36.384,417.0008880396641,105
2024-09-16 11:28:36.441,416.9938113949085,1003
2024-09-16 11:28:36.507,417.0139464657433,104
2024-09-16 11:28:36.551,416.9865537823799,998
2024-09-16 11:28:36.719,416.9963693796724,96
2024-09-16 11:28:36.831,416.98271784506267,999
2024-09-16 11:28:36.872,417.0007069336836,995
2024-09-16 11:28:37.191,417.040745680814,104
2024-09-16 11:28:37.371,417.0503763269741,1004
2024-09-16 11:28:37.418,417.0187789242744,102
2024-09-16 11:28:37.564,417.0393267255774,9
2024-09-16 11:28:37.656,417.0223999434616,7
2024-09-16 11:28:38.074,417.0085487033232,998
2024-09-16 11:28:38.236,,996
2024-09-16 11:28:38.335,417.0216175678205,95
2024-09-16 11:28:38.396,417.0027823589996,1003
2024-09-16 11:28:38.580,417.00225095126063,104
2024-09-16 11:28:38.610,417.0161337090868,1005
2024-09-16 11:28:38.784,417.0159102850224,15
2024-09-16 11:28:38.854,417.02816289178514,999
2024-09-16 11:28:38.935,417.0193651907747,1005
2024-09-16 11:28:38.970,417.0032510652784,98
2024-09-16 11:28:39.050,41.700368145479416,95
2024-09-16 11:28:39.145,416.9656145634002,1004
2024-09-16 11:28:39.158,417.0177521290146,13
2024-09-16 11:28:39.233,417.000567104272,8
2024-09-16 11:28:39.235,416.9917209981537,96
2024-09-16 11:28:39.254,416.9625999168907,995
2024-09-16 11:28:39.295,416.9637854153905,998
2024-09-16 11:28:39.390,416.97655606857165,95
2024-09-16 11:28:39.419,416.96816865764265,100
2024-09-16 11:28:39.467,417.011102219378,1000
2024-09-16 11:28:39.486,417.03085101788,102
2024-09-16 11:28:39.551,416.9551710163557,12
2024-09-16 11:28:39.599,417.0177250411054,99
2024-09-16 11:28:39.613,416.9935399472933,103
2024-09-16 11:28:39.618,416.99239897884,997
2024-09-16 11:28:39.622,416.9751443603296,10
2024-09-16 11:28:39.631,416.9886374794124,101
2024-09-16 11:28:39.711,416.9534496537253,5
2024-09-16 11:28:39.720,417.02101190216894,104
2024-09-16 11:28:39.722,416.9946496663919,998
2024-09-16 11:28:39.726,416.98332059227033,102
2024-09-16 11:28:39.741,417.00895157409866,998
2024-09-16 11:28:39.747,416.964754725282,1003
2024-09-16 11:28:39.791,416.96450599036217,995
2024-09-16 11:28:39.801,417.0018836932566,1003
2024-09-16 11:28:39.801,416.98984176059,14
2024-09-16 11:28:39.908,417.01253468764975,104
2024-09-16 11:28:39.950,417.0267297970837,1001
2024-09-16 11:28:39.950,416.9771624661419,13
2024-09-16 11:28:39.956,416.99776624667874,103
2024-09-16 11:28:40.018,417.0157872703528,1001
2024-09-16 11:28:40.089,417.0255159338144,103
2024-09-16 11:28:40.150,417.0404715000053,99
2024-09-16 11:28:40.212,416.9944791071633,1000
2024-09-16 11:28:40.366,417.0132665187013,995
2024-09-16 11:28:40.375,417.02315022119865,8
2024-09-16 11:28:40.390,417.0141822931523,998
2024-09-16 11:28:40.460,417.0248287035213,99
2024-09-16 11:28:40.538,417.0046157903213,100
2024-09-16 11:28:40.741,417.0058807569255,998
2024-09-16 11:28:40.762,417.0435107706874,8
2024-09-16 11:28:40.808,417.02405174588046,97
2024-09-16 11:28:40.810,417.0244595032127,101
2024-09-16 11:28:40.906,417.0454508560903,997
2024-09-16 11:28:40.918,417.0064652524993,100
2024-09-16 11:28:40.989,417.02329531142686,998
2024-09-16 11:28:42.091,417.0198963380775,104
2024-09-16 11:28:42.114,417.0594283308189,999
2024-09-16 11:28:42.127,417.0169431275301,996
2024-09-16 11:28:42.142,417.0490411841948,96
2024-09-16 11:28:42.152,416.984438117796,95
2024-09-16 11:28:42.214,416.9903463700692,104
2024-09-16 11:28:42.230,416.9925388160416,997
2024-09-16 11:28:42.249,417.0062396945058,998
2024-09-16 11:28:42.298,417.0379682469469,103
2024-09-16 11:28:42.335,417.0357078649934,12
2024-09-16 11:28:42.367,416.99004179567663,5
2024-09-16 11:28:42.374,417.06059052008646,105
2024-09-16 11:28:42.436,417.0192112003962,1002
2024-09-16 11:28:42.524,417.0069756207319,998
2024-09-16 11:28:42.549,417.0412966989023,996
2024-09-16 11:28:42.621,416.9912896182501,5
2024-09-16 11:28:42.698,41.700594757675816,995
2024-09-16 11:28:42.702,416.99827853857227,11
2024-09-16 11:28:42.765,417.0428877639225,12
2024-09-16 11:28:42.812,417.0615279293172,104
2024-09-16 11:28:42.814,417.0073994047031,103
2024-09-16 11:28:42.890,416.9939997084728,9
2024-09-16 11:28:42.953,417.01086898858034,1003
2024-09-16 11:28:42.971,417.0057806280488,996
2024-09-16 11:28:42.991,416.9892565672693,1001
2024-09-16 11:28:43.014,417.0812640098577,999
2024-09-16 11:28:43.027,417.101205004257,11
2024-09-16 11:28:43.031,417.0514977752548,998
2024-09-16 11:28:43.137,417.0462597671298,10
2024-09-16 11:28:43.217,-417.10792684549386,10
2024-09-16 11:28:43.279,417.06128128576574,98
2024-09-16 11:28:43.287,-417.04813484525766,995
2024-09-16 11:28:43.365,417.0619236697399,13
2024-09-16 11:28:43.428,417.1002168632904,7
2024-09-16 11:28:43.512,417.0607317298968,1005
2024-09-16 11:28:43.515,417.094083042734,104
2024-09-16 11:28:43.532,417.0838903836631,105
2024-09-16 11:28:43.563,417.117731378621,7
2024-09-16 11:28:43.565,417.06587447795664,1005
2024-09-16 11:28:43.574,417.0453994528282,101
2024-09-16 11:28:43.584,,1000
2024-09-16 11:28:43.631,417.1128708746763,95
2024-09-16 11:28:43.690,417.0490047281355,995
2024-09-16 11:28:43.722,417.093714682036,13
2024-09-16 11:28:43.764,417.10974486475055,101
2024-09-16 11:28:43.776,417.1138683174223,1003
2024-09-16 11:28:43.800,417.0746030926117,999
2024-09-16 11:28:43.804,417.0752913615092,10
2024-09-16 11:28:43.847,417.0773056926975,998
2024-09-16 11:28:43.899,-417.082121382472,98
2024-09-16 11:28:43.940,417.0961202905424,1000
2024-09-16 11:28:43.960,417.04967028502665,6
2024-09-16 11:28:43.984,417.1032902310773,12
2024-09-16 11:28:44.048,417.0924242307654,13
2024-09-16 11:28:44.158,417.1147438669192,100
2024-09-16 11:28:44.175,417.0819013965237,998
2024-09-16 11:28:44.364,417.0712002262733,997
2024-09-16 11:28:44.395,417.1228143514778,995
2024-09-16 11:28:44.531,417.0976460782416,1002
2024-09-16 11:28:44.538,417.10891618823706,1004
2024-09-16 11:28:44.610,417.0851927091208,105
2024-09-16 11:28:44.614,417.1042179250455,1004
2024-09-16 11:28:44.621,417.0995564584098,13
2024-09-16 11:28:44.630,417.0891846162867,95
2024-09-16 11:28:44.638,417.0949837050848,13
2024-09-16 11:28:44.728,417.1124519829067,97
2024-09-16 11:28:44.747,417.054736570225,5
2024-09-16 11:28:44.764,417.0982206728588,1001
2024-09-16 11:28:44.821,417.10081904718896,14
2024-09-16 11:28:44.865,417.112407443742,103
2024-09-16 11:28:44.874,417.1039073808759,1005
2024-09-16 11:28:44.936,417.10517091200194,8
2024-09-16 11:28:45.089,41.70906458286692,104
2024-09-16 11:28:45.102,417.0960694393349,97
2024-09-16 11:28:45.130,417.1184500100232,11
2024-09-16 11:28:45.148,417.103925619967,95
2024-09-16 11:28:45.277,417.1114786074282,103
2024-09-16 11:28:45.287,417.0938327724208,97
2024-09-16 11:28:45.303,417.09316320429855,996
2024-09-16 11:28:45.377,417.080116093892,13
2024-09-16 11:28:45.418,417.1205929937683,104
2024-09-16 11:28:45.423,417.0875918476605,100
2024-09-16 11:28:45.581,417.0908617605371,1001
2024-09-16 11:28:45.603,417.0961562664122,101
2024-09-16 11:28:45.646,417.0945627624982,97
2024-09-16 11:28:45.696,417.1000466650447,8
2024-09-16 11:28:45.816,417.0993693867714,1001
2024-09-16 11:28:45.895,417.08382804340346,105
2024-09-16 11:28:45.922,417.0953804677424,98
2024-09-16 11:28:45.932,417.09871757640286,99
2024-09-16 11:28:45.940,417.07568974265695,102
2024-09-16 11:28:45.993,417.08879639900994,12
2024-09-16 11:28:46.038,417.1127983632971,1003
2024-09-16 11:28:46.079,417.1247425815056,9
2024-09-16 11:28:46.140,417.1178981878778,7
2024-09-16 11:28:46.149,417.1207844163425,98
2024-09-16 11:28:46.659,417.1247320529236,12
2024-09-16 11:28:46.806,417.1374273937332,14
2024-09-16 11:28:46.879,417.13065835799694,14
2024-09-16 11:28:47.050,417.1158569176625,14
2024-09-16 11:28:47.100,417.1659419864792,96
2024-09-16 11:28:47.111,417.13589845923,105
2024-09-16 11:28:47.171,417.14657626604384,997
2024-09-16 11:28:47.172,417.14301035096594,99
2024-09-16 11:28:47.184,417.09220723191146,998
2024-09-16 11:28:47.191,417.10396337580346,103
2024-09-16 11:28:47.232,417.0905717462456,1005
2024-09-16 11:28:47.304,417.11184371613336,997
2024-09-16 11:28:47.324,417.1023755502836,1002
2024-09-16 11:28:47.393,417.1574841213565,96
2024-09-16 11:28:47.450,417.1173079448214,997
2024-09-16 11:28:47.518,417.10543408152427,1005
2024-09-16 11:28:47.627,417.1754365018733,98
2024-09-16 11:28:47.646,417.1718706722841,98
2024-09-16 11:28:47.721,417.1726103474375,1001
2024-09-16 11:28:47.753,417.0999192876432,8
2024-09-16 11:28:47.812,417.11038599703534,9
2024-09-16 11:28:47.884,417.1631447029259,8
2024-09-16 11:28:47.892,417.1253150464412,10
2024-09-16 11:28:47.915,417.10505145577486,12
2024-09-16 11:28:47.987,417.1015231577798,15
2024-09-16 11:28:48.020,417.1715666070365,1000
2024-09-16 11:28:48.046,417.1747036448994,15
2024-09-16 11:28:48.061,417.21554824369855,1005
2024-09-16 11:28:48.103,417.1950118571692,13
2024-09-16 11:28:48.111,417.186789413137,96
2024-09-16 11:28:48.185,417.1760551286096,96
2024-09-16 11:28:48.301,417.199332008861,7
2024-09-16 11:28:48.416,417.1549590487968,9
2024-09-16 11:28:48.432,417.1857854275584,1004
2024-09-16 11:28:48.467,417.176655735497,104
2024-09-16 11:28:48.475,417.1979873820636,97
2024-09-16 11:28:48.527,417.1782404813517,1004
2024-09-16 11:28:48.607,417.1934294549346,1003
2024-09-16 11:28:48.611,417.19658502539926,1001
2024-09-16 11:28:48.627,417.1933767758157,11
2024-09-16 11:28:48.753,417.2141848109466,98
2024-09-16 11:28:48.813,417.2008059931285,102
2024-09-16 11:28:48.895,417.15765144117086,12
2024-09-16 11:28:48.907,417.1731932095365,1005
2024-09-16 11:28:48.929,417.1652910608821,104
2024-09-16 11:28:48.988,417.14603388344295,15
2024-09-16 11:28:48.994,417.19737850823606,99
2024-09-16 11:28:48.995,417.1949531919333,1003
2024-09-16 11:28:49.349,417.1841114126034,999
2024-09-16 11:28:49.384,417.1917044194906,103
2024-09-16 11:28:49.399,417.19688086359446,995
2024-09-16 11:28:49.512,417.1912289894922,9
2024-09-16 11:28:49.596,417.1995226152764,95
2024-09-16 11:28:50.078,417.2231252445271,12
2024-09-16 11:28:50.100,417.2034887405846,11
2024-09-16 11:28:50.158,417.1959741305496,98
2024-09-16 11:28:50.189,417.1816512782955,10
2024-09-16 11:28:50.231,417.2087586228867,95
2024-09-16 11:28:50.236,417.2055801311623,15
2024-09-16 11:28:50.313,417.2003003912263,100
2024-09-16 11:28:50.332,417.2151807120343,99
2024-09-16 11:28:50.440,41.71742059801402,10
2024-09-16 11:28:50.468,417.1919327745909,997
2024-09-16 11:28:50.493,417.1799072073851,14
2024-09-16 11:28:50.494,417.2257343958843,11
2024-09-16 11:28:50.557,417.20293607688393,100
2024-09-16 11:28:50.596,417.2359637027629,997
2024-09-16 11:28:50.597,417.2035484826017,11
2024-09-16 11:28:50.721,417.1870778262152,998
2024-09-16 11:28:50.760,417.2024818957729,999
2024-09-16 11:28:50.821,417.16975530779166,101
2024-09-16 11:28:50.834,417.2110185119337,7
2024-09-16 11:28:50.931,417.219985369846,10
2024-09-16 11:28:50.948,417.1950919930968,97
2024-09-16 11:28:51.013,417.16621286783504,98
2024-09-16 11:28:51.029,417.18972408549786,8
2024-09-16 11:28:51.031,417.208486230723,5
2024-09-16 11:28:51.221,417.2222294636348,1004
2024-09-16 11:28:51.236,417.2146474869773,102
2024-09-16 11:28:51.325,417.1874203432776,1001
2024-09-16 11:28:51.360,417.1634826170381,999
2024-09-16 11:28:51.468,417.2347573891751,14
2024-09-16 11:28:51.559,417.1935716384767,1001
2024-09-16 11:28:51.743,417.1934669402695,11
2024-09-16 11:28:51.794,417.211584101276,97
2024-09-16 11:28:51.839,417.21173954578114,1004
2024-09-16 11:28:51.874,417.2115617257316,101
2024-09-16 11:28:51.915,417.1820547053966,100
2024-09-16 11:28:51.958,417.21014289915513,1001
2024-09-16 11:28:51.959,417.1931937589723,998
2024-09-16 11:28:51.960,417.1824623072038,11
2024-09-16 11:28:52.301,417.1404021669349,97
2024-09-16 11:28:52.468,417.1566473723077,995
2024-09-16 11:28:52.555,417.1579032726379,8
2024-09-16 11:28:52.708,417.1499631447227,1003
2024-09-16 11:28:52.757,417.14710666105447,13
2024-09-16 11:28:53.189,417.1554185697221,102
2024-09-16 11:28:53.211,417.1543322797143,100
2024-09-16 11:28:53.708,417.1753166191147,103
2024-09-16 11:28:53.909,417.1406409493197,1003
2024-09-16 11:28:54.073,417.11027914372,6
2024-09-16 11:28:54.241,417.1473256322087,95
2024-09-16 11:28:54.314,417.1486227222869,13
2024-09-16 11:28:54.363,417.1108774546617,1002
2024-09-16 11:28:54.436,417.1364426399186,103
2024-09-16 11:28:54.466,417.1443776215822,7
2024-09-16 11:28:54.477,417.1322179610879,9
2024-09-16 11:28:54.540,417.1494090821524,1001
2024-09-16 11:28:54.596,417.127922722482,105
2024-09-16 11:28:54.712,41.71458906082946,14
2024-09-16 11:28:54.928,417.1436358807956,14
2024-09-16 11:28:54.929,417.12307143512703,101
2024-09-16 11:28:55.016,417.11128386541634,102
2024-09-16 11:28:55.018,417.1605843375228,15
2024-09-16 11:28:55.086,417.0931250084919,9
2024-09-16 11:28:55.163,417.1180082213213,9
2024-09-16 11:28:55.163,417.1504219003132,996
2024-09-16 11:28:55.252,417.1068307520175,999
2024-09-16 11:28:55.276,417.1251590330367,15
2024-09-16 11:28:55.329,417.1272140713228,1003
2024-09-16 11:28:55.373,417.1473481600025,14
2024-09-16 11:28:55.448,417.0743883096198,12
2024-09-16 11:28:55.636,417.1118330752016,97
2024-09-16 11:28:55.669,417.06755151879327,7
2024-09-16 11:28:55.705,417.1159116288288,1000
2024-09-16 11:28:55.723,-417.126619285114,102
2024-09-16 11:28:55.741,417.10802746370166,999
2024-09-16 11:28:55.830,417.07589834411885,999
2024-09-16 11:28:55.896,417.1742413056792,10
2024-09-16 11:28:56.079,417.17556198281545,13
2024-09-16 11:28:56.082,417.2387309383964,1005
2024-09-16 11:28:56.121,417.2031086594488,99
2024-09-16 11:28:56.164,417.1958751294448,13
2024-09-16 11:28:56.174,417.2264585515212,5
2024-09-16 11:28:56.209,417.2057079591528,101
2024-09-16 11:28:56.330,417.18352150713866,101
2024-09-16 11:28:56.334,417.2391419251399,1003
2024-09-16 11:28:56.404,417.2366328932805,15
2024-09-16 11:28:56.440,417.205198213138,103
2024-09-16 11:28:56.520,417.2145769551452,6
2024-09-16 11:28:56.524,417.22043472379306,1001
2024-09-16 11:28:56.640,417.2479647205319,103
2024-09-16 11:28:56.717,417.237742507337,96
2024-09-16 11:28:56.754,417.2143540406404,105
2024-09-16 11:28:56.826,417.2105013249108,1001
2024-09-16 11:28:56.840,417.23728528830384,104
2024-09-16 11:28:56.888,417.2108306937081,105
2024-09-16 11:28:56.899,417.2379450248847,5
2024-09-16 11:28:56.957,417.1799899872011,105
2024-09-16 11:28:56.976,417.238706631549,999
2024-09-16 11:28:57.146,417.1709861939741,96
2024-09-16 11:28:57.382,417.200292766788,1001
2024-09-16 11:28:57.527,417.1733669697579,6
2024-09-16 11:28:57.581,417.1629241027521,1001
2024-09-16 11:28:57.610,417.16987455865313,98
2024-09-16 11:28:57.881,417.1784195031124,1000
2024-09-16 11:28:57.889,417.200220447606,998
2024-09-16 11:28:58.041,417.17615580951787,6
2024-09-16 11:28:58.160,417.1512613778484,11
2024-09-16 11:28:58.162,417.1604286707105,8
2024-09-16 11:28:58.285,417.1130531115535,7
2024-09-16 11:28:58.303,417.139484185396,8
2024-09-16 11:28:58.321,417.1639507730338,8
2024-09-16 11:28:58.438,417.1229153512824,996
2024-09-16 11:28:58.943,417.1308576223181,1004
2024-09-16 11:28:59.076,417.1061625732458,11
2024-09-16 11:28:59.146,417.0520338201007,5
2024-09-16 11:28:59.251,417.0502876438349,1004
2024-09-16 11:28:59.280,417.0813695825151,103
2024-09-16 11:28:59.341,417.10024132266017,1003
2024-09-16 11:28:59.376,41.706204027224864,95
2024-09-16 11:28:59.454,417.074949726526,7
2024-09-16 11:28:59.485,417.0734440815046,1002
2024-09-16 11:28:59.563,417.0580812574365,12
2024-09-16 11:28:59.733,417.0858442816181,15
2024-09-16 11:28:59.754,417.1170099391006,13
2024-09-16 11:28:59.803,417.0920194358121,6
2024-09-16 11:28:59.837,417.1266554062988,1002
2024-09-16 11:28:59.847,417.1070011842641,1005
2024-09-16 11:28:59.867,417.10498704188086,14
2024-09-16 11:28:59.927,417.0883868885253,1005
