Timestamp,Price,Size
2024-09-19 12:14:00.108,-422.9424711601114,103
2024-09-19 12:14:00.527,422.9768879544654,11
2024-09-19 12:14:00.578,422.9481499061705,6
2024-09-19 12:14:00.683,422.9710639247711,1002
2024-09-19 12:14:00.693,422.942773709324,7
2024-09-19 12:14:00.833,422.9443194075122,103
2024-09-19 12:14:00.920,422.9815364712285,102
2024-09-19 12:14:01.007,422.9817425870593,15
2024-09-19 12:14:01.017,422.9890596135168,15
2024-09-19 12:14:01.039,422.98791540319496,9
2024-09-19 12:14:01.059,422.96139010637455,98
2024-09-19 12:14:01.106,422.9876451654525,1001
2024-09-19 12:14:01.109,422.99214500556593,995
2024-09-19 12:14:01.141,423.0022369448985,13
2024-09-19 12:14:01.165,42.29702522010818,13
2024-09-19 12:14:01.200,423.0047305375008,15
2024-09-19 12:14:01.218,422.9833550021299,95
2024-09-19 12:14:01.258,422.9899195038926,103
2024-09-19 12:14:01.309,422.978324740282,11
2024-09-19 12:14:01.309,422.9914877921533,8
2024-09-19 12:14:01.398,422.9560118572423,1002
2024-09-19 12:14:01.417,423.0113208524648,98
2024-09-19 12:14:01.426,422.9852458473279,13
2024-09-19 12:14:01.432,422.99818452153744,1004
2024-09-19 12:14:01.449,422.98463964192007,99
2024-09-19 12:14:01.453,422.9801583003672,100
2024-09-19 12:14:01.534,422.9740773937903,96
2024-09-19 12:14:01.639,423.0037858175375,97
2024-09-19 12:14:01.641,422.9930018386932,101
2024-09-19 12:14:01.665,422.9914138342473,14
2024-09-19 12:14:01.684,422.96007152158126,99
2024-09-19 12:14:01.688,422.9963063223552,97
2024-09-19 12:14:01.764,422.9929403933557,1000
2024-09-19 12:14:01.871,422.9908005335926,99
2024-09-19 12:14:01.884,423.0006107034731,1001
2024-09-19 12:14:01.931,422.9886379640163,11
2024-09-19 12:14:02.357,423.0014414504776,5
2024-09-19 12:14:03.001,423.040660287698,996
2024-09-19 12:14:03.126,423.05366267151936,9
2024-09-19 12:14:03.203,423.0028131675891,1000
2024-09-19 12:14:03.252,423.046502940375,97
2024-09-19 12:14:03.310,423.0081765425413,12
2024-09-19 12:14:03.441,423.0390975193896,1003
2024-09-19 12:14:03.543,423.0331687523157,9
2024-09-19 12:14:03.579,423.0161278351375,103
2024-09-19 12:14:03.656,423.00216702926207,97
2024-09-19 12:14:03.663,423.00240834229487,100
2024-09-19 12:14:03.687,423.01406029572456,105
2024-09-19 12:14:03.733,423.0552837982682,95
2024-09-19 12:14:03.792,423.0532633535536,102
2024-09-19 12:14:03.820,423.0111451065512,10
2024-09-19 12:14:03.829,423.0464431222257,1002
2024-09-19 12:14:04.035,423.0757328669045,1003
2024-09-19 12:14:04.201,423.0347391991082,10
2024-09-19 12:14:04.398,423.0352961934645,998
2024-09-19 12:14:04.751,423.0506721245255,98
2024-09-19 12:14:04.775,423.0474783705485,5
2024-09-19 12:14:04.817,423.0417302720326,1005
2024-09-19 12:14:04.839,423.0327683972033,98
2024-09-19 12:14:04.845,423.0482423419211,104
2024-09-19 12:14:04.848,423.0269381228635,997
2024-09-19 12:14:04.888,423.0326820150386,102
2024-09-19 12:14:04.908,423.057228773352,11
2024-09-19 12:14:04.916,-423.0652936647184,15
2024-09-19 12:14:06.019,423.0414292723934,15
2024-09-19 12:14:06.101,423.03967470172125,999
2024-09-19 12:14:06.140,423.0847442560476,10
2024-09-19 12:14:06.141,423.0566409613617,7
2024-09-19 12:14:06.273,423.06170308651207,100
2024-09-19 12:14:06.410,423.0594131387177,1001
2024-09-19 12:14:06.696,423.0761123414643,99
2024-09-19 12:14:06.734,423.0623726144249,14
2024-09-19 12:14:06.814,423.06177132307823,104
2024-09-19 12:14:07.083,423.0391286502417,95
2024-09-19 12:14:07.108,423.0517714175591,1001
2024-09-19 12:14:07.161,423.0267877063932,998
2024-09-19 12:14:07.254,423.0153547332202,100
2024-09-19 12:14:07.256,423.0306412602954,99
2024-09-19 12:14:07.374,423.0200870546631,10
2024-09-19 12:14:07.394,423.01667565930506,97
2024-09-19 12:14:07.461,423.012139418572,10
2024-09-19 12:14:07.472,423.0126600445576,1003
2024-09-19 12:14:07.499,423.0055705664825,95
2024-09-19 12:14:07.525,423.01536424291817,104
2024-09-19 12:14:07.527,423.0394031911732,998
2024-09-19 12:14:07.527,423.0280889413594,101
2024-09-19 12:14:07.534,423.0149340336099,101
2024-09-19 12:14:07.545,423.0094167568592,103
2024-09-19 12:14:07.548,423.0257115769845,8
2024-09-19 12:14:07.597,42.30170870490072,103
2024-09-19 12:14:07.606,423.0232485512352,1004
2024-09-19 12:14:07.707,423.01553288340654,99
2024-09-19 12:14:07.712,423.0199455107464,8
2024-09-19 12:14:07.777,423.0187531091058,1005
2024-09-19 12:14:07.778,423.03057009255264,14
2024-09-19 12:14:07.822,423.0206446893537,6
2024-09-19 12:14:07.848,423.0158076859738,105
2024-09-19 12:14:07.904,423.0634116961997,5
2024-09-19 12:14:07.930,423.0234634381333,6
2024-09-19 12:14:07.938,423.0211050802087,998
2024-09-19 12:14:09.091,422.99253963179393,99
2024-09-19 12:14:09.566,423.007467947837,5
2024-09-19 12:14:09.572,423.0149157879274,99
2024-09-19 12:14:09.763,423.0040611021758,996
2024-09-19 12:14:09.862,422.9972398850812,10
2024-09-19 12:14:09.899,422.98286611939335,105
2024-09-19 12:14:09.983,422.9961382868871,1003
2024-09-19 12:14:10.160,423.0051168399923,103
2024-09-19 12:14:11.047,423.0312009831553,1003
2024-09-19 12:14:11.103,423.0715372821702,97
2024-09-19 12:14:11.108,423.0657538938584,105
2024-09-19 12:14:11.202,423.068805712077,11
2024-09-19 12:14:11.324,423.08404807627807,998
2024-09-19 12:14:11.331,423.0786999808819,995
2024-09-19 12:14:11.478,423.0714350194516,13
2024-09-19 12:14:11.526,423.01205362404494,15
2024-09-19 12:14:11.569,423.084650604722,97
2024-09-19 12:14:11.692,423.0756628450416,102
2024-09-19 12:14:11.805,423.0927494712352,1000
2024-09-19 12:14:11.982,423.0791277205791,98
2024-09-19 12:14:12.002,423.0338658651454,1001
2024-09-19 12:14:12.029,423.0366590496784,995
2024-09-19 12:14:12.034,423.0470374509163,96
2024-09-19 12:14:12.143,423.0986913616864,1005
2024-09-19 12:14:12.180,423.0280371795584,1005
2024-09-19 12:14:12.189,-423.05753029054296,103
2024-09-19 12:14:12.228,423.1158442453333,95
2024-09-19 12:14:12.230,423.03023248391605,98
2024-09-19 12:14:12.234,423.1156168550786,1003
2024-09-19 12:14:12.257,423.08200629274194,95
2024-09-19 12:14:12.276,423.013950455742,100
2024-09-19 12:14:12.335,423.0012415590561,9
2024-09-19 12:14:12.372,423.0730373963185,105
2024-09-19 12:14:12.470,423.04934331818737,1004
2024-09-19 12:14:12.553,423.0260624984325,13
2024-09-19 12:14:12.569,423.1282357630548,10
2024-09-19 12:14:12.600,423.0455281358993,103
2024-09-19 12:14:12.639,423.03999068333735,102
2024-09-19 12:14:12.727,423.0540644421656,10
2024-09-19 12:14:12.731,423.0559212652022,1001
2024-09-19 12:14:12.746,423.02904442286007,996
2024-09-19 12:14:12.800,423.0467597551402,995
2024-09-19 12:14:12.907,423.114683988832,104
2024-09-19 12:14:12.920,423.0393204758314,6
2024-09-19 12:14:12.926,423.0060316887488,97
2024-09-19 12:14:12.954,423.0340418804221,1003
2024-09-19 12:14:12.990,423.07461434571695,6
2024-09-19 12:14:12.999,423.0314156727093,103
2024-09-19 12:14:13.070,423.01328312821056,1005
2024-09-19 12:14:13.076,422.9937169010562,1002
2024-09-19 12:14:13.081,422.9884265615024,9
2024-09-19 12:14:13.189,423.015574516072,12
2024-09-19 12:14:13.267,423.0231914974543,7
2024-09-19 12:14:13.290,423.0098060361393,13
2024-09-19 12:14:13.346,422.9902918152659,999
2024-09-19 12:14:13.389,422.99224379896367,104
2024-09-19 12:14:13.397,422.9977547387202,1000
2024-09-19 12:14:13.403,422.9956545578295,997
2024-09-19 12:14:13.547,422.9921325811709,98
2024-09-19 12:14:13.595,423.004891679925,103
2024-09-19 12:14:13.595,423.00232217328704,98
2024-09-19 12:14:13.627,422.9862120002039,1003
2024-09-19 12:14:13.635,422.9742755109551,12
2024-09-19 12:14:13.646,422.9736927558274,103
2024-09-19 12:14:13.747,423.0180159242686,96
2024-09-19 12:14:13.793,423.0041287838151,7
2024-09-19 12:14:13.838,422.999377054929,995
2024-09-19 12:14:13.884,42.3008457158318,13
2024-09-19 12:14:14.692,423.0147176082006,996
2024-09-19 12:14:15.051,423.0109732746754,103
2024-09-19 12:14:15.059,422.8846312032602,97
2024-09-19 12:14:15.064,422.98908095706247,9
2024-09-19 12:14:15.071,422.86861212307593,9
2024-09-19 12:14:15.112,422.9847646951349,100
2024-09-19 12:14:15.139,422.9075420685125,1002
2024-09-19 12:14:15.141,422.95321725016623,101
2024-09-19 12:14:15.165,422.8878313820405,15
2024-09-19 12:14:15.277,422.90546689525473,8
2024-09-19 12:14:15.281,422.877896871325,5
2024-09-19 12:14:15.303,423.001634647192,13
2024-09-19 12:14:15.334,422.9928774492685,95
2024-09-19 12:14:15.364,423.0100280807524,99
2024-09-19 12:14:15.435,422.8992239137324,96
2024-09-19 12:14:15.486,422.86490817966745,13
2024-09-19 12:14:15.549,422.87866197398506,15
2024-09-19 12:14:15.575,422.9034694839466,101
2024-09-19 12:14:15.585,422.9090679975425,995
2024-09-19 12:14:15.595,422.9176854583966,7
2024-09-19 12:14:15.645,423.0012928609109,98
2024-09-19 12:14:15.651,422.8718130351825,14
2024-09-19 12:14:15.752,422.9423273734144,995
2024-09-19 12:14:15.761,422.9144981346439,14
2024-09-19 12:14:15.788,422.9717867146866,95
2024-09-19 12:14:15.810,42.2871722698678,103
2024-09-19 12:14:15.906,422.87631472487607,95
2024-09-19 12:14:16.304,422.9402927929239,1004
2024-09-19 12:14:16.431,422.92771674496345,999
2024-09-19 12:14:16.973,42.292945060240186,10
2024-09-19 12:14:17.117,422.94450761413134,105
2024-09-19 12:14:17.123,422.9619973578105,995
2024-09-19 12:14:17.156,422.9508573290026,104
2024-09-19 12:14:17.174,422.9608485963634,5
2024-09-19 12:14:17.284,422.963413000997,998
2024-09-19 12:14:17.289,422.9494269748267,101
2024-09-19 12:14:17.304,422.9523487386501,1001
2024-09-19 12:14:17.322,422.9678843611667,103
2024-09-19 12:14:17.326,422.9696597913647,995
2024-09-19 12:14:17.327,422.9664268314455,104
2024-09-19 12:14:17.372,422.9693085403479,1001
2024-09-19 12:14:17.400,422.97216568118233,100
2024-09-19 12:14:17.527,422.98245092258384,1003
2024-09-19 12:14:17.539,42.294400293288064,8
2024-09-19 12:14:17.713,422.94235831543824,99
2024-09-19 12:14:17.723,422.9778777217034,1001
2024-09-19 12:14:17.736,422.9543541916263,104
2024-09-19 12:14:17.882,422.96283513616703,96
2024-09-19 12:14:17.888,422.9322531619072,100
2024-09-19 12:14:17.938,422.959238463106,104
2024-09-19 12:14:17.946,422.9470184947862,8
2024-09-19 12:14:17.969,422.9685982537798,999
2024-09-19 12:14:17.976,422.9471899200588,96
2024-09-19 12:14:17.983,422.9592389405132,10
2024-09-19 12:14:18.371,422.9469503197683,12
2024-09-19 12:14:19.029,423.0360483975528,999
2024-09-19 12:14:19.121,423.0250865637079,9
2024-09-19 12:14:19.170,423.0228308721811,98
2024-09-19 12:14:19.182,423.0369540389059,1005
2024-09-19 12:14:19.410,423.0326825665995,100
2024-09-19 12:14:19.583,423.0260574215241,100
2024-09-19 12:14:19.595,423.0371023051644,1004
2024-09-19 12:14:19.760,423.0373225913596,10
2024-09-19 12:14:19.773,423.0051042207807,1002
2024-09-19 12:14:19.874,422.9800130284876,98
2024-09-19 12:14:19.923,422.9498241541699,10
2024-09-19 12:14:19.976,423.0281719332677,1000
2024-09-19 12:14:20.189,423.0349729040111,998
2024-09-19 12:14:20.466,423.0470525978836,95
2024-09-19 12:14:20.826,423.049694680194,1003
2024-09-19 12:14:21.018,423.2063769060085,1003
2024-09-19 12:14:21.056,423.0476194763549,99
2024-09-19 12:14:21.097,423.1204641530218,101
2024-09-19 12:14:21.141,423.15566165718536,1003
2024-09-19 12:14:21.196,423.2034408824466,100
2024-09-19 12:14:21.215,423.15729186525374,1000
2024-09-19 12:14:21.216,423.14557255605865,105
2024-09-19 12:14:21.245,423.1362317241108,105
2024-09-19 12:14:21.287,423.1525888753563,997
2024-09-19 12:14:21.293,423.1276148695202,996
2024-09-19 12:14:21.300,423.19264230216174,1002
2024-09-19 12:14:21.327,423.17638255902216,14
2024-09-19 12:14:21.362,423.1458975683826,1002
2024-09-19 12:14:21.378,423.1735546404272,15
2024-09-19 12:14:21.408,423.1314073083226,102
2024-09-19 12:14:21.464,423.16519559640807,8
2024-09-19 12:14:21.466,423.1587092496657,100
2024-09-19 12:14:21.486,423.148646935701,104
2024-09-19 12:14:21.534,423.1549010202163,99
2024-09-19 12:14:21.569,423.17364951602144,104
2024-09-19 12:14:21.595,423.07481337600143,10
2024-09-19 12:14:21.714,423.1103322257247,1001
2024-09-19 12:14:21.730,423.1791449243226,15
2024-09-19 12:14:21.747,423.1558194984361,104
2024-09-19 12:14:21.806,423.13012117696,10
2024-09-19 12:14:21.827,423.1924312176863,1005
2024-09-19 12:14:21.924,423.1524977093266,995
2024-09-19 12:14:21.965,423.0518632760785,101
2024-09-19 12:14:22.071,423.1375235600552,6
2024-09-19 12:14:22.115,423.1761626364847,99
2024-09-19 12:14:22.240,423.2118078431788,101
2024-09-19 12:14:22.275,423.1649541502833,104
2024-09-19 12:14:22.306,423.18135845771246,10
2024-09-19 12:14:22.457,423.1465730778708,5
2024-09-19 12:14:22.465,423.189042992024,995
2024-09-19 12:14:22.481,423.1391644214759,95
2024-09-19 12:14:22.484,423.1755508444827,97
2024-09-19 12:14:22.510,423.1520879978884,995
2024-09-19 12:14:22.533,423.1407408643595,996
2024-09-19 12:14:22.556,423.1664262417868,98
2024-09-19 12:14:22.604,423.1858302449229,998
2024-09-19 12:14:22.685,423.23217362963607,95
2024-09-19 12:14:22.700,423.1880878044821,96
2024-09-19 12:14:22.721,423.14082473023086,1004
2024-09-19 12:14:22.747,423.1674868565309,104
2024-09-19 12:14:22.759,423.1599621654169,9
2024-09-19 12:14:22.767,423.1742489685052,1002
2024-09-19 12:14:22.778,423.1458872278053,103
2024-09-19 12:14:22.799,423.1510626660474,103
2024-09-19 12:14:22.871,423.18515617911225,99
2024-09-19 12:14:22.887,423.1825706956149,13
2024-09-19 12:14:22.962,423.138590432518,10
2024-09-19 12:14:22.987,423.1668554228908,6
2024-09-19 12:14:23.138,,8
2024-09-19 12:14:23.223,423.1909643064115,999
2024-09-19 12:14:23.301,423.22090317197245,101
2024-09-19 12:14:23.330,42.32232469948923,15
2024-09-19 12:14:23.339,423.2206644540426,1002
2024-09-19 12:14:23.356,423.1963376154839,7
2024-09-19 12:14:23.362,423.2326046052117,998
2024-09-19 12:14:23.395,423.2312535269033,95
2024-09-19 12:14:23.432,423.2305833283262,99
2024-09-19 12:14:23.447,423.2127684303265,10
2024-09-19 12:14:23.480,423.2144471656667,10
2024-09-19 12:14:23.612,423.2134454223034,10
2024-09-19 12:14:23.618,423.2009864151519,100
2024-09-19 12:14:23.630,423.2339302325745,999
2024-09-19 12:14:23.677,423.26105063317567,96
2024-09-19 12:14:23.753,423.2417413698096,1001
2024-09-19 12:14:23.771,423.2583706135735,6
2024-09-19 12:14:23.892,423.2209385863113,15
2024-09-19 12:14:23.908,423.2096545690253,5
2024-09-19 12:14:23.977,423.2158994979737,7
2024-09-19 12:14:24.020,423.2347005964343,100
2024-09-19 12:14:24.077,42.32420599194208,97
2024-09-19 12:14:24.093,423.21516556570407,1001
2024-09-19 12:14:24.139,423.24621283506576,100
2024-09-19 12:14:24.242,423.2326737531776,15
2024-09-19 12:14:24.281,423.2498807082295,103
2024-09-19 12:14:24.359,423.2409307706766,1004
2024-09-19 12:14:24.413,423.2435462137117,13
2024-09-19 12:14:24.418,423.2244542009663,1004
2024-09-19 12:14:24.428,423.247420397231,1002
2024-09-19 12:14:24.452,423.21808089179774,14
2024-09-19 12:14:24.485,423.2466675793257,1005
2024-09-19 12:14:24.485,423.2361572183504,98
2024-09-19 12:14:24.529,423.2511580561177,98
2024-09-19 12:14:24.541,423.23445623518097,1002
2024-09-19 12:14:24.545,423.2402236433048,5
2024-09-19 12:14:24.579,423.2481150146738,1005
2024-09-19 12:14:24.600,,105
2024-09-19 12:14:24.635,423.2270722841202,103
2024-09-19 12:14:24.704,423.2408539046789,99
2024-09-19 12:14:24.710,423.2278866671705,995
2024-09-19 12:14:24.744,423.23524886784367,98
2024-09-19 12:14:24.771,423.2070676478225,96
2024-09-19 12:14:24.797,423.2500921953825,98
2024-09-19 12:14:24.961,423.2184999555713,1001
2024-09-19 12:14:25.000,423.2473979302582,1001
2024-09-19 12:14:25.097,423.2410195394567,6
2024-09-19 12:14:25.162,423.2391691665263,102
2024-09-19 12:14:25.302,423.2602385962939,7
2024-09-19 12:14:25.335,423.23432728743177,12
2024-09-19 12:14:25.374,423.2630785992292,1003
2024-09-19 12:14:25.381,423.2270906052619,100
2024-09-19 12:14:25.403,423.24663153436967,996
2024-09-19 12:14:25.453,423.22652627727774,9
2024-09-19 12:14:25.603,423.248938269997,1005
2024-09-19 12:14:25.763,423.2403059947154,101
2024-09-19 12:14:25.824,423.2212272054985,998
2024-09-19 12:14:25.943,423.2420446426069,7
2024-09-19 12:14:25.971,423.245243660149,105
2024-09-19 12:14:26.101,423.11166905911085,99
2024-09-19 12:14:26.108,423.12308957210905,14
2024-09-19 12:14:26.114,,95
2024-09-19 12:14:26.126,423.140820953988,9
2024-09-19 12:14:26.150,423.0843636525212,5
2024-09-19 12:14:26.213,423.0978207371468,13
2024-09-19 12:14:26.214,423.1433238726034,13
2024-09-19 12:14:26.244,423.1520126574176,101
2024-09-19 12:14:26.284,42.31377050676635,12
2024-09-19 12:14:26.300,423.19442594681175,997
2024-09-19 12:14:26.386,423.1386541573889,998
2024-09-19 12:14:26.486,423.1638012272725,105
2024-09-19 12:14:26.500,423.14557635400695,101
2024-09-19 12:14:26.512,423.1322754936707,8
2024-09-19 12:14:26.590,423.11834393875057,101
2024-09-19 12:14:26.671,423.1381036845645,1002
2024-09-19 12:14:26.723,423.1812566391538,6
2024-09-19 12:14:26.772,423.13399908503385,101
2024-09-19 12:14:26.773,423.18284602016536,998
2024-09-19 12:14:26.808,423.077295725475,6
2024-09-19 12:14:26.808,423.09278197547934,8
2024-09-19 12:14:26.843,,104
2024-09-19 12:14:26.860,423.1448107879786,100
2024-09-19 12:14:26.864,423.1512210244173,97
2024-09-19 12:14:26.865,423.2060087761637,13
2024-09-19 12:14:26.883,423.1345459151218,13
2024-09-19 12:14:26.902,423.1383078782633,7
2024-09-19 12:14:26.961,423.12736194781206,103
2024-09-19 12:14:27.028,423.0126980170391,14
2024-09-19 12:14:27.072,423.0918730960057,100
2024-09-19 12:14:27.086,423.029133988632,7
2024-09-19 12:14:27.127,423.0118752833112,1003
2024-09-19 12:14:27.147,423.0762888312079,96
2024-09-19 12:14:27.170,423.0892965472794,104
2024-09-19 12:14:27.181,423.0309091509028,1000
2024-09-19 12:14:27.217,423.0091675549639,995
2024-09-19 12:14:27.223,423.0367983398012,998
2024-09-19 12:14:27.264,423.0856367839459,9
2024-09-19 12:14:27.290,422.9876375868512,96
2024-09-19 12:14:27.310,423.0236999862752,999
2024-09-19 12:14:27.324,423.08751371086566,1003
2024-09-19 12:14:27.328,423.00259942712194,14
2024-09-19 12:14:27.379,423.0234581975462,1000
2024-09-19 12:14:27.419,423.0154194348728,999
2024-09-19 12:14:27.479,423.0185490205448,9
2024-09-19 12:14:27.545,423.02770721294416,98
2024-09-19 12:14:27.620,423.0319109716767,104
2024-09-19 12:14:27.661,422.9850688631835,6
2024-09-19 12:14:27.709,423.07756517618185,98
2024-09-19 12:14:27.737,423.0166521976214,6
2024-09-19 12:14:27.842,423.07711979794726,104
2024-09-19 12:14:27.893,423.0080195113577,95
2024-09-19 12:14:27.967,423.0281281317046,1005
2024-09-19 12:14:28.023,423.01096407168734,1000
2024-09-19 12:14:28.030,423.0168935308389,11
2024-09-19 12:14:28.097,42.30770560651538,1005
2024-09-19 12:14:28.209,423.0306839305952,105
2024-09-19 12:14:28.210,423.0291018036096,1001
2024-09-19 12:14:28.222,423.0819213203831,1005
2024-09-19 12:14:28.254,423.0267267394536,13
2024-09-19 12:14:28.288,423.0369379721723,99
2024-09-19 12:14:28.311,423.0605884955934,1000
2024-09-19 12:14:28.316,423.040714474011,98
2024-09-19 12:14:28.341,423.0177474950247,103
2024-09-19 12:14:28.356,423.02916353381903,96
2024-09-19 12:14:28.597,423.0879927759226,1005
2024-09-19 12:14:28.695,423.0832357931965,10
2024-09-19 12:14:28.784,423.0446833946679,1000
2024-09-19 12:14:28.839,423.01600869707744,101
2024-09-19 12:14:28.859,423.0259203151672,11
2024-09-19 12:14:28.859,423.0176517045505,1001
2024-09-19 12:14:28.914,423.0544216057127,105
2024-09-19 12:14:28.994,423.04231360899047,99
2024-09-19 12:14:29.204,423.0985000216597,1004
2024-09-19 12:14:29.342,423.106558243127,7
2024-09-19 12:14:29.409,423.0905234878287,14
2024-09-19 12:14:29.465,423.15067632481504,104
2024-09-19 12:14:29.507,423.1083276944152,12
2024-09-19 12:14:29.521,423.1022084261758,12
2024-09-19 12:14:29.656,423.10037865592767,995
2024-09-19 12:14:29.777,42.3103003126713,1001
2024-09-19 12:14:29.813,423.1597248625105,15
2024-09-19 12:14:29.854,423.101542178572,15
2024-09-19 12:14:29.859,423.1471462720569,13
2024-09-19 12:14:30.056,423.2012134956208,1002
2024-09-19 12:14:30.349,423.1990225618615,1003
2024-09-19 12:14:30.434,423.1843959805159,999
2024-09-19 12:14:30.531,423.19329058442594,5
2024-09-19 12:14:30.689,423.197159408353,996
2024-09-19 12:14:30.777,423.1837358070293,13
2024-09-19 12:14:30.797,423.1851619090466,998
2024-09-19 12:14:30.802,423.1875908303938,12
2024-09-19 12:14:30.826,423.1804311927915,5
2024-09-19 12:14:30.930,423.1668383909607,1004
2024-09-19 12:14:30.949,423.1947043178296,5
2024-09-19 12:14:31.135,423.2143888065646,103
2024-09-19 12:14:31.239,423.20198104257946,1003
2024-09-19 12:14:31.375,423.2098680165663,997
2024-09-19 12:14:31.382,423.19918781480766,105
2024-09-19 12:14:32.099,423.1387986125709,7
2024-09-19 12:14:32.130,423.1747764897956,97
2024-09-19 12:14:32.139,423.1690480170641,1002
2024-09-19 12:14:32.162,423.17954302831896,999
2024-09-19 12:14:32.162,423.12990570126,6
2024-09-19 12:14:32.192,423.1627271127557,105
2024-09-19 12:14:32.214,423.1503204104865,102
2024-09-19 12:14:32.373,423.1677967043622,1004
2024-09-19 12:14:32.373,423.1538592268595,12
2024-09-19 12:14:32.429,423.1334681565537,97
2024-09-19 12:14:32.433,423.1273668509821,10
2024-09-19 12:14:32.451,423.1684627853031,999
2024-09-19 12:14:32.452,423.1655363516678,99
2024-09-19 12:14:32.463,423.1422751478164,1005
2024-09-19 12:14:32.472,423.14220536709786,10
2024-09-19 12:14:32.533,423.13765247211234,14
2024-09-19 12:14:32.580,423.15151736089865,1001
2024-09-19 12:14:32.738,423.15299137022674,6
2024-09-19 12:14:32.799,423.19045830754175,1003
2024-09-19 12:14:32.817,423.17806826694266,1004
2024-09-19 12:14:32.848,423.140343731416,15
2024-09-19 12:14:32.884,423.1279380773862,997
2024-09-19 12:14:32.917,423.15543660234806,8
2024-09-19 12:14:32.946,423.1496973619527,999
2024-09-19 12:14:32.957,423.1879415581933,1002
2024-09-19 12:14:32.961,-423.1906241783343,8
2024-09-19 12:14:32.985,423.1837115387875,104
2024-09-19 12:14:32.988,423.1569815456817,995
2024-09-19 12:14:33.051,423.1749564408764,996
2024-09-19 12:14:33.173,423.1628417252092,14
2024-09-19 12:14:33.199,423.1504158061974,96
2024-09-19 12:14:33.206,423.14541293295537,105
2024-09-19 12:14:33.289,423.15906737282,10
2024-09-19 12:14:33.373,423.14714574701645,101
2024-09-19 12:14:33.894,42.31503933528114,97
2024-09-19 12:14:33.910,423.1440100875486,999
2024-09-19 12:14:33.915,423.14663134860814,999
2024-09-19 12:14:34.001,423.1504791105894,5
2024-09-19 12:14:34.009,42.31390679208965,105
2024-09-19 12:14:34.073,423.1380952615538,8
2024-09-19 12:14:34.081,423.1390112069998,11
2024-09-19 12:14:34.133,423.1882283706889,95
2024-09-19 12:14:34.197,423.1459020890415,1002
2024-09-19 12:14:34.208,423.1949282290945,99
2024-09-19 12:14:34.243,42.31785482686716,1001
2024-09-19 12:14:34.400,423.12492361276327,105
2024-09-19 12:14:34.450,423.21278335879646,1003
2024-09-19 12:14:34.491,423.1376697220571,97
2024-09-19 12:14:34.523,423.1457157303837,1002
2024-09-19 12:14:34.533,423.1549435036177,96
2024-09-19 12:14:34.549,423.1485255829783,999
2024-09-19 12:14:34.726,423.1302602704889,1002
2024-09-19 12:14:34.749,423.1230495342148,101
2024-09-19 12:14:34.753,423.170682508,104
2024-09-19 12:14:34.760,423.1728362860107,102
2024-09-19 12:14:34.846,423.12675877313706,6
2024-09-19 12:14:34.863,423.12554851330526,1000
2024-09-19 12:14:34.887,423.1122107038481,1001
2024-09-19 12:14:34.907,423.1486439279781,7
2024-09-19 12:14:34.954,423.1811118712712,5
2024-09-19 12:14:34.975,423.1288866158759,11
2024-09-19 12:14:34.981,423.2075436573189,99
2024-09-19 12:14:35.292,423.1532268878684,6
2024-09-19 12:14:36.234,423.2102779155383,103
2024-09-19 12:14:36.245,423.2174595567117,998
2024-09-19 12:14:36.370,423.1706436756253,8
2024-09-19 12:14:36.432,423.1931109445925,96
2024-09-19 12:14:36.435,423.2073606163565,998
2024-09-19 12:14:36.799,423.1852828670105,6
2024-09-19 12:14:36.941,423.2088948559038,996
2024-09-19 12:14:37.002,423.19128003017113,13
2024-09-19 12:14:37.073,423.21614395031537,6
2024-09-19 12:14:37.140,423.1682589889165,5
2024-09-19 12:14:37.170,423.2194130215835,8
2024-09-19 12:14:37.191,423.1683761902646,15
2024-09-19 12:14:37.315,423.1445338648165,13
2024-09-19 12:14:37.326,423.1484470543989,102
2024-09-19 12:14:37.336,423.2054613562264,102
2024-09-19 12:14:37.381,423.1488374860401,95
2024-09-19 12:14:37.437,423.1361179287045,99
2024-09-19 12:14:37.440,423.1947582105682,996
2024-09-19 12:14:37.514,423.1709008038013,105
2024-09-19 12:14:37.543,423.1992193666367,1005
2024-09-19 12:14:37.554,423.1479882546018,10
2024-09-19 12:14:37.613,423.17268351398576,1005
2024-09-19 12:14:37.617,423.14573223567066,105
2024-09-19 12:14:37.619,423.1932980886525,95
2024-09-19 12:14:37.687,423.1865558955794,1004
2024-09-19 12:14:37.724,423.1515179223573,102
2024-09-19 12:14:37.821,423.2089414139463,1005
2024-09-19 12:14:37.863,423.1607645331328,102
2024-09-19 12:14:37.883,423.2239846713488,96
2024-09-19 12:14:37.886,423.14651230520496,5
2024-09-19 12:14:37.930,423.1728180046036,10
2024-09-19 12:14:37.946,423.2039814298546,11
2024-09-19 12:14:37.954,423.1829958216583,10
2024-09-19 12:14:38.104,423.2028009440169,102
2024-09-19 12:14:38.201,423.2813431196414,996
2024-09-19 12:14:38.204,423.2328357706987,1004
2024-09-19 12:14:38.274,423.2529051881399,7
2024-09-19 12:14:39.073,423.18928368282496,1000
2024-09-19 12:14:39.099,423.181512095742,8
2024-09-19 12:14:39.109,423.1548287378887,100
2024-09-19 12:14:39.123,423.1876635220141,99
2024-09-19 12:14:39.172,423.209711978877,7
2024-09-19 12:14:39.254,423.22537648834384,97
2024-09-19 12:14:39.325,423.1991604174236,1004
2024-09-19 12:14:39.350,423.19411518680056,103
2024-09-19 12:14:39.384,423.20699558433,15
2024-09-19 12:14:39.438,423.2608563592239,10
2024-09-19 12:14:39.531,423.1737350114972,1002
2024-09-19 12:14:39.584,423.1564658627431,1000
2024-09-19 12:14:39.585,423.1826501313506,7
2024-09-19 12:14:39.589,423.1970572852397,102
2024-09-19 12:14:39.609,423.199373350274,8
2024-09-19 12:14:39.645,423.198136993397,995
2024-09-19 12:14:39.689,423.237591842769,999
2024-09-19 12:14:39.693,423.2058827097384,7
2024-09-19 12:14:39.785,423.189673484886,101
2024-09-19 12:14:39.993,423.16815265786096,15
2024-09-19 12:14:40.228,423.2104576164072,5
2024-09-19 12:14:40.352,423.1922067268302,1004
2024-09-19 12:14:40.439,423.2187538307626,14
2024-09-19 12:14:40.707,423.2037309549497,9
2024-09-19 12:14:40.746,423.1963770657992,6
2024-09-19 12:14:40.856,423.1846578956538,96
2024-09-19 12:14:41.064,423.1647141852016,15
2024-09-19 12:14:41.258,423.1581409650125,104
2024-09-19 12:14:41.274,423.1910339062217,1001
2024-09-19 12:14:41.344,423.1763779995175,1000
2024-09-19 12:14:41.351,423.1681170083266,999
2024-09-19 12:14:41.357,423.1426662522138,8
2024-09-19 12:14:41.376,423.1584068403579,96
2024-09-19 12:14:41.379,423.1870395642586,101
2024-09-19 12:14:41.406,423.184630304172,10
2024-09-19 12:14:41.477,423.1745181482657,14
2024-09-19 12:14:41.479,423.1968860010657,8
2024-09-19 12:14:41.485,423.1477532267255,12
2024-09-19 12:14:41.509,423.1960938476524,6
2024-09-19 12:14:41.514,423.1734917019221,9
2024-09-19 12:14:41.594,423.1494808937597,100
2024-09-19 12:14:41.612,423.1501637902269,103
2024-09-19 12:14:41.716,423.1958708774888,1004
2024-09-19 12:14:41.745,423.1899379094518,10
2024-09-19 12:14:41.848,423.1611093065927,98
2024-09-19 12:14:41.900,423.17892370002,1001
2024-09-19 12:14:41.971,423.1872187324665,998
2024-09-19 12:14:41.972,423.18041395714886,14
2024-09-19 12:14:41.982,423.1871240272671,14
2024-09-19 12:14:42.077,423.2721460409388,13
2024-09-19 12:14:42.096,423.2355343025889,7
2024-09-19 12:14:42.128,423.2553471490095,1001
2024-09-19 12:14:42.141,423.2620009289674,1000
2024-09-19 12:14:42.179,423.2043123353298,103
2024-09-19 12:14:42.279,423.2001293456682,103
2024-09-19 12:14:42.377,423.21265730466376,101
2024-09-19 12:14:42.578,423.2322940589239,995
2024-09-19 12:14:42.730,423.2590522948516,1005
2024-09-19 12:14:42.847,423.24499143313,1000
2024-09-19 12:14:42.851,423.2380830232068,998
2024-09-19 12:14:42.925,423.2555056362066,1002
2024-09-19 12:14:43.018,423.1456012156216,105
2024-09-19 12:14:43.052,423.15028334752816,1003
2024-09-19 12:14:43.090,423.1586108139088,103
2024-09-19 12:14:43.101,423.2121180176776,1005
2024-09-19 12:14:43.139,423.1559672056628,1000
2024-09-19 12:14:43.140,423.1201904505241,99
2024-09-19 12:14:43.224,423.10947999558414,104
2024-09-19 12:14:43.253,42.31044495816956,101
2024-09-19 12:14:43.254,423.206655336221,5
2024-09-19 12:14:43.346,-423.1903367776205,8
2024-09-19 12:14:43.348,423.0851374333392,1000
2024-09-19 12:14:43.353,423.1104133716205,96
2024-09-19 12:14:43.412,423.1574816746207,8
2024-09-19 12:14:43.536,423.2197696163908,100
2024-09-19 12:14:43.574,-423.14505917493017,7
2024-09-19 12:14:43.598,423.1629226851496,96
2024-09-19 12:14:43.620,423.229243662111,97
2024-09-19 12:14:43.631,423.1936785271759,10
2024-09-19 12:14:43.646,423.1102255528169,12
2024-09-19 12:14:43.664,423.17771646254346,996
2024-09-19 12:14:43.686,423.1981315195109,1002
2024-09-19 12:14:43.702,423.2368351755833,1005
2024-09-19 12:14:43.717,423.1667840301049,999
2024-09-19 12:14:43.882,423.1961332286798,12
2024-09-19 12:14:43.924,423.1927727885016,102
2024-09-19 12:14:43.949,423.18307396453525,99
2024-09-19 12:14:43.991,423.2059309731395,1000
2024-09-19 12:14:44.002,423.0837320283296,101
2024-09-19 12:14:44.141,423.0835663802909,10
2024-09-19 12:14:44.142,423.033322545003,1005
2024-09-19 12:14:44.233,423.0510189491032,11
2024-09-19 12:14:44.372,423.03433424878193,104
2024-09-19 12:14:44.391,423.0376314912483,6
2024-09-19 12:14:44.453,423.0848733783281,12
2024-09-19 12:14:44.589,423.03993503325466,11
2024-09-19 12:14:44.725,423.0901917483966,1001
2024-09-19 12:14:44.926,42.30716618512497,13
2024-09-19 12:14:44.934,423.0408041134591,10
2024-09-19 12:14:44.970,423.0789384352789,1005
2024-09-19 12:14:45.053,423.0982677940348,998
2024-09-19 12:14:45.116,423.0418535628485,100
2024-09-19 12:14:45.143,423.1207043630741,101
2024-09-19 12:14:45.155,423.1236332054538,1002
2024-09-19 12:14:45.199,423.11120321633314,11
2024-09-19 12:14:45.238,423.06559384045295,5
2024-09-19 12:14:45.259,423.0464100230964,995
2024-09-19 12:14:45.261,423.08210136245447,8
2024-09-19 12:14:45.277,423.1087858921712,995
2024-09-19 12:14:45.286,423.0829644086807,1003
2024-09-19 12:14:45.291,423.1258938853785,13
2024-09-19 12:14:45.304,423.1329495804941,95
2024-09-19 12:14:45.362,423.0604235018272,102
2024-09-19 12:14:45.373,423.1156713665649,12
2024-09-19 12:14:45.638,423.1080782151142,14
2024-09-19 12:14:45.734,423.02611094244,104
2024-09-19 12:14:45.760,423.0970594137232,96
2024-09-19 12:14:45.761,423.10834589891846,1003
2024-09-19 12:14:45.794,423.03783330751867,10
2024-09-19 12:14:45.821,423.05310062535534,15
2024-09-19 12:14:45.855,423.06355335721474,1002
2024-09-19 12:14:45.912,423.0716912466164,97
2024-09-19 12:14:45.916,423.05170416323136,1000
2024-09-19 12:14:45.966,423.09522646517576,1005
2024-09-19 12:14:45.974,423.0462725461698,98
2024-09-19 12:14:46.065,423.14853891493385,99
2024-09-19 12:14:46.071,423.1107893618481,10
2024-09-19 12:14:46.085,423.135727837379,996
2024-09-19 12:14:46.111,423.1857354311797,97
2024-09-19 12:14:46.180,423.1179592314456,13
2024-09-19 12:14:46.319,423.17535628321485,12
2024-09-19 12:14:46.370,423.1398562886975,999
2024-09-19 12:14:46.386,423.1505531432113,13
2024-09-19 12:14:46.390,423.1111605385841,1003
2024-09-19 12:14:46.409,423.1465186001715,1002
2024-09-19 12:14:46.432,423.16315996230094,13
2024-09-19 12:14:46.440,423.1485792622067,10
2024-09-19 12:14:46.466,423.11065558806274,98
2024-09-19 12:14:46.473,423.15191532531566,1000
2024-09-19 12:14:46.493,423.1497974073429,99
2024-09-19 12:14:46.532,423.1526033365884,996
2024-09-19 12:14:46.556,423.1637861411204,8
2024-09-19 12:14:46.565,423.1267466065906,15
2024-09-19 12:14:46.569,423.1317582019667,1003
2024-09-19 12:14:46.650,423.13175312693306,8
2024-09-19 12:14:46.652,423.1470191992658,15
2024-09-19 12:14:46.663,423.1408563881599,5
2024-09-19 12:14:46.704,423.12296734064313,1001
2024-09-19 12:14:46.734,423.0994411536965,99
2024-09-19 12:14:46.783,423.1603235145067,9
2024-09-19 12:14:46.816,423.1036014044448,96
2024-09-19 12:14:46.872,423.13520501203743,9
2024-09-19 12:14:46.891,423.13597869569736,999
2024-09-19 12:14:46.892,423.1560694258709,105
2024-09-19 12:14:46.989,423.1390109103854,101
2024-09-19 12:14:47.048,423.15718188226754,8
2024-09-19 12:14:47.056,423.090048258146,1005
2024-09-19 12:14:47.107,423.1554989472902,101
2024-09-19 12:14:47.124,-423.1109268754572,15
2024-09-19 12:14:47.146,423.1812068752817,1004
2024-09-19 12:14:47.221,423.12892651895135,1002
2024-09-19 12:14:47.244,423.1443882058997,97
2024-09-19 12:14:47.287,423.1659356982652,100
2024-09-19 12:14:47.301,423.14938475438953,6
2024-09-19 12:14:47.313,423.10615062878094,996
2024-09-19 12:14:47.406,423.1271336420519,103
2024-09-19 12:14:47.540,,98
2024-09-19 12:14:47.561,423.1597084193044,9
2024-09-19 12:14:47.583,423.1049445577842,103
2024-09-19 12:14:47.589,423.1054747005824,1000
2024-09-19 12:14:47.635,423.15082454909447,999
2024-09-19 12:14:47.771,423.11244529715486,995
2024-09-19 12:14:47.774,423.1099488412007,997
2024-09-19 12:14:47.787,423.0909457779657,1004
2024-09-19 12:14:47.797,423.1611886589696,14
2024-09-19 12:14:47.831,423.0991597132431,997
2024-09-19 12:14:47.975,423.1533610522208,97
2024-09-19 12:14:48.149,423.16264275110905,9
2024-09-19 12:14:48.379,423.1383459088876,97
2024-09-19 12:14:48.477,423.1775155352294,98
2024-09-19 12:14:48.488,423.14811973830734,995
2024-09-19 12:14:48.546,423.1519939634669,995
2024-09-19 12:14:48.583,423.1525107222709,101
2024-09-19 12:14:48.593,423.1684238791924,15
2024-09-19 12:14:48.640,423.13764826206005,9
2024-09-19 12:14:48.766,423.1677570537342,13
2024-09-19 12:14:48.788,423.1709502024148,6
2024-09-19 12:14:48.883,423.1560822704041,96
2024-09-19 12:14:48.887,423.1689357305653,8
2024-09-19 12:14:48.955,423.1492470861167,5
2024-09-19 12:14:48.986,423.1416137715906,995
2024-09-19 12:14:49.035,423.1615229435309,96
2024-09-19 12:14:49.046,423.1534317040322,104
2024-09-19 12:14:49.234,423.1515866652544,105
2024-09-19 12:14:49.260,423.16823544084167,999
2024-09-19 12:14:49.290,423.194161356658,13
2024-09-19 12:14:49.405,423.18032070250143,96
2024-09-19 12:14:49.419,423.1698007708667,12
2024-09-19 12:14:49.430,423.1941210696633,98
2024-09-19 12:14:49.452,423.1547926696183,95
2024-09-19 12:14:49.473,423.20856394419496,102
2024-09-19 12:14:49.705,423.1591677066728,95
2024-09-19 12:14:49.741,423.1694152727352,1001
2024-09-19 12:14:49.770,423.2019914623545,103
2024-09-19 12:14:49.887,423.1920535004394,10
2024-09-19 12:14:50.090,423.18423859987126,95
2024-09-19 12:14:50.113,423.1587049438842,1001
2024-09-19 12:14:50.148,423.173511241726,7
2024-09-19 12:14:50.251,423.1930883715436,105
2024-09-19 12:14:50.346,423.1788340592285,13
2024-09-19 12:14:50.349,42.31697604300939,12
2024-09-19 12:14:50.369,423.18175354808864,15
2024-09-19 12:14:50.414,423.1752785302073,1005
2024-09-19 12:14:50.449,423.1832996755568,7
2024-09-19 12:14:50.537,423.1847171291292,999
2024-09-19 12:14:50.542,423.21426334619264,997
2024-09-19 12:14:50.589,423.1752852620575,102
2024-09-19 12:14:50.634,423.163791949293,13
2024-09-19 12:14:50.642,423.1855549216877,14
2024-09-19 12:14:50.658,423.1532295010278,97
2024-09-19 12:14:50.699,423.166552168457,999
2024-09-19 12:14:50.760,423.1718595036049,11
2024-09-19 12:14:50.781,423.1796211905045,98
2024-09-19 12:14:50.843,423.1688757565298,999
2024-09-19 12:14:50.849,423.1904234458143,10
2024-09-19 12:14:50.887,423.1656179070136,9
2024-09-19 12:14:50.889,423.1547227093635,12
2024-09-19 12:14:50.993,423.1771371019904,1001
2024-09-19 12:14:51.023,423.15432344856737,5
2024-09-19 12:14:51.116,423.1472198888499,11
2024-09-19 12:14:51.131,423.1719963586294,1005
2024-09-19 12:14:51.175,423.19348385869904,1005
2024-09-19 12:14:51.235,423.1261525325694,100
2024-09-19 12:14:51.304,42.32139508192975,101
2024-09-19 12:14:51.316,423.1777359984418,1004
2024-09-19 12:14:51.339,423.1915775259075,10
2024-09-19 12:14:51.350,423.1754038603534,995
2024-09-19 12:14:51.373,423.2000946148506,995
2024-09-19 12:14:51.398,423.1445808011337,13
2024-09-19 12:14:51.610,423.18304301599176,105
2024-09-19 12:14:51.638,423.1867990241532,95
2024-09-19 12:14:51.655,423.1881948067233,101
2024-09-19 12:14:51.670,423.18622894467234,100
2024-09-19 12:14:51.681,423.188543617344,105
2024-09-19 12:14:51.711,423.1260815290158,8
2024-09-19 12:14:51.718,423.1914600165905,7
2024-09-19 12:14:51.735,423.1707164369107,1001
2024-09-19 12:14:51.791,423.1987068491185,98
2024-09-19 12:14:51.816,423.193928062422,101
2024-09-19 12:14:51.885,423.1393971624954,11
2024-09-19 12:14:51.925,423.1818581302112,1000
2024-09-19 12:14:51.976,423.1824507874707,104
2024-09-19 12:14:51.979,423.1762728524497,1003
2024-09-19 12:14:52.039,423.24801759918125,15
2024-09-19 12:14:52.129,423.2561737106795,8
2024-09-19 12:14:52.169,423.2273243201138,15
2024-09-19 12:14:52.277,423.2540727735704,98
2024-09-19 12:14:52.504,423.17990968451807,5
2024-09-19 12:14:52.689,423.2589442892925,1000
2024-09-19 12:14:52.704,423.25935069604174,102
2024-09-19 12:14:52.783,423.2314405309084,1003
2024-09-19 12:14:52.851,423.2573024016254,12
2024-09-19 12:14:52.948,423.26592021621775,998
2024-09-19 12:14:53.030,423.24402122275154,97
2024-09-19 12:14:53.048,423.1980975664861,15
2024-09-19 12:14:53.197,423.2028553089788,102
2024-09-19 12:14:53.225,-423.2197279953492,6
2024-09-19 12:14:53.351,423.20805751795376,13
2024-09-19 12:14:53.379,423.2107255468737,102
2024-09-19 12:14:53.453,423.1970498533506,999
2024-09-19 12:14:53.467,423.21876769609736,996
2024-09-19 12:14:53.474,423.18052701054296,15
2024-09-19 12:14:53.493,423.2132678533838,997
2024-09-19 12:14:53.522,423.2242097721417,998
2024-09-19 12:14:53.575,423.2120805374013,1002
2024-09-19 12:14:53.578,423.2274063677544,12
2024-09-19 12:14:53.607,423.21277806534914,999
2024-09-19 12:14:53.607,423.231286744529,103
2024-09-19 12:14:53.715,423.2044037061871,1004
2024-09-19 12:14:53.765,423.2297259674872,104
2024-09-19 12:14:53.844,423.1971111428917,12
2024-09-19 12:14:53.874,423.1796435574706,996
2024-09-19 12:14:53.939,423.17955265351645,1004
2024-09-19 12:14:53.960,423.2051611237235,13
2024-09-19 12:14:53.986,423.2134139595817,999
2024-09-19 12:14:54.117,423.2280765391109,12
2024-09-19 12:14:54.186,423.1883516233941,1003
2024-09-19 12:14:54.375,423.2023315241201,95
2024-09-19 12:14:54.500,423.2380055047552,14
2024-09-19 12:14:54.587,423.20250890725606,996
2024-09-19 12:14:54.690,423.1949551653768,1001
2024-09-19 12:14:54.699,423.17507412013344,6
2024-09-19 12:14:54.893,423.2199939090205,999
2024-09-19 12:14:54.980,423.1896560912137,96
2024-09-19 12:14:55.029,423.260934297013,997
2024-09-19 12:14:55.127,423.2468365748142,5
2024-09-19 12:14:55.648,423.2704930694101,103
2024-09-19 12:14:55.838,423.262546811817,102
2024-09-19 12:14:55.963,423.2407665718118,7
2024-09-19 12:14:56.269,423.2380232652394,102
2024-09-19 12:14:56.399,423.2529505697508,1005
2024-09-19 12:14:56.454,423.2307052081975,97
2024-09-19 12:14:56.640,423.23986000266456,8
2024-09-19 12:14:57.678,423.2284757874965,11
2024-09-19 12:14:57.782,423.230439428565,997
2024-09-19 12:14:57.856,423.2226013912201,98
2024-09-19 12:14:57.881,42.32376986742153,12
2024-09-19 12:14:58.048,423.18975659248895,102
2024-09-19 12:14:58.051,423.2195160983193,105
2024-09-19 12:14:58.064,423.19708557679127,7
2024-09-19 12:14:58.085,423.2233005421473,104
2024-09-19 12:14:58.146,423.20971592792273,12
2024-09-19 12:14:58.153,423.1968723875779,1000
2024-09-19 12:14:58.162,423.1948219509784,13
2024-09-19 12:14:58.255,423.1944776633838,101
2024-09-19 12:14:58.318,,99
2024-09-19 12:14:58.330,423.2300295242398,5
2024-09-19 12:14:58.399,423.27654294215176,7
2024-09-19 12:14:58.409,423.25002782214926,997
2024-09-19 12:14:58.453,423.2428750432135,96
2024-09-19 12:14:58.480,423.19988705566414,99
2024-09-19 12:14:58.503,423.2500917846097,102
2024-09-19 12:14:58.522,423.206537928192,12
2024-09-19 12:14:58.545,423.2102835545458,10
2024-09-19 12:14:58.565,423.19901509883647,100
2024-09-19 12:14:58.567,423.19882438438697,101
2024-09-19 12:14:58.588,423.24582945446855,1004
2024-09-19 12:14:58.698,423.20718120530137,96
2024-09-19 12:14:58.703,423.2097200515792,998
2024-09-19 12:14:58.764,423.2020697519312,5
2024-09-19 12:14:58.774,423.1893908689257,11
2024-09-19 12:14:58.787,423.2693122751796,96
2024-09-19 12:14:58.818,423.23989680508544,97
2024-09-19 12:14:58.891,423.2058853281214,100
2024-09-19 12:14:58.983,423.2037529588466,96
2024-09-19 12:14:58.993,423.2566851665606,999
2024-09-19 12:14:59.166,423.3176256898471,996
2024-09-19 12:14:59.363,423.27992000507953,14
2024-09-19 12:14:59.621,423.3164046518969,98
2024-09-19 12:14:59.636,423.3310702970739,14
2024-09-19 12:14:59.802,423.3131819329252,102
2024-09-19 12:14:59.861,423.3010725436357,996
2024-09-19 12:14:59.910,423.3153373502693,1004
