Timestamp,Price,Size
2024-09-20 10:12:00.031,424.1405396247752,999
2024-09-20 10:12:00.033,424.1452913202498,998
2024-09-20 10:12:00.058,424.1725930489676,7
2024-09-20 10:12:00.255,424.1599834152231,101
2024-09-20 10:12:00.333,424.1186381300983,995
2024-09-20 10:12:00.416,424.16814405367865,9
2024-09-20 10:12:00.481,424.1935057982532,1001
2024-09-20 10:12:00.497,424.1661924688505,998
2024-09-20 10:12:00.599,424.2058867601141,996
2024-09-20 10:12:00.647,424.1887082738453,95
2024-09-20 10:12:00.662,424.1709848270307,98
2024-09-20 10:12:00.693,424.1502683346708,997
2024-09-20 10:12:00.729,424.1559187228001,6
2024-09-20 10:12:00.948,424.22698762225946,1004
2024-09-20 10:12:01.036,424.25773442775727,995
2024-09-20 10:12:01.089,424.2791259634086,14
2024-09-20 10:12:01.130,424.2317481227738,95
2024-09-20 10:12:01.148,424.2282684388954,105
2024-09-20 10:12:01.174,424.2578607102966,99
2024-09-20 10:12:01.185,424.252115095806,10
2024-09-20 10:12:01.187,424.2326576781952,101
2024-09-20 10:12:01.206,424.232587863736,103
2024-09-20 10:12:01.208,424.2145841657055,1000
2024-09-20 10:12:01.216,424.2635576819032,99
2024-09-20 10:12:01.249,424.25775781052766,12
2024-09-20 10:12:01.279,424.2748396457401,96
2024-09-20 10:12:01.381,424.19987670427525,1002
2024-09-20 10:12:01.387,424.2378725603051,102
2024-09-20 10:12:01.405,424.2170228640409,15
2024-09-20 10:12:01.472,424.2115232502873,95
2024-09-20 10:12:01.489,424.2650671872365,998
2024-09-20 10:12:01.533,424.2815654809728,1004
2024-09-20 10:12:01.572,424.2566181791985,97
2024-09-20 10:12:01.587,424.196683489717,10
2024-09-20 10:12:01.588,424.2355993569036,98
2024-09-20 10:12:01.655,424.2553115597591,8
2024-09-20 10:12:01.714,424.255506723481,104
2024-09-20 10:12:01.748,424.2348994844953,104
2024-09-20 10:12:01.808,424.2661462088755,1005
2024-09-20 10:12:01.825,424.2167885245041,6
2024-09-20 10:12:01.845,424.26824442544967,98
2024-09-20 10:12:01.957,424.229756743402,6
2024-09-20 10:12:01.981,424.22095212451774,7
2024-09-20 10:12:02.021,424.1818756806954,1004
2024-09-20 10:12:02.039,424.1900153578463,15
2024-09-20 10:12:02.116,424.1896596210621,14
2024-09-20 10:12:02.306,424.1983462883068,97
2024-09-20 10:12:02.318,424.19153246665263,8
2024-09-20 10:12:02.416,424.1866630827559,97
2024-09-20 10:12:02.522,424.1966744161456,996
2024-09-20 10:12:02.554,424.1858304197897,95
2024-09-20 10:12:02.735,424.205589405869,995
2024-09-20 10:12:02.746,424.1915646454484,9
2024-09-20 10:12:02.789,424.1970515002882,13
2024-09-20 10:12:02.822,424.1870198922673,104
2024-09-20 10:12:02.838,424.1766743477792,995
2024-09-20 10:12:02.857,424.176310938585,96
2024-09-20 10:12:02.902,424.1848848153098,998
2024-09-20 10:12:02.949,424.21886639068026,14
2024-09-20 10:12:02.987,424.1830732243719,100
2024-09-20 10:12:03.029,424.13635332357103,96
2024-09-20 10:12:03.100,424.1480311367441,95
2024-09-20 10:12:03.126,424.1730506931455,105
2024-09-20 10:12:03.184,424.16592761993456,97
2024-09-20 10:12:03.224,424.1165003666105,1000
2024-09-20 10:12:03.238,424.12625202962784,1004
2024-09-20 10:12:03.250,424.1718445930538,102
2024-09-20 10:12:03.306,424.16113670568376,96
2024-09-20 10:12:03.371,424.14991241193,1005
2024-09-20 10:12:03.371,424.1296882316726,996
2024-09-20 10:12:03.385,424.1276693466244,12
2024-09-20 10:12:03.444,424.14262980248265,1000
2024-09-20 10:12:03.474,424.1765824131229,999
2024-09-20 10:12:03.486,424.1624030194791,12
2024-09-20 10:12:03.569,424.1473650547642,14
2024-09-20 10:12:03.826,424.1722844655012,9
2024-09-20 10:12:03.862,42.41472939292343,995
2024-09-20 10:12:03.907,424.16637485305137,999
2024-09-20 10:12:04.010,424.106423479982,105
2024-09-20 10:12:04.015,424.0956314650855,103
2024-09-20 10:12:04.035,424.1472235381575,99
2024-09-20 10:12:04.132,424.1571197583791,98
2024-09-20 10:12:04.151,424.1301358364261,104
2024-09-20 10:12:04.167,424.0896087442059,96
2024-09-20 10:12:04.230,424.0897543260796,13
2024-09-20 10:12:04.343,424.11478484197073,99
2024-09-20 10:12:04.365,424.11116995365154,99
2024-09-20 10:12:04.384,424.0711103151291,105
2024-09-20 10:12:04.386,424.109675151348,13
2024-09-20 10:12:04.401,424.1065707288328,12
2024-09-20 10:12:04.402,424.1051035027057,9
2024-09-20 10:12:04.437,424.11261260657307,95
2024-09-20 10:12:04.475,424.0857290396937,1001
2024-09-20 10:12:04.475,424.11305934902737,996
2024-09-20 10:12:04.580,424.10863908674617,104
2024-09-20 10:12:04.659,424.0844294084216,7
2024-09-20 10:12:04.665,424.0980890830924,8
2024-09-20 10:12:04.670,424.10018896226615,96
2024-09-20 10:12:04.791,424.1633217594467,1000
2024-09-20 10:12:04.811,424.080837834745,1001
2024-09-20 10:12:04.852,424.08917243050166,998
2024-09-20 10:12:04.883,424.0903282276395,103
2024-09-20 10:12:05.040,424.1221549219362,105
2024-09-20 10:12:05.103,424.1104643671599,104
2024-09-20 10:12:05.188,424.11202716451305,97
2024-09-20 10:12:05.239,424.1030011993664,103
2024-09-20 10:12:05.268,424.1299084051737,10
2024-09-20 10:12:05.307,424.1146816994196,1003
2024-09-20 10:12:05.315,424.11619190132,998
2024-09-20 10:12:05.352,424.1203731842525,1004
2024-09-20 10:12:05.367,424.1141370356403,1000
2024-09-20 10:12:05.532,424.1061155257551,96
2024-09-20 10:12:05.568,424.1453416827247,13
2024-09-20 10:12:05.727,424.1309252491755,104
2024-09-20 10:12:05.746,424.1207317153448,6
2024-09-20 10:12:05.769,424.1265543000479,98
2024-09-20 10:12:05.773,424.1368586458272,15
2024-09-20 10:12:05.823,424.1474118018864,101
2024-09-20 10:12:05.845,424.1274380953891,5
2024-09-20 10:12:05.846,424.1319135445335,1000
2024-09-20 10:12:05.868,424.1223036550335,6
2024-09-20 10:12:05.898,424.13897194933446,98
2024-09-20 10:12:05.900,424.1299107041856,105
2024-09-20 10:12:05.966,424.14682241698176,999
2024-09-20 10:12:05.985,424.1492134499172,1003
2024-09-20 10:12:05.985,424.1416576879681,1001
2024-09-20 10:12:06.009,424.1207315282636,997
2024-09-20 10:12:06.052,424.1340002233071,101
2024-09-20 10:12:06.114,424.1493426303687,10
2024-09-20 10:12:06.173,-424.1407321191952,11
2024-09-20 10:12:06.202,424.1475545669099,14
2024-09-20 10:12:06.221,424.1272792013251,14
2024-09-20 10:12:06.313,424.1457612038869,1002
2024-09-20 10:12:06.319,424.1240623812998,1001
2024-09-20 10:12:06.428,424.1343329201117,997
2024-09-20 10:12:06.597,424.1271584979871,996
2024-09-20 10:12:06.636,424.1513143924784,9
2024-09-20 10:12:06.768,424.1268819354026,1004
2024-09-20 10:12:06.797,424.1376242319228,5
2024-09-20 10:12:06.861,424.13891472259945,103
2024-09-20 10:12:06.906,424.1567139782326,102
2024-09-20 10:12:06.952,424.1188082287167,13
2024-09-20 10:12:07.303,424.1108375170149,13
2024-09-20 10:12:07.768,42.41248311918463,98
2024-09-20 10:12:07.772,424.12910100888513,8
2024-09-20 10:12:07.893,424.1169583364349,96
2024-09-20 10:12:08.019,424.04317847158455,5
2024-09-20 10:12:08.022,424.0275685719569,1005
2024-09-20 10:12:08.047,424.0175694054472,997
2024-09-20 10:12:08.109,424.1004281544843,105
2024-09-20 10:12:08.129,424.0681143240429,1003
2024-09-20 10:12:08.138,424.04902413938726,8
2024-09-20 10:12:08.306,424.07506094696566,101
2024-09-20 10:12:08.434,424.0779962083185,103
2024-09-20 10:12:08.467,424.0830794968944,10
2024-09-20 10:12:08.481,424.0642413586128,14
2024-09-20 10:12:08.497,424.1164873559867,8
2024-09-20 10:12:08.575,424.1182349894465,104
2024-09-20 10:12:08.589,424.1009111040133,1002
2024-09-20 10:12:08.596,424.0595176778441,998
2024-09-20 10:12:08.663,424.0283268267324,11
2024-09-20 10:12:08.700,424.0451117693429,103
2024-09-20 10:12:08.704,424.1184484312433,5
2024-09-20 10:12:08.812,424.01626612986496,1000
2024-09-20 10:12:08.826,424.0790854362553,998
2024-09-20 10:12:08.829,424.0559428655178,98
2024-09-20 10:12:08.845,424.137381325301,97
2024-09-20 10:12:08.951,424.08087826125205,1001
2024-09-20 10:12:08.961,424.0836183903665,7
2024-09-20 10:12:08.999,424.09527310210274,100
2024-09-20 10:12:09.012,424.0298285689063,99
2024-09-20 10:12:09.041,424.0057627263864,104
2024-09-20 10:12:09.094,424.0426427505937,1001
2024-09-20 10:12:09.112,424.020788417065,14
2024-09-20 10:12:09.124,424.0416329301093,15
2024-09-20 10:12:09.206,423.9586173364042,14
2024-09-20 10:12:09.216,424.0351630199622,101
2024-09-20 10:12:09.253,424.01774638071794,1005
2024-09-20 10:12:09.257,423.9758850888782,1005
2024-09-20 10:12:09.340,424.0058907190375,1000
2024-09-20 10:12:09.350,424.01264685368295,13
2024-09-20 10:12:09.360,424.01355634735,999
2024-09-20 10:12:09.391,424.0331163043373,96
2024-09-20 10:12:09.391,424.0088457039128,103
2024-09-20 10:12:09.397,423.981584866494,5
2024-09-20 10:12:09.549,-423.9291753435292,997
2024-09-20 10:12:09.603,424.0407413835962,10
2024-09-20 10:12:09.658,423.9531247711752,99
2024-09-20 10:12:09.662,423.926267638281,995
2024-09-20 10:12:09.678,424.0253043750549,1004
2024-09-20 10:12:09.688,423.99974953775353,101
2024-09-20 10:12:09.701,423.9909280704249,1005
2024-09-20 10:12:09.715,423.9736901200024,100
2024-09-20 10:12:09.721,424.0054161520085,1001
2024-09-20 10:12:09.729,424.03975058604016,12
2024-09-20 10:12:09.866,424.0415306050271,995
2024-09-20 10:12:09.939,424.0073918217714,999
2024-09-20 10:12:09.974,424.0153434334552,102
2024-09-20 10:12:09.981,423.94748833790464,105
2024-09-20 10:12:10.003,423.96634209997177,99
2024-09-20 10:12:10.040,423.975012729965,996
2024-09-20 10:12:10.055,42.39759609523493,996
2024-09-20 10:12:10.121,423.9563030886171,999
2024-09-20 10:12:10.122,423.96492419050185,8
2024-09-20 10:12:10.141,423.9406613255023,10
2024-09-20 10:12:10.169,423.9579870944767,101
2024-09-20 10:12:10.262,423.9723338923952,1004
2024-09-20 10:12:10.330,423.95548181481183,8
2024-09-20 10:12:10.355,423.94224186583335,998
2024-09-20 10:12:10.440,423.9387666854221,12
2024-09-20 10:12:10.450,423.9443614521196,10
2024-09-20 10:12:10.555,423.94154808420177,104
2024-09-20 10:12:10.562,423.9596348189333,5
2024-09-20 10:12:10.569,423.9540539907816,104
2024-09-20 10:12:10.579,423.956261902712,101
2024-09-20 10:12:10.592,423.94649083145566,1004
2024-09-20 10:12:10.599,423.9558681567447,8
2024-09-20 10:12:10.656,42.39618028898538,1003
2024-09-20 10:12:10.798,423.9548137797272,99
2024-09-20 10:12:10.838,423.9742347609078,13
2024-09-20 10:12:10.849,423.9500185941939,997
2024-09-20 10:12:10.852,423.9402031952267,1003
2024-09-20 10:12:10.920,423.9664791223787,6
2024-09-20 10:12:10.928,423.97464664721167,103
2024-09-20 10:12:10.938,423.9381663399372,96
2024-09-20 10:12:10.946,423.9851293853639,999
2024-09-20 10:12:10.969,423.9410614885129,1002
2024-09-20 10:12:10.989,423.9403086050642,13
2024-09-20 10:12:11.530,423.9174803583068,1002
2024-09-20 10:12:11.557,423.93483138817936,9
2024-09-20 10:12:11.691,423.9186798170976,998
2024-09-20 10:12:12.065,423.89872739967,101
2024-09-20 10:12:12.100,423.90260647218537,10
2024-09-20 10:12:12.252,423.8877944621114,105
2024-09-20 10:12:12.557,423.8926337686167,103
2024-09-20 10:12:12.566,423.8994165006017,95
2024-09-20 10:12:12.662,423.88885811699214,1004
2024-09-20 10:12:12.716,423.8978654317019,99
2024-09-20 10:12:12.740,423.8929909209588,10
2024-09-20 10:12:12.814,423.8882576468632,1004
2024-09-20 10:12:12.928,423.9071099461658,100
2024-09-20 10:12:13.091,423.867721184571,105
2024-09-20 10:12:13.158,423.8817034979705,996
2024-09-20 10:12:13.299,423.9060513133063,996
2024-09-20 10:12:13.301,423.8768742513667,1005
2024-09-20 10:12:13.303,423.8926933847064,96
2024-09-20 10:12:13.357,423.88408789032974,1000
2024-09-20 10:12:13.364,423.87765654597854,6
2024-09-20 10:12:13.440,423.8868166689298,102
2024-09-20 10:12:13.545,423.8721016251654,1000
2024-09-20 10:12:13.736,423.90867409341,997
2024-09-20 10:12:13.740,423.8834631772253,101
2024-09-20 10:12:13.911,423.89804617910806,99
2024-09-20 10:12:13.951,423.8922758348453,97
2024-09-20 10:12:13.955,423.87852041637984,998
2024-09-20 10:12:13.982,423.8817406648346,6
2024-09-20 10:12:14.016,423.8667980401823,8
2024-09-20 10:12:14.073,423.8696662091265,15
2024-09-20 10:12:14.140,423.8714456991357,1000
2024-09-20 10:12:14.548,423.8603842257595,1004
2024-09-20 10:12:14.730,423.88464227374544,97
2024-09-20 10:12:14.888,423.8615795851832,7
2024-09-20 10:12:15.026,423.87017475610855,10
2024-09-20 10:12:15.069,,1000
2024-09-20 10:12:15.113,423.8635076776818,6
2024-09-20 10:12:15.167,423.8765330785762,103
2024-09-20 10:12:15.226,423.888569661776,14
2024-09-20 10:12:15.231,423.8671969230223,1001
2024-09-20 10:12:15.249,423.8592090762804,998
2024-09-20 10:12:15.277,423.8736242819933,997
2024-09-20 10:12:15.311,423.86863809931015,1005
2024-09-20 10:12:15.377,423.9064031854361,995
2024-09-20 10:12:15.385,423.8632982199117,1001
2024-09-20 10:12:15.412,423.8699688494605,11
2024-09-20 10:12:15.480,423.87149139927567,11
2024-09-20 10:12:15.510,423.8984164113883,15
2024-09-20 10:12:15.524,423.8629352273415,1003
2024-09-20 10:12:15.527,423.8705267298856,99
2024-09-20 10:12:15.595,423.9017320074049,6
2024-09-20 10:12:15.694,423.8654374113389,1005
2024-09-20 10:12:15.698,423.8748794003117,12
2024-09-20 10:12:15.701,423.8702703040428,99
2024-09-20 10:12:15.758,423.8608506906305,996
2024-09-20 10:12:15.878,423.8705038799147,995
2024-09-20 10:12:15.879,423.8897748727018,995
2024-09-20 10:12:15.953,423.85403177534914,1002
2024-09-20 10:12:15.984,423.8769353485231,98
2024-09-20 10:12:16.022,423.9002784889866,1002
2024-09-20 10:12:16.050,42.38804379027636,6
2024-09-20 10:12:16.102,423.94588982239645,12
2024-09-20 10:12:16.119,423.9285893250623,998
2024-09-20 10:12:16.289,423.9660215488123,103
2024-09-20 10:12:16.300,423.884028944068,96
2024-09-20 10:12:16.329,423.94101932234094,95
2024-09-20 10:12:16.361,423.940055592719,1005
2024-09-20 10:12:16.414,423.9415536689152,999
2024-09-20 10:12:16.476,423.9085163529486,1001
2024-09-20 10:12:16.657,423.9302826401956,997
2024-09-20 10:12:16.683,423.9498108205583,100
2024-09-20 10:12:16.776,423.9083600189954,5
2024-09-20 10:12:16.816,423.9074941112568,8
2024-09-20 10:12:16.899,423.8726962028578,6
2024-09-20 10:12:17.031,423.9773127410367,97
2024-09-20 10:12:17.064,423.9693691330068,104
2024-09-20 10:12:17.118,423.96547398212766,11
2024-09-20 10:12:17.313,423.964978999158,105
2024-09-20 10:12:17.373,423.9596841653948,999
2024-09-20 10:12:18.030,424.0210590992429,999
2024-09-20 10:12:18.043,424.0142667903369,103
2024-09-20 10:12:18.084,424.02563440445897,98
2024-09-20 10:12:18.117,424.0048734091584,5
2024-09-20 10:12:18.356,423.9889635699356,10
2024-09-20 10:12:18.361,424.0164025518292,11
2024-09-20 10:12:18.372,423.9810206127567,7
2024-09-20 10:12:18.464,424.0031918225483,105
2024-09-20 10:12:18.465,424.0034523880671,101
2024-09-20 10:12:18.546,423.9757871310851,7
2024-09-20 10:12:18.558,424.0237641588699,100
2024-09-20 10:12:18.562,424.0446972759845,100
2024-09-20 10:12:18.576,424.03217120848376,100
2024-09-20 10:12:18.625,423.9825437962917,8
2024-09-20 10:12:18.646,424.0168595204408,97
2024-09-20 10:12:18.731,423.9805934310148,1005
2024-09-20 10:12:18.737,424.0318156251169,15
2024-09-20 10:12:18.751,424.0591736003474,998
2024-09-20 10:12:18.770,423.9795695013761,1000
2024-09-20 10:12:18.785,424.0229546184672,103
2024-09-20 10:12:18.788,424.020660113302,96
2024-09-20 10:12:18.804,424.0285154455225,10
2024-09-20 10:12:18.877,424.020708477385,1004
2024-09-20 10:12:18.908,423.972580512239,96
2024-09-20 10:12:18.908,424.0319122423521,14
2024-09-20 10:12:18.918,423.9815408275537,13
2024-09-20 10:12:18.930,424.0165484054577,105
2024-09-20 10:12:18.933,424.0201873382872,5
2024-09-20 10:12:19.009,423.9773189180113,12
2024-09-20 10:12:19.059,424.00281079906784,99
2024-09-20 10:12:19.080,424.014581870854,6
2024-09-20 10:12:19.087,423.9854156437093,9
2024-09-20 10:12:19.118,-423.9870668278351,1002
2024-09-20 10:12:19.231,424.00244261025136,997
2024-09-20 10:12:19.240,424.0067122101319,15
2024-09-20 10:12:19.363,424.01031084431327,996
2024-09-20 10:12:19.405,423.98605471341097,105
2024-09-20 10:12:19.413,423.9801259399909,995
2024-09-20 10:12:19.475,424.0294207272988,1004
2024-09-20 10:12:19.718,424.0090705727434,105
2024-09-20 10:12:19.740,424.02172629756825,1000
2024-09-20 10:12:19.750,424.02348921546206,96
2024-09-20 10:12:19.761,424.0089362723239,15
2024-09-20 10:12:19.778,423.98545455701566,6
2024-09-20 10:12:19.933,424.000490532277,1001
2024-09-20 10:12:19.946,424.0042257805469,103
2024-09-20 10:12:19.950,424.0120033363127,1005
2024-09-20 10:12:20.101,424.01545737384697,10
2024-09-20 10:12:20.423,423.9896340695935,99
2024-09-20 10:12:20.457,42.40076212072471,104
2024-09-20 10:12:20.530,424.0054818926876,7
2024-09-20 10:12:20.652,424.0211794177404,96
2024-09-20 10:12:20.665,424.02244318117374,997
2024-09-20 10:12:20.741,424.0221067691325,13
2024-09-20 10:12:20.784,423.9893298466608,13
2024-09-20 10:12:20.944,423.98907916859446,998
2024-09-20 10:12:21.019,423.9228913242169,96
2024-09-20 10:12:21.099,423.9611088432577,95
2024-09-20 10:12:21.112,423.9431858734322,8
2024-09-20 10:12:21.167,423.915903705155,8
2024-09-20 10:12:21.168,423.9219848132107,1005
2024-09-20 10:12:21.248,423.8922455357175,101
2024-09-20 10:12:21.269,423.9589530707282,1000
2024-09-20 10:12:21.339,423.89568323172153,998
2024-09-20 10:12:21.355,423.98284051118486,1002
2024-09-20 10:12:21.451,423.9540249919013,95
2024-09-20 10:12:21.470,423.927054076255,14
2024-09-20 10:12:21.512,423.9519570214376,1003
2024-09-20 10:12:21.535,423.9225163610353,6
2024-09-20 10:12:21.576,423.94464398342734,10
2024-09-20 10:12:21.593,423.9712866021154,100
2024-09-20 10:12:21.621,423.9302611609156,13
2024-09-20 10:12:21.645,423.9385194932559,12
2024-09-20 10:12:21.647,423.9232293340013,15
2024-09-20 10:12:21.653,423.95180073124885,1005
2024-09-20 10:12:21.666,423.9625313894517,995
2024-09-20 10:12:21.733,423.9984416438998,11
2024-09-20 10:12:21.750,423.9240961199774,1005
2024-09-20 10:12:21.761,423.9452332912167,96
2024-09-20 10:12:21.772,423.91600488521385,10
2024-09-20 10:12:21.776,424.0088547527657,1005
2024-09-20 10:12:21.796,423.9364898603113,10
2024-09-20 10:12:21.852,423.9330594268828,15
2024-09-20 10:12:21.886,423.94500658946976,7
2024-09-20 10:12:22.004,423.89124981191566,104
2024-09-20 10:12:22.100,423.89521114728456,5
2024-09-20 10:12:22.128,423.9056306084924,10
2024-09-20 10:12:22.137,-423.9016702575856,995
2024-09-20 10:12:22.263,423.871804567195,105
2024-09-20 10:12:22.327,423.9486599425932,1001
2024-09-20 10:12:22.413,423.9384419328508,1003
2024-09-20 10:12:22.443,423.919832432536,1003
2024-09-20 10:12:22.887,423.8898278287613,104
2024-09-20 10:12:22.899,423.9325476537729,998
2024-09-20 10:12:23.328,423.9190324133577,995
2024-09-20 10:12:23.412,423.94435435528976,13
2024-09-20 10:12:23.627,423.9386007946305,1004
2024-09-20 10:12:23.674,423.8674470000169,1000
2024-09-20 10:12:23.703,423.8800765789478,6
2024-09-20 10:12:23.731,423.8713716673018,98
2024-09-20 10:12:23.742,423.8906204527954,105
2024-09-20 10:12:23.751,423.8731442411752,11
2024-09-20 10:12:23.769,423.92271165112936,97
2024-09-20 10:12:23.839,423.865650819602,1003
2024-09-20 10:12:23.868,423.9344256310612,997
2024-09-20 10:12:23.940,423.87009594326025,1001
2024-09-20 10:12:24.109,423.9370360585861,15
2024-09-20 10:12:24.216,423.98089207607023,1004
2024-09-20 10:12:24.217,423.9143666330928,15
2024-09-20 10:12:24.383,423.96310391574417,103
2024-09-20 10:12:24.426,423.97826321435866,8
2024-09-20 10:12:24.562,423.9655442224692,1001
2024-09-20 10:12:24.628,423.9673000060184,8
2024-09-20 10:12:24.630,423.981297759088,1000
2024-09-20 10:12:24.638,423.956446042755,12
2024-09-20 10:12:24.888,423.9287019735438,95
2024-09-20 10:12:24.895,423.9588049926991,9
2024-09-20 10:12:25.035,423.8577861139401,1001
2024-09-20 10:12:25.080,423.859669065613,100
2024-09-20 10:12:25.128,423.874507592669,11
2024-09-20 10:12:25.171,423.9509530649375,12
2024-09-20 10:12:25.184,423.8692068220299,1000
2024-09-20 10:12:25.260,423.8696927720816,11
2024-09-20 10:12:25.342,423.8603782151591,99
2024-09-20 10:12:25.406,423.9355151911958,1000
2024-09-20 10:12:25.473,423.9337352981804,104
2024-09-20 10:12:25.495,423.87041596702335,10
2024-09-20 10:12:25.591,423.84648110506026,1004
2024-09-20 10:12:25.634,423.83928205043657,11
2024-09-20 10:12:25.647,423.8605067071781,15
2024-09-20 10:12:25.649,423.9519500389771,97
2024-09-20 10:12:25.684,423.9350560710367,1000
2024-09-20 10:12:25.739,423.9107269174547,104
2024-09-20 10:12:25.781,423.8730971784188,96
2024-09-20 10:12:25.802,423.9365123832473,98
2024-09-20 10:12:25.967,423.9100043937344,10
2024-09-20 10:12:25.970,423.8925751256587,1004
2024-09-20 10:12:25.992,423.9525773677129,8
2024-09-20 10:12:26.226,423.85889551922486,1002
2024-09-20 10:12:26.251,423.9110480170422,100
2024-09-20 10:12:26.292,423.8766505936232,100
2024-09-20 10:12:26.299,423.9169995562817,101
2024-09-20 10:12:26.410,423.8604732516567,11
2024-09-20 10:12:26.424,423.9081881161489,1001
2024-09-20 10:12:26.465,423.8673742875301,95
2024-09-20 10:12:26.465,423.8736669352433,102
2024-09-20 10:12:26.492,423.865369937968,11
2024-09-20 10:12:26.589,423.8520588851289,11
2024-09-20 10:12:26.671,423.8668898987742,999
2024-09-20 10:12:26.684,423.8888402904513,14
2024-09-20 10:12:26.783,423.8609490565436,1003
2024-09-20 10:12:26.900,423.8608523666376,12
2024-09-20 10:12:26.916,423.8777787458325,97
2024-09-20 10:12:27.052,423.9212082885168,96
2024-09-20 10:12:27.058,423.9232512161434,15
2024-09-20 10:12:27.108,423.9097960995984,5
2024-09-20 10:12:27.181,423.91916788933537,9
2024-09-20 10:12:27.219,423.90454678919866,998
2024-09-20 10:12:27.231,423.8922485521229,6
2024-09-20 10:12:27.260,423.9434794166007,5
2024-09-20 10:12:27.262,423.9042704590712,101
2024-09-20 10:12:27.284,423.89972618334974,1004
2024-09-20 10:12:27.362,423.8853975514015,1004
2024-09-20 10:12:27.374,423.9188112297036,101
2024-09-20 10:12:27.407,423.91548345648766,8
2024-09-20 10:12:27.430,423.93323009983857,13
2024-09-20 10:12:27.530,423.9167087308919,103
2024-09-20 10:12:27.548,423.9044684665296,9
2024-09-20 10:12:27.609,423.9093169976306,996
2024-09-20 10:12:27.646,423.9285500720756,97
2024-09-20 10:12:27.710,423.9099312674291,15
2024-09-20 10:12:27.739,423.90296934842473,100
2024-09-20 10:12:27.836,423.8960534428873,6
2024-09-20 10:12:27.900,423.89825452800886,8
2024-09-20 10:12:27.990,423.9059102034952,999
2024-09-20 10:12:28.206,423.8800980712903,95
2024-09-20 10:12:28.219,423.8918102805009,103
2024-09-20 10:12:28.224,423.8640723091102,6
2024-09-20 10:12:28.235,423.8877266904525,998
2024-09-20 10:12:28.239,423.9129790769144,96
2024-09-20 10:12:28.272,423.8575085617111,13
2024-09-20 10:12:28.293,423.89847557289886,11
2024-09-20 10:12:28.302,423.9039810561309,1004
2024-09-20 10:12:28.310,423.87935233231406,998
2024-09-20 10:12:28.329,423.9040524271631,1004
2024-09-20 10:12:28.494,423.9035288377726,10
2024-09-20 10:12:28.617,423.89081477367154,5
2024-09-20 10:12:28.725,423.91533351895646,95
2024-09-20 10:12:28.776,423.9120958684255,14
2024-09-20 10:12:28.924,423.89970312207,1003
2024-09-20 10:12:28.972,423.8902904401098,9
2024-09-20 10:12:28.972,423.89367850907024,1002
2024-09-20 10:12:29.096,423.9045200627945,13
2024-09-20 10:12:29.405,423.883461635605,1003
2024-09-20 10:12:29.561,423.9013688744621,997
2024-09-20 10:12:29.575,423.9079627848273,104
2024-09-20 10:12:29.799,423.8983201452808,1000
2024-09-20 10:12:29.912,423.89659864638463,14
2024-09-20 10:12:30.001,423.8737853362972,1003
2024-09-20 10:12:30.004,423.9048665754408,9
2024-09-20 10:12:30.052,423.85475627065455,100
2024-09-20 10:12:30.081,423.8982826278003,1002
2024-09-20 10:12:30.095,423.9019892321495,98
2024-09-20 10:12:30.152,423.9046911052596,103
2024-09-20 10:12:30.193,423.8961557763129,8
2024-09-20 10:12:30.206,423.896404751731,1004
2024-09-20 10:12:30.211,423.8878838719556,997
2024-09-20 10:12:30.383,423.90671475668495,99
2024-09-20 10:12:30.455,423.8888809014912,8
2024-09-20 10:12:30.461,423.8772057442346,104
2024-09-20 10:12:30.485,423.8871621637576,1002
2024-09-20 10:12:30.517,423.88701762326986,96
2024-09-20 10:12:30.524,423.9349117096826,998
2024-09-20 10:12:30.550,423.90724663924135,98
2024-09-20 10:12:30.616,423.89381545864,14
2024-09-20 10:12:30.639,423.9273858007374,104
2024-09-20 10:12:30.646,423.88471126797634,96
2024-09-20 10:12:30.650,423.89417907783866,103
2024-09-20 10:12:30.680,423.90894243722266,998
2024-09-20 10:12:30.748,423.8944321463218,13
2024-09-20 10:12:30.815,423.9144917847916,996
2024-09-20 10:12:30.857,423.89971655488273,100
2024-09-20 10:12:30.890,423.9423166779709,8
2024-09-20 10:12:30.910,423.9267905893319,10
2024-09-20 10:12:30.914,423.8778196489087,5
2024-09-20 10:12:30.981,423.89652916135896,7
2024-09-20 10:12:31.108,423.8714646798848,14
2024-09-20 10:12:31.135,423.8562301709684,1000
2024-09-20 10:12:31.164,-423.8882840431576,1001
2024-09-20 10:12:31.172,423.8881735186287,97
2024-09-20 10:12:31.199,423.8649545303309,12
2024-09-20 10:12:31.327,423.8720041891579,105
2024-09-20 10:12:31.376,423.8763499616507,995
2024-09-20 10:12:31.446,423.87264947686646,104
2024-09-20 10:12:31.510,423.8459072275961,997
2024-09-20 10:12:31.663,423.8675301115233,98
2024-09-20 10:12:31.708,423.8760382144907,95
2024-09-20 10:12:31.725,423.8527410899437,1002
2024-09-20 10:12:31.903,423.8924280261669,1003
2024-09-20 10:12:32.007,42.38819005836564,13
2024-09-20 10:12:32.028,423.9125510831647,98
2024-09-20 10:12:32.297,423.9064267825053,9
2024-09-20 10:12:32.538,423.9079777312269,100
2024-09-20 10:12:32.582,423.8736512437836,14
2024-09-20 10:12:32.817,423.9319176631101,101
2024-09-20 10:12:32.946,423.900236595798,96
2024-09-20 10:12:33.152,423.9137318413265,996
2024-09-20 10:12:33.231,423.8890501201287,995
2024-09-20 10:12:33.252,423.8760769500154,1001
2024-09-20 10:12:33.333,423.9199054447632,1000
2024-09-20 10:12:33.418,423.89596352573415,102
2024-09-20 10:12:33.419,423.9298838185795,98
2024-09-20 10:12:33.459,423.8998350573453,102
2024-09-20 10:12:33.519,423.8825047757298,996
2024-09-20 10:12:33.522,423.8944269960506,997
2024-09-20 10:12:33.548,423.93993287483926,998
2024-09-20 10:12:33.556,423.9302634154809,5
2024-09-20 10:12:33.556,423.8720937440456,5
2024-09-20 10:12:33.764,423.870418048587,14
2024-09-20 10:12:33.845,423.89736659340525,6
2024-09-20 10:12:33.859,423.844861350448,1005
2024-09-20 10:12:33.880,423.8812453385796,997
2024-09-20 10:12:33.899,423.8736278015811,101
2024-09-20 10:12:33.905,423.862325418684,5
2024-09-20 10:12:33.922,423.93275439260026,100
2024-09-20 10:12:33.922,423.8700381579684,100
2024-09-20 10:12:33.961,423.84867815653513,13
2024-09-20 10:12:34.120,423.8677025625718,1001
2024-09-20 10:12:34.140,423.9016180223156,999
2024-09-20 10:12:34.192,423.9051987317048,14
2024-09-20 10:12:34.241,423.8987731261434,102
2024-09-20 10:12:34.292,423.9255165268784,9
2024-09-20 10:12:34.329,423.90414069016,13
2024-09-20 10:12:34.347,423.88849121546514,97
2024-09-20 10:12:34.355,423.8929917143125,996
2024-09-20 10:12:34.388,423.8884590526236,15
2024-09-20 10:12:34.422,42.3870210355426,10
2024-09-20 10:12:34.435,423.9029574746743,7
2024-09-20 10:12:34.476,423.8645251873796,14
2024-09-20 10:12:34.504,423.91299109396897,10
2024-09-20 10:12:34.516,423.8758086043973,102
2024-09-20 10:12:34.522,42.38636538984297,102
2024-09-20 10:12:34.567,423.8681370204344,998
2024-09-20 10:12:34.581,423.9461647517646,10
2024-09-20 10:12:34.719,423.8667032784274,8
2024-09-20 10:12:34.724,423.8770358685071,10
2024-09-20 10:12:34.783,423.887159968318,995
2024-09-20 10:12:34.787,423.871720082315,15
2024-09-20 10:12:34.794,423.9073685812534,999
2024-09-20 10:12:34.807,423.9011488283379,998
2024-09-20 10:12:34.814,423.9424791363178,14
2024-09-20 10:12:34.957,423.9264174550818,102
2024-09-20 10:12:34.961,423.8908413445853,105
2024-09-20 10:12:34.985,423.9307359812015,104
2024-09-20 10:12:35.101,423.8825937362823,98
2024-09-20 10:12:35.275,423.8891125210597,95
2024-09-20 10:12:35.379,423.8750549567639,5
2024-09-20 10:12:35.637,423.8977843659681,99
2024-09-20 10:12:35.962,423.88712339952434,10
2024-09-20 10:12:36.040,423.94887486722354,1005
2024-09-20 10:12:36.068,423.92382330961925,996
2024-09-20 10:12:36.231,423.9196571166425,100
2024-09-20 10:12:36.465,423.9419033523845,1000
2024-09-20 10:12:36.626,423.9205603005529,995
2024-09-20 10:12:36.765,423.965263884469,95
2024-09-20 10:12:36.832,423.9496119069055,998
2024-09-20 10:12:36.842,423.8827901464492,102
2024-09-20 10:12:36.894,-423.9245799332234,96
2024-09-20 10:12:36.924,423.8823093781913,105
2024-09-20 10:12:37.024,423.984985906469,997
2024-09-20 10:12:37.048,424.0160210209676,104
2024-09-20 10:12:37.225,423.9623364107811,996
2024-09-20 10:12:37.366,423.9795843381073,1004
2024-09-20 10:12:37.377,423.98576005404885,98
2024-09-20 10:12:37.399,423.982510188144,1002
2024-09-20 10:12:37.476,423.9976217139936,996
2024-09-20 10:12:37.513,423.9688127020476,14
2024-09-20 10:12:37.574,423.9827874006986,15
2024-09-20 10:12:37.594,424.0125415571076,99
2024-09-20 10:12:38.029,424.0166315296065,98
2024-09-20 10:12:38.039,424.0213451484448,99
2024-09-20 10:12:38.099,424.0186246326692,13
2024-09-20 10:12:38.258,424.0135356538034,103
2024-09-20 10:12:38.281,424.02962982729497,15
2024-09-20 10:12:38.349,424.00331278322506,1003
2024-09-20 10:12:38.413,423.9895623655386,96
2024-09-20 10:12:38.452,424.0024978348025,6
2024-09-20 10:12:38.465,423.99821501200665,1004
2024-09-20 10:12:38.469,424.0255203078637,12
2024-09-20 10:12:38.533,424.0243480473021,103
2024-09-20 10:12:38.587,424.0067252997263,1004
2024-09-20 10:12:38.631,424.0311648535041,1002
2024-09-20 10:12:38.712,424.0330896026508,1004
2024-09-20 10:12:38.726,424.0083829756786,95
2024-09-20 10:12:38.755,424.0335276155729,6
2024-09-20 10:12:38.791,424.0146998179361,1004
2024-09-20 10:12:38.921,424.0313340608549,102
2024-09-20 10:12:38.932,424.0112689998424,95
2024-09-20 10:12:38.989,424.0399733386626,995
2024-09-20 10:12:39.022,424.07708431979046,997
2024-09-20 10:12:39.047,424.05336758562817,1001
2024-09-20 10:12:39.052,424.0498076821445,15
2024-09-20 10:12:39.197,424.06628408833535,101
2024-09-20 10:12:39.206,424.0529391854722,95
2024-09-20 10:12:39.220,424.03102884353154,8
2024-09-20 10:12:39.239,424.0529072221479,101
2024-09-20 10:12:39.261,424.0750494275221,97
2024-09-20 10:12:39.262,424.07401829925976,99
2024-09-20 10:12:39.312,424.0252429329251,1002
2024-09-20 10:12:39.357,424.0456328650626,995
2024-09-20 10:12:39.361,424.08313970285536,104
2024-09-20 10:12:39.372,424.0752931452209,6
2024-09-20 10:12:39.397,424.0676101858661,996
2024-09-20 10:12:39.419,424.0510715712752,100
2024-09-20 10:12:39.433,424.0485818322022,9
2024-09-20 10:12:39.435,424.04274801567794,8
2024-09-20 10:12:39.578,424.06756586166455,14
2024-09-20 10:12:39.635,424.0867739992466,96
2024-09-20 10:12:39.740,424.0577733351962,999
2024-09-20 10:12:39.745,424.0829651569888,11
2024-09-20 10:12:39.753,424.059451826443,98
2024-09-20 10:12:39.778,424.0558221351786,5
2024-09-20 10:12:39.821,424.0647864348053,12
2024-09-20 10:12:39.863,424.0824660918073,997
2024-09-20 10:12:39.936,424.08043797466775,1000
2024-09-20 10:12:39.968,424.04773860044014,100
2024-09-20 10:12:40.000,424.2019013098261,104
2024-09-20 10:12:40.019,424.08996753021546,11
2024-09-20 10:12:40.023,424.172136403132,6
2024-09-20 10:12:40.045,424.1343527246731,1000
2024-09-20 10:12:40.155,424.1413349382712,12
2024-09-20 10:12:40.177,424.1133148558966,1001
2024-09-20 10:12:40.195,424.17226399319935,99
2024-09-20 10:12:40.230,,1003
2024-09-20 10:12:40.277,424.1236174259968,98
2024-09-20 10:12:40.286,424.09937699280135,1002
2024-09-20 10:12:40.291,42.41010184523552,6
2024-09-20 10:12:40.305,424.1383571168094,1002
2024-09-20 10:12:40.316,424.19660828561615,6
2024-09-20 10:12:40.319,424.1076677317712,1000
2024-09-20 10:12:40.350,424.1353801671185,1002
2024-09-20 10:12:40.374,424.1344653915618,11
2024-09-20 10:12:40.443,424.19974189160513,996
2024-09-20 10:12:40.457,424.1029471412637,105
2024-09-20 10:12:40.492,424.1090868876497,7
2024-09-20 10:12:40.499,424.0872857821632,13
2024-09-20 10:12:40.511,424.1259079040466,10
2024-09-20 10:12:40.618,424.1786055907337,100
2024-09-20 10:12:40.624,424.1060431911962,97
2024-09-20 10:12:40.692,424.19061739519617,101
2024-09-20 10:12:40.721,424.18653703081264,96
2024-09-20 10:12:40.787,424.1583673876231,1003
2024-09-20 10:12:40.818,424.1806549519891,101
2024-09-20 10:12:40.981,424.19167585554726,999
2024-09-20 10:12:41.003,424.1115033934286,1003
2024-09-20 10:12:41.028,424.1255057880219,9
2024-09-20 10:12:41.326,424.1380402484845,997
2024-09-20 10:12:41.331,424.1033946875083,102
2024-09-20 10:12:41.358,424.16307120750025,1001
2024-09-20 10:12:41.368,424.0952174121399,97
2024-09-20 10:12:41.404,424.1035195209501,101
2024-09-20 10:12:41.445,424.1245678363621,6
2024-09-20 10:12:41.522,424.1116655585233,96
2024-09-20 10:12:41.609,424.15954570618015,95
2024-09-20 10:12:41.632,424.1350021709442,8
2024-09-20 10:12:41.654,424.1298709898688,7
2024-09-20 10:12:41.677,424.1019726187004,7
2024-09-20 10:12:41.888,424.14455555244587,104
2024-09-20 10:12:41.922,424.1678510359381,101
2024-09-20 10:12:41.985,424.11264753530224,999
2024-09-20 10:12:42.014,424.1902501701836,102
2024-09-20 10:12:42.390,424.19100852748727,14
2024-09-20 10:12:42.398,424.2025828676551,13
2024-09-20 10:12:42.417,424.1457581026461,996
2024-09-20 10:12:42.505,424.2039683440306,11
2024-09-20 10:12:42.701,424.1942086508266,99
2024-09-20 10:12:42.732,424.2085716718785,1003
2024-09-20 10:12:42.828,424.1753442795381,10
2024-09-20 10:12:42.936,424.1644205649821,999
2024-09-20 10:12:42.940,424.1530767280424,1004
2024-09-20 10:12:42.943,424.2060998197889,9
2024-09-20 10:12:43.118,424.1856487392423,1002
2024-09-20 10:12:43.251,424.1818730876779,11
2024-09-20 10:12:43.512,424.1938490610426,1001
2024-09-20 10:12:43.641,424.1872329913433,9
2024-09-20 10:12:43.800,424.1857633627459,6
2024-09-20 10:12:44.005,424.2176293175876,999
2024-09-20 10:12:44.013,424.20512334294,13
2024-09-20 10:12:44.055,424.21213877312186,999
2024-09-20 10:12:44.096,424.2135662328798,13
2024-09-20 10:12:44.215,424.22412443349816,5
2024-09-20 10:12:44.244,424.206454733524,95
2024-09-20 10:12:44.244,424.19793878804666,97
2024-09-20 10:12:44.270,424.199675342006,95
2024-09-20 10:12:44.336,424.1923043721045,14
2024-09-20 10:12:44.355,424.204857572611,97
2024-09-20 10:12:44.394,424.1976133980928,1001
2024-09-20 10:12:44.433,424.1806578613131,1000
2024-09-20 10:12:44.504,424.2026957118256,11
2024-09-20 10:12:44.635,424.21587863224113,15
2024-09-20 10:12:44.663,424.2094441625295,101
2024-09-20 10:12:44.697,424.1788883211856,101
2024-09-20 10:12:44.811,424.2072064241258,998
2024-09-20 10:12:44.831,424.1725227938024,14
2024-09-20 10:12:44.854,424.2321876647564,6
2024-09-20 10:12:44.903,424.1720968472831,95
2024-09-20 10:12:44.917,424.2010820019407,96
2024-09-20 10:12:45.002,424.2078865850801,5
2024-09-20 10:12:45.097,424.2048707235103,104
2024-09-20 10:12:45.156,424.2145802874766,996
2024-09-20 10:12:45.242,424.20117445843584,12
2024-09-20 10:12:45.439,424.189423734649,96
2024-09-20 10:12:45.675,424.22130706872025,999
2024-09-20 10:12:45.726,424.21386515272616,98
2024-09-20 10:12:45.869,424.2068900184863,95
2024-09-20 10:12:46.133,424.312159788933,105
2024-09-20 10:12:46.210,424.3454124075408,6
2024-09-20 10:12:46.278,424.3120784114221,1000
2024-09-20 10:12:46.285,424.2636183994346,12
2024-09-20 10:12:46.285,424.2495042595668,999
2024-09-20 10:12:46.429,424.3517077659205,8
2024-09-20 10:12:46.452,424.3575867335384,98
2024-09-20 10:12:46.454,424.36454759472446,1005
2024-09-20 10:12:46.586,424.2422162349501,1000
2024-09-20 10:12:46.676,424.2624916317227,105
2024-09-20 10:12:46.683,424.3421750788578,996
2024-09-20 10:12:46.729,424.33128188219285,1005
2024-09-20 10:12:46.736,424.366536205841,5
2024-09-20 10:12:46.762,424.3646326707128,101
2024-09-20 10:12:46.818,424.2786292824459,105
2024-09-20 10:12:46.852,424.2223287773586,1004
2024-09-20 10:12:46.907,424.291610832471,95
2024-09-20 10:12:47.052,424.3713794733188,996
2024-09-20 10:12:47.329,424.3833643964344,7
2024-09-20 10:12:47.371,424.36804164188175,99
2024-09-20 10:12:47.384,424.3851332539892,95
2024-09-20 10:12:47.408,424.3345836011276,995
2024-09-20 10:12:47.418,424.3522182942017,101
2024-09-20 10:12:47.420,424.37190487799137,995
2024-09-20 10:12:47.458,424.3741087331706,15
2024-09-20 10:12:47.468,424.3583464266604,12
2024-09-20 10:12:47.473,424.3796927679239,13
2024-09-20 10:12:47.492,424.35859206364006,15
2024-09-20 10:12:47.500,424.374477249398,6
2024-09-20 10:12:47.541,424.3785097227008,14
2024-09-20 10:12:47.557,424.3814363327261,97
2024-09-20 10:12:47.611,424.404879737525,103
2024-09-20 10:12:47.667,424.3745251449658,14
2024-09-20 10:12:47.708,424.371438711397,13
2024-09-20 10:12:47.736,424.331799593155,6
2024-09-20 10:12:47.748,424.3723445273481,9
2024-09-20 10:12:47.773,424.36119466621017,9
2024-09-20 10:12:47.782,424.3296619381867,105
2024-09-20 10:12:47.789,424.3766516997255,97
2024-09-20 10:12:47.921,424.37586319718935,13
2024-09-20 10:12:47.982,424.3406221972389,105
2024-09-20 10:12:48.003,424.3546070996588,6
2024-09-20 10:12:48.013,424.282568907491,99
2024-09-20 10:12:48.014,424.3039958114346,98
2024-09-20 10:12:48.180,424.3131673594922,1002
2024-09-20 10:12:48.237,424.3612342526021,998
2024-09-20 10:12:48.285,424.3218291563698,15
2024-09-20 10:12:48.317,424.2820866873494,8
2024-09-20 10:12:48.340,424.3409685431589,104
2024-09-20 10:12:48.363,424.3123130067949,12
2024-09-20 10:12:48.402,424.3100291448744,99
2024-09-20 10:12:48.406,424.3284454079197,13
2024-09-20 10:12:48.419,424.3286373981278,13
2024-09-20 10:12:48.502,424.30154731655,95
2024-09-20 10:12:48.628,424.348366807305,996
2024-09-20 10:12:48.659,424.3417053856053,7
2024-09-20 10:12:48.688,424.3629098092532,11
2024-09-20 10:12:48.798,424.3069348594268,12
2024-09-20 10:12:48.913,424.3108172163505,995
2024-09-20 10:12:48.964,424.3396570007473,1000
2024-09-20 10:12:48.975,424.3614820212389,103
2024-09-20 10:12:49.246,424.2439973279238,999
2024-09-20 10:12:49.404,424.3215835858644,98
2024-09-20 10:12:49.495,424.2962201627713,15
2024-09-20 10:12:49.527,424.2650170111934,999
2024-09-20 10:12:49.590,424.32002382814767,99
2024-09-20 10:12:49.606,424.2886084322124,9
2024-09-20 10:12:49.622,424.28368339488406,104
2024-09-20 10:12:49.700,424.2954756177388,103
2024-09-20 10:12:49.724,424.2858115295139,103
2024-09-20 10:12:49.755,424.29078446894175,1004
2024-09-20 10:12:49.811,424.2460072480504,97
2024-09-20 10:12:49.816,424.30749662247086,997
2024-09-20 10:12:49.887,424.2931938451707,1005
2024-09-20 10:12:49.959,424.3062588998101,10
2024-09-20 10:12:50.051,424.2174287267961,14
2024-09-20 10:12:50.466,424.2345980612489,14
2024-09-20 10:12:50.528,424.2108352316062,995
2024-09-20 10:12:50.570,424.2252584744534,999
2024-09-20 10:12:50.577,424.2168381841494,104
2024-09-20 10:12:50.610,424.2115533662004,104
2024-09-20 10:12:50.789,424.2375884361384,6
2024-09-20 10:12:50.977,424.207277437986,5
2024-09-20 10:12:51.123,424.202568510486,1004
2024-09-20 10:12:51.133,424.18639116482433,14
2024-09-20 10:12:51.267,424.145279392502,11
2024-09-20 10:12:51.288,424.20352802057135,999
2024-09-20 10:12:51.502,424.2024216463255,10
2024-09-20 10:12:51.522,424.1914603883228,995
2024-09-20 10:12:51.566,424.19780854375057,15
2024-09-20 10:12:51.963,424.158972586903,104
2024-09-20 10:12:52.001,424.1548047047674,995
2024-09-20 10:12:52.016,424.1813494396727,5
2024-09-20 10:12:52.054,424.1157668402902,995
2024-09-20 10:12:52.087,424.1610478619009,999
2024-09-20 10:12:52.090,424.1548004073956,100
2024-09-20 10:12:52.141,424.13236044798094,1001
2024-09-20 10:12:52.157,424.1568325086259,96
2024-09-20 10:12:52.160,424.1875309094144,100
2024-09-20 10:12:52.256,424.1506475562247,9
2024-09-20 10:12:52.258,424.13114457736754,5
2024-09-20 10:12:52.296,-424.1592605843798,8
2024-09-20 10:12:52.483,424.1500401390613,10
2024-09-20 10:12:52.495,424.1614866312385,8
2024-09-20 10:12:52.546,-424.109267476059,8
2024-09-20 10:12:52.552,424.1724134908618,102
2024-09-20 10:12:52.568,424.1373647599357,103
2024-09-20 10:12:52.568,424.1288165128468,12
2024-09-20 10:12:52.608,424.18261604142265,999
2024-09-20 10:12:52.619,424.1534894113413,99
2024-09-20 10:12:52.722,424.16019578262166,98
2024-09-20 10:12:52.736,424.1522240483906,13
2024-09-20 10:12:52.744,424.1569131093822,6
2024-09-20 10:12:52.798,424.1560104179026,15
2024-09-20 10:12:52.880,424.1676518038256,1005
2024-09-20 10:12:52.926,424.1652601705754,104
2024-09-20 10:12:53.888,424.1171002347938,97
2024-09-20 10:12:54.019,424.1327652506108,11
2024-09-20 10:12:54.077,424.1365032788727,1005
2024-09-20 10:12:54.229,424.1002782580666,13
2024-09-20 10:12:54.335,424.12178381214346,1005
2024-09-20 10:12:54.335,424.108992284643,1002
2024-09-20 10:12:54.361,424.11933953540927,1004
2024-09-20 10:12:54.533,424.1260149649567,15
2024-09-20 10:12:54.553,424.1249194030419,996
2024-09-20 10:12:54.631,424.1033387670996,97
2024-09-20 10:12:54.704,424.1286763019549,1002
2024-09-20 10:12:54.712,424.1334591123516,6
2024-09-20 10:12:54.955,424.12646649120416,6
2024-09-20 10:12:54.971,424.1093653309091,1001
2024-09-20 10:12:55.092,-424.1185872069645,1001
2024-09-20 10:12:55.144,424.1194547424132,99
2024-09-20 10:12:55.237,424.0981437742562,7
2024-09-20 10:12:55.274,424.1099965297486,105
2024-09-20 10:12:55.354,424.1083520920321,1002
2024-09-20 10:12:55.364,,1000
2024-09-20 10:12:55.428,424.1139352376852,9
2024-09-20 10:12:55.458,424.0987566379717,12
2024-09-20 10:12:55.503,424.1177412279108,996
2024-09-20 10:12:55.515,424.1017084882488,8
2024-09-20 10:12:55.582,424.1203035027201,11
2024-09-20 10:12:55.611,424.1446371957413,12
2024-09-20 10:12:55.635,424.1097767772997,104
2024-09-20 10:12:55.642,424.09644724368246,12
2024-09-20 10:12:55.726,424.077278838987,104
2024-09-20 10:12:55.910,424.0918904177381,7
2024-09-20 10:12:55.913,424.1089018689497,1001
2024-09-20 10:12:55.936,424.1092318997894,97
2024-09-20 10:12:55.945,424.09736435524536,995
2024-09-20 10:12:55.990,424.1080920779267,14
2024-09-20 10:12:56.066,424.128328437034,998
2024-09-20 10:12:56.067,424.1045953015821,9
2024-09-20 10:12:56.134,424.0626453003076,1004
2024-09-20 10:12:56.504,424.1282608637688,95
2024-09-20 10:12:56.621,424.0534435775603,99
2024-09-20 10:12:56.629,424.0612399255539,103
2024-09-20 10:12:56.634,,98
2024-09-20 10:12:56.667,424.0763019745264,15
2024-09-20 10:12:56.923,424.055118550237,1002
2024-09-20 10:12:57.029,424.0284610409344,105
2024-09-20 10:12:57.032,424.0150341568764,997
2024-09-20 10:12:57.038,424.0586491204382,105
2024-09-20 10:12:57.074,424.0616933365517,8
2024-09-20 10:12:57.150,424.0513054449905,7
2024-09-20 10:12:57.199,424.0704044552249,999
2024-09-20 10:12:57.291,424.04477096980463,100
2024-09-20 10:12:57.365,424.0283753592358,96
2024-09-20 10:12:57.637,424.042082305704,1000
2024-09-20 10:12:57.638,424.0524802582882,1001
2024-09-20 10:12:57.792,424.065393954693,101
2024-09-20 10:12:57.930,424.05176445721565,995
2024-09-20 10:12:58.086,424.077193666903,103
2024-09-20 10:12:59.019,424.1107456364389,95
2024-09-20 10:12:59.067,424.1083325554423,997
2024-09-20 10:12:59.082,424.1675825709441,1003
2024-09-20 10:12:59.140,424.1460259850245,8
2024-09-20 10:12:59.218,424.09340177644975,1001
2024-09-20 10:12:59.264,424.1401990841456,102
2024-09-20 10:12:59.283,424.0726915691335,95
2024-09-20 10:12:59.372,424.1465430319055,101
2024-09-20 10:12:59.511,424.0705438719724,105
2024-09-20 10:12:59.537,424.17620218055526,11
2024-09-20 10:12:59.588,424.05679809386703,1003
2024-09-20 10:12:59.616,424.0776390176264,6
2024-09-20 10:12:59.621,424.1588213403779,98
2024-09-20 10:12:59.683,424.10181851877496,997
2024-09-20 10:12:59.683,424.0470758688653,12
2024-09-20 10:12:59.728,424.1248208640243,95
2024-09-20 10:12:59.868,424.1036822715327,9
2024-09-20 10:12:59.884,424.1485155527383,5
2024-09-20 10:12:59.933,424.1006962967148,105
2024-09-20 10:12:59.953,424.0383975987795,15
