Timestamp,Price,Size
2024-09-18 14:39:00.092,413.5429883049422,13
2024-09-18 14:39:00.143,413.5327901088244,105
2024-09-18 14:39:00.389,413.5405135669673,12
2024-09-18 14:39:00.512,413.5614426721184,995
2024-09-18 14:39:00.518,413.54171526732097,995
2024-09-18 14:39:00.541,413.54248314520527,1002
2024-09-18 14:39:00.642,413.5345526343201,96
2024-09-18 14:39:00.719,413.55754854133767,10
2024-09-18 14:39:00.746,413.52769365248366,104
2024-09-18 14:39:00.960,413.5479850583512,9
2024-09-18 14:39:01.100,413.41081637889664,6
2024-09-18 14:39:01.112,413.5362360645133,11
2024-09-18 14:39:01.116,-413.53913280608384,99
2024-09-18 14:39:01.125,413.522513300232,104
2024-09-18 14:39:01.136,413.4443995056728,1002
2024-09-18 14:39:01.136,413.55116025592224,995
2024-09-18 14:39:01.166,413.4314961590795,996
2024-09-18 14:39:01.178,413.5332458852088,1005
2024-09-18 14:39:01.183,413.5413733522216,10
2024-09-18 14:39:01.258,413.5597157969696,1001
2024-09-18 14:39:01.291,413.5602695849704,11
2024-09-18 14:39:01.296,413.5349396225107,99
2024-09-18 14:39:01.296,413.4274314071177,1000
2024-09-18 14:39:01.398,413.467099745318,995
2024-09-18 14:39:01.410,413.4813469086116,104
2024-09-18 14:39:01.433,413.4314315697189,1005
2024-09-18 14:39:01.442,413.4444518654294,14
2024-09-18 14:39:01.469,413.4567559777958,103
2024-09-18 14:39:01.483,413.4626316750933,11
2024-09-18 14:39:01.512,413.4220170023691,12
2024-09-18 14:39:01.524,413.4673497630883,98
2024-09-18 14:39:01.564,413.4266934893015,1004
2024-09-18 14:39:01.670,413.438088514802,1003
2024-09-18 14:39:01.693,413.5564547948708,105
2024-09-18 14:39:01.724,413.4863718483243,99
2024-09-18 14:39:01.724,413.5015411382816,13
2024-09-18 14:39:01.729,413.4924271749992,98
2024-09-18 14:39:01.790,413.4292706858873,12
2024-09-18 14:39:01.820,413.4803188511459,97
2024-09-18 14:39:01.876,413.4888058666746,1004
2024-09-18 14:39:02.004,413.3643405152316,999
2024-09-18 14:39:02.052,413.4162453144414,15
2024-09-18 14:39:02.122,413.39808585651065,1005
2024-09-18 14:39:02.162,413.39905282154905,98
2024-09-18 14:39:02.191,413.406194181533,97
2024-09-18 14:39:02.233,413.4014171658968,1002
2024-09-18 14:39:02.272,413.3855409838121,1004
2024-09-18 14:39:02.316,413.3691569729416,104
2024-09-18 14:39:02.334,413.3888645589164,15
2024-09-18 14:39:02.342,413.3796862623829,6
2024-09-18 14:39:02.343,413.3926024699069,995
2024-09-18 14:39:02.367,413.3973269875647,1001
2024-09-18 14:39:02.406,413.3659911844575,995
2024-09-18 14:39:02.412,413.425278306845,995
2024-09-18 14:39:02.489,413.4061097487447,13
2024-09-18 14:39:02.544,413.392925592677,103
2024-09-18 14:39:02.588,413.3572377363908,996
2024-09-18 14:39:02.602,413.36886148256303,996
2024-09-18 14:39:02.720,413.3475974584771,998
2024-09-18 14:39:02.793,413.37612712660535,8
2024-09-18 14:39:02.810,413.4041980518462,998
2024-09-18 14:39:02.889,413.3862003795153,995
2024-09-18 14:39:02.992,413.3737833232025,5
2024-09-18 14:39:02.997,413.4107476771361,9
2024-09-18 14:39:02.998,413.3425301979509,103
2024-09-18 14:39:03.075,413.35234071201234,98
2024-09-18 14:39:03.089,413.3978121430808,5
2024-09-18 14:39:03.142,413.3860448086812,11
2024-09-18 14:39:03.178,-413.40614658394736,105
2024-09-18 14:39:03.201,413.4124018147436,13
2024-09-18 14:39:03.265,413.35988985763,99
2024-09-18 14:39:03.429,413.4046605947846,997
2024-09-18 14:39:03.449,413.3667115105452,995
2024-09-18 14:39:03.471,413.361357966031,8
2024-09-18 14:39:03.671,413.3766281788951,996
2024-09-18 14:39:03.764,413.3891093149363,5
2024-09-18 14:39:03.788,413.4124515829711,5
2024-09-18 14:39:03.802,413.37829741569146,1002
2024-09-18 14:39:03.876,41.3387891260552,101
2024-09-18 14:39:03.944,413.3650047853098,104
2024-09-18 14:39:03.965,413.3796450744173,12
2024-09-18 14:39:03.990,413.3851634621864,101
2024-09-18 14:39:04.076,413.3738241420601,7
2024-09-18 14:39:04.224,413.4010709705418,13
2024-09-18 14:39:04.233,413.3859428858093,1003
2024-09-18 14:39:04.787,413.3594684173312,9
2024-09-18 14:39:04.927,413.36636214387545,1002
2024-09-18 14:39:05.090,413.36226239068793,104
2024-09-18 14:39:05.125,413.3977577801042,14
2024-09-18 14:39:05.129,413.3244050953971,1001
2024-09-18 14:39:05.138,413.400929856142,999
2024-09-18 14:39:05.251,413.3736461718002,96
2024-09-18 14:39:05.251,413.35148658212665,100
2024-09-18 14:39:05.446,413.4076010010016,14
2024-09-18 14:39:05.472,413.3990470053235,100
2024-09-18 14:39:05.608,413.3257025391341,96
2024-09-18 14:39:05.617,413.37900123857656,11
2024-09-18 14:39:05.680,413.3379000108326,97
2024-09-18 14:39:05.699,413.39224610167577,101
2024-09-18 14:39:05.709,413.3903239883272,8
2024-09-18 14:39:05.756,413.3883886632189,6
2024-09-18 14:39:05.779,413.3345199528741,1005
2024-09-18 14:39:05.988,413.399241513816,1004
2024-09-18 14:39:06.058,413.3112253687845,103
2024-09-18 14:39:06.078,413.3333374112252,9
2024-09-18 14:39:06.225,413.3125507278088,99
2024-09-18 14:39:06.393,413.3064912304889,7
2024-09-18 14:39:06.412,413.31048791039177,1003
2024-09-18 14:39:06.429,413.3283006401939,999
2024-09-18 14:39:06.447,413.3424130442589,10
2024-09-18 14:39:06.467,413.32148444859706,101
2024-09-18 14:39:06.498,413.3303685119715,996
2024-09-18 14:39:06.607,413.3322176376728,999
2024-09-18 14:39:06.756,413.3233151743065,102
2024-09-18 14:39:06.770,413.3176787543055,10
2024-09-18 14:39:06.905,413.3074492866703,105
2024-09-18 14:39:07.058,413.29444083169534,1004
2024-09-18 14:39:07.103,413.31125905314207,1004
2024-09-18 14:39:07.186,413.29392452534097,1000
2024-09-18 14:39:07.362,413.28160182290367,1005
2024-09-18 14:39:07.510,413.3056923860071,15
2024-09-18 14:39:07.569,413.2895078139946,12
2024-09-18 14:39:07.591,413.2716163589812,98
2024-09-18 14:39:07.793,413.2990459953693,98
2024-09-18 14:39:07.843,413.2918759705948,1004
2024-09-18 14:39:07.904,413.3043683698943,996
2024-09-18 14:39:07.977,413.2884969420107,998
2024-09-18 14:39:08.039,413.3090046357313,5
2024-09-18 14:39:08.047,413.3189653780722,7
2024-09-18 14:39:08.075,413.3033655475237,1005
2024-09-18 14:39:08.098,413.3004061075381,100
2024-09-18 14:39:08.134,413.2817607918939,96
2024-09-18 14:39:08.345,413.2943195461224,96
2024-09-18 14:39:08.373,413.2925505189451,102
2024-09-18 14:39:08.435,413.2709996459469,96
2024-09-18 14:39:08.459,413.2893453892889,96
2024-09-18 14:39:08.529,413.2939686386104,998
2024-09-18 14:39:08.571,413.3043120270287,12
2024-09-18 14:39:08.635,413.28668551728896,1003
2024-09-18 14:39:08.637,413.302160350868,105
2024-09-18 14:39:08.651,413.29903420080274,995
2024-09-18 14:39:08.656,,995
2024-09-18 14:39:08.681,413.2958965275684,10
2024-09-18 14:39:08.703,413.29512880882817,1001
2024-09-18 14:39:08.748,413.292215449285,1001
2024-09-18 14:39:08.777,413.2978888825469,1004
2024-09-18 14:39:08.844,413.3117357363492,103
2024-09-18 14:39:08.846,413.3104477126122,104
2024-09-18 14:39:08.884,413.2982714419078,99
2024-09-18 14:39:08.920,413.29454035217657,97
2024-09-18 14:39:09.133,413.29111315432687,98
2024-09-18 14:39:09.743,413.276117923385,101
2024-09-18 14:39:09.872,413.2908035785608,96
2024-09-18 14:39:09.941,413.2852673852142,105
2024-09-18 14:39:10.121,413.2866649573041,1001
2024-09-18 14:39:10.508,413.2949629727814,100
2024-09-18 14:39:10.513,413.2992206260129,96
2024-09-18 14:39:10.635,-413.30067082128113,1003
2024-09-18 14:39:10.659,413.29631183699286,997
2024-09-18 14:39:10.776,413.280247089913,100
2024-09-18 14:39:11.007,413.2833753175357,13
2024-09-18 14:39:11.035,413.26963951621656,995
2024-09-18 14:39:11.081,413.2916467351725,13
2024-09-18 14:39:11.097,413.23358724265535,997
2024-09-18 14:39:11.137,413.2742091593237,12
2024-09-18 14:39:11.156,413.2533509125904,95
2024-09-18 14:39:11.163,413.2879898757441,105
2024-09-18 14:39:11.251,413.28795838480266,102
2024-09-18 14:39:11.317,413.2961052613223,11
2024-09-18 14:39:11.435,413.2580763894137,103
2024-09-18 14:39:11.442,413.2818189123015,15
2024-09-18 14:39:11.489,413.2757719872988,1002
2024-09-18 14:39:11.500,413.23812084883264,95
2024-09-18 14:39:11.528,413.2810971834985,14
2024-09-18 14:39:11.533,413.2880656248488,95
2024-09-18 14:39:11.552,413.26829591841545,7
2024-09-18 14:39:11.574,413.2402152538447,105
2024-09-18 14:39:11.581,413.2999061941024,1003
2024-09-18 14:39:11.668,413.2985559785432,97
2024-09-18 14:39:11.729,413.27297636477925,5
2024-09-18 14:39:11.814,413.2848401739728,101
2024-09-18 14:39:11.936,413.2699449125619,995
2024-09-18 14:39:11.936,413.2803019214736,7
2024-09-18 14:39:11.942,413.2695939755083,1001
2024-09-18 14:39:11.975,413.2483192106151,998
2024-09-18 14:39:12.001,413.283949905925,10
2024-09-18 14:39:12.027,413.3084358416378,100
2024-09-18 14:39:12.045,413.3204568284579,999
2024-09-18 14:39:12.102,413.2872202356578,997
2024-09-18 14:39:12.171,413.2901996037248,104
2024-09-18 14:39:12.187,413.2599449673701,7
2024-09-18 14:39:12.199,413.3174490835799,100
2024-09-18 14:39:12.207,413.3088315203076,12
2024-09-18 14:39:12.213,413.32386611493,996
2024-09-18 14:39:12.240,413.2997896989231,8
2024-09-18 14:39:12.366,413.2664374291217,101
2024-09-18 14:39:12.392,413.2960081123542,99
2024-09-18 14:39:12.457,413.29455452188313,9
2024-09-18 14:39:12.508,413.3174998988672,1003
2024-09-18 14:39:12.578,413.3134126549798,95
2024-09-18 14:39:12.578,413.32424550988543,101
2024-09-18 14:39:12.641,413.3257726070928,7
2024-09-18 14:39:12.704,413.3220434711279,998
2024-09-18 14:39:12.743,413.3290596621418,999
2024-09-18 14:39:12.780,413.3154104627503,11
2024-09-18 14:39:12.792,413.3320134527824,12
2024-09-18 14:39:12.852,413.3155589624062,995
2024-09-18 14:39:12.867,413.3215824100725,102
2024-09-18 14:39:12.947,413.2972327920754,7
2024-09-18 14:39:12.998,413.3244022314881,995
2024-09-18 14:39:13.202,413.3032968840774,95
2024-09-18 14:39:13.424,413.3044844772109,1000
2024-09-18 14:39:13.527,413.1560807129091,1003
2024-09-18 14:39:13.560,413.1686758895388,997
2024-09-18 14:39:13.633,413.2265740827159,998
2024-09-18 14:39:13.778,413.2066703471663,8
2024-09-18 14:39:13.801,413.31331835543045,997
2024-09-18 14:39:13.804,413.20005033800544,103
2024-09-18 14:39:13.808,413.16259016191935,98
2024-09-18 14:39:13.832,413.2573962979683,11
2024-09-18 14:39:13.836,413.2819435225272,8
2024-09-18 14:39:13.854,413.3291748727088,104
2024-09-18 14:39:13.956,413.2901556789907,10
2024-09-18 14:39:13.984,413.1996221871232,999
2024-09-18 14:39:14.054,413.1712018277543,14
2024-09-18 14:39:14.071,413.2047817593135,105
2024-09-18 14:39:14.086,413.1484550653348,8
2024-09-18 14:39:14.127,41.32043681628122,13
2024-09-18 14:39:14.154,413.2055095308279,1000
2024-09-18 14:39:14.229,413.1807163199396,97
2024-09-18 14:39:14.270,413.15865339056097,99
2024-09-18 14:39:14.284,413.1394717379334,7
2024-09-18 14:39:14.285,413.1532392663767,5
2024-09-18 14:39:14.333,413.15348851983646,14
2024-09-18 14:39:14.412,413.2227446231909,1001
2024-09-18 14:39:14.471,413.2053300849539,96
2024-09-18 14:39:14.493,413.1347499612935,96
2024-09-18 14:39:14.502,413.17799418896607,9
2024-09-18 14:39:14.526,413.16408940357087,1001
2024-09-18 14:39:14.541,413.1506708886655,97
2024-09-18 14:39:14.576,413.2020710449507,102
2024-09-18 14:39:14.590,413.2145059356785,98
2024-09-18 14:39:14.702,,1002
2024-09-18 14:39:14.734,413.1506837347083,101
2024-09-18 14:39:14.857,413.2108396434669,10
2024-09-18 14:39:14.884,413.2012926693751,12
2024-09-18 14:39:14.889,413.2002317772513,99
2024-09-18 14:39:14.936,413.1353824002955,96
2024-09-18 14:39:15.049,413.17906217134896,8
2024-09-18 14:39:15.228,413.200049059556,13
2024-09-18 14:39:15.242,413.2081285749066,100
2024-09-18 14:39:15.280,413.1811859418529,10
2024-09-18 14:39:15.498,413.2039940737036,999
2024-09-18 14:39:15.517,413.14949776153503,6
2024-09-18 14:39:15.761,413.1959573321259,99
2024-09-18 14:39:15.968,413.1642452998891,11
2024-09-18 14:39:16.020,413.1906180240867,97
2024-09-18 14:39:16.023,413.1515545741502,10
2024-09-18 14:39:16.087,413.1826807823044,995
2024-09-18 14:39:16.137,413.12631914921474,100
2024-09-18 14:39:16.208,413.1306240827824,1001
2024-09-18 14:39:16.296,413.14867874617386,15
2024-09-18 14:39:16.389,413.1666959858763,10
2024-09-18 14:39:16.394,413.13337188669055,1001
2024-09-18 14:39:16.409,413.1325923303719,105
2024-09-18 14:39:16.418,413.12705381515343,7
2024-09-18 14:39:16.451,413.1573099222789,1001
2024-09-18 14:39:16.464,413.17155145731385,1005
2024-09-18 14:39:16.505,413.1476583122952,6
2024-09-18 14:39:16.533,413.1407477078666,15
2024-09-18 14:39:16.545,413.1538915455377,998
2024-09-18 14:39:16.561,413.1436918898038,97
2024-09-18 14:39:16.746,413.1574073749281,11
2024-09-18 14:39:16.752,413.145181007074,999
2024-09-18 14:39:16.753,413.1242192733847,999
2024-09-18 14:39:16.787,413.14428434677217,1002
2024-09-18 14:39:16.823,413.134772077567,1000
2024-09-18 14:39:16.828,413.1497649226793,100
2024-09-18 14:39:16.842,413.149315305005,1000
2024-09-18 14:39:16.922,413.13225044830943,6
2024-09-18 14:39:16.933,413.1772938400268,12
2024-09-18 14:39:16.950,413.14307957447534,101
2024-09-18 14:39:16.980,413.16141909328616,102
2024-09-18 14:39:16.999,413.15319133585314,104
2024-09-18 14:39:17.007,413.053767557836,999
2024-09-18 14:39:17.049,413.0234178063915,7
2024-09-18 14:39:17.068,413.04604496714666,104
2024-09-18 14:39:17.069,413.1219416586165,1001
2024-09-18 14:39:17.084,413.0557184571326,103
2024-09-18 14:39:17.127,413.11437361644965,100
2024-09-18 14:39:17.140,413.0935405168713,101
2024-09-18 14:39:17.175,413.13842134622814,997
2024-09-18 14:39:17.214,413.1333513520408,98
2024-09-18 14:39:17.282,413.07432976443135,11
2024-09-18 14:39:17.286,413.1023950134387,104
2024-09-18 14:39:17.297,413.097993370428,7
2024-09-18 14:39:17.391,413.1209332537836,1001
2024-09-18 14:39:17.400,413.054725310123,102
2024-09-18 14:39:17.418,413.0290311438072,998
2024-09-18 14:39:17.464,413.0445772266963,100
2024-09-18 14:39:17.483,413.0264064079113,98
2024-09-18 14:39:17.504,413.1244918466217,12
2024-09-18 14:39:17.617,,6
2024-09-18 14:39:17.667,413.1226855327082,5
2024-09-18 14:39:17.795,-413.0632236183693,11
2024-09-18 14:39:17.972,413.0817663023232,98
2024-09-18 14:39:18.188,413.11258703372977,12
2024-09-18 14:39:18.380,413.0421309419061,12
2024-09-18 14:39:18.549,413.0895578146503,996
2024-09-18 14:39:18.554,413.07753798846267,1005
2024-09-18 14:39:18.573,413.0505732973027,15
2024-09-18 14:39:18.581,413.0923847437342,13
2024-09-18 14:39:18.618,413.05936716975305,5
2024-09-18 14:39:18.663,413.0945618048144,10
2024-09-18 14:39:18.695,413.0257782953884,105
2024-09-18 14:39:18.734,413.04925598986506,104
2024-09-18 14:39:18.740,413.0966369863857,997
2024-09-18 14:39:18.787,413.0400504598771,101
2024-09-18 14:39:18.802,413.1080619340522,12
2024-09-18 14:39:18.975,413.1081970647834,5
2024-09-18 14:39:19.054,413.1083529624782,995
2024-09-18 14:39:19.175,413.10285389257234,6
2024-09-18 14:39:20.032,413.1418855709379,1004
2024-09-18 14:39:20.043,413.09817346271575,11
2024-09-18 14:39:20.118,413.0859202199341,98
2024-09-18 14:39:20.148,413.1038537274256,13
2024-09-18 14:39:20.184,413.0960248616541,97
2024-09-18 14:39:20.187,413.0893889833408,1003
2024-09-18 14:39:20.191,413.12387389681226,10
2024-09-18 14:39:20.192,413.10952184607993,8
2024-09-18 14:39:20.194,413.1122497297558,1005
2024-09-18 14:39:20.223,413.0985036967113,1005
2024-09-18 14:39:20.251,413.0948567054832,98
2024-09-18 14:39:20.301,413.1121330718053,997
2024-09-18 14:39:20.319,413.1058957418054,98
2024-09-18 14:39:20.359,413.0966652818103,1003
2024-09-18 14:39:20.361,413.1048217887779,5
2024-09-18 14:39:20.372,413.1122142835962,13
2024-09-18 14:39:20.380,413.101351376794,9
2024-09-18 14:39:20.402,413.0920152139466,995
2024-09-18 14:39:20.479,41.31321133538047,996
2024-09-18 14:39:20.636,413.0949049753166,11
2024-09-18 14:39:20.673,413.0983712050934,11
2024-09-18 14:39:20.708,413.08184097818565,105
2024-09-18 14:39:20.710,413.11812115755856,6
2024-09-18 14:39:20.777,413.0856623569355,14
2024-09-18 14:39:20.850,413.0869219895187,996
2024-09-18 14:39:20.854,413.0859602412317,14
2024-09-18 14:39:20.912,413.1316348779436,14
2024-09-18 14:39:20.974,413.0972399774079,1003
2024-09-18 14:39:20.986,413.1040856487637,10
2024-09-18 14:39:20.991,413.0951191175708,1003
2024-09-18 14:39:21.102,407.1947088074464,97
2024-09-18 14:39:21.124,413.07685915125126,99
2024-09-18 14:39:21.178,413.05501248928846,11
2024-09-18 14:39:21.296,413.0408072328767,1000
2024-09-18 14:39:21.358,413.0547882669092,15
2024-09-18 14:39:21.416,413.02569181224567,7
2024-09-18 14:39:21.467,413.0514189901812,5
2024-09-18 14:39:21.536,413.0736622614551,11
2024-09-18 14:39:21.542,413.0794755201687,998
2024-09-18 14:39:21.582,413.0321278615666,104
2024-09-18 14:39:21.675,413.0502318010325,6
2024-09-18 14:39:21.716,413.061711210678,104
2024-09-18 14:39:21.725,413.04882766229,14
2024-09-18 14:39:21.757,413.0662273552082,100
2024-09-18 14:39:21.770,41.30376403180146,996
2024-09-18 14:39:21.847,413.0484748317048,99
2024-09-18 14:39:21.856,413.05625739019496,1000
2024-09-18 14:39:21.866,413.0421301993991,15
2024-09-18 14:39:21.972,413.0418340447542,1001
2024-09-18 14:39:21.992,413.0856672561711,1005
2024-09-18 14:39:22.020,413.0226804437697,13
2024-09-18 14:39:22.028,412.9884610185648,9
2024-09-18 14:39:22.034,413.0240569437124,8
2024-09-18 14:39:22.134,412.9714050864838,997
2024-09-18 14:39:22.193,413.042759535277,1000
2024-09-18 14:39:22.233,413.0023377811652,5
2024-09-18 14:39:22.295,413.01321537255217,104
2024-09-18 14:39:22.310,412.9837311137368,1003
2024-09-18 14:39:22.363,412.9987107587149,12
2024-09-18 14:39:22.388,413.0058373892221,101
2024-09-18 14:39:22.448,412.9938027983444,101
2024-09-18 14:39:22.492,412.98495352949215,7
2024-09-18 14:39:22.508,412.97089230741096,105
2024-09-18 14:39:22.629,413.0171673267423,5
2024-09-18 14:39:22.636,412.9909247654867,999
2024-09-18 14:39:22.723,412.9911598194002,8
2024-09-18 14:39:22.733,412.985522531091,98
2024-09-18 14:39:22.811,413.0452168950872,104
2024-09-18 14:39:22.814,413.002510703325,1005
2024-09-18 14:39:22.844,413.047107454624,15
2024-09-18 14:39:22.863,413.0127294843814,12
2024-09-18 14:39:22.865,412.9920174191703,102
2024-09-18 14:39:23.011,-412.8910210144152,1000
2024-09-18 14:39:23.055,412.9100383439716,12
2024-09-18 14:39:23.065,412.8988989405421,11
2024-09-18 14:39:23.119,412.9483797707488,12
2024-09-18 14:39:23.139,412.9239605253713,99
2024-09-18 14:39:23.144,412.929973901744,999
2024-09-18 14:39:23.221,412.94243749892166,11
2024-09-18 14:39:23.301,412.9468367560676,15
2024-09-18 14:39:23.312,412.90771211527294,7
2024-09-18 14:39:23.342,412.8938624173184,104
2024-09-18 14:39:23.451,412.898977695458,8
2024-09-18 14:39:23.452,412.9087694962661,95
2024-09-18 14:39:23.536,412.9090943993313,13
2024-09-18 14:39:23.561,41.29559581637773,13
2024-09-18 14:39:23.573,412.9550670796596,105
2024-09-18 14:39:23.574,412.9507219512166,9
2024-09-18 14:39:23.654,412.9693751450861,1004
2024-09-18 14:39:23.729,412.91711460451177,5
2024-09-18 14:39:23.764,412.8997850010387,1000
2024-09-18 14:39:23.827,412.926536864564,12
2024-09-18 14:39:23.893,412.9364126472658,13
2024-09-18 14:39:23.894,412.8971461453175,1004
2024-09-18 14:39:23.962,412.9387518309641,996
2024-09-18 14:39:24.021,412.96392750907256,101
2024-09-18 14:39:24.028,412.95786350463226,1005
2024-09-18 14:39:24.068,412.9638924938056,6
2024-09-18 14:39:24.087,412.9358955206149,101
2024-09-18 14:39:24.618,412.96395365573983,8
2024-09-18 14:39:24.865,412.96643589859394,99
2024-09-18 14:39:25.053,412.9775097731284,997
2024-09-18 14:39:25.087,412.9475750400857,15
2024-09-18 14:39:25.088,413.0214773493837,995
2024-09-18 14:39:25.130,412.9843902876922,102
2024-09-18 14:39:25.166,413.0633741044901,1000
2024-09-18 14:39:25.207,412.9845223625443,5
2024-09-18 14:39:25.250,412.9588980735942,8
2024-09-18 14:39:25.333,412.9933103801831,998
2024-09-18 14:39:25.351,412.9933243840255,105
2024-09-18 14:39:25.435,413.05611639168,96
2024-09-18 14:39:25.500,413.0434907597281,96
2024-09-18 14:39:25.506,412.9895174742741,97
2024-09-18 14:39:25.513,413.00520265218256,96
2024-09-18 14:39:25.524,413.05504970856754,1000
2024-09-18 14:39:25.667,413.03178907340384,14
2024-09-18 14:39:25.674,413.02568987852845,12
2024-09-18 14:39:25.686,413.0000499361086,99
2024-09-18 14:39:25.691,412.9801871651555,5
2024-09-18 14:39:25.721,412.9992783069486,999
2024-09-18 14:39:25.757,412.99286563208994,998
2024-09-18 14:39:25.763,412.9868351755724,1001
2024-09-18 14:39:25.764,413.0042756374996,105
2024-09-18 14:39:25.798,412.9624896960402,98
2024-09-18 14:39:25.896,412.9648212686144,995
2024-09-18 14:39:25.920,412.9751722150341,9
2024-09-18 14:39:25.963,412.97341134478927,13
2024-09-18 14:39:26.023,413.0623663879419,1005
2024-09-18 14:39:26.069,413.0873745801121,1000
2024-09-18 14:39:26.300,413.06958062715074,995
2024-09-18 14:39:26.303,-413.0631401270651,6
2024-09-18 14:39:26.319,413.0626768308809,9
2024-09-18 14:39:26.385,413.0628925965702,1004
2024-09-18 14:39:26.528,413.0705086674296,95
2024-09-18 14:39:26.555,413.06355645376937,102
2024-09-18 14:39:26.760,413.05673355201407,13
2024-09-18 14:39:26.773,413.0532596651697,1003
2024-09-18 14:39:26.796,413.0725196240795,7
2024-09-18 14:39:26.990,413.0726288009461,999
2024-09-18 14:39:27.005,413.1030534878772,7
2024-09-18 14:39:27.035,413.0802629515868,99
2024-09-18 14:39:27.050,413.14094932245695,6
2024-09-18 14:39:27.051,413.1318307829354,102
2024-09-18 14:39:27.096,413.089483221219,999
2024-09-18 14:39:27.127,413.13508653796015,10
2024-09-18 14:39:27.195,413.07739526270535,11
2024-09-18 14:39:27.209,413.10153185800425,105
2024-09-18 14:39:27.229,413.0997637973092,1004
2024-09-18 14:39:27.280,413.1069308959152,105
2024-09-18 14:39:27.300,413.0866425429942,104
2024-09-18 14:39:27.301,413.0913664526184,99
2024-09-18 14:39:27.383,413.11547281841626,1005
2024-09-18 14:39:27.407,413.0853966587141,9
2024-09-18 14:39:27.415,413.0925766456605,14
2024-09-18 14:39:27.465,413.07530443625495,101
2024-09-18 14:39:27.486,413.063923909002,13
2024-09-18 14:39:27.521,413.1316155338896,96
2024-09-18 14:39:27.546,413.07028479714666,98
2024-09-18 14:39:27.573,413.0928832500289,1002
2024-09-18 14:39:27.583,413.08766012430334,11
2024-09-18 14:39:27.785,413.0952078766901,998
2024-09-18 14:39:27.826,413.0871732055404,12
2024-09-18 14:39:27.841,413.0855833388329,98
2024-09-18 14:39:27.848,413.13629853397737,996
2024-09-18 14:39:27.907,413.10575966492985,9
2024-09-18 14:39:27.932,413.0929224641097,1003
2024-09-18 14:39:27.948,413.1033652638713,6
2024-09-18 14:39:27.982,413.1049212924264,10
2024-09-18 14:39:28.003,412.9905016225986,102
2024-09-18 14:39:28.124,413.0229833836959,12
2024-09-18 14:39:28.138,413.0756224824708,103
2024-09-18 14:39:28.138,413.0004184827365,997
2024-09-18 14:39:28.164,412.9952398323754,8
2024-09-18 14:39:28.212,413.01943901797927,8
2024-09-18 14:39:28.226,412.9979012881262,10
2024-09-18 14:39:28.267,413.0220770599284,15
2024-09-18 14:39:28.331,413.0300139575715,7
2024-09-18 14:39:28.334,413.0198528165259,1001
2024-09-18 14:39:28.370,413.010994553985,11
2024-09-18 14:39:28.381,413.0155362785812,99
2024-09-18 14:39:28.572,413.0107014924295,995
2024-09-18 14:39:28.653,412.9904943191987,97
2024-09-18 14:39:28.667,413.01498828783696,105
2024-09-18 14:39:28.706,,6
2024-09-18 14:39:28.718,413.05382700274913,1002
2024-09-18 14:39:28.802,413.0343721212131,1000
2024-09-18 14:39:28.807,413.00195416486986,103
2024-09-18 14:39:28.857,412.9882791206454,98
2024-09-18 14:39:28.878,413.0394115043086,998
2024-09-18 14:39:28.878,413.0220357279649,1005
2024-09-18 14:39:28.948,413.0146952422107,1003
2024-09-18 14:39:28.968,413.05906620199465,101
2024-09-18 14:39:29.161,413.0066051493596,6
2024-09-18 14:39:29.436,413.0205454178024,97
2024-09-18 14:39:29.760,407.19324140439295,95
2024-09-18 14:39:29.916,413.03193004794,8
2024-09-18 14:39:30.016,413.0214460440989,105
2024-09-18 14:39:30.099,413.01554239324287,1001
2024-09-18 14:39:30.099,413.0211986788135,999
2024-09-18 14:39:31.031,413.046817697512,97
2024-09-18 14:39:31.031,413.0438867798913,102
2024-09-18 14:39:31.050,412.995756710698,14
2024-09-18 14:39:31.059,413.0398858999336,996
2024-09-18 14:39:31.063,413.0024273968125,104
2024-09-18 14:39:31.099,413.01214894917024,1000
2024-09-18 14:39:31.156,413.0024964725816,996
2024-09-18 14:39:31.188,413.04333505525307,998
2024-09-18 14:39:31.318,413.0121822993975,14
2024-09-18 14:39:31.321,413.02136510582136,100
2024-09-18 14:39:31.386,412.99656738427177,104
2024-09-18 14:39:31.457,413.0403141872828,998
2024-09-18 14:39:31.477,413.024254536692,9
2024-09-18 14:39:31.521,413.00552812998376,102
2024-09-18 14:39:31.550,413.0003362591556,14
2024-09-18 14:39:31.570,413.02154762231066,15
2024-09-18 14:39:31.579,413.02386635787343,13
2024-09-18 14:39:31.599,413.031779562637,999
2024-09-18 14:39:31.704,413.0361420569773,1004
2024-09-18 14:39:31.845,412.9892983498297,10
2024-09-18 14:39:31.875,413.03199529212094,999
2024-09-18 14:39:31.901,412.9928150312064,10
2024-09-18 14:39:31.928,412.99240206611313,1002
2024-09-18 14:39:32.130,412.8745826154706,15
2024-09-18 14:39:32.144,412.89570560746506,9
2024-09-18 14:39:32.197,412.9436072483624,995
2024-09-18 14:39:32.246,412.9006427917585,103
2024-09-18 14:39:32.304,,1003
2024-09-18 14:39:32.387,412.86613931448176,104
2024-09-18 14:39:32.460,412.8794742052383,14
2024-09-18 14:39:32.494,412.9086259658446,101
2024-09-18 14:39:32.499,412.9112172396975,10
2024-09-18 14:39:32.512,412.8612575940154,96
2024-09-18 14:39:32.516,412.869396783688,99
2024-09-18 14:39:32.526,412.8663534496033,998
2024-09-18 14:39:32.535,412.85591791754456,101
2024-09-18 14:39:32.541,412.9824116699562,996
2024-09-18 14:39:32.550,412.9189611370829,1004
2024-09-18 14:39:32.566,412.9772882312275,6
2024-09-18 14:39:32.621,412.9025139005128,10
2024-09-18 14:39:32.642,412.9468982094384,998
2024-09-18 14:39:32.732,412.8540928608364,14
2024-09-18 14:39:32.775,412.9213763989793,102
2024-09-18 14:39:32.777,412.9927600789588,102
2024-09-18 14:39:32.780,412.85089877763977,12
2024-09-18 14:39:32.782,412.8780665162087,104
2024-09-18 14:39:32.799,412.8798276216788,99
2024-09-18 14:39:32.886,412.95750210528126,1002
2024-09-18 14:39:32.936,412.8600604637812,98
2024-09-18 14:39:32.965,412.8457710205832,7
2024-09-18 14:39:33.007,412.8592736156928,98
2024-09-18 14:39:33.191,412.88748743294735,103
2024-09-18 14:39:33.316,412.9076622961582,5
2024-09-18 14:39:33.318,412.8966784243796,104
2024-09-18 14:39:33.355,412.8606128163664,11
2024-09-18 14:39:33.424,412.9011565422326,96
2024-09-18 14:39:33.468,412.88794454329513,99
2024-09-18 14:39:33.626,412.91781507423815,97
2024-09-18 14:39:33.674,412.902663298108,95
2024-09-18 14:39:33.776,412.9023300676554,6
2024-09-18 14:39:33.812,412.8748946058815,15
2024-09-18 14:39:33.962,412.9185987759175,7
2024-09-18 14:39:33.990,412.9015843161726,97
2024-09-18 14:39:34.024,412.9033462607248,96
2024-09-18 14:39:34.062,412.91834795886047,8
2024-09-18 14:39:34.093,412.88800668429377,8
2024-09-18 14:39:34.100,412.8985304798698,7
2024-09-18 14:39:34.114,412.91059483146176,99
2024-09-18 14:39:34.200,412.8943068821553,9
2024-09-18 14:39:34.375,412.8741811820759,12
2024-09-18 14:39:34.451,412.8761834030405,101
2024-09-18 14:39:34.477,407.19392459267823,12
2024-09-18 14:39:34.526,412.8859117223573,1004
2024-09-18 14:39:34.597,412.91001357681984,7
2024-09-18 14:39:34.650,412.866958715256,1002
2024-09-18 14:39:34.702,412.9146154622733,11
2024-09-18 14:39:34.716,412.8932052623861,97
2024-09-18 14:39:34.723,412.8806406679888,1004
2024-09-18 14:39:34.735,412.9073663778424,5
2024-09-18 14:39:34.739,412.8734244466254,1000
2024-09-18 14:39:34.769,412.8905646704331,7
2024-09-18 14:39:34.834,412.86955095398486,97
2024-09-18 14:39:34.838,412.884035879219,13
2024-09-18 14:39:34.901,412.8925102136478,15
2024-09-18 14:39:34.948,412.9021409829787,996
2024-09-18 14:39:34.994,412.8814752412207,104
2024-09-18 14:39:34.994,412.8845553335359,12
2024-09-18 14:39:35.001,412.8709287198308,8
2024-09-18 14:39:35.010,412.8420790913134,10
2024-09-18 14:39:35.011,412.8393144160797,104
2024-09-18 14:39:35.085,412.828268713741,98
2024-09-18 14:39:35.351,412.8618640697401,97
2024-09-18 14:39:35.619,412.8467464175098,11
2024-09-18 14:39:36.006,412.8649041374405,1000
2024-09-18 14:39:36.149,412.8190866583223,1003
2024-09-18 14:39:36.287,412.83183959366767,96
2024-09-18 14:39:36.347,412.85487979246255,99
2024-09-18 14:39:36.547,412.8366044350996,13
2024-09-18 14:39:36.558,412.8308064394927,14
2024-09-18 14:39:36.674,412.8412521702225,1002
2024-09-18 14:39:36.741,,8
2024-09-18 14:39:36.822,412.86439954773454,103
2024-09-18 14:39:36.878,412.8367920453043,5
2024-09-18 14:39:36.879,412.84218903042,8
2024-09-18 14:39:36.898,,103
2024-09-18 14:39:36.970,412.8753101848105,14
2024-09-18 14:39:37.029,412.8784355928949,103
2024-09-18 14:39:37.100,412.85252947432406,995
2024-09-18 14:39:37.194,412.84790644081255,96
2024-09-18 14:39:37.208,412.8654016375926,12
2024-09-18 14:39:37.317,412.8888944581265,10
2024-09-18 14:39:37.424,412.8525987154479,95
2024-09-18 14:39:37.520,412.8825187793988,7
2024-09-18 14:39:37.551,412.8895198574715,8
2024-09-18 14:39:37.695,412.8431063324532,101
2024-09-18 14:39:37.730,412.8537467487751,15
2024-09-18 14:39:37.845,412.89554004112,96
2024-09-18 14:39:38.088,412.91531851274135,101
2024-09-18 14:39:38.136,412.91985618836657,13
2024-09-18 14:39:38.137,412.9198308827107,9
2024-09-18 14:39:38.274,412.91530238154223,8
2024-09-18 14:39:38.303,412.8998504841572,998
2024-09-18 14:39:38.310,412.9388145292545,1004
2024-09-18 14:39:38.408,412.9167122711604,13
2024-09-18 14:39:38.487,412.9401768655113,995
2024-09-18 14:39:38.672,412.9294870154541,7
2024-09-18 14:39:38.707,412.9374204987863,103
2024-09-18 14:39:38.800,412.8980418855162,7
2024-09-18 14:39:38.863,412.938584145494,1000
2024-09-18 14:39:38.865,412.9067411054679,997
2024-09-18 14:39:39.127,412.9229157901847,15
2024-09-18 14:39:39.180,412.88562625697415,98
2024-09-18 14:39:39.252,412.9059512433169,14
2024-09-18 14:39:39.254,412.9596455507589,11
2024-09-18 14:39:39.295,412.923066624632,996
2024-09-18 14:39:39.355,412.8925657235948,102
2024-09-18 14:39:39.481,412.9124032448688,96
2024-09-18 14:39:39.497,-412.92592962228014,1002
2024-09-18 14:39:39.508,412.94122973215866,101
2024-09-18 14:39:39.509,412.9428740339635,104
2024-09-18 14:39:39.608,412.9023796384645,998
2024-09-18 14:39:39.647,412.8969111601831,995
2024-09-18 14:39:40.015,412.8782248310434,1000
2024-09-18 14:39:40.021,412.876359945658,97
2024-09-18 14:39:40.099,412.777843550416,100
2024-09-18 14:39:40.151,412.7886890545862,997
2024-09-18 14:39:40.168,412.7851129678477,99
2024-09-18 14:39:40.196,412.9164193791822,100
2024-09-18 14:39:40.209,412.7839674398918,997
2024-09-18 14:39:40.251,412.7777527582756,997
2024-09-18 14:39:40.284,412.7727372014398,1005
2024-09-18 14:39:40.293,412.7536053735251,13
2024-09-18 14:39:40.329,407.3766316059487,995
2024-09-18 14:39:40.363,412.8018086031925,13
2024-09-18 14:39:40.441,412.854495168096,103
2024-09-18 14:39:40.455,412.9102369515742,1002
2024-09-18 14:39:40.505,412.7887089831787,1005
2024-09-18 14:39:40.513,412.9073166031167,999
2024-09-18 14:39:40.524,412.77719361857294,1000
2024-09-18 14:39:40.562,412.7731838485383,105
2024-09-18 14:39:40.605,412.775706311953,996
2024-09-18 14:39:40.637,412.77259001183694,98
2024-09-18 14:39:40.671,412.8593279707363,104
2024-09-18 14:39:40.697,412.7904446649979,8
2024-09-18 14:39:40.724,412.8025490359405,1000
2024-09-18 14:39:40.847,412.787461019961,102
2024-09-18 14:39:40.852,412.8618990478575,11
2024-09-18 14:39:40.892,412.88149513207327,101
2024-09-18 14:39:40.906,412.7654970653488,11
2024-09-18 14:39:40.940,412.8389295265184,995
2024-09-18 14:39:40.953,412.8326620101082,13
2024-09-18 14:39:41.065,412.82452700597867,100
2024-09-18 14:39:41.068,412.83859352853074,97
2024-09-18 14:39:41.121,412.76879532688326,1003
2024-09-18 14:39:41.262,412.7935699734106,1005
2024-09-18 14:39:41.300,412.7981055959596,13
2024-09-18 14:39:41.341,,11
2024-09-18 14:39:41.412,412.7875666386839,5
2024-09-18 14:39:41.447,412.84379186207593,15
2024-09-18 14:39:41.465,412.7804082599597,1002
2024-09-18 14:39:41.478,412.7752811746107,98
2024-09-18 14:39:41.549,412.7676255303799,103
2024-09-18 14:39:41.558,412.7892973206343,999
2024-09-18 14:39:41.666,412.7848359061754,100
2024-09-18 14:39:41.746,412.81754366951566,1003
2024-09-18 14:39:41.776,412.7821985096406,96
2024-09-18 14:39:41.856,412.7932006329317,8
2024-09-18 14:39:41.876,412.77928623245,12
2024-09-18 14:39:41.901,412.8089318042239,97
2024-09-18 14:39:42.162,412.7863103135056,12
2024-09-18 14:39:42.376,412.7759429404236,1004
2024-09-18 14:39:42.412,412.7746488989807,1001
2024-09-18 14:39:42.421,412.7770906429293,1001
2024-09-18 14:39:42.494,412.7977289594267,98
2024-09-18 14:39:42.557,412.80746046628985,14
2024-09-18 14:39:42.625,412.7825902779896,6
2024-09-18 14:39:42.640,412.8093657405309,96
2024-09-18 14:39:42.685,412.8059158856726,96
2024-09-18 14:39:42.737,412.7690053762021,99
2024-09-18 14:39:42.961,,10
2024-09-18 14:39:43.014,412.8056949846932,999
2024-09-18 14:39:43.176,412.8088446368213,1005
2024-09-18 14:39:43.209,412.80184654686,7
2024-09-18 14:39:43.333,412.7807522481933,98
2024-09-18 14:39:43.347,412.8187467017516,997
2024-09-18 14:39:43.354,412.7957485646189,996
2024-09-18 14:39:43.355,412.7897122995911,100
2024-09-18 14:39:43.367,412.81785665504,104
2024-09-18 14:39:43.431,412.8116718686446,998
2024-09-18 14:39:43.480,-412.8346744797333,996
2024-09-18 14:39:43.610,412.80675084490446,12
2024-09-18 14:39:43.640,412.79768995830966,9
2024-09-18 14:39:43.651,412.7668580889997,98
2024-09-18 14:39:43.682,412.79046869946376,1004
2024-09-18 14:39:43.727,412.79844842018514,96
2024-09-18 14:39:44.143,412.7662086187742,8
2024-09-18 14:39:44.175,412.75704072536166,1001
2024-09-18 14:39:44.181,412.7912601198583,103
2024-09-18 14:39:44.195,412.7979541014158,97
2024-09-18 14:39:44.222,412.7440789868885,102
2024-09-18 14:39:44.233,412.7521965587661,103
2024-09-18 14:39:44.265,412.7971644104465,6
2024-09-18 14:39:44.280,412.7850166872273,102
2024-09-18 14:39:44.307,412.79261999404326,1001
2024-09-18 14:39:44.377,-412.8112751889442,9
2024-09-18 14:39:44.378,412.78814899803257,102
2024-09-18 14:39:44.387,412.7341210372743,5
2024-09-18 14:39:44.489,412.75581337641887,995
2024-09-18 14:39:44.506,412.7661522381596,6
2024-09-18 14:39:44.611,412.8239807094489,102
2024-09-18 14:39:44.614,412.7827947251809,7
2024-09-18 14:39:44.637,412.77184126608006,101
2024-09-18 14:39:44.663,412.8218835118946,1005
2024-09-18 14:39:44.677,412.7863124139537,11
2024-09-18 14:39:44.820,412.7566264140988,102
2024-09-18 14:39:44.823,412.7803337287336,14
2024-09-18 14:39:44.894,412.74512489838224,1001
2024-09-18 14:39:44.897,412.7915301283066,999
2024-09-18 14:39:44.931,41.27671082779335,14
2024-09-18 14:39:44.962,412.7599820058848,104
2024-09-18 14:39:45.140,412.7910719314212,6
2024-09-18 14:39:45.149,412.788586526,15
2024-09-18 14:39:45.165,412.7697243818002,105
2024-09-18 14:39:45.326,412.7839998463242,13
2024-09-18 14:39:45.346,412.7813282203956,5
2024-09-18 14:39:45.382,412.778962609674,7
2024-09-18 14:39:45.396,412.7917739313024,101
2024-09-18 14:39:45.455,412.7735091579843,1003
2024-09-18 14:39:45.531,412.7863155587699,1000
2024-09-18 14:39:45.601,412.7711310026982,998
2024-09-18 14:39:45.675,412.7991912789544,998
2024-09-18 14:39:45.707,412.766875234355,995
2024-09-18 14:39:45.813,412.77726592288377,5
2024-09-18 14:39:45.858,412.7778753695728,97
2024-09-18 14:39:45.887,412.7901928799496,104
2024-09-18 14:39:46.518,407.37861055764927,96
2024-09-18 14:39:47.012,412.789786053122,11
2024-09-18 14:39:47.280,412.7725929199912,100
2024-09-18 14:39:47.313,412.7836235399592,103
2024-09-18 14:39:47.416,412.78031965613366,1000
2024-09-18 14:39:47.448,412.76047230208064,104
2024-09-18 14:39:47.462,412.7753793243922,1002
2024-09-18 14:39:47.525,412.7689499514949,996
2024-09-18 14:39:47.626,412.7871071143378,9
2024-09-18 14:39:47.646,412.7783359325231,5
2024-09-18 14:39:47.784,412.7762703320636,96
2024-09-18 14:39:47.785,412.78779834731824,12
2024-09-18 14:39:47.805,412.79552718026224,5
2024-09-18 14:39:47.864,412.79941458706105,999
2024-09-18 14:39:47.924,412.7694446635039,14
2024-09-18 14:39:48.261,412.7786951154108,999
2024-09-18 14:39:48.403,412.7890295049253,9
2024-09-18 14:39:48.465,41.27921996341867,1002
2024-09-18 14:39:48.753,412.7841980630311,14
2024-09-18 14:39:49.422,412.7846434706744,7
2024-09-18 14:39:49.880,412.77318033056457,104
2024-09-18 14:39:49.882,412.80819179777353,96
2024-09-18 14:39:49.908,407.367669982115,11
2024-09-18 14:39:49.973,412.77495001534896,8
2024-09-18 14:39:49.990,412.7865328999383,97
2024-09-18 14:39:50.015,412.8007541590942,1003
2024-09-18 14:39:50.113,412.7596741038038,997
2024-09-18 14:39:50.159,412.7713289308405,1002
2024-09-18 14:39:50.462,412.7352981106472,1004
2024-09-18 14:39:50.489,412.7676822430203,103
2024-09-18 14:39:50.489,412.7663951192802,97
2024-09-18 14:39:50.548,412.7791447366449,1001
2024-09-18 14:39:50.553,41.27960950088905,96
2024-09-18 14:39:50.629,412.7743320515258,100
2024-09-18 14:39:50.629,412.7768125339643,9
2024-09-18 14:39:50.665,412.7839202807105,998
2024-09-18 14:39:50.688,412.7788606924372,100
2024-09-18 14:39:50.689,412.8078969853006,1003
2024-09-18 14:39:50.689,412.7896247130362,7
2024-09-18 14:39:50.709,412.7632757634733,11
2024-09-18 14:39:50.737,412.7760909895616,99
2024-09-18 14:39:50.771,412.78918009886434,8
2024-09-18 14:39:50.773,412.778834937377,9
2024-09-18 14:39:50.844,412.8081696079468,997
2024-09-18 14:39:50.858,412.7642470950796,6
2024-09-18 14:39:50.862,412.734844777423,13
2024-09-18 14:39:50.909,412.7741427637704,14
2024-09-18 14:39:50.955,412.75994402977005,1003
2024-09-18 14:39:50.971,412.7925694192497,1000
2024-09-18 14:39:50.997,412.7343740740008,998
2024-09-18 14:39:50.998,412.7594202372069,105
2024-09-18 14:39:51.000,412.7778144714269,1005
2024-09-18 14:39:51.040,412.7712896127299,5
2024-09-18 14:39:51.086,412.80303780800415,15
2024-09-18 14:39:51.116,412.7878704306302,1005
2024-09-18 14:39:51.266,412.8228580288348,10
2024-09-18 14:39:51.302,412.8038737990975,998
2024-09-18 14:39:51.328,412.80270247248177,997
2024-09-18 14:39:51.353,412.80598015468166,96
2024-09-18 14:39:51.383,412.8067116323268,8
2024-09-18 14:39:51.388,412.7746260211084,1005
2024-09-18 14:39:51.408,412.81155653887697,12
2024-09-18 14:39:51.436,412.7940054699224,103
2024-09-18 14:39:51.653,412.7785632010458,104
2024-09-18 14:39:51.685,412.8057857015188,101
2024-09-18 14:39:51.794,412.7772316634378,103
2024-09-18 14:39:51.798,412.8099407385252,1003
2024-09-18 14:39:51.820,412.77992622120894,996
2024-09-18 14:39:51.864,412.7974862689743,12
2024-09-18 14:39:51.869,412.7850901124663,6
2024-09-18 14:39:51.875,412.8157049938904,1005
2024-09-18 14:39:51.923,412.795909515173,995
2024-09-18 14:39:51.951,412.8095426184715,13
2024-09-18 14:39:51.953,412.8028505529629,97
2024-09-18 14:39:51.964,412.8151626334469,996
2024-09-18 14:39:52.037,412.8108413979163,11
2024-09-18 14:39:52.084,412.8415484245998,99
2024-09-18 14:39:52.093,412.8254313297125,12
2024-09-18 14:39:52.160,412.8407510271519,998
2024-09-18 14:39:52.176,412.8581290537916,12
2024-09-18 14:39:52.194,412.8508316854072,7
2024-09-18 14:39:52.267,412.87278917717424,13
2024-09-18 14:39:52.300,412.8347256886122,5
2024-09-18 14:39:52.309,412.8096741243796,1005
2024-09-18 14:39:52.329,412.822220464908,98
2024-09-18 14:39:52.348,412.8055857639207,104
2024-09-18 14:39:52.458,412.8398593751424,12
2024-09-18 14:39:52.515,412.84920743775785,1003
2024-09-18 14:39:52.576,-412.8577574459407,996
2024-09-18 14:39:52.598,41.279836212754425,995
2024-09-18 14:39:52.710,412.8378121748712,5
2024-09-18 14:39:52.715,412.8486375469836,1002
2024-09-18 14:39:52.848,412.85889101120176,6
2024-09-18 14:39:52.976,,97
2024-09-18 14:39:53.015,412.8701840674996,998
2024-09-18 14:39:53.134,412.9146203325472,103
2024-09-18 14:39:53.200,412.8612593172377,98
2024-09-18 14:39:53.337,412.8494555578888,995
2024-09-18 14:39:53.408,412.84028017725433,98
2024-09-18 14:39:53.496,412.8517575589466,7
2024-09-18 14:39:53.503,412.8638978024352,8
2024-09-18 14:39:53.594,412.8614988094317,9
2024-09-18 14:39:53.604,412.8453428187466,998
2024-09-18 14:39:53.783,412.89167518689993,15
2024-09-18 14:39:53.792,412.88169690545897,15
2024-09-18 14:39:53.818,412.90191161343006,7
2024-09-18 14:39:53.841,412.86183300767766,1002
2024-09-18 14:39:53.883,412.8461317679116,11
2024-09-18 14:39:53.967,412.933190535314,102
2024-09-18 14:39:54.032,412.9162843626034,103
2024-09-18 14:39:54.198,412.9460716030624,99
2024-09-18 14:39:54.241,412.9100473669002,12
2024-09-18 14:39:54.265,412.9247168918984,103
2024-09-18 14:39:54.367,412.9229300587356,10
2024-09-18 14:39:54.390,412.91178650658594,1002
2024-09-18 14:39:54.546,412.9287767864185,101
2024-09-18 14:39:54.604,412.9185683985714,15
2024-09-18 14:39:54.636,-412.9124826761536,9
2024-09-18 14:39:54.979,412.9075952770676,1005
2024-09-18 14:39:55.033,412.8989109803804,9
2024-09-18 14:39:55.105,412.893068874048,1005
2024-09-18 14:39:55.136,412.8988369442625,11
2024-09-18 14:39:55.148,412.8883419437547,6
2024-09-18 14:39:55.308,407.204627317212,12
2024-09-18 14:39:55.323,412.9200596074397,1003
2024-09-18 14:39:55.326,412.8605155721552,105
2024-09-18 14:39:55.330,407.2174306429376,1003
2024-09-18 14:39:55.392,412.9096176095251,102
2024-09-18 14:39:55.395,412.8975240837764,10
2024-09-18 14:39:55.449,412.89637739169,1004
2024-09-18 14:39:55.506,412.8698735441303,13
2024-09-18 14:39:55.507,412.8742841900705,10
2024-09-18 14:39:55.550,412.89166589609175,13
2024-09-18 14:39:55.556,412.8690114286536,7
2024-09-18 14:39:55.586,412.8954549888013,8
2024-09-18 14:39:55.593,412.8931527361228,997
2024-09-18 14:39:55.664,412.8923988142769,1002
2024-09-18 14:39:55.678,412.9034371904903,13
2024-09-18 14:39:55.687,412.9047360952948,95
2024-09-18 14:39:55.702,412.8883274922852,14
2024-09-18 14:39:55.711,412.9055612467338,97
2024-09-18 14:39:55.723,412.8731281252161,9
2024-09-18 14:39:55.800,-412.8912162452595,1002
2024-09-18 14:39:55.893,412.8735757869285,7
2024-09-18 14:39:55.907,412.9053749990544,97
2024-09-18 14:39:55.984,412.89399888572376,95
2024-09-18 14:39:55.987,412.8541478227236,96
2024-09-18 14:39:56.039,407.23716979088414,13
2024-09-18 14:39:56.678,407.2458633969453,105
2024-09-18 14:39:56.735,412.91818524493607,1000
2024-09-18 14:39:56.908,412.9189872436087,97
2024-09-18 14:39:56.927,41.29240658330857,1004
2024-09-18 14:39:57.017,412.8597488747013,10
2024-09-18 14:39:57.052,412.877220393867,10
2024-09-18 14:39:57.054,412.8958551513019,97
2024-09-18 14:39:57.126,412.9143269685762,999
2024-09-18 14:39:57.302,412.8747457458008,6
2024-09-18 14:39:57.313,412.8900213018328,8
2024-09-18 14:39:57.434,412.89774706884594,1000
2024-09-18 14:39:57.520,412.8704797102607,99
2024-09-18 14:39:57.561,412.8766787641757,1000
2024-09-18 14:39:57.614,412.8984471167351,102
2024-09-18 14:39:57.617,412.9215575874836,104
2024-09-18 14:39:57.642,412.8893043750373,997
2024-09-18 14:39:57.770,412.9057135182605,995
2024-09-18 14:39:57.836,412.8661155758424,103
2024-09-18 14:39:57.905,412.8949446757384,15
2024-09-18 14:39:57.954,412.9240518211652,96
2024-09-18 14:39:57.999,412.8701757493749,998
2024-09-18 14:39:58.005,412.90368008254455,105
2024-09-18 14:39:58.069,412.90298600360313,96
2024-09-18 14:39:58.081,412.8322099051514,1000
2024-09-18 14:39:58.089,412.9091856934559,99
2024-09-18 14:39:58.136,412.8715843628017,9
2024-09-18 14:39:58.167,412.9097145876642,995
2024-09-18 14:39:58.179,412.8446547348904,1000
2024-09-18 14:39:58.368,412.84113308808,1002
2024-09-18 14:39:58.414,412.8788972129773,1004
2024-09-18 14:39:58.476,412.86737251926127,13
2024-09-18 14:39:58.550,412.87393413404425,998
2024-09-18 14:39:58.559,412.8487574090251,1002
2024-09-18 14:39:58.610,412.9019998066954,104
2024-09-18 14:39:58.654,412.9162408579727,96
2024-09-18 14:39:58.762,412.86532949346594,104
2024-09-18 14:39:58.883,412.91649064744905,97
2024-09-18 14:39:58.906,412.8597384593564,104
2024-09-18 14:39:58.938,41.2838001522556,1001
2024-09-18 14:39:58.971,412.90810584870326,1005
2024-09-18 14:39:59.259,412.83217735883375,996
2024-09-18 14:39:59.331,412.8351420359934,999
2024-09-18 14:39:59.406,412.8001025296806,12
2024-09-18 14:39:59.469,412.8200669573048,96
2024-09-18 14:39:59.579,412.7755516805938,1001
2024-09-18 14:39:59.640,412.8598007076781,11
2024-09-18 14:39:59.694,412.805319502508,1001
2024-09-18 14:39:59.733,412.77636909456487,6
2024-09-18 14:39:59.777,412.81105377616535,104
2024-09-18 14:39:59.805,412.7942851050033,6
2024-09-18 14:39:59.878,412.8079268114449,12
2024-09-18 14:39:59.963,412.81197032532606,1003
