Timestamp,Price,Size
2024-09-17 11:48:00.006,414.3820468750268,996
2024-09-17 11:48:00.093,414.39024279400746,998
2024-09-17 11:48:00.146,414.372903528955,995
2024-09-17 11:48:00.148,414.36036117597934,15
2024-09-17 11:48:00.177,414.3548501497704,12
2024-09-17 11:48:00.190,414.3873443564168,998
2024-09-17 11:48:00.345,414.3768960936729,1002
2024-09-17 11:48:00.348,414.3476331136643,6
2024-09-17 11:48:00.414,414.3873488301897,7
2024-09-17 11:48:00.638,414.346715020622,97
2024-09-17 11:48:00.685,414.3832382689005,11
2024-09-17 11:48:00.715,414.3814690755298,102
2024-09-17 11:48:00.801,414.3958779005873,11
2024-09-17 11:48:00.868,414.3909056705921,998
2024-09-17 11:48:00.869,,1002
2024-09-17 11:48:01.016,414.4515246625892,1000
2024-09-17 11:48:01.116,414.4404307139784,13
2024-09-17 11:48:01.138,414.4529402190186,12
2024-09-17 11:48:01.198,414.4529804032789,104
2024-09-17 11:48:01.303,414.4568412015098,5
2024-09-17 11:48:01.349,414.4463634598284,14
2024-09-17 11:48:01.430,41.44431114123867,102
2024-09-17 11:48:01.443,414.411609087127,99
2024-09-17 11:48:01.514,414.45407932746457,10
2024-09-17 11:48:01.544,414.4613652387541,8
2024-09-17 11:48:01.585,414.4437338032378,100
2024-09-17 11:48:01.678,414.4423391671372,5
2024-09-17 11:48:01.786,414.43781575924976,11
2024-09-17 11:48:01.874,414.45589961580265,998
2024-09-17 11:48:01.923,414.4290716500647,1002
2024-09-17 11:48:02.136,414.4320036420956,1002
2024-09-17 11:48:02.270,414.46543301076304,13
2024-09-17 11:48:02.288,414.4866908115006,13
2024-09-17 11:48:02.326,414.4397759380578,15
2024-09-17 11:48:02.347,414.45938315844,13
2024-09-17 11:48:02.351,414.4208418137184,998
2024-09-17 11:48:02.376,414.4761792878161,97
2024-09-17 11:48:02.378,414.4792883897842,97
2024-09-17 11:48:02.468,414.4703357692487,8
2024-09-17 11:48:02.631,414.47458761968,999
2024-09-17 11:48:02.684,414.4616071286618,996
2024-09-17 11:48:02.752,414.4627530396066,7
2024-09-17 11:48:02.755,414.49120584318575,11
2024-09-17 11:48:02.858,414.4411083450471,1005
2024-09-17 11:48:02.883,414.4646656325455,9
2024-09-17 11:48:02.940,-414.4849216106614,1003
2024-09-17 11:48:02.949,414.4709870301296,105
2024-09-17 11:48:02.952,414.43787763924536,1000
2024-09-17 11:48:02.960,414.4765702296001,7
2024-09-17 11:48:02.996,414.4642471277973,12
2024-09-17 11:48:03.023,414.4409584313534,998
2024-09-17 11:48:03.135,414.5169721284674,11
2024-09-17 11:48:03.146,414.4564896479857,98
2024-09-17 11:48:03.162,414.3801356313263,15
2024-09-17 11:48:03.163,414.44631519610687,997
2024-09-17 11:48:03.227,414.4665476401125,95
2024-09-17 11:48:03.283,414.3616550351928,104
2024-09-17 11:48:03.293,414.4868450410254,1002
2024-09-17 11:48:03.307,414.4884056009962,15
2024-09-17 11:48:03.336,414.3887280930719,96
2024-09-17 11:48:03.387,414.4489711044819,11
2024-09-17 11:48:03.456,414.462844319156,101
2024-09-17 11:48:03.466,414.4811890577397,98
2024-09-17 11:48:03.487,414.4777029141468,14
2024-09-17 11:48:03.488,414.4973559128507,12
2024-09-17 11:48:03.697,414.4264194564116,7
2024-09-17 11:48:03.723,414.49327803311775,997
2024-09-17 11:48:03.729,414.3938183840015,997
2024-09-17 11:48:03.732,414.4748065037444,999
2024-09-17 11:48:03.798,414.4639388046475,104
2024-09-17 11:48:03.894,414.5046521046113,100
2024-09-17 11:48:03.970,414.4385352747126,95
2024-09-17 11:48:03.985,414.5008659287208,13
2024-09-17 11:48:04.023,414.42482986689527,997
2024-09-17 11:48:04.043,414.43870552314365,999
2024-09-17 11:48:04.067,414.40367423257135,999
2024-09-17 11:48:04.078,414.4163145817578,98
2024-09-17 11:48:04.079,414.4181360734521,998
2024-09-17 11:48:04.105,414.3964014603876,1005
2024-09-17 11:48:04.246,414.3932457409095,100
2024-09-17 11:48:04.279,414.418060815006,1001
2024-09-17 11:48:04.546,414.3867396482327,11
2024-09-17 11:48:04.562,414.3515664522396,103
2024-09-17 11:48:04.617,414.3629268779221,1004
2024-09-17 11:48:04.706,414.39548799287246,105
2024-09-17 11:48:04.769,414.3506715174884,105
2024-09-17 11:48:04.772,414.43146856118807,1001
2024-09-17 11:48:04.818,414.4225676972272,12
2024-09-17 11:48:04.828,,13
2024-09-17 11:48:04.855,414.3524168929114,6
2024-09-17 11:48:04.856,414.4149217635573,997
2024-09-17 11:48:04.879,414.3933390116956,996
2024-09-17 11:48:04.915,414.4282605246578,98
2024-09-17 11:48:04.942,414.4088718025813,102
2024-09-17 11:48:04.989,414.4195976746031,100
2024-09-17 11:48:04.990,414.41428777275263,999
2024-09-17 11:48:05.003,414.4561361300938,11
2024-09-17 11:48:05.010,414.43284177485657,105
2024-09-17 11:48:05.027,414.4650108311774,998
2024-09-17 11:48:05.044,414.4349732918238,9
2024-09-17 11:48:05.079,-414.4527682165356,1003
2024-09-17 11:48:05.085,414.43405908361945,101
2024-09-17 11:48:05.198,414.4509394727524,105
2024-09-17 11:48:05.201,414.44154295936056,14
2024-09-17 11:48:05.283,414.45664940797496,12
2024-09-17 11:48:05.364,414.454151516257,14
2024-09-17 11:48:05.402,414.4206252591962,1001
2024-09-17 11:48:05.500,414.44091629959513,103
2024-09-17 11:48:05.512,414.4524509080478,95
2024-09-17 11:48:05.525,414.4553250485116,8
2024-09-17 11:48:05.620,414.4461249303263,1001
2024-09-17 11:48:05.629,414.4457449142911,997
2024-09-17 11:48:05.735,414.45065157555297,12
2024-09-17 11:48:05.786,414.4184811980781,7
2024-09-17 11:48:05.798,414.4462544565209,6
2024-09-17 11:48:05.829,414.46700673726855,13
2024-09-17 11:48:05.967,414.4420950590782,5
2024-09-17 11:48:06.092,414.4725836777459,14
2024-09-17 11:48:06.120,414.4871550135643,1001
2024-09-17 11:48:06.154,41.445522709511685,1002
2024-09-17 11:48:06.328,414.4698859555108,1000
2024-09-17 11:48:06.377,414.4886273108782,96
2024-09-17 11:48:06.393,414.4461842522626,5
2024-09-17 11:48:06.400,414.44252626412793,104
2024-09-17 11:48:06.428,414.46654310383,6
2024-09-17 11:48:06.465,414.4640466328236,103
2024-09-17 11:48:06.726,414.4906405527575,10
2024-09-17 11:48:08.146,414.4818947951212,10
2024-09-17 11:48:08.157,414.4912884910209,99
2024-09-17 11:48:08.183,414.490358485374,101
2024-09-17 11:48:08.185,414.4854049044149,95
2024-09-17 11:48:08.194,414.4968965606497,8
2024-09-17 11:48:08.217,414.47912812250433,102
2024-09-17 11:48:08.259,414.4820943278978,9
2024-09-17 11:48:08.416,414.4743199981165,14
2024-09-17 11:48:08.568,414.4905626308857,11
2024-09-17 11:48:08.759,414.485316505965,12
2024-09-17 11:48:08.839,414.4816692690095,1005
2024-09-17 11:48:08.919,414.4732606400064,1000
2024-09-17 11:48:08.928,414.47392478448654,99
2024-09-17 11:48:08.982,414.477075548051,1002
2024-09-17 11:48:09.005,414.4670727567605,999
2024-09-17 11:48:09.046,414.4619225172817,105
2024-09-17 11:48:09.050,414.4435877475579,12
2024-09-17 11:48:09.090,414.4676873495793,995
2024-09-17 11:48:09.179,414.4748530283098,97
2024-09-17 11:48:09.205,414.4576273632375,100
2024-09-17 11:48:09.206,414.4527641801298,12
2024-09-17 11:48:09.281,414.4668032095675,996
2024-09-17 11:48:09.361,414.4746427904514,97
2024-09-17 11:48:09.442,414.4676894316488,10
2024-09-17 11:48:09.597,414.4625259859199,995
2024-09-17 11:48:09.599,,1000
2024-09-17 11:48:09.605,414.4869840938884,12
2024-09-17 11:48:09.709,414.5107249412308,1001
2024-09-17 11:48:09.712,414.4573068739862,102
2024-09-17 11:48:09.734,414.45947773099743,1003
2024-09-17 11:48:09.757,414.4572652329261,13
2024-09-17 11:48:09.803,414.4676965363285,11
2024-09-17 11:48:09.810,414.4614370703068,101
2024-09-17 11:48:09.835,414.4365574900312,12
2024-09-17 11:48:09.862,-414.49031968934025,995
2024-09-17 11:48:09.951,414.4500379493052,9
2024-09-17 11:48:09.954,414.4277722386118,10
2024-09-17 11:48:10.123,414.5056002084654,103
2024-09-17 11:48:10.172,414.4997375537761,96
2024-09-17 11:48:10.527,414.49584304733264,105
2024-09-17 11:48:11.000,414.48947689259353,103
2024-09-17 11:48:11.009,414.46351468347785,95
2024-09-17 11:48:11.107,414.4728167854679,101
2024-09-17 11:48:11.185,414.4447944683042,9
2024-09-17 11:48:11.259,414.45184774060215,13
2024-09-17 11:48:11.279,414.4660442963337,8
2024-09-17 11:48:11.291,414.4686561215437,1001
2024-09-17 11:48:11.308,414.4791336279205,8
2024-09-17 11:48:11.330,414.47519930003455,998
2024-09-17 11:48:11.345,414.4696045983466,1001
2024-09-17 11:48:11.389,414.4607093944618,1005
2024-09-17 11:48:11.420,414.4729709492944,998
2024-09-17 11:48:11.449,414.4326360051968,999
2024-09-17 11:48:11.520,414.5057944792604,996
2024-09-17 11:48:11.621,414.4324808202974,11
2024-09-17 11:48:11.644,414.45398402834905,6
2024-09-17 11:48:11.683,414.4824682899706,13
2024-09-17 11:48:11.752,414.46498256332313,96
2024-09-17 11:48:11.809,414.46938739231246,996
2024-09-17 11:48:11.841,414.4777571727616,105
2024-09-17 11:48:11.856,414.4715655220469,99
2024-09-17 11:48:11.868,414.4368771127397,103
2024-09-17 11:48:11.902,414.4678057456504,98
2024-09-17 11:48:11.929,414.4679022086208,103
2024-09-17 11:48:11.951,414.4652209324073,1000
2024-09-17 11:48:11.952,414.4652339533348,1002
2024-09-17 11:48:11.964,414.4549357878791,103
2024-09-17 11:48:11.965,414.4774708936621,997
2024-09-17 11:48:11.971,414.45848947451,8
2024-09-17 11:48:11.992,414.473984475326,7
2024-09-17 11:48:12.019,414.4755513960013,11
2024-09-17 11:48:12.050,-414.4613952443779,14
2024-09-17 11:48:12.090,414.5055441255755,1001
2024-09-17 11:48:12.312,414.4789453547752,96
2024-09-17 11:48:12.336,414.48212594515707,98
2024-09-17 11:48:12.366,414.502588464639,996
2024-09-17 11:48:12.480,414.5094336089159,995
2024-09-17 11:48:12.582,414.471515388752,99
2024-09-17 11:48:12.588,414.5235508760227,97
2024-09-17 11:48:12.603,414.471367800042,99
2024-09-17 11:48:12.608,414.4733923310916,997
2024-09-17 11:48:12.613,414.5405558322029,97
2024-09-17 11:48:12.627,414.50535034805216,12
2024-09-17 11:48:12.637,414.5210663518801,8
2024-09-17 11:48:12.644,414.4803639441291,102
2024-09-17 11:48:12.653,414.4711231617584,7
2024-09-17 11:48:12.660,414.5499106441175,9
2024-09-17 11:48:12.696,414.5147046477926,105
2024-09-17 11:48:12.699,414.4721402089413,105
2024-09-17 11:48:12.716,414.4686193986336,1005
2024-09-17 11:48:12.777,414.5264334215355,100
2024-09-17 11:48:12.793,414.5338451834019,1001
2024-09-17 11:48:12.808,414.5237700144148,15
2024-09-17 11:48:12.810,414.4699218536941,101
2024-09-17 11:48:12.851,414.4921611034816,1001
2024-09-17 11:48:12.861,414.460766441949,996
2024-09-17 11:48:12.873,414.48499198152285,12
2024-09-17 11:48:12.885,414.51830206511886,97
2024-09-17 11:48:12.970,414.4559095016143,13
2024-09-17 11:48:13.001,414.51083980455576,101
2024-09-17 11:48:13.050,41.44599426000247,13
2024-09-17 11:48:13.102,414.464770780492,998
2024-09-17 11:48:13.173,414.49921304515726,101
2024-09-17 11:48:13.360,414.5018985913151,7
2024-09-17 11:48:13.370,414.4739934907433,1005
2024-09-17 11:48:13.414,414.46358656574535,14
2024-09-17 11:48:13.462,414.4739237441052,8
2024-09-17 11:48:13.483,414.5054711846597,98
2024-09-17 11:48:13.494,414.47791870743936,996
2024-09-17 11:48:13.500,414.4864189451084,11
2024-09-17 11:48:13.598,414.4628748949881,9
2024-09-17 11:48:13.614,414.50866650040666,98
2024-09-17 11:48:13.616,414.5097383042336,15
2024-09-17 11:48:13.686,414.4737000698641,105
2024-09-17 11:48:13.801,414.4805100044807,6
2024-09-17 11:48:13.843,414.5056935111515,997
2024-09-17 11:48:14.092,414.41895505179866,998
2024-09-17 11:48:14.183,414.4770735146472,100
2024-09-17 11:48:14.216,414.434252781903,995
2024-09-17 11:48:14.304,414.4394683067045,9
2024-09-17 11:48:14.364,-414.43323608136194,10
2024-09-17 11:48:14.494,414.4360583801026,1001
2024-09-17 11:48:14.572,414.4439388578311,104
2024-09-17 11:48:14.584,414.4655168827687,10
2024-09-17 11:48:14.673,414.45296442637175,1004
2024-09-17 11:48:14.682,414.4320398384015,995
2024-09-17 11:48:14.728,414.47822914832176,998
2024-09-17 11:48:14.754,414.4778738317228,9
2024-09-17 11:48:14.811,414.4698444368898,7
2024-09-17 11:48:14.827,414.4384079460635,96
2024-09-17 11:48:14.909,414.45285404054846,1003
2024-09-17 11:48:14.934,414.4485191653509,8
2024-09-17 11:48:15.274,414.4017289349708,999
2024-09-17 11:48:15.374,414.4238478883816,102
2024-09-17 11:48:15.529,414.4045814065814,1004
2024-09-17 11:48:15.605,414.4055107483357,98
2024-09-17 11:48:15.667,414.4275015292822,104
2024-09-17 11:48:15.668,414.3892480192831,95
2024-09-17 11:48:16.004,414.4210761496946,1005
2024-09-17 11:48:16.132,414.44828756755646,97
2024-09-17 11:48:16.156,414.4257095940521,103
2024-09-17 11:48:16.180,414.3991981955546,11
2024-09-17 11:48:16.245,414.4114512300173,11
2024-09-17 11:48:16.283,414.4177322441759,1002
2024-09-17 11:48:16.350,414.41316963916427,1005
2024-09-17 11:48:16.397,414.4237039015625,101
2024-09-17 11:48:16.402,414.41170376968495,10
2024-09-17 11:48:16.475,414.4056591930287,1005
2024-09-17 11:48:16.505,414.4043425663322,13
2024-09-17 11:48:16.655,414.4035485543543,98
2024-09-17 11:48:16.673,414.4356816986386,11
2024-09-17 11:48:16.726,414.41954362427816,997
2024-09-17 11:48:16.787,414.38970544509135,7
2024-09-17 11:48:16.858,414.4065575112376,105
2024-09-17 11:48:16.869,414.4154784882752,98
2024-09-17 11:48:17.077,414.4056070137066,1000
2024-09-17 11:48:17.102,414.40626337714514,97
2024-09-17 11:48:17.168,414.4115171332795,95
2024-09-17 11:48:17.435,414.3850439730696,5
2024-09-17 11:48:17.448,414.4107489210557,9
2024-09-17 11:48:17.472,41.43836986619501,96
2024-09-17 11:48:17.578,414.3994446723923,1000
2024-09-17 11:48:17.628,414.3962450376571,95
2024-09-17 11:48:17.709,414.4072267394019,1000
2024-09-17 11:48:17.863,414.38212695342895,99
2024-09-17 11:48:17.884,414.41204547628905,100
2024-09-17 11:48:17.950,414.39938909218057,1003
2024-09-17 11:48:18.077,414.44642251066944,1004
2024-09-17 11:48:18.206,414.4170446295721,14
2024-09-17 11:48:18.246,414.4363732349695,8
2024-09-17 11:48:18.294,414.42107563849,99
2024-09-17 11:48:18.339,414.4312229052732,15
2024-09-17 11:48:18.360,414.42070594899457,97
2024-09-17 11:48:18.411,414.4467980936229,15
2024-09-17 11:48:18.423,414.4537504803056,14
2024-09-17 11:48:18.552,414.4412289655767,100
2024-09-17 11:48:18.578,41.441842062500136,104
2024-09-17 11:48:18.666,414.4420052616933,104
2024-09-17 11:48:18.777,414.40253064039246,11
2024-09-17 11:48:18.802,414.45018618730086,12
2024-09-17 11:48:18.856,414.4194916228596,1001
2024-09-17 11:48:18.879,414.4140227491865,95
2024-09-17 11:48:18.944,414.4483868770501,101
2024-09-17 11:48:18.951,414.44067029305137,98
2024-09-17 11:48:18.952,414.4475997278632,103
2024-09-17 11:48:18.973,414.4284685155862,105
2024-09-17 11:48:19.133,414.4236509130892,8
2024-09-17 11:48:19.153,414.4481783237287,97
2024-09-17 11:48:19.214,414.4538991491762,102
2024-09-17 11:48:19.237,414.4347907512943,9
2024-09-17 11:48:19.238,414.4585088532639,9
2024-09-17 11:48:19.262,414.42726940382,998
2024-09-17 11:48:19.563,414.45304634030543,1000
2024-09-17 11:48:19.627,414.4793381934912,1001
2024-09-17 11:48:19.651,414.4744686560529,996
2024-09-17 11:48:19.671,-414.438853049964,5
2024-09-17 11:48:19.677,414.4503765841216,105
2024-09-17 11:48:19.752,414.4553734881058,9
2024-09-17 11:48:19.780,414.4631472795688,11
2024-09-17 11:48:19.795,414.4411594476372,1001
2024-09-17 11:48:19.799,414.4704951137273,995
2024-09-17 11:48:19.832,414.4523181577519,96
2024-09-17 11:48:19.900,414.4476131548964,10
2024-09-17 11:48:19.913,414.4376868384564,98
2024-09-17 11:48:19.918,414.47159109747895,9
2024-09-17 11:48:20.016,414.4841605286229,5
2024-09-17 11:48:20.057,414.5060417952111,101
2024-09-17 11:48:20.059,414.4435343316234,103
2024-09-17 11:48:20.065,414.505853790582,97
2024-09-17 11:48:20.066,414.4524669150613,5
2024-09-17 11:48:20.096,414.5137701613333,11
2024-09-17 11:48:20.130,414.4942158360821,1002
2024-09-17 11:48:20.141,414.474007209514,1005
2024-09-17 11:48:20.155,414.4857088931637,12
2024-09-17 11:48:20.290,414.4922725685023,1005
2024-09-17 11:48:20.316,414.4526950057744,95
2024-09-17 11:48:20.316,414.49918258929705,12
2024-09-17 11:48:20.338,414.453733933059,10
2024-09-17 11:48:20.341,414.468235068484,14
2024-09-17 11:48:20.479,414.4507723435355,1000
2024-09-17 11:48:20.486,414.48617979632206,98
2024-09-17 11:48:20.498,414.495234264974,6
2024-09-17 11:48:20.524,414.4876636556606,13
2024-09-17 11:48:20.543,414.4846027214644,999
2024-09-17 11:48:20.560,414.4364460076482,103
2024-09-17 11:48:20.697,414.4937649916318,998
2024-09-17 11:48:20.798,414.5069136527033,8
2024-09-17 11:48:20.842,414.46789540364136,5
2024-09-17 11:48:20.843,414.4839871219029,1005
2024-09-17 11:48:20.872,414.445833485473,996
2024-09-17 11:48:20.957,414.492449973389,105
2024-09-17 11:48:20.980,414.45245906765433,13
2024-09-17 11:48:20.997,414.5014415130097,10
2024-09-17 11:48:21.007,414.5144013407949,1005
2024-09-17 11:48:21.010,414.4866079676877,12
2024-09-17 11:48:21.033,414.50642194373256,102
2024-09-17 11:48:21.267,414.5059394115116,1005
2024-09-17 11:48:21.347,414.4910526525974,105
2024-09-17 11:48:21.390,414.51419742668577,14
2024-09-17 11:48:21.696,414.5330263432232,1002
2024-09-17 11:48:21.763,414.5012648951231,6
2024-09-17 11:48:21.871,414.5084261305474,1004
2024-09-17 11:48:22.014,414.5335638006235,997
2024-09-17 11:48:22.066,414.55600834609993,9
2024-09-17 11:48:22.087,414.4936808952925,1002
2024-09-17 11:48:22.117,-414.468589975896,5
2024-09-17 11:48:22.138,414.49205882428487,1005
2024-09-17 11:48:22.186,414.44102867398624,103
2024-09-17 11:48:22.203,414.5272709719184,96
2024-09-17 11:48:22.246,414.4435927772218,12
2024-09-17 11:48:22.294,414.5277189104106,5
2024-09-17 11:48:22.296,414.5392490464198,14
2024-09-17 11:48:22.303,414.4562199050042,100
2024-09-17 11:48:22.363,414.47202376158464,100
2024-09-17 11:48:22.380,414.5353386548085,103
2024-09-17 11:48:22.394,414.5334369578613,995
2024-09-17 11:48:22.459,414.538195551348,14
2024-09-17 11:48:22.475,414.47505390686064,100
2024-09-17 11:48:22.478,414.5308511372986,11
2024-09-17 11:48:22.521,414.46156883903353,996
2024-09-17 11:48:22.565,414.4771800809581,1000
2024-09-17 11:48:22.575,414.4519120649612,95
2024-09-17 11:48:22.578,414.4728388884841,1000
2024-09-17 11:48:22.714,414.46191805194616,10
2024-09-17 11:48:22.850,414.47433150813583,100
2024-09-17 11:48:22.857,414.46210717874,14
2024-09-17 11:48:22.860,414.5295315405418,1005
2024-09-17 11:48:22.897,414.5263599645773,11
2024-09-17 11:48:22.909,414.4553628941584,15
2024-09-17 11:48:22.915,414.5288032676126,995
2024-09-17 11:48:22.948,414.4635830641264,8
2024-09-17 11:48:24.627,414.4588902137291,997
2024-09-17 11:48:25.213,414.4572737267365,12
2024-09-17 11:48:25.248,414.4895515971597,995
2024-09-17 11:48:25.264,414.4963521214521,15
2024-09-17 11:48:25.434,414.4899837764997,14
2024-09-17 11:48:25.447,414.4964892208832,1005
2024-09-17 11:48:25.499,414.46761973625513,6
2024-09-17 11:48:25.683,414.47843911075694,996
2024-09-17 11:48:25.778,414.5312682793285,5
2024-09-17 11:48:25.805,414.4941908138812,1000
2024-09-17 11:48:25.829,414.5155074053697,14
2024-09-17 11:48:25.845,414.4922156442803,9
2024-09-17 11:48:25.910,414.48606632357047,99
2024-09-17 11:48:25.911,414.4609380523232,996
2024-09-17 11:48:25.912,414.4623538935724,5
2024-09-17 11:48:25.957,414.48233226701393,14
2024-09-17 11:48:26.016,414.5548268316252,997
2024-09-17 11:48:26.046,414.527447046038,13
2024-09-17 11:48:26.048,414.5654904073773,998
2024-09-17 11:48:26.051,414.5524039441378,1003
2024-09-17 11:48:26.051,414.5437269333216,996
2024-09-17 11:48:26.116,414.5884871927954,8
2024-09-17 11:48:26.162,414.5651482986042,7
2024-09-17 11:48:26.244,414.5878803570822,104
2024-09-17 11:48:26.315,414.563219143606,11
2024-09-17 11:48:26.355,414.56529726728303,96
2024-09-17 11:48:26.358,414.5362459144161,103
2024-09-17 11:48:26.462,414.576161899545,1005
2024-09-17 11:48:26.464,414.58568967334463,8
2024-09-17 11:48:26.573,414.5334184517274,999
2024-09-17 11:48:26.604,414.5482637130286,101
2024-09-17 11:48:26.717,414.61594700874366,105
2024-09-17 11:48:26.773,414.6205607777573,7
2024-09-17 11:48:26.889,414.554780758654,1000
2024-09-17 11:48:26.900,414.5356703181706,997
2024-09-17 11:48:26.932,414.5581693882157,11
2024-09-17 11:48:26.950,414.59680068454895,11
2024-09-17 11:48:27.057,414.6320673302557,11
2024-09-17 11:48:27.133,414.6195396878247,997
2024-09-17 11:48:27.160,414.64775518743,1005
2024-09-17 11:48:27.208,414.62318761679154,997
2024-09-17 11:48:27.243,414.6260344524216,9
2024-09-17 11:48:27.263,414.6180366128419,6
2024-09-17 11:48:27.282,414.6193080062951,102
2024-09-17 11:48:27.284,414.650245186966,1000
2024-09-17 11:48:27.348,414.6468652240796,15
2024-09-17 11:48:27.384,414.6314149139732,998
2024-09-17 11:48:27.397,414.6161664400907,1002
2024-09-17 11:48:27.425,414.6025145318108,12
2024-09-17 11:48:27.432,414.6228558556829,7
2024-09-17 11:48:27.478,414.6312841332519,995
2024-09-17 11:48:27.496,-414.65587999836777,103
2024-09-17 11:48:27.532,414.6365710899987,13
2024-09-17 11:48:27.590,414.6118217607057,999
2024-09-17 11:48:27.593,414.6242098263382,1000
2024-09-17 11:48:27.683,414.65280971979263,14
2024-09-17 11:48:27.694,414.62345702800206,1001
2024-09-17 11:48:27.714,414.61423096890655,102
2024-09-17 11:48:27.755,414.63756312119176,1004
2024-09-17 11:48:27.818,414.61065754154106,104
2024-09-17 11:48:27.832,414.6367491579732,15
2024-09-17 11:48:27.882,414.63333304024536,97
2024-09-17 11:48:27.889,414.63315862017896,99
2024-09-17 11:48:27.917,414.6377900028982,1002
2024-09-17 11:48:27.985,414.607436647268,8
2024-09-17 11:48:28.270,414.60904823225286,995
2024-09-17 11:48:28.398,414.60142354333294,996
2024-09-17 11:48:29.032,414.5932915396024,10
2024-09-17 11:48:29.102,414.5687653535186,14
2024-09-17 11:48:29.180,414.5738329305617,9
2024-09-17 11:48:29.232,414.6011013564192,996
2024-09-17 11:48:29.292,414.60976628699416,10
2024-09-17 11:48:29.377,414.5818048447552,102
2024-09-17 11:48:29.410,414.5674006451033,105
2024-09-17 11:48:29.554,414.613263347074,996
2024-09-17 11:48:29.576,414.5681132234732,1002
2024-09-17 11:48:29.587,414.59414799886457,99
2024-09-17 11:48:29.635,414.5990474570251,96
2024-09-17 11:48:29.648,414.5857131310065,10
2024-09-17 11:48:29.692,414.6079246343707,10
2024-09-17 11:48:29.737,414.6101331401364,995
2024-09-17 11:48:29.868,414.5961760624262,6
2024-09-17 11:48:29.971,414.5741584673869,9
2024-09-17 11:48:30.141,414.6069747992021,999
2024-09-17 11:48:30.287,414.613188078837,9
2024-09-17 11:48:30.379,414.6087249194102,98
2024-09-17 11:48:30.388,414.5909845741047,12
2024-09-17 11:48:30.452,414.6073349917858,102
2024-09-17 11:48:30.580,414.59832386799377,1001
2024-09-17 11:48:30.591,414.6119323441827,10
2024-09-17 11:48:30.790,414.6058267404378,9
2024-09-17 11:48:30.825,414.5978729102264,11
2024-09-17 11:48:30.836,414.5986653628191,96
2024-09-17 11:48:30.934,414.6193216536709,11
2024-09-17 11:48:31.017,414.5892318021833,100
2024-09-17 11:48:31.031,414.61182539402,100
2024-09-17 11:48:31.086,414.6125533977183,996
2024-09-17 11:48:31.089,414.5900687300979,97
2024-09-17 11:48:31.114,414.604089311232,100
2024-09-17 11:48:31.150,414.595025807668,995
2024-09-17 11:48:31.221,414.5994110307101,95
2024-09-17 11:48:31.243,414.5953482324769,996
2024-09-17 11:48:31.262,414.5752785399596,13
2024-09-17 11:48:31.332,414.624512961056,12
2024-09-17 11:48:31.344,414.5520249564099,96
2024-09-17 11:48:31.388,414.6037781345686,13
2024-09-17 11:48:31.469,414.5834543661383,99
2024-09-17 11:48:31.483,414.60709775368986,996
2024-09-17 11:48:31.527,414.6050250510065,102
2024-09-17 11:48:31.610,414.5834043052494,1002
2024-09-17 11:48:31.678,414.5850536833673,1001
2024-09-17 11:48:31.735,414.5906958550898,9
2024-09-17 11:48:31.792,414.6082876681027,14
2024-09-17 11:48:31.801,414.5982606890869,100
2024-09-17 11:48:31.947,414.60517298594726,103
2024-09-17 11:48:31.977,414.59787421138975,1001
2024-09-17 11:48:31.990,414.5823324065146,999
2024-09-17 11:48:32.035,414.5296239958001,1001
2024-09-17 11:48:32.046,414.5065784489394,105
2024-09-17 11:48:32.123,414.5502941562172,1005
2024-09-17 11:48:32.152,414.560921158896,99
2024-09-17 11:48:32.167,414.5382500013443,102
2024-09-17 11:48:32.185,414.5586476367357,14
2024-09-17 11:48:32.215,414.5128417747016,103
2024-09-17 11:48:32.218,414.526686877097,13
2024-09-17 11:48:32.228,414.53310951827433,997
2024-09-17 11:48:32.257,414.4993813740769,10
2024-09-17 11:48:32.303,414.5289451541483,995
2024-09-17 11:48:32.305,414.5497932802041,101
2024-09-17 11:48:32.413,414.5463311550143,7
2024-09-17 11:48:32.475,414.5277897865841,102
2024-09-17 11:48:32.510,414.5232333937415,99
2024-09-17 11:48:32.514,414.55264512882,5
2024-09-17 11:48:32.626,414.55703943653975,96
2024-09-17 11:48:32.658,414.5289531361305,997
2024-09-17 11:48:32.671,414.5276816427901,11
2024-09-17 11:48:32.680,414.511216616698,1000
2024-09-17 11:48:32.724,414.5231053773074,5
2024-09-17 11:48:32.789,414.5495691195009,14
2024-09-17 11:48:32.808,414.5029138577021,12
2024-09-17 11:48:32.862,41.451266781227226,6
2024-09-17 11:48:32.884,414.5060992631253,6
2024-09-17 11:48:32.941,414.5412197642805,8
2024-09-17 11:48:32.989,414.533851067737,12
2024-09-17 11:48:32.993,414.5364815800521,11
2024-09-17 11:48:32.996,414.5216235587224,101
2024-09-17 11:48:33.033,414.5199873832126,1004
2024-09-17 11:48:33.093,414.5273434872768,6
2024-09-17 11:48:33.158,414.5255472627892,8
2024-09-17 11:48:33.258,414.51181212046254,9
2024-09-17 11:48:33.322,414.5242742017528,997
2024-09-17 11:48:33.426,414.5369872115414,102
2024-09-17 11:48:33.436,414.5275708183052,1001
2024-09-17 11:48:33.616,414.5157959395008,15
2024-09-17 11:48:33.677,414.5320288855304,99
2024-09-17 11:48:33.840,414.5410069357726,1001
2024-09-17 11:48:33.937,414.5231295794463,95
2024-09-17 11:48:34.000,414.5227306149949,997
2024-09-17 11:48:34.005,414.53779912801,996
2024-09-17 11:48:34.082,414.534255869488,100
2024-09-17 11:48:34.083,414.5737208764238,999
2024-09-17 11:48:34.140,414.58267623813134,9
2024-09-17 11:48:34.146,414.5343462419275,103
2024-09-17 11:48:34.148,414.5605196172184,1001
2024-09-17 11:48:34.218,414.5484094127217,98
2024-09-17 11:48:34.239,414.5508279555212,103
2024-09-17 11:48:34.309,414.55860654592726,8
2024-09-17 11:48:34.386,414.5536045607792,15
2024-09-17 11:48:34.389,414.523007254941,999
2024-09-17 11:48:34.473,414.5533838483016,5
2024-09-17 11:48:34.560,414.5971161338588,12
2024-09-17 11:48:34.562,414.55730641677,10
2024-09-17 11:48:34.602,414.5504948761126,15
2024-09-17 11:48:34.624,414.5762965846496,96
2024-09-17 11:48:34.626,414.58353713876267,996
2024-09-17 11:48:34.651,414.5979077840352,6
2024-09-17 11:48:34.750,414.5685679278864,9
2024-09-17 11:48:34.773,414.5592126278058,104
2024-09-17 11:48:34.838,414.5595974197557,102
2024-09-17 11:48:34.865,414.56940334385007,12
2024-09-17 11:48:34.893,414.56788231856046,105
2024-09-17 11:48:34.897,414.5855052985642,96
2024-09-17 11:48:34.926,414.5287085509577,97
2024-09-17 11:48:34.927,414.5854269388812,101
2024-09-17 11:48:34.963,414.5553750220429,101
2024-09-17 11:48:35.106,414.6061589915138,997
2024-09-17 11:48:35.121,414.56260779521824,1003
2024-09-17 11:48:35.128,414.5813205252636,13
2024-09-17 11:48:35.163,414.5773254704715,998
2024-09-17 11:48:35.198,414.5578216587268,1000
2024-09-17 11:48:35.222,414.5474627226778,997
2024-09-17 11:48:35.241,414.5919352839402,11
2024-09-17 11:48:35.295,414.5579446670709,10
2024-09-17 11:48:35.345,414.5597558511933,95
2024-09-17 11:48:35.426,414.54896974324,6
2024-09-17 11:48:35.523,414.5635665223244,101
2024-09-17 11:48:35.566,414.5582695352767,996
2024-09-17 11:48:35.689,414.6002674417159,1001
2024-09-17 11:48:35.706,414.5438873910558,14
2024-09-17 11:48:35.736,414.5956341964815,1005
2024-09-17 11:48:35.808,414.56150870942895,105
2024-09-17 11:48:35.823,414.5503700670766,1004
2024-09-17 11:48:35.922,414.57988139707015,97
2024-09-17 11:48:35.928,414.6090879332463,105
2024-09-17 11:48:36.058,414.5326366062618,103
2024-09-17 11:48:36.066,414.50816852200495,1001
2024-09-17 11:48:36.116,414.56347157447135,11
2024-09-17 11:48:36.338,414.557915656891,103
2024-09-17 11:48:36.463,414.5153355012634,104
2024-09-17 11:48:36.718,414.55378275908754,1005
2024-09-17 11:48:36.746,414.5180438616924,14
2024-09-17 11:48:36.931,414.54314414453023,103
2024-09-17 11:48:36.955,414.5333350094585,7
2024-09-17 11:48:37.153,414.537491078064,1000
2024-09-17 11:48:37.242,414.4978052190559,999
2024-09-17 11:48:37.264,414.49023548623865,999
2024-09-17 11:48:37.426,414.5214502476936,997
2024-09-17 11:48:37.834,414.5324227729817,100
2024-09-17 11:48:37.896,414.5133588996245,995
2024-09-17 11:48:38.038,414.4751908972016,104
2024-09-17 11:48:38.474,414.4660497817344,15
2024-09-17 11:48:38.513,414.4811233524018,105
2024-09-17 11:48:38.578,414.487750332469,98
2024-09-17 11:48:38.705,414.4959689152795,6
2024-09-17 11:48:38.771,414.4719600211211,13
2024-09-17 11:48:38.795,414.4790370467642,102
2024-09-17 11:48:38.870,414.4903466580453,997
2024-09-17 11:48:38.933,414.4793580331824,1000
2024-09-17 11:48:39.048,414.5246347366328,996
2024-09-17 11:48:39.091,414.50793202630575,105
2024-09-17 11:48:39.128,414.5106986065083,103
2024-09-17 11:48:39.139,414.5697429333172,95
2024-09-17 11:48:39.224,414.497109453605,11
2024-09-17 11:48:39.311,414.5416833662026,12
2024-09-17 11:48:39.311,414.5535222241036,96
2024-09-17 11:48:39.321,414.49630489454046,12
2024-09-17 11:48:39.355,414.4912184289375,9
2024-09-17 11:48:39.500,414.5315505739356,101
2024-09-17 11:48:39.642,414.54420293157136,995
2024-09-17 11:48:39.720,414.5302930728171,999
2024-09-17 11:48:39.778,414.5403312769392,1002
2024-09-17 11:48:39.887,414.5586810697743,1002
2024-09-17 11:48:39.908,414.5173168933736,14
2024-09-17 11:48:39.918,414.5299287246592,1004
2024-09-17 11:48:39.988,414.5353700892602,1001
2024-09-17 11:48:40.018,414.5392156010295,14
2024-09-17 11:48:40.035,414.4917043683701,6
2024-09-17 11:48:40.051,414.5272246744187,11
2024-09-17 11:48:40.223,414.48902251081466,14
2024-09-17 11:48:40.224,414.4459762001876,15
2024-09-17 11:48:40.287,414.5432088315316,95
2024-09-17 11:48:40.304,414.5224954115481,998
2024-09-17 11:48:40.337,414.5560925043153,105
2024-09-17 11:48:40.351,414.45867427778256,102
2024-09-17 11:48:40.391,414.4469311071205,9
2024-09-17 11:48:40.434,414.4847756737216,996
2024-09-17 11:48:40.459,414.4678209559802,11
2024-09-17 11:48:40.508,414.4950159671265,104
2024-09-17 11:48:40.511,414.4834616653063,97
2024-09-17 11:48:40.533,414.513641120475,95
2024-09-17 11:48:40.620,414.5122233792118,998
2024-09-17 11:48:40.646,414.4587565596251,12
2024-09-17 11:48:40.706,414.46754935919887,95
2024-09-17 11:48:40.722,414.47323867615023,95
2024-09-17 11:48:40.754,414.4709391619054,96
2024-09-17 11:48:40.780,414.5121125126896,101
2024-09-17 11:48:40.782,414.5256150823959,996
2024-09-17 11:48:40.799,414.450780368105,14
2024-09-17 11:48:40.819,414.45905217424826,104
2024-09-17 11:48:40.830,414.525760287653,1003
2024-09-17 11:48:40.897,414.445815175866,98
2024-09-17 11:48:40.915,414.4670716968533,102
2024-09-17 11:48:40.935,414.511547180674,1005
2024-09-17 11:48:40.942,414.50526029080623,1004
2024-09-17 11:48:40.957,414.4832150182104,10
2024-09-17 11:48:41.109,414.5489116787773,95
2024-09-17 11:48:41.139,414.54211610340815,7
2024-09-17 11:48:41.160,414.5507842657942,7
2024-09-17 11:48:41.172,414.5360613536788,1001
2024-09-17 11:48:41.216,414.5284962936837,101
2024-09-17 11:48:41.252,414.5164250208884,999
2024-09-17 11:48:41.264,414.54842340222,995
2024-09-17 11:48:41.304,414.53704443454575,998
2024-09-17 11:48:41.361,414.5271741035718,13
2024-09-17 11:48:41.389,414.5357944121544,96
2024-09-17 11:48:41.419,414.5671533453948,15
2024-09-17 11:48:41.483,414.5290198143316,105
2024-09-17 11:48:41.498,414.54588383613975,10
2024-09-17 11:48:41.714,414.54948056845126,101
2024-09-17 11:48:41.828,414.53941702240456,101
2024-09-17 11:48:41.877,414.538362873239,104
2024-09-17 11:48:41.883,414.56261785352297,104
2024-09-17 11:48:41.905,414.5214218837788,105
2024-09-17 11:48:41.918,414.53916926168233,104
2024-09-17 11:48:41.920,414.532859847315,1004
2024-09-17 11:48:41.992,414.5263669178908,6
2024-09-17 11:48:42.136,414.5383278954789,999
2024-09-17 11:48:42.259,414.5646328960877,11
2024-09-17 11:48:42.327,414.5526042653051,6
2024-09-17 11:48:42.439,414.55994427488696,996
2024-09-17 11:48:42.718,414.5528344054172,14
2024-09-17 11:48:43.263,414.5675015116909,11
2024-09-17 11:48:43.328,414.5487032336588,103
2024-09-17 11:48:43.578,414.55195774126,100
2024-09-17 11:48:43.618,414.5582271359244,1001
2024-09-17 11:48:43.801,414.5563456930937,12
2024-09-17 11:48:43.848,414.5505214289009,999
2024-09-17 11:48:44.033,414.563839335363,103
2024-09-17 11:48:44.049,414.663141474607,5
2024-09-17 11:48:44.117,414.6730871707129,5
2024-09-17 11:48:44.144,414.6008922189483,15
2024-09-17 11:48:44.145,414.59429081042094,1003
2024-09-17 11:48:44.159,414.5324445840509,7
2024-09-17 11:48:44.190,414.6856975086668,1000
2024-09-17 11:48:44.222,414.57088134934577,12
2024-09-17 11:48:44.255,414.6676560059785,1000
2024-09-17 11:48:44.277,414.58562186458425,104
2024-09-17 11:48:44.282,414.58706638278426,5
2024-09-17 11:48:44.432,414.68246170695846,1004
2024-09-17 11:48:44.468,414.6255798494921,98
2024-09-17 11:48:44.475,414.5478553769935,14
2024-09-17 11:48:44.524,414.6031591459404,998
2024-09-17 11:48:44.689,414.6788352142036,1003
2024-09-17 11:48:44.753,414.6543982294748,99
2024-09-17 11:48:44.760,41.45927093144866,6
2024-09-17 11:48:44.832,414.53663524681735,999
2024-09-17 11:48:44.865,414.5443337202963,104
2024-09-17 11:48:44.920,414.586683403655,99
2024-09-17 11:48:44.929,414.5608003505612,13
2024-09-17 11:48:44.936,414.5955319374015,1001
2024-09-17 11:48:44.944,414.584046530407,10
2024-09-17 11:48:44.956,414.5865657580814,996
2024-09-17 11:48:44.980,414.6726958254087,1001
2024-09-17 11:48:44.996,414.63482738694665,97
2024-09-17 11:48:45.105,414.6284394172104,99
2024-09-17 11:48:45.163,414.62064661378383,9
2024-09-17 11:48:45.168,414.6067584128103,997
2024-09-17 11:48:45.180,414.6149759147784,95
2024-09-17 11:48:45.198,414.5858071901177,6
2024-09-17 11:48:45.227,414.6113230045983,8
2024-09-17 11:48:45.263,414.6148630654386,14
2024-09-17 11:48:45.464,414.6186342749355,11
2024-09-17 11:48:45.523,414.6171589853751,96
2024-09-17 11:48:45.666,414.6167113478338,1005
2024-09-17 11:48:45.842,414.599837947216,99
2024-09-17 11:48:45.857,414.6101288798801,1004
2024-09-17 11:48:45.861,414.6071889448261,14
2024-09-17 11:48:45.878,414.6291285717637,9
2024-09-17 11:48:45.938,414.6352466296555,96
2024-09-17 11:48:45.970,414.6181783212014,11
2024-09-17 11:48:46.030,414.5595176371743,11
2024-09-17 11:48:46.035,414.54024977228346,104
2024-09-17 11:48:46.038,414.6153859207095,103
2024-09-17 11:48:46.042,414.5175960287884,1002
2024-09-17 11:48:46.163,414.5917658252982,9
2024-09-17 11:48:46.239,414.5200349549678,9
2024-09-17 11:48:46.279,414.5171315849964,995
2024-09-17 11:48:46.303,414.53386767273895,996
2024-09-17 11:48:46.397,414.5457740445249,998
2024-09-17 11:48:46.451,414.5991338342579,995
2024-09-17 11:48:46.484,,1001
2024-09-17 11:48:46.486,414.54091852318834,100
2024-09-17 11:48:46.567,414.5264081223763,1000
2024-09-17 11:48:46.599,414.55159716340654,999
2024-09-17 11:48:46.612,414.55999061107934,1004
2024-09-17 11:48:46.620,414.5134330451003,5
2024-09-17 11:48:46.639,414.5634551105322,1004
2024-09-17 11:48:46.665,414.51749892822846,1005
2024-09-17 11:48:46.701,414.6028381821449,995
2024-09-17 11:48:46.738,414.53896977001847,99
2024-09-17 11:48:46.744,414.53013302555576,95
2024-09-17 11:48:46.752,414.5337670122166,105
2024-09-17 11:48:46.755,414.5323296621874,103
2024-09-17 11:48:46.875,414.5388303956622,999
2024-09-17 11:48:46.899,414.56517982214217,97
2024-09-17 11:48:46.909,414.519425242067,9
2024-09-17 11:48:46.957,414.5413598800663,105
2024-09-17 11:48:46.968,414.527586197526,996
2024-09-17 11:48:46.982,414.6008857985968,15
2024-09-17 11:48:47.026,414.48447397259855,99
2024-09-17 11:48:47.040,414.4870478484096,8
2024-09-17 11:48:47.157,414.4788215529245,10
2024-09-17 11:48:47.226,414.4969535918309,105
2024-09-17 11:48:47.269,414.4954399957676,99
2024-09-17 11:48:47.329,414.4843306475062,1000
2024-09-17 11:48:47.623,414.50307811432623,15
2024-09-17 11:48:47.632,414.4706412585153,8
2024-09-17 11:48:47.784,414.4794827074218,12
2024-09-17 11:48:47.961,414.4836872771064,12
2024-09-17 11:48:47.993,414.50448113686696,15
2024-09-17 11:48:48.090,414.476381473509,13
2024-09-17 11:48:48.103,414.39045209074095,8
2024-09-17 11:48:48.121,414.4653379136181,96
2024-09-17 11:48:48.333,414.4411396142373,14
2024-09-17 11:48:48.338,414.42209925244,100
2024-09-17 11:48:48.401,414.4541832262309,1005
2024-09-17 11:48:48.450,414.42251309413336,100
2024-09-17 11:48:48.624,414.4036841060927,11
2024-09-17 11:48:48.651,414.4600087569008,997
2024-09-17 11:48:48.663,,98
2024-09-17 11:48:48.709,414.4639477863781,10
2024-09-17 11:48:48.770,414.3575827722885,103
2024-09-17 11:48:48.797,414.44331085769954,98
2024-09-17 11:48:48.801,414.3579455133928,1002
2024-09-17 11:48:48.909,414.42263850422825,105
2024-09-17 11:48:48.931,414.3633397317564,996
2024-09-17 11:48:49.003,414.22667326879,98
2024-09-17 11:48:49.009,414.2468192366913,95
2024-09-17 11:48:49.014,,997
2024-09-17 11:48:49.085,414.3694087600691,96
2024-09-17 11:48:49.119,414.3465216066907,104
2024-09-17 11:48:49.139,414.30033527274094,1003
2024-09-17 11:48:49.158,414.2951531263825,5
2024-09-17 11:48:49.232,414.1867477880709,102
2024-09-17 11:48:49.239,414.3402494732592,102
2024-09-17 11:48:49.251,414.16364303459255,1002
2024-09-17 11:48:49.313,414.2066731769151,13
2024-09-17 11:48:49.443,414.14351243144137,101
2024-09-17 11:48:49.454,414.32389398020274,103
2024-09-17 11:48:49.457,414.3130360751104,99
2024-09-17 11:48:49.474,414.20743492934025,997
2024-09-17 11:48:49.560,414.1905263663744,14
2024-09-17 11:48:49.629,414.32398915241583,13
2024-09-17 11:48:49.645,414.1447612457608,99
2024-09-17 11:48:49.707,414.2650634375368,14
2024-09-17 11:48:49.719,414.1950603079598,101
2024-09-17 11:48:49.735,414.27476110009445,104
2024-09-17 11:48:49.762,414.3004191097794,14
2024-09-17 11:48:49.791,414.32741694242645,103
2024-09-17 11:48:49.841,414.2529767658138,1001
2024-09-17 11:48:49.872,414.2774821229965,99
2024-09-17 11:48:49.888,414.3139119387618,104
2024-09-17 11:48:49.890,414.17184940668375,98
2024-09-17 11:48:49.911,414.1648884676837,98
2024-09-17 11:48:49.915,414.1684345338553,1005
2024-09-17 11:48:49.954,414.2847442538971,12
2024-09-17 11:48:50.004,414.1928199430265,100
2024-09-17 11:48:50.098,414.1985414197685,1004
2024-09-17 11:48:50.115,,96
2024-09-17 11:48:50.142,414.1617887198393,104
2024-09-17 11:48:50.250,414.1889794546174,11
2024-09-17 11:48:50.266,414.1754334634083,999
2024-09-17 11:48:50.269,414.1739690202895,98
2024-09-17 11:48:50.295,414.1663109708688,997
2024-09-17 11:48:50.345,,998
2024-09-17 11:48:50.442,414.1487454431264,100
2024-09-17 11:48:50.566,414.1907524369741,102
2024-09-17 11:48:50.649,414.1583877285533,100
2024-09-17 11:48:50.808,414.19143255897103,1000
2024-09-17 11:48:50.812,414.1967357090382,1001
2024-09-17 11:48:50.888,414.2077392602336,5
2024-09-17 11:48:50.955,414.1663453255308,12
2024-09-17 11:48:50.965,41.41930553339635,1004
2024-09-17 11:48:51.058,414.1744914821623,9
2024-09-17 11:48:51.060,414.1822773988861,15
2024-09-17 11:48:51.233,414.0985141456442,104
2024-09-17 11:48:51.253,414.12090235817305,105
2024-09-17 11:48:51.257,414.19836265250734,1002
2024-09-17 11:48:51.282,414.1431076025157,100
2024-09-17 11:48:51.465,414.13942459979467,97
2024-09-17 11:48:51.752,414.1312249732479,105
2024-09-17 11:48:51.868,414.1107539417442,9
2024-09-17 11:48:51.908,-414.16576591889145,10
2024-09-17 11:48:51.954,414.1153415652666,11
2024-09-17 11:48:51.957,414.17824050217325,1004
2024-09-17 11:48:52.110,414.0624612026077,11
2024-09-17 11:48:52.219,414.08101224878754,15
2024-09-17 11:48:52.316,414.0526312321151,102
2024-09-17 11:48:52.317,414.0574935925325,1001
2024-09-17 11:48:52.348,414.0481672787855,11
2024-09-17 11:48:52.508,414.1041592872343,997
2024-09-17 11:48:52.675,414.0546463792695,8
2024-09-17 11:48:52.813,414.0889960003836,104
2024-09-17 11:48:52.913,414.0623129178841,998
2024-09-17 11:48:52.935,414.0503641985137,104
2024-09-17 11:48:53.487,414.0405729886821,1001
2024-09-17 11:48:54.004,414.0250444089123,999
2024-09-17 11:48:54.061,413.97446510087474,6
2024-09-17 11:48:54.074,413.99715717001527,103
2024-09-17 11:48:54.220,414.0518276055068,998
2024-09-17 11:48:54.288,413.96993099496143,102
2024-09-17 11:48:54.297,414.04560776028393,9
2024-09-17 11:48:54.309,413.9771045628465,1000
2024-09-17 11:48:54.507,414.03517683385775,1001
2024-09-17 11:48:54.566,414.0054085206589,102
2024-09-17 11:48:54.582,414.0512213060131,10
2024-09-17 11:48:54.621,414.012311772546,995
2024-09-17 11:48:54.661,414.0464031930231,15
2024-09-17 11:48:54.717,413.98794388556985,104
2024-09-17 11:48:54.725,414.0552756872673,99
2024-09-17 11:48:54.750,414.05541695151214,96
2024-09-17 11:48:54.838,414.01794860425446,1003
2024-09-17 11:48:54.871,414.0259497819221,7
2024-09-17 11:48:54.881,-414.05999112572505,1003
2024-09-17 11:48:54.884,414.0491789954628,12
2024-09-17 11:48:54.894,414.0428381141457,98
2024-09-17 11:48:56.007,413.93568613775017,13
2024-09-17 11:48:56.126,413.949843422592,999
2024-09-17 11:48:56.177,413.9342377162504,100
2024-09-17 11:48:56.266,,1001
2024-09-17 11:48:56.360,413.9401502229516,997
2024-09-17 11:48:56.491,413.9314525398645,6
2024-09-17 11:48:56.571,413.92461638778633,100
2024-09-17 11:48:56.618,413.9415290324556,11
2024-09-17 11:48:56.826,413.9290195988029,98
2024-09-17 11:48:56.849,413.946523407238,101
2024-09-17 11:48:57.038,413.93891399603433,997
2024-09-17 11:48:58.113,413.93533831520335,97
2024-09-17 11:48:58.177,413.9119731169069,998
2024-09-17 11:48:58.273,413.9108824048661,7
2024-09-17 11:48:58.371,413.89864216568833,1003
2024-09-17 11:48:58.377,413.9446903332796,1004
2024-09-17 11:48:58.478,413.9431583533828,6
2024-09-17 11:48:58.570,413.913921324158,9
2024-09-17 11:48:58.604,413.9244437947693,96
2024-09-17 11:48:58.662,413.9243908335439,12
2024-09-17 11:48:58.679,413.9461357836561,95
2024-09-17 11:48:58.733,413.9017607035119,96
2024-09-17 11:48:58.793,413.9209066136064,6
2024-09-17 11:48:58.819,413.911975581633,1001
2024-09-17 11:48:58.958,413.9291913459211,996
2024-09-17 11:48:58.990,413.9342825997811,101
2024-09-17 11:48:59.017,413.88754163764025,105
2024-09-17 11:48:59.083,413.875033005891,98
2024-09-17 11:48:59.134,413.87686906693006,1005
2024-09-17 11:48:59.223,413.8843626586904,10
2024-09-17 11:48:59.245,413.8745615929648,95
2024-09-17 11:48:59.258,413.8906624497514,12
2024-09-17 11:48:59.287,413.8901137323464,104
2024-09-17 11:48:59.293,413.8952624951426,13
2024-09-17 11:48:59.335,413.880760532708,95
2024-09-17 11:48:59.392,413.9179785546641,999
2024-09-17 11:48:59.396,413.9050739051765,105
2024-09-17 11:48:59.406,413.8769916627485,6
2024-09-17 11:48:59.455,413.9063989305432,12
2024-09-17 11:48:59.550,413.9185969039896,99
2024-09-17 11:48:59.713,413.90063267183007,103
2024-09-17 11:48:59.720,413.8817659959741,103
2024-09-17 11:48:59.733,413.8983226914215,995
2024-09-17 11:48:59.749,413.8747063169663,7
2024-09-17 11:48:59.804,413.9074380509368,11
2024-09-17 11:48:59.881,413.8804805367306,1004
2024-09-17 11:48:59.887,413.8877185275772,1000
