Timestamp,Price,Size
2024-09-20 12:15:00.008,429.8507548966231,1001
2024-09-20 12:15:00.011,429.9025688515967,8
2024-09-20 12:15:00.012,429.8616360925245,104
2024-09-20 12:15:00.033,429.8937945659128,1004
2024-09-20 12:15:00.119,429.7970405282948,11
2024-09-20 12:15:00.184,429.88885074914975,14
2024-09-20 12:15:00.206,429.88403087136754,15
2024-09-20 12:15:00.312,429.9142906334095,1000
2024-09-20 12:15:00.336,429.827399662284,1002
2024-09-20 12:15:00.375,429.85750407399473,99
2024-09-20 12:15:00.479,429.842496004498,15
2024-09-20 12:15:00.505,429.8460344019425,97
2024-09-20 12:15:00.527,429.80833763584826,1003
2024-09-20 12:15:00.583,429.8545851610763,12
2024-09-20 12:15:00.605,429.89971263729086,8
2024-09-20 12:15:00.610,429.89745375291153,995
2024-09-20 12:15:00.615,429.8130955121478,104
2024-09-20 12:15:00.650,429.83724442762815,1005
2024-09-20 12:15:00.691,429.9013789130795,101
2024-09-20 12:15:00.696,429.8854628803289,11
2024-09-20 12:15:00.705,429.9038471812407,996
2024-09-20 12:15:00.724,429.7870092475517,99
2024-09-20 12:15:00.830,429.8757381566708,101
2024-09-20 12:15:00.870,429.7883694051046,7
2024-09-20 12:15:00.900,429.86239937337393,15
2024-09-20 12:15:00.919,429.79265695138713,101
2024-09-20 12:15:01.232,429.9713889384042,997
2024-09-20 12:15:01.387,429.9556770715273,1000
2024-09-20 12:15:01.491,429.9635189024253,101
2024-09-20 12:15:01.623,429.9651395138903,1000
2024-09-20 12:15:01.642,429.9461276064525,999
2024-09-20 12:15:01.796,429.9610845161198,1005
2024-09-20 12:15:01.797,429.96401253070576,13
2024-09-20 12:15:01.912,429.92278374523113,97
2024-09-20 12:15:02.004,430.0087323836855,104
2024-09-20 12:15:02.047,429.9988238165973,999
2024-09-20 12:15:02.143,430.014848234629,10
2024-09-20 12:15:02.223,430.0399463813392,1004
2024-09-20 12:15:02.228,430.0236108874101,1000
2024-09-20 12:15:02.246,430.04078008015694,7
2024-09-20 12:15:02.272,430.01843466470166,996
2024-09-20 12:15:02.333,429.99504801446767,11
2024-09-20 12:15:02.404,429.999441148528,1005
2024-09-20 12:15:02.505,429.97957347404815,1003
2024-09-20 12:15:02.513,,9
2024-09-20 12:15:02.518,430.00632070173737,1001
2024-09-20 12:15:02.524,429.97644044090566,1003
2024-09-20 12:15:02.601,430.03681848047984,97
2024-09-20 12:15:02.610,430.0089025855904,13
2024-09-20 12:15:02.661,430.0109813789628,1001
2024-09-20 12:15:02.681,429.99071746102936,1004
2024-09-20 12:15:02.720,429.9929310004296,12
2024-09-20 12:15:02.730,429.9838408949565,1001
2024-09-20 12:15:02.744,429.9782992323676,13
2024-09-20 12:15:02.789,430.0475708161624,14
2024-09-20 12:15:02.799,429.9864986600356,99
2024-09-20 12:15:02.825,430.0298629862271,11
2024-09-20 12:15:02.902,430.0249364407974,100
2024-09-20 12:15:02.907,430.0278183896578,96
2024-09-20 12:15:02.942,430.0414882208341,99
2024-09-20 12:15:03.114,430.039140748932,99
2024-09-20 12:15:03.165,430.0093927455248,5
2024-09-20 12:15:03.219,430.0448999785408,105
2024-09-20 12:15:03.341,430.0286129918869,1000
2024-09-20 12:15:03.688,430.0275829421396,8
2024-09-20 12:15:03.768,430.0162402752965,5
2024-09-20 12:15:03.889,430.03448216372993,15
2024-09-20 12:15:03.897,430.0274507198129,995
2024-09-20 12:15:03.915,430.0260186622042,10
2024-09-20 12:15:03.951,430.027760813735,1005
2024-09-20 12:15:04.204,429.9991275250354,15
2024-09-20 12:15:04.768,429.9999278741937,99
2024-09-20 12:15:05.002,430.04208463031983,97
2024-09-20 12:15:05.011,430.0085328457397,98
2024-09-20 12:15:05.152,429.99655474779934,95
2024-09-20 12:15:05.340,430.0120259217682,105
2024-09-20 12:15:05.479,430.0067464680784,996
2024-09-20 12:15:05.635,430.0134034795427,14
2024-09-20 12:15:05.658,430.0195828865346,7
2024-09-20 12:15:05.705,430.0144416472149,98
2024-09-20 12:15:05.711,430.0161077873013,13
2024-09-20 12:15:05.788,430.0293568390002,1004
2024-09-20 12:15:05.821,429.9970951095261,1004
2024-09-20 12:15:05.822,430.0158937371251,104
2024-09-20 12:15:05.910,430.0009246220962,99
2024-09-20 12:15:05.964,430.0062084346356,96
2024-09-20 12:15:05.997,429.9967611132434,105
2024-09-20 12:15:05.999,430.0168477942392,6
2024-09-20 12:15:06.006,430.0243182856461,1003
2024-09-20 12:15:06.131,430.0286231359059,14
2024-09-20 12:15:06.209,430.0446416295525,95
2024-09-20 12:15:06.230,430.0243891991692,12
2024-09-20 12:15:06.334,430.06904173184313,1000
2024-09-20 12:15:06.418,430.01341206963366,13
2024-09-20 12:15:06.450,430.03533907440897,103
2024-09-20 12:15:06.514,430.0245728221828,1004
2024-09-20 12:15:06.542,430.0273165469522,9
2024-09-20 12:15:06.775,430.0164189310213,99
2024-09-20 12:15:06.783,430.0585822810488,99
2024-09-20 12:15:07.029,430.0685506143733,10
2024-09-20 12:15:07.549,430.0583355097546,1005
2024-09-20 12:15:07.599,430.0784482422901,1004
2024-09-20 12:15:07.866,430.0570580317381,997
2024-09-20 12:15:08.060,430.0138898241156,95
2024-09-20 12:15:08.061,430.02291647471503,1002
2024-09-20 12:15:08.097,430.0305277622731,96
2024-09-20 12:15:08.171,430.03904148008655,95
2024-09-20 12:15:08.207,429.9906384784816,104
2024-09-20 12:15:08.261,430.0569620470104,996
2024-09-20 12:15:08.285,430.0479955856332,95
2024-09-20 12:15:08.289,430.0373741295157,101
2024-09-20 12:15:08.395,429.9994976194769,12
2024-09-20 12:15:08.797,430.0441852560381,105
2024-09-20 12:15:08.907,429.9938459081376,98
2024-09-20 12:15:08.939,430.0082322245141,14
2024-09-20 12:15:08.960,430.0026491379855,99
2024-09-20 12:15:09.007,429.9928653379792,7
2024-09-20 12:15:09.026,430.0175276703666,105
2024-09-20 12:15:09.071,429.9917672675049,998
2024-09-20 12:15:09.158,430.0610862712956,7
2024-09-20 12:15:09.171,430.0297932543803,995
2024-09-20 12:15:09.287,430.0020980856356,97
2024-09-20 12:15:09.292,430.0350564685633,998
2024-09-20 12:15:09.296,430.0313427940344,1005
2024-09-20 12:15:09.364,430.0163490403664,103
2024-09-20 12:15:09.461,430.0435587806049,6
2024-09-20 12:15:09.467,430.0287185884744,11
2024-09-20 12:15:09.567,,6
2024-09-20 12:15:09.569,430.00975055256873,996
2024-09-20 12:15:09.573,430.0284703778263,105
2024-09-20 12:15:09.581,430.02544969906455,1001
2024-09-20 12:15:09.662,430.06094850118654,996
2024-09-20 12:15:09.685,430.0199755578912,101
2024-09-20 12:15:09.689,430.036272468788,105
2024-09-20 12:15:09.690,430.0639918840005,995
2024-09-20 12:15:09.754,430.0205411950171,5
2024-09-20 12:15:09.853,429.9950883672472,104
2024-09-20 12:15:09.874,430.01408507136927,999
2024-09-20 12:15:09.901,430.0237781277489,9
2024-09-20 12:15:10.009,430.03789403168753,105
2024-09-20 12:15:10.026,430.0798355399328,1002
2024-09-20 12:15:10.027,430.0750748366561,999
2024-09-20 12:15:10.220,430.05217074805546,95
2024-09-20 12:15:10.321,430.069839945925,95
2024-09-20 12:15:10.392,430.096986623045,13
2024-09-20 12:15:10.406,430.0892838943688,95
2024-09-20 12:15:10.410,430.1142678232553,1003
2024-09-20 12:15:10.513,430.0669560611975,9
2024-09-20 12:15:10.636,430.04248000571215,1004
2024-09-20 12:15:10.732,430.06998250897226,102
2024-09-20 12:15:10.790,430.0615731938985,14
2024-09-20 12:15:10.804,430.03523959220814,97
2024-09-20 12:15:10.869,430.0708413184117,97
2024-09-20 12:15:10.873,430.0537821560749,9
2024-09-20 12:15:10.908,430.0604529784269,998
2024-09-20 12:15:10.941,430.1137174127668,6
2024-09-20 12:15:11.019,430.17495485708776,95
2024-09-20 12:15:11.031,430.131016577768,12
2024-09-20 12:15:11.051,430.1000688772603,105
2024-09-20 12:15:11.113,430.1723422146848,105
2024-09-20 12:15:11.122,430.1231708275734,100
2024-09-20 12:15:11.180,430.17834980602856,96
2024-09-20 12:15:11.216,430.13293872193714,995
2024-09-20 12:15:11.314,430.12565564536703,103
2024-09-20 12:15:11.424,430.10658805508046,13
2024-09-20 12:15:11.484,430.180974333128,99
2024-09-20 12:15:11.504,430.1536953055442,999
2024-09-20 12:15:11.533,430.1765702176923,996
2024-09-20 12:15:11.551,430.0971084006264,96
2024-09-20 12:15:11.584,430.110847093498,1000
2024-09-20 12:15:11.619,430.1615498422033,105
2024-09-20 12:15:11.636,430.1757771176794,5
2024-09-20 12:15:11.869,430.154993959694,1002
2024-09-20 12:15:11.877,430.1762408711634,96
2024-09-20 12:15:11.912,430.1370507859049,8
2024-09-20 12:15:11.977,430.1305297916119,996
2024-09-20 12:15:11.989,430.1165954369743,100
2024-09-20 12:15:12.123,430.1062861386386,101
2024-09-20 12:15:12.201,430.1542458006552,11
2024-09-20 12:15:12.253,430.1499955063532,997
2024-09-20 12:15:12.273,430.1463741253574,8
2024-09-20 12:15:12.327,430.1007363353687,102
2024-09-20 12:15:12.359,430.14817333683953,998
2024-09-20 12:15:12.364,430.1514145912876,1001
2024-09-20 12:15:12.419,430.1591129546766,8
2024-09-20 12:15:12.467,430.14743356772846,1004
2024-09-20 12:15:12.517,430.131028345026,9
2024-09-20 12:15:12.523,430.14760108123807,1001
2024-09-20 12:15:12.547,430.14563710001806,13
2024-09-20 12:15:12.607,430.1331731852607,995
2024-09-20 12:15:12.648,430.1442766859344,1001
2024-09-20 12:15:12.658,430.1291594239362,13
2024-09-20 12:15:12.744,430.12469225338816,101
2024-09-20 12:15:13.010,430.0887366395476,1003
2024-09-20 12:15:13.017,430.1003935924359,102
2024-09-20 12:15:13.048,430.098359864448,1000
2024-09-20 12:15:13.053,430.0800286030221,7
2024-09-20 12:15:13.228,430.0971201382424,997
2024-09-20 12:15:13.295,430.136053116084,104
2024-09-20 12:15:13.307,430.0898904565836,102
2024-09-20 12:15:13.342,430.096873523376,5
2024-09-20 12:15:13.373,430.1017294262586,8
2024-09-20 12:15:13.412,430.0934767623821,105
2024-09-20 12:15:13.426,430.1014579261169,12
2024-09-20 12:15:13.457,430.1012436486341,15
2024-09-20 12:15:13.511,430.1020144948199,5
2024-09-20 12:15:13.526,430.0794619520104,14
2024-09-20 12:15:13.541,430.0949412681321,104
2024-09-20 12:15:13.549,430.09137741291016,103
2024-09-20 12:15:13.632,430.0987401313744,999
2024-09-20 12:15:13.637,430.0794013516688,998
2024-09-20 12:15:13.649,430.0913371137019,1003
2024-09-20 12:15:13.664,430.1010457162867,13
2024-09-20 12:15:13.766,430.0830108529281,1003
2024-09-20 12:15:13.777,430.0996298755782,8
2024-09-20 12:15:13.778,430.0899846698039,1002
2024-09-20 12:15:13.820,430.0897258297196,6
2024-09-20 12:15:13.840,430.1042816184679,998
2024-09-20 12:15:13.853,430.0951382265954,6
2024-09-20 12:15:13.878,430.10374356272,98
2024-09-20 12:15:13.899,-430.1013401522482,101
2024-09-20 12:15:13.947,430.0971949992926,99
2024-09-20 12:15:14.030,430.0976774664341,998
2024-09-20 12:15:14.051,430.0625574358425,95
2024-09-20 12:15:14.064,430.08583294506246,999
2024-09-20 12:15:14.081,430.0807616108208,105
2024-09-20 12:15:14.139,430.1018451886176,13
2024-09-20 12:15:14.166,430.0776215126591,10
2024-09-20 12:15:14.203,430.0880395416796,6
2024-09-20 12:15:14.319,430.0228663106726,98
2024-09-20 12:15:14.397,430.0927370477645,101
2024-09-20 12:15:14.498,430.0772595787506,7
2024-09-20 12:15:14.521,430.0667529286569,1005
2024-09-20 12:15:14.540,430.1057001056918,95
2024-09-20 12:15:14.560,430.0858649651904,101
2024-09-20 12:15:14.568,430.0990168711638,999
2024-09-20 12:15:14.602,430.0145222782964,6
2024-09-20 12:15:14.723,430.0985847739306,1001
2024-09-20 12:15:14.769,430.09922966154863,105
2024-09-20 12:15:14.795,430.0882366306432,10
2024-09-20 12:15:14.804,430.1061960752763,96
2024-09-20 12:15:14.865,430.0342065348361,96
2024-09-20 12:15:14.910,430.0861101920492,99
2024-09-20 12:15:14.910,430.03903784125055,101
2024-09-20 12:15:14.952,430.0435506804676,1003
2024-09-20 12:15:14.965,430.10030527598207,1003
2024-09-20 12:15:14.967,430.04746011350176,12
2024-09-20 12:15:15.513,430.0074018684592,9
2024-09-20 12:15:15.580,429.9770440580232,104
2024-09-20 12:15:15.950,429.9690426454826,995
2024-09-20 12:15:17.001,429.9658036391918,11
2024-09-20 12:15:17.006,429.9573103118079,998
2024-09-20 12:15:17.096,429.9253651031207,14
2024-09-20 12:15:17.196,429.9496403178756,1005
2024-09-20 12:15:17.244,429.9151893598378,1005
2024-09-20 12:15:17.247,429.9807465288922,102
2024-09-20 12:15:17.270,429.91563855914825,8
2024-09-20 12:15:17.286,429.9451579037035,96
2024-09-20 12:15:17.322,429.9366265319263,995
2024-09-20 12:15:17.330,429.9807759806268,996
2024-09-20 12:15:17.340,429.9543635891169,1001
2024-09-20 12:15:17.397,429.9141967591336,997
2024-09-20 12:15:17.454,429.97338501424224,96
2024-09-20 12:15:17.503,429.9813284630993,96
2024-09-20 12:15:17.514,-429.9092818894554,1000
2024-09-20 12:15:17.545,429.8968929044741,999
2024-09-20 12:15:17.598,429.9739179234172,1003
2024-09-20 12:15:17.611,429.9560142525879,8
2024-09-20 12:15:17.634,429.9612251633391,995
2024-09-20 12:15:17.648,429.959772534576,96
2024-09-20 12:15:17.680,429.91607470181367,100
2024-09-20 12:15:17.735,429.9750689233617,5
2024-09-20 12:15:17.745,429.9746674529614,995
2024-09-20 12:15:17.753,429.97673638639895,1001
2024-09-20 12:15:17.773,429.95484088483806,14
2024-09-20 12:15:17.832,429.9834619615741,1000
2024-09-20 12:15:17.934,429.9805155440621,13
2024-09-20 12:15:17.939,429.959636109504,14
2024-09-20 12:15:18.074,429.8408096436245,14
2024-09-20 12:15:18.153,429.8180730814984,999
2024-09-20 12:15:18.207,429.8249961114856,98
2024-09-20 12:15:18.308,429.8377655617271,10
2024-09-20 12:15:18.420,429.81592625860327,14
2024-09-20 12:15:18.461,429.81455823929264,1005
2024-09-20 12:15:18.627,429.8631335784408,14
2024-09-20 12:15:18.642,429.7924564370252,103
2024-09-20 12:15:18.665,429.7929797204377,11
2024-09-20 12:15:18.763,429.8471374359139,103
2024-09-20 12:15:18.764,429.8340585478806,104
2024-09-20 12:15:18.776,429.80679762698577,5
2024-09-20 12:15:18.868,429.8880785667466,996
2024-09-20 12:15:18.884,429.8260243274326,1002
2024-09-20 12:15:18.958,429.8224093285511,100
2024-09-20 12:15:18.963,429.8376965873078,7
2024-09-20 12:15:19.316,429.785936138388,104
2024-09-20 12:15:19.427,429.7962538831425,11
2024-09-20 12:15:19.449,429.8060808819383,101
2024-09-20 12:15:19.486,429.805312632518,10
2024-09-20 12:15:19.496,429.822511347499,14
2024-09-20 12:15:19.617,429.8175521306927,12
2024-09-20 12:15:19.882,429.8048729713717,99
2024-09-20 12:15:19.895,429.81850893986217,12
2024-09-20 12:15:19.933,429.7738972612994,998
2024-09-20 12:15:20.258,429.8000000471151,7
2024-09-20 12:15:20.302,429.7916759768263,103
2024-09-20 12:15:20.357,429.7811892438445,1005
2024-09-20 12:15:20.540,429.8005940988178,995
2024-09-20 12:15:20.779,429.7777437385335,999
2024-09-20 12:15:20.830,429.8026189103282,104
2024-09-20 12:15:20.909,429.78077137810175,996
2024-09-20 12:15:21.025,429.8014562453804,15
2024-09-20 12:15:21.058,429.8188403311002,996
2024-09-20 12:15:21.075,429.80870705983216,14
2024-09-20 12:15:21.078,429.7842859061145,5
2024-09-20 12:15:21.118,429.8158916384084,14
2024-09-20 12:15:21.189,429.78476570436624,13
2024-09-20 12:15:21.231,429.8252133287627,103
2024-09-20 12:15:21.259,429.7922596585925,105
2024-09-20 12:15:21.262,429.76390454531526,9
2024-09-20 12:15:21.272,429.7909472175514,6
2024-09-20 12:15:21.303,429.8089996287368,6
2024-09-20 12:15:21.335,429.7653174240952,6
2024-09-20 12:15:21.483,429.81017455950433,1003
2024-09-20 12:15:21.495,429.7822988972523,95
2024-09-20 12:15:21.510,429.7960702782479,100
2024-09-20 12:15:21.516,429.8224501839344,102
2024-09-20 12:15:21.574,429.7939244910432,8
2024-09-20 12:15:21.702,429.78438371872943,995
2024-09-20 12:15:21.726,429.7958082599701,7
2024-09-20 12:15:21.786,429.7537555645883,995
2024-09-20 12:15:21.828,429.818274224113,1000
2024-09-20 12:15:21.830,429.7880288918668,96
2024-09-20 12:15:21.909,429.7888533200439,1004
2024-09-20 12:15:21.921,429.770385189014,5
2024-09-20 12:15:21.965,429.80468307939583,14
2024-09-20 12:15:22.052,429.7124821049808,13
2024-09-20 12:15:22.102,429.7181310437501,14
2024-09-20 12:15:22.282,429.739618512313,10
2024-09-20 12:15:22.753,429.7300235070629,998
2024-09-20 12:15:22.767,429.7276413847387,12
2024-09-20 12:15:22.782,429.7057196280284,96
2024-09-20 12:15:22.846,429.7521287403843,97
2024-09-20 12:15:22.862,429.6991172735193,1000
2024-09-20 12:15:22.914,429.7576398006392,11
2024-09-20 12:15:22.958,429.7015310979629,100
2024-09-20 12:15:23.009,429.6283167351058,6
2024-09-20 12:15:23.031,429.67548783923854,104
2024-09-20 12:15:23.049,429.70129382232966,13
2024-09-20 12:15:23.104,42.96476145486224,999
2024-09-20 12:15:23.114,429.6437942815216,95
2024-09-20 12:15:23.115,429.6726613510501,95
2024-09-20 12:15:23.120,429.65909917022753,11
2024-09-20 12:15:23.194,-429.6478542486478,1002
2024-09-20 12:15:23.226,429.64325679227534,5
2024-09-20 12:15:23.240,429.6166316969575,101
2024-09-20 12:15:23.508,429.64985991194254,998
2024-09-20 12:15:23.544,429.6881641294997,1005
2024-09-20 12:15:23.559,429.66256819559993,1005
2024-09-20 12:15:23.661,429.68567184492514,95
2024-09-20 12:15:23.689,429.6308854212542,10
2024-09-20 12:15:23.694,429.67700265452805,1002
2024-09-20 12:15:23.783,429.6479063673094,1002
2024-09-20 12:15:23.807,429.64986728648194,5
2024-09-20 12:15:23.906,429.632237103612,7
2024-09-20 12:15:24.042,429.6823460001653,996
2024-09-20 12:15:24.219,429.7171401297115,14
2024-09-20 12:15:24.514,429.73832802287126,997
2024-09-20 12:15:24.532,429.6912462104179,98
2024-09-20 12:15:24.582,429.67391680880826,995
2024-09-20 12:15:24.712,429.73284459908814,997
2024-09-20 12:15:24.757,429.6845092755117,1005
2024-09-20 12:15:24.867,429.6883495299432,995
2024-09-20 12:15:24.891,429.6930560971106,12
2024-09-20 12:15:25.028,429.70772787926165,96
2024-09-20 12:15:25.043,429.7043025868296,102
2024-09-20 12:15:25.047,429.7583627310877,12
2024-09-20 12:15:25.102,429.7428944244191,8
2024-09-20 12:15:25.190,429.7528594704909,100
2024-09-20 12:15:25.283,429.7492104894817,13
2024-09-20 12:15:25.336,429.70862853924064,105
2024-09-20 12:15:25.400,429.7632966335128,6
2024-09-20 12:15:25.411,429.7181033747801,13
2024-09-20 12:15:25.454,429.6995646216262,105
2024-09-20 12:15:25.596,429.70917291378026,100
2024-09-20 12:15:25.616,429.708748809062,998
2024-09-20 12:15:25.623,429.7514593166694,11
2024-09-20 12:15:25.844,429.7334329244488,96
2024-09-20 12:15:25.912,429.7517686163407,1001
2024-09-20 12:15:25.923,429.7237639592137,15
2024-09-20 12:15:25.939,429.7461150036534,15
2024-09-20 12:15:25.995,429.7538861391924,97
2024-09-20 12:15:26.178,429.752506343589,97
2024-09-20 12:15:26.276,429.7896513704308,8
2024-09-20 12:15:26.611,429.7384184565341,5
2024-09-20 12:15:26.973,429.7704242139978,11
2024-09-20 12:15:26.986,429.7343420720485,11
2024-09-20 12:15:27.024,429.82531968439815,95
2024-09-20 12:15:27.034,429.7965697535336,100
2024-09-20 12:15:27.077,429.7820786723756,99
2024-09-20 12:15:27.141,429.77159100618246,996
2024-09-20 12:15:27.515,429.7994878030588,1000
2024-09-20 12:15:27.534,429.78430192048734,6
2024-09-20 12:15:27.593,429.7788800378351,996
2024-09-20 12:15:27.599,429.8013018712008,105
2024-09-20 12:15:27.744,429.7669739446106,95
2024-09-20 12:15:27.839,429.8025143058232,995
2024-09-20 12:15:28.079,429.9118618258925,11
2024-09-20 12:15:28.105,429.9027584980592,9
2024-09-20 12:15:28.113,429.8524873149673,1002
2024-09-20 12:15:28.225,429.8293562812648,97
2024-09-20 12:15:28.250,429.90446053444106,96
2024-09-20 12:15:28.262,429.82699203020303,104
2024-09-20 12:15:28.314,429.92165076122905,1002
2024-09-20 12:15:28.318,429.8491620150653,102
2024-09-20 12:15:28.355,429.8291269159709,14
2024-09-20 12:15:28.446,429.915906036552,997
2024-09-20 12:15:28.455,429.9140712576863,996
2024-09-20 12:15:28.504,429.83210547863735,996
2024-09-20 12:15:28.508,429.90069796886127,995
2024-09-20 12:15:28.912,429.8327986528372,1000
2024-09-20 12:15:28.930,429.8797625923865,9
2024-09-20 12:15:29.190,429.897885886736,102
2024-09-20 12:15:29.637,429.881711679786,8
2024-09-20 12:15:29.640,429.88595334076126,15
2024-09-20 12:15:29.699,429.8841306251082,1002
2024-09-20 12:15:29.717,429.876548064334,104
2024-09-20 12:15:29.750,429.9018951852602,1004
2024-09-20 12:15:29.825,429.895220993854,6
2024-09-20 12:15:29.854,429.8738468521176,1000
2024-09-20 12:15:29.895,429.87173032087287,105
2024-09-20 12:15:30.020,429.84704262068976,10
2024-09-20 12:15:30.047,429.84281339203096,97
2024-09-20 12:15:30.059,429.83457269566594,99
2024-09-20 12:15:30.206,429.85657053563045,11
2024-09-20 12:15:30.274,429.83762333697473,6
2024-09-20 12:15:30.334,429.842831174179,999
2024-09-20 12:15:30.361,-429.8531760571246,13
2024-09-20 12:15:30.455,429.90295537539976,996
2024-09-20 12:15:30.476,429.8698260504016,1003
2024-09-20 12:15:30.492,429.883191110316,1002
2024-09-20 12:15:30.517,429.8530926713253,13
2024-09-20 12:15:30.538,429.840411472373,1004
2024-09-20 12:15:30.578,429.8787392526852,5
2024-09-20 12:15:30.594,429.86511507766016,103
2024-09-20 12:15:30.594,429.85108743109214,1002
2024-09-20 12:15:30.611,429.8669514814664,15
2024-09-20 12:15:30.630,,12
2024-09-20 12:15:30.788,429.8555895355494,6
2024-09-20 12:15:30.799,429.8486686249819,11
2024-09-20 12:15:30.844,429.83930441347184,1000
2024-09-20 12:15:30.902,429.8846549891287,5
2024-09-20 12:15:30.906,429.8694941133964,11
2024-09-20 12:15:30.919,429.8378676233981,14
2024-09-20 12:15:30.991,429.8845929452936,98
2024-09-20 12:15:31.040,429.883022926344,1000
2024-09-20 12:15:31.064,429.8907196698392,14
2024-09-20 12:15:31.083,429.8756894706318,999
2024-09-20 12:15:31.108,429.8630505787435,15
2024-09-20 12:15:31.182,429.8220900854811,105
2024-09-20 12:15:31.357,429.8325690474678,5
2024-09-20 12:15:31.446,429.8245075148133,9
2024-09-20 12:15:31.502,429.8134382388002,9
2024-09-20 12:15:31.547,429.8197310837325,1002
2024-09-20 12:15:31.649,429.8772102767336,5
2024-09-20 12:15:31.658,429.8785957294756,1002
2024-09-20 12:15:31.659,429.9028730743127,995
2024-09-20 12:15:31.674,429.8958897266483,10
2024-09-20 12:15:31.680,429.8163946437769,95
2024-09-20 12:15:31.730,429.880319317614,105
2024-09-20 12:15:31.759,42.9842602833473,15
2024-09-20 12:15:31.769,429.8601549252703,13
2024-09-20 12:15:31.853,429.8974765403654,14
2024-09-20 12:15:31.889,429.819195768078,14
2024-09-20 12:15:31.905,429.8187025161005,103
2024-09-20 12:15:31.924,429.8100615708277,1005
2024-09-20 12:15:33.071,429.83528707563227,101
2024-09-20 12:15:33.424,429.8133236185147,96
2024-09-20 12:15:33.429,429.8292830142647,1004
2024-09-20 12:15:33.467,429.82840733400985,998
2024-09-20 12:15:33.776,429.8723423766152,1004
2024-09-20 12:15:33.975,429.8515350996266,1004
2024-09-20 12:15:33.983,429.8201261436248,997
2024-09-20 12:15:34.011,429.7827397069027,1002
2024-09-20 12:15:34.059,429.7516350735027,10
2024-09-20 12:15:34.116,429.8109863635179,14
2024-09-20 12:15:34.182,429.7564810388882,97
2024-09-20 12:15:34.201,429.8423380678285,5
2024-09-20 12:15:34.223,429.79988814434927,102
2024-09-20 12:15:34.251,429.7847363405669,100
2024-09-20 12:15:34.307,429.7679818650871,997
2024-09-20 12:15:34.368,429.8081963444753,98
2024-09-20 12:15:34.371,429.80954423718174,998
2024-09-20 12:15:34.440,429.7681811236986,15
2024-09-20 12:15:34.723,429.7826708136485,1002
2024-09-20 12:15:34.766,429.77866668941226,98
2024-09-20 12:15:34.799,429.7767984531967,95
2024-09-20 12:15:34.799,429.7704756752782,8
2024-09-20 12:15:34.984,429.8772749513707,996
2024-09-20 12:15:35.054,429.71536527349525,98
2024-09-20 12:15:35.099,429.6191612810023,998
2024-09-20 12:15:35.193,429.6371962508781,14
2024-09-20 12:15:35.305,429.7066798329151,997
2024-09-20 12:15:35.315,429.73246915283215,995
2024-09-20 12:15:35.356,429.6482062354754,100
2024-09-20 12:15:35.398,429.6985459691302,15
2024-09-20 12:15:35.437,429.706995012234,997
2024-09-20 12:15:35.443,429.6084350833983,102
2024-09-20 12:15:35.612,429.71156141555423,15
2024-09-20 12:15:35.672,429.7388350124416,12
2024-09-20 12:15:35.673,429.6114116280932,7
2024-09-20 12:15:35.711,429.60217011712615,6
2024-09-20 12:15:35.736,429.699953875076,1000
2024-09-20 12:15:35.885,429.71674371316806,998
2024-09-20 12:15:35.940,429.7043062765984,1002
2024-09-20 12:15:35.960,429.74682348278,995
2024-09-20 12:15:36.027,429.6491047888628,1001
2024-09-20 12:15:36.084,429.6511738429848,95
2024-09-20 12:15:36.225,429.6202518630894,15
2024-09-20 12:15:36.458,429.6348169845357,97
2024-09-20 12:15:36.508,429.6438263052066,1000
2024-09-20 12:15:36.524,429.6313653771599,97
2024-09-20 12:15:36.734,429.62644786051055,96
2024-09-20 12:15:36.904,429.66101068502985,99
2024-09-20 12:15:37.050,429.6893230920583,997
2024-09-20 12:15:37.103,429.7143523322708,11
2024-09-20 12:15:37.130,429.6873246705388,102
2024-09-20 12:15:37.153,429.73071489254886,96
2024-09-20 12:15:37.155,429.7033072017803,10
2024-09-20 12:15:37.307,429.735216023984,1004
2024-09-20 12:15:37.313,429.71595856976376,7
2024-09-20 12:15:37.355,429.7136884279663,7
2024-09-20 12:15:37.400,429.706022916803,14
2024-09-20 12:15:37.503,429.7169642095222,101
2024-09-20 12:15:37.530,429.70951587681606,998
2024-09-20 12:15:37.543,429.6975467706753,1001
2024-09-20 12:15:37.610,429.7000845362488,101
2024-09-20 12:15:37.726,429.7152993311001,1004
2024-09-20 12:15:37.729,429.70195329762674,997
2024-09-20 12:15:37.776,429.71440464756506,105
2024-09-20 12:15:37.786,429.6940288777332,997
2024-09-20 12:15:37.856,429.691617948148,1003
2024-09-20 12:15:37.900,429.7204126795161,14
2024-09-20 12:15:38.025,429.753428123739,5
2024-09-20 12:15:38.300,429.75634660785977,102
2024-09-20 12:15:38.334,429.7728796895655,14
2024-09-20 12:15:38.401,429.7348313253537,13
2024-09-20 12:15:38.436,429.753270076946,101
2024-09-20 12:15:38.557,429.7817512112269,14
2024-09-20 12:15:38.601,429.7176539598229,7
2024-09-20 12:15:39.011,429.73613274410576,14
2024-09-20 12:15:39.227,429.7789886987334,5
2024-09-20 12:15:39.340,429.7656066304722,100
2024-09-20 12:15:39.484,429.77277717997225,14
2024-09-20 12:15:39.631,429.7416088279859,96
2024-09-20 12:15:39.637,429.7144553667534,995
2024-09-20 12:15:39.642,429.74688941542655,1004
2024-09-20 12:15:39.688,429.7324859498248,97
2024-09-20 12:15:40.006,429.68488015562536,95
2024-09-20 12:15:40.006,429.7622143030149,996
2024-09-20 12:15:40.023,429.7415034953899,1003
2024-09-20 12:15:40.034,429.7384128383455,105
2024-09-20 12:15:40.066,429.69543723246665,15
2024-09-20 12:15:40.106,429.6962449934311,996
2024-09-20 12:15:40.110,429.77011111788846,5
2024-09-20 12:15:40.114,429.7645564092461,10
2024-09-20 12:15:40.253,429.7710466489999,104
2024-09-20 12:15:40.265,429.73568717541457,1004
2024-09-20 12:15:40.272,42.975990529785776,1005
2024-09-20 12:15:40.293,429.754471038742,11
2024-09-20 12:15:40.305,429.7625003025289,1002
2024-09-20 12:15:40.325,429.7181369261097,15
2024-09-20 12:15:40.367,429.7183678853643,10
2024-09-20 12:15:40.379,429.6821255085142,104
2024-09-20 12:15:40.381,429.75663708174267,11
2024-09-20 12:15:40.451,429.73151015249545,1000
2024-09-20 12:15:40.483,429.7588731114208,9
2024-09-20 12:15:40.534,429.6815934448789,1004
2024-09-20 12:15:40.573,429.758156950152,7
2024-09-20 12:15:40.595,429.6826687107783,1000
2024-09-20 12:15:40.654,429.7744262896503,100
2024-09-20 12:15:40.730,429.7620303394958,15
2024-09-20 12:15:40.767,429.7106738845318,95
2024-09-20 12:15:40.836,429.7831393703011,7
2024-09-20 12:15:40.838,429.72592413950247,5
2024-09-20 12:15:40.845,429.7185003658173,1002
2024-09-20 12:15:40.870,429.7129791144497,15
2024-09-20 12:15:40.883,429.77226657971386,11
2024-09-20 12:15:41.078,429.6836557122375,1004
2024-09-20 12:15:41.140,429.70792555590674,8
2024-09-20 12:15:41.212,429.7176991070568,995
2024-09-20 12:15:41.231,429.67312607537815,1003
2024-09-20 12:15:41.245,429.7338474207824,14
2024-09-20 12:15:41.290,429.7057923710448,999
2024-09-20 12:15:41.296,429.7255382243957,105
2024-09-20 12:15:41.430,429.6735249590377,1001
2024-09-20 12:15:41.513,429.7024251440719,13
2024-09-20 12:15:41.600,429.7149109720708,6
2024-09-20 12:15:41.680,429.752901920851,101
2024-09-20 12:15:41.812,429.7435284158465,105
2024-09-20 12:15:41.869,429.6975900439703,9
2024-09-20 12:15:41.918,429.68133666909085,96
2024-09-20 12:15:41.944,429.7512372117245,1000
2024-09-20 12:15:42.030,429.8133125372491,15
2024-09-20 12:15:42.112,429.8129642057447,995
2024-09-20 12:15:42.315,429.7998984422725,1004
2024-09-20 12:15:42.325,429.7839096411791,100
2024-09-20 12:15:42.379,429.82237533492383,1002
2024-09-20 12:15:42.475,429.7918316761262,999
2024-09-20 12:15:42.505,429.7620377409138,100
2024-09-20 12:15:42.654,429.7911668024728,995
2024-09-20 12:15:42.839,429.790284197774,99
2024-09-20 12:15:42.861,429.83641563023326,99
2024-09-20 12:15:42.870,429.7824915807741,13
2024-09-20 12:15:42.878,429.8104569927142,14
2024-09-20 12:15:42.983,429.8175829580724,998
2024-09-20 12:15:43.015,429.80814076912594,99
2024-09-20 12:15:43.020,429.781859927373,98
2024-09-20 12:15:43.069,429.831479683669,1003
2024-09-20 12:15:43.088,429.79549282345465,104
2024-09-20 12:15:43.180,429.8042281330826,7
2024-09-20 12:15:43.396,429.7949315893538,15
2024-09-20 12:15:43.435,429.8158340942188,1000
2024-09-20 12:15:43.506,429.81658567157285,1001
2024-09-20 12:15:43.510,429.8361743383672,102
2024-09-20 12:15:43.623,429.82034653858136,95
2024-09-20 12:15:43.638,429.8215215324354,99
2024-09-20 12:15:43.698,429.8463277218754,98
2024-09-20 12:15:43.714,429.8254335972256,1001
2024-09-20 12:15:43.719,429.79444647728457,8
2024-09-20 12:15:43.723,429.7997983027556,999
2024-09-20 12:15:43.741,429.81565930041984,997
2024-09-20 12:15:43.896,429.81829959931696,101
2024-09-20 12:15:43.910,429.79921620099736,98
2024-09-20 12:15:43.932,429.8228485050184,8
2024-09-20 12:15:43.933,429.798507510279,1004
2024-09-20 12:15:43.972,429.78549403332016,14
2024-09-20 12:15:43.981,429.8077068932101,6
2024-09-20 12:15:44.109,429.8605653378978,996
2024-09-20 12:15:44.128,429.84341675526144,1005
2024-09-20 12:15:44.131,429.8464673439271,1005
2024-09-20 12:15:44.387,429.85353888363295,13
2024-09-20 12:15:44.415,429.836561250729,105
2024-09-20 12:15:45.132,429.8124577096702,99
2024-09-20 12:15:45.165,429.7850228802408,1005
2024-09-20 12:15:45.305,429.8059678143016,1000
2024-09-20 12:15:45.445,429.792874536644,1005
2024-09-20 12:15:45.702,429.8258525362492,102
2024-09-20 12:15:45.731,429.83325867282286,9
2024-09-20 12:15:45.821,429.8388030876079,995
2024-09-20 12:15:45.985,429.842870701706,997
2024-09-20 12:15:46.066,429.8027764186596,999
2024-09-20 12:15:46.067,429.7565671319054,1004
2024-09-20 12:15:46.166,429.79914774289495,9
2024-09-20 12:15:46.311,429.7687073596158,13
2024-09-20 12:15:46.342,42.974438310925656,5
2024-09-20 12:15:46.753,429.747606194884,999
2024-09-20 12:15:46.865,429.7923582213697,1004
2024-09-20 12:15:46.884,429.77748593410433,6
2024-09-20 12:15:46.891,429.7454966217812,15
2024-09-20 12:15:46.986,429.8048938244676,102
2024-09-20 12:15:47.012,429.7889305650477,104
2024-09-20 12:15:47.385,429.7697182176902,1004
2024-09-20 12:15:47.392,429.76860341271134,100
2024-09-20 12:15:47.403,,1005
2024-09-20 12:15:47.432,429.775809660543,999
2024-09-20 12:15:47.435,429.80962453673993,100
2024-09-20 12:15:47.439,429.7643062201664,14
2024-09-20 12:15:47.504,429.76952568382353,997
2024-09-20 12:15:47.604,429.7614573719661,11
2024-09-20 12:15:47.604,429.7893282016461,9
2024-09-20 12:15:47.644,429.7819030717008,101
2024-09-20 12:15:47.666,429.77961487650873,96
2024-09-20 12:15:47.675,429.8010920636068,12
2024-09-20 12:15:47.712,429.78551206819975,105
2024-09-20 12:15:47.724,429.7583402572208,99
2024-09-20 12:15:47.726,429.78317141129503,100
2024-09-20 12:15:47.739,429.7806800859914,15
2024-09-20 12:15:47.744,429.7764641489413,96
2024-09-20 12:15:47.767,429.7729573545234,1002
2024-09-20 12:15:47.977,429.77974805940414,1003
2024-09-20 12:15:47.986,-429.7847358344525,1000
2024-09-20 12:15:48.087,429.7504607998397,996
2024-09-20 12:15:48.112,429.7452478800896,102
2024-09-20 12:15:48.275,429.7707584120345,105
2024-09-20 12:15:48.280,429.7626093242497,103
2024-09-20 12:15:48.293,429.7724933312484,14
2024-09-20 12:15:48.326,429.7998653850795,99
2024-09-20 12:15:48.391,429.7879608916506,101
2024-09-20 12:15:48.585,429.7751741449125,104
2024-09-20 12:15:48.596,429.7930687224669,8
2024-09-20 12:15:48.727,,9
2024-09-20 12:15:48.762,,1003
2024-09-20 12:15:48.824,429.7553062525159,1002
2024-09-20 12:15:48.889,429.754114701884,1000
2024-09-20 12:15:48.989,429.7822164417042,7
2024-09-20 12:15:49.033,429.7648310455895,105
2024-09-20 12:15:49.128,429.7924120175278,1001
2024-09-20 12:15:49.167,429.7889843350224,1004
2024-09-20 12:15:49.202,429.75014051251424,105
2024-09-20 12:15:49.299,,1001
2024-09-20 12:15:49.308,429.77369477201273,11
2024-09-20 12:15:49.330,429.7867985674215,97
2024-09-20 12:15:49.378,429.7889589006326,7
2024-09-20 12:15:49.380,429.78744249347017,7
2024-09-20 12:15:49.556,429.78600464439006,999
2024-09-20 12:15:49.637,429.7708429456185,12
2024-09-20 12:15:49.720,429.7754435194543,15
2024-09-20 12:15:49.732,429.8005959127683,996
2024-09-20 12:15:49.945,429.787239007596,12
2024-09-20 12:15:50.099,429.7156333813236,6
2024-09-20 12:15:50.372,429.7415757973952,1000
2024-09-20 12:15:50.384,429.7389181784027,1001
2024-09-20 12:15:50.606,429.7473699524761,1000
2024-09-20 12:15:51.262,429.7042252834274,12
2024-09-20 12:15:51.529,429.7121888788744,96
2024-09-20 12:15:51.586,429.7349365391454,1005
2024-09-20 12:15:51.604,429.73124032802167,8
2024-09-20 12:15:51.621,429.7278388634618,1002
2024-09-20 12:15:51.920,429.7528636195256,1000
2024-09-20 12:15:51.931,429.7416483839099,101
2024-09-20 12:15:52.049,429.70769800390576,14
2024-09-20 12:15:52.049,429.6911019201701,104
2024-09-20 12:15:52.089,429.7070883906296,101
2024-09-20 12:15:52.144,429.70286881490944,997
2024-09-20 12:15:52.235,429.6943206054266,1001
2024-09-20 12:15:52.246,429.7432357873121,6
2024-09-20 12:15:52.339,429.76305522910906,9
2024-09-20 12:15:52.349,429.7384469376967,9
2024-09-20 12:15:52.386,429.6899549992799,999
2024-09-20 12:15:52.390,429.7278656259361,1000
2024-09-20 12:15:52.522,429.7311126434968,14
2024-09-20 12:15:52.567,429.71254128753577,9
2024-09-20 12:15:52.648,429.72443066480105,1000
2024-09-20 12:15:52.674,429.73840935679743,995
2024-09-20 12:15:52.695,429.7100885336644,95
2024-09-20 12:15:52.745,429.71654411332304,1005
2024-09-20 12:15:52.818,429.6970838042666,100
2024-09-20 12:15:52.900,429.75673760535983,8
2024-09-20 12:15:52.929,429.70624166432594,998
2024-09-20 12:15:53.209,429.76275341926834,95
2024-09-20 12:15:53.211,429.7536562063998,95
2024-09-20 12:15:54.028,429.690887301083,15
2024-09-20 12:15:54.035,429.7174263978407,105
2024-09-20 12:15:54.064,429.6992191810825,9
2024-09-20 12:15:54.078,429.6722664516759,97
2024-09-20 12:15:54.122,429.7328309190914,1001
2024-09-20 12:15:54.176,429.6927070668136,1005
2024-09-20 12:15:54.379,429.7160553617443,98
2024-09-20 12:15:54.395,429.6883670110855,14
2024-09-20 12:15:54.471,429.7137201785146,1003
2024-09-20 12:15:54.484,429.6910705924192,9
2024-09-20 12:15:54.500,429.6791648989232,1002
2024-09-20 12:15:54.543,429.6984732208993,15
2024-09-20 12:15:54.718,429.72160427003934,104
2024-09-20 12:15:54.832,429.7345001145707,102
2024-09-20 12:15:54.859,429.7112467047177,98
2024-09-20 12:15:54.921,429.6801526097947,996
2024-09-20 12:15:54.925,429.7072621881031,7
2024-09-20 12:15:54.954,429.6796533195443,104
2024-09-20 12:15:54.968,429.69778928620696,102
2024-09-20 12:15:55.083,429.706564539933,14
2024-09-20 12:15:55.123,429.7541321320068,98
2024-09-20 12:15:55.136,429.7033126133427,1005
2024-09-20 12:15:55.150,429.72458186648976,105
2024-09-20 12:15:55.182,429.7239290814597,998
2024-09-20 12:15:55.210,429.7071614876076,104
2024-09-20 12:15:55.275,429.69998534394006,13
2024-09-20 12:15:55.291,429.70588591898087,1002
2024-09-20 12:15:55.351,429.7080930995546,105
2024-09-20 12:15:55.354,429.69630006013136,9
2024-09-20 12:15:55.424,429.73559651477456,15
2024-09-20 12:15:55.449,429.7192735753002,7
2024-09-20 12:15:55.511,429.764347974323,1003
2024-09-20 12:15:55.614,429.7638361253024,96
2024-09-20 12:15:55.628,429.7562802865822,97
2024-09-20 12:15:55.641,429.7081408945298,6
2024-09-20 12:15:55.671,429.70378590891625,7
2024-09-20 12:15:55.675,429.70015518143646,997
2024-09-20 12:15:55.682,429.72013467891975,102
2024-09-20 12:15:55.692,429.6731244814383,99
2024-09-20 12:15:55.716,429.6699429632402,104
2024-09-20 12:15:55.781,429.7083513253164,7
2024-09-20 12:15:55.785,429.7575163211729,1004
2024-09-20 12:15:55.817,429.7210029554458,11
2024-09-20 12:15:55.828,429.713051654869,1000
2024-09-20 12:15:55.898,429.712721556576,14
2024-09-20 12:15:55.988,429.7475599129089,101
2024-09-20 12:15:56.001,429.71540852405457,12
2024-09-20 12:15:56.015,429.741167665041,95
2024-09-20 12:15:56.035,429.7791112661533,100
2024-09-20 12:15:56.039,,5
2024-09-20 12:15:56.060,429.7230477638232,14
2024-09-20 12:15:56.092,429.7310265995053,1004
2024-09-20 12:15:56.102,429.7224974319296,102
2024-09-20 12:15:56.142,429.7457332230993,105
2024-09-20 12:15:56.217,429.70758605578567,14
2024-09-20 12:15:56.241,429.7285920340223,996
2024-09-20 12:15:56.378,429.73849719672734,14
2024-09-20 12:15:56.406,429.7459654528977,13
2024-09-20 12:15:56.486,429.727224050735,1002
2024-09-20 12:15:56.533,429.71985488420535,1001
2024-09-20 12:15:56.807,429.7183705132706,995
2024-09-20 12:15:56.815,429.7414479887064,1003
2024-09-20 12:15:56.826,429.7633744154207,995
2024-09-20 12:15:56.827,,6
2024-09-20 12:15:56.866,429.7340719704889,14
2024-09-20 12:15:56.927,429.7757736840659,12
2024-09-20 12:15:56.932,429.7040539672952,96
2024-09-20 12:15:56.971,429.7411984131589,997
2024-09-20 12:15:56.976,429.7114077257623,6
2024-09-20 12:15:56.977,429.7526920661182,997
2024-09-20 12:15:57.278,429.7705428562256,12
2024-09-20 12:15:57.486,429.7844440584777,14
2024-09-20 12:15:57.777,429.77420462982303,95
2024-09-20 12:15:58.354,429.81414474450673,6
2024-09-20 12:15:58.528,429.7989394530988,14
2024-09-20 12:15:58.540,429.786438204532,7
2024-09-20 12:15:58.665,429.7909220230538,96
2024-09-20 12:15:58.671,429.7999302552967,1001
2024-09-20 12:15:58.803,429.8025159510259,96
2024-09-20 12:15:59.007,429.8238852741079,11
2024-09-20 12:15:59.132,429.81740694880096,1004
2024-09-20 12:15:59.250,429.7922338040949,102
2024-09-20 12:15:59.375,429.8406067116441,14
2024-09-20 12:15:59.425,429.85185909696855,96
2024-09-20 12:15:59.433,429.8699657574487,102
2024-09-20 12:15:59.441,429.8601921652101,1005
2024-09-20 12:15:59.459,429.85354659178137,1001
2024-09-20 12:15:59.634,429.8391301257648,999
2024-09-20 12:15:59.641,429.8370109400674,15
2024-09-20 12:15:59.675,429.8399165364511,1004
2024-09-20 12:15:59.752,429.8845330901533,1000
2024-09-20 12:15:59.891,429.8135292207424,998
2024-09-20 12:15:59.894,429.833313915088,1002
2024-09-20 12:15:59.937,429.8428433792388,995
2024-09-20 12:15:59.962,429.8639431280588,9
