Timestamp,Price,Size
2024-09-19 11:53:00.126,422.1448273990096,104
2024-09-19 11:53:00.129,422.13158798943385,5
2024-09-19 11:53:00.143,422.1756671821692,10
2024-09-19 11:53:00.144,422.11755018149216,11
2024-09-19 11:53:00.150,422.1302086698163,13
2024-09-19 11:53:00.241,422.1367866427652,13
2024-09-19 11:53:00.464,422.1853902352325,96
2024-09-19 11:53:00.496,422.116254740378,104
2024-09-19 11:53:00.511,422.1288610994994,101
2024-09-19 11:53:00.549,422.090686205453,999
2024-09-19 11:53:00.602,422.11792163031726,103
2024-09-19 11:53:00.619,422.1016355170012,96
2024-09-19 11:53:00.620,422.161983658874,995
2024-09-19 11:53:00.641,422.17409355085374,1000
2024-09-19 11:53:00.666,422.11707696914505,6
2024-09-19 11:53:00.685,422.1708810683461,10
2024-09-19 11:53:00.744,422.136920649338,103
2024-09-19 11:53:00.758,422.1012960094835,14
2024-09-19 11:53:00.812,422.1112740246057,5
2024-09-19 11:53:00.821,422.1084233394576,103
2024-09-19 11:53:00.824,422.1258792109103,97
2024-09-19 11:53:00.847,422.0836767451032,996
2024-09-19 11:53:00.875,422.138217652446,10
2024-09-19 11:53:00.887,422.1189180071336,5
2024-09-19 11:53:00.928,422.1264796200284,99
2024-09-19 11:53:00.972,422.13299479368914,1005
2024-09-19 11:53:01.854,422.1907609331405,1003
2024-09-19 11:53:02.019,422.0751666024316,1002
2024-09-19 11:53:02.042,422.0720535245473,104
2024-09-19 11:53:02.079,422.1804871136593,996
2024-09-19 11:53:02.111,422.1643250657015,999
2024-09-19 11:53:02.111,422.1303927872482,100
2024-09-19 11:53:02.117,422.0890583428377,104
2024-09-19 11:53:02.127,422.147276521732,8
2024-09-19 11:53:02.160,422.1674856378016,997
2024-09-19 11:53:02.162,422.11543999770345,6
2024-09-19 11:53:02.318,422.16749624828793,96
2024-09-19 11:53:02.370,422.16847351908456,103
2024-09-19 11:53:02.401,422.0945309280409,1005
2024-09-19 11:53:02.474,422.09377089344696,1004
2024-09-19 11:53:02.529,422.1924151189801,15
2024-09-19 11:53:02.537,422.116136052768,102
2024-09-19 11:53:02.678,422.1758802702625,104
2024-09-19 11:53:02.741,422.0992810838931,999
2024-09-19 11:53:02.743,422.1128486125165,15
2024-09-19 11:53:02.786,422.0831113213912,1004
2024-09-19 11:53:02.887,422.114942629981,103
2024-09-19 11:53:02.891,422.066418861929,996
2024-09-19 11:53:02.892,422.1147270542437,96
2024-09-19 11:53:03.017,422.09988565010354,8
2024-09-19 11:53:03.050,422.0834765355144,8
2024-09-19 11:53:03.056,422.0902846647141,96
2024-09-19 11:53:03.079,422.0868093426288,103
2024-09-19 11:53:03.088,422.1111763455594,1001
2024-09-19 11:53:03.182,422.0957035463001,7
2024-09-19 11:53:03.203,422.0899702213309,1005
2024-09-19 11:53:03.214,422.1085094025841,998
2024-09-19 11:53:03.329,422.0870931812504,9
2024-09-19 11:53:03.349,422.0930155099525,101
2024-09-19 11:53:03.457,422.0967942607479,7
2024-09-19 11:53:03.481,422.1018746866943,12
2024-09-19 11:53:03.496,422.10212237194514,101
2024-09-19 11:53:03.506,422.1060237414207,1004
2024-09-19 11:53:03.511,422.1100621854013,8
2024-09-19 11:53:03.574,422.072076841961,99
2024-09-19 11:53:03.668,422.0842689629849,1002
2024-09-19 11:53:03.743,422.0984630472055,13
2024-09-19 11:53:03.757,422.0766170256488,95
2024-09-19 11:53:03.791,422.08874156946297,98
2024-09-19 11:53:03.849,422.0627639076018,998
2024-09-19 11:53:03.850,422.1081734139023,15
2024-09-19 11:53:03.887,422.09322788624286,15
2024-09-19 11:53:03.936,422.06617345793103,6
2024-09-19 11:53:03.945,422.07323554301655,1002
2024-09-19 11:53:04.121,422.1170458354457,95
2024-09-19 11:53:04.341,422.1091079578954,1004
2024-09-19 11:53:04.372,422.0814165816065,1000
2024-09-19 11:53:04.372,422.0865756773899,6
2024-09-19 11:53:04.393,422.0983968124346,1002
2024-09-19 11:53:04.428,422.0967790140648,5
2024-09-19 11:53:04.455,422.12074048938126,998
2024-09-19 11:53:04.628,422.0786607786388,8
2024-09-19 11:53:04.637,422.1195133017703,9
2024-09-19 11:53:04.656,422.1042790879651,104
2024-09-19 11:53:04.692,422.08307180284606,9
2024-09-19 11:53:05.017,422.1140602742328,10
2024-09-19 11:53:05.092,422.0851342791128,105
2024-09-19 11:53:05.167,422.1660037436429,100
2024-09-19 11:53:05.172,422.08643779272745,103
2024-09-19 11:53:05.260,422.11979247561646,6
2024-09-19 11:53:05.273,422.1561941156181,101
2024-09-19 11:53:05.288,422.0911863569998,11
2024-09-19 11:53:05.308,422.1386265006992,1000
2024-09-19 11:53:05.316,422.14619933241113,9
2024-09-19 11:53:05.356,422.06541585025855,8
2024-09-19 11:53:05.359,422.0753937575278,1004
2024-09-19 11:53:05.396,422.0712610694253,999
2024-09-19 11:53:05.409,422.16258411783525,99
2024-09-19 11:53:05.492,422.15002862752937,1003
2024-09-19 11:53:05.557,422.1627250595023,14
2024-09-19 11:53:05.572,422.1284143014968,999
2024-09-19 11:53:05.587,422.0947753808478,98
2024-09-19 11:53:05.629,422.15967279419687,999
2024-09-19 11:53:05.631,422.1147321432068,104
2024-09-19 11:53:05.663,422.1514093422151,104
2024-09-19 11:53:05.665,422.1305710128922,5
2024-09-19 11:53:05.717,422.0934169269328,1004
2024-09-19 11:53:05.867,422.1229007961324,15
2024-09-19 11:53:05.919,422.07836948935534,97
2024-09-19 11:53:05.991,422.1320574407361,99
2024-09-19 11:53:06.009,422.1268662599618,999
2024-09-19 11:53:06.020,422.1580685049139,1003
2024-09-19 11:53:06.139,422.09435848088896,9
2024-09-19 11:53:06.188,422.088388590346,96
2024-09-19 11:53:06.218,422.0891857057583,8
2024-09-19 11:53:06.229,422.07444988480296,96
2024-09-19 11:53:06.364,422.16024154237857,15
2024-09-19 11:53:06.372,422.0882223659003,100
2024-09-19 11:53:06.531,422.16913479250223,98
2024-09-19 11:53:06.539,422.1389388256784,997
2024-09-19 11:53:06.590,422.183796897801,15
2024-09-19 11:53:06.610,422.1090236922847,11
2024-09-19 11:53:06.638,422.1491729877935,14
2024-09-19 11:53:06.677,422.1100771067088,1000
2024-09-19 11:53:06.733,422.1552992827295,99
2024-09-19 11:53:06.743,422.155977754832,1001
2024-09-19 11:53:06.759,422.0787962124877,996
2024-09-19 11:53:06.787,422.0638172491892,13
2024-09-19 11:53:06.881,422.1601757956896,95
2024-09-19 11:53:07.063,422.0634722287093,5
2024-09-19 11:53:07.068,422.08064930176346,996
2024-09-19 11:53:07.079,,97
2024-09-19 11:53:07.143,422.04539446955744,1001
2024-09-19 11:53:07.181,422.0757647475778,99
2024-09-19 11:53:07.255,422.0667802867889,15
2024-09-19 11:53:07.271,422.06873485396665,9
2024-09-19 11:53:07.477,422.0582035741173,104
2024-09-19 11:53:07.509,422.067058879276,12
2024-09-19 11:53:07.528,422.0616304897047,100
2024-09-19 11:53:07.537,422.0749725106994,105
2024-09-19 11:53:07.551,422.0573228637873,5
2024-09-19 11:53:07.622,422.0670720632353,105
2024-09-19 11:53:07.656,422.0601311081441,1001
2024-09-19 11:53:07.667,422.0586621272059,96
2024-09-19 11:53:07.753,422.0639200904798,15
2024-09-19 11:53:07.830,422.0595835108296,95
2024-09-19 11:53:07.841,422.0553745242071,9
2024-09-19 11:53:07.906,422.06556818492,104
2024-09-19 11:53:07.993,422.0730445714871,8
2024-09-19 11:53:07.993,422.0603915881546,97
2024-09-19 11:53:08.201,422.0677785279176,998
2024-09-19 11:53:08.419,422.053713186749,9
2024-09-19 11:53:08.503,422.0737403850088,9
2024-09-19 11:53:08.507,422.0815159435173,1002
2024-09-19 11:53:08.559,422.0831803585885,14
2024-09-19 11:53:08.643,422.1026034996297,998
2024-09-19 11:53:08.682,422.0829831151903,11
2024-09-19 11:53:08.879,422.053172176799,105
2024-09-19 11:53:09.022,422.06453276265705,95
2024-09-19 11:53:09.032,422.0496873797904,100
2024-09-19 11:53:09.038,422.0386024632692,1005
2024-09-19 11:53:09.084,422.0292613759482,15
2024-09-19 11:53:09.125,422.0557087923672,105
2024-09-19 11:53:09.159,422.08515958814695,1002
2024-09-19 11:53:09.184,422.075032194457,96
2024-09-19 11:53:09.190,422.0477596888909,9
2024-09-19 11:53:09.244,422.0548653984665,1003
2024-09-19 11:53:09.425,422.0299604162296,98
2024-09-19 11:53:09.441,422.0349642652654,7
2024-09-19 11:53:09.443,422.039796890149,1003
2024-09-19 11:53:09.454,422.00352210559737,996
2024-09-19 11:53:09.464,422.0476873546208,1001
2024-09-19 11:53:09.617,422.0678992485061,1001
2024-09-19 11:53:09.666,421.9978729074916,7
2024-09-19 11:53:09.718,422.0489965339853,9
2024-09-19 11:53:09.743,422.0356364541862,997
2024-09-19 11:53:09.753,422.0641644993283,11
2024-09-19 11:53:09.759,422.046055980392,12
2024-09-19 11:53:09.915,,1000
2024-09-19 11:53:09.918,422.0453958083636,101
2024-09-19 11:53:09.978,422.039609533689,102
2024-09-19 11:53:09.998,422.0683143689048,98
2024-09-19 11:53:10.003,422.0546827417539,95
2024-09-19 11:53:10.062,422.0707089176356,98
2024-09-19 11:53:10.074,422.0683334156206,99
2024-09-19 11:53:10.077,422.1198816361159,1002
2024-09-19 11:53:10.228,422.0837699964011,104
2024-09-19 11:53:10.267,422.08458475189065,104
2024-09-19 11:53:10.356,422.05383249799394,97
2024-09-19 11:53:10.362,422.07667792385945,95
2024-09-19 11:53:10.372,422.0781111895116,1004
2024-09-19 11:53:10.375,422.0791921188797,998
2024-09-19 11:53:10.385,422.0592473759867,15
2024-09-19 11:53:10.540,422.0679875952317,1003
2024-09-19 11:53:10.583,422.0485762602013,1001
2024-09-19 11:53:10.641,422.0670166248001,97
2024-09-19 11:53:10.663,422.0691543629681,98
2024-09-19 11:53:10.681,422.0614416931531,96
2024-09-19 11:53:10.696,422.0702995750633,6
2024-09-19 11:53:10.701,422.0583677252576,95
2024-09-19 11:53:10.718,422.079245212359,5
2024-09-19 11:53:10.816,422.0930242108768,99
2024-09-19 11:53:10.870,422.07363369908006,999
2024-09-19 11:53:10.900,422.0848268330842,102
2024-09-19 11:53:10.922,422.0934669661348,100
2024-09-19 11:53:10.929,422.0730555050308,103
2024-09-19 11:53:10.933,422.04484645093777,96
2024-09-19 11:53:11.000,422.0286274893151,105
2024-09-19 11:53:11.149,422.0030964259739,95
2024-09-19 11:53:11.199,422.0163898381591,99
2024-09-19 11:53:11.219,422.05284559849486,1004
2024-09-19 11:53:11.246,422.016189661198,1003
2024-09-19 11:53:11.277,422.0227315566133,95
2024-09-19 11:53:11.374,422.0328873994654,1005
2024-09-19 11:53:11.578,422.0910401566112,1004
2024-09-19 11:53:11.606,422.08556178128407,103
2024-09-19 11:53:11.609,422.0590873546576,1005
2024-09-19 11:53:11.614,422.01952152004736,12
2024-09-19 11:53:11.663,422.0832211929297,104
2024-09-19 11:53:11.665,422.0695550128323,97
2024-09-19 11:53:11.697,422.08866634455103,5
2024-09-19 11:53:11.795,422.0502500409754,9
2024-09-19 11:53:11.840,422.0131982107425,5
2024-09-19 11:53:11.939,422.0439627928142,999
2024-09-19 11:53:11.993,422.0879600641502,15
2024-09-19 11:53:12.024,421.9484349681478,105
2024-09-19 11:53:12.128,421.95541368612174,15
2024-09-19 11:53:12.144,421.94722944511216,996
2024-09-19 11:53:12.173,421.996231006735,100
2024-09-19 11:53:12.259,421.94541313412856,101
2024-09-19 11:53:12.378,421.95660908788,1000
2024-09-19 11:53:12.432,421.9344935953224,10
2024-09-19 11:53:12.496,421.9537125000746,12
2024-09-19 11:53:12.694,421.98156917442793,995
2024-09-19 11:53:12.771,421.9414778901003,6
2024-09-19 11:53:12.876,422.004922757409,98
2024-09-19 11:53:12.897,422.00885518393767,1001
2024-09-19 11:53:12.953,421.9844954815496,99
2024-09-19 11:53:13.148,421.9367142741161,999
2024-09-19 11:53:13.181,421.9209481480425,95
2024-09-19 11:53:13.186,421.9383942218789,9
2024-09-19 11:53:13.607,421.9437657423104,1002
2024-09-19 11:53:13.627,421.9474282829452,997
2024-09-19 11:53:13.983,421.9521285638219,1005
2024-09-19 11:53:14.064,421.9481185905249,1002
2024-09-19 11:53:14.260,421.9317752030293,97
2024-09-19 11:53:14.265,421.95281172652585,5
2024-09-19 11:53:14.285,42.19551889691932,5
2024-09-19 11:53:14.314,421.9057690094197,95
2024-09-19 11:53:14.347,421.88932046152695,98
2024-09-19 11:53:14.397,421.9745690275123,8
2024-09-19 11:53:14.438,421.9665153376414,103
2024-09-19 11:53:14.446,421.8853703846413,1003
2024-09-19 11:53:14.495,421.9163758150422,9
2024-09-19 11:53:14.516,421.97315397148935,99
2024-09-19 11:53:14.526,421.8928436678413,6
2024-09-19 11:53:14.706,421.89767154214513,13
2024-09-19 11:53:14.721,421.9377360361572,1000
2024-09-19 11:53:14.724,421.9841986982518,999
2024-09-19 11:53:14.726,421.9753602676622,105
2024-09-19 11:53:14.771,421.9388052944785,996
2024-09-19 11:53:14.805,421.94189028260286,9
2024-09-19 11:53:14.815,421.9193575104238,999
2024-09-19 11:53:14.829,421.9556986130197,1003
2024-09-19 11:53:14.896,421.9221460476251,1000
2024-09-19 11:53:14.904,421.9039156132815,11
2024-09-19 11:53:14.910,42.18937493536925,103
2024-09-19 11:53:14.931,421.8853659103328,1004
2024-09-19 11:53:15.072,421.9434337824276,9
2024-09-19 11:53:15.299,421.93138617098623,1005
2024-09-19 11:53:15.349,421.9477428066871,8
2024-09-19 11:53:15.373,421.9601851800988,96
2024-09-19 11:53:15.378,421.9533022484756,1005
2024-09-19 11:53:15.565,421.9413330556711,1001
2024-09-19 11:53:15.565,421.9254120216816,14
2024-09-19 11:53:15.725,421.9689759757613,999
2024-09-19 11:53:15.733,421.9366800097643,9
2024-09-19 11:53:15.850,421.9628083593991,998
2024-09-19 11:53:15.858,421.9542705839802,12
2024-09-19 11:53:15.928,421.9280331938622,995
2024-09-19 11:53:15.973,421.91864079970776,95
2024-09-19 11:53:16.016,421.9165379353436,14
2024-09-19 11:53:16.025,421.9284183798793,5
2024-09-19 11:53:16.066,421.9662405366922,996
2024-09-19 11:53:16.172,421.91121367128966,1000
2024-09-19 11:53:16.335,421.903218970476,104
2024-09-19 11:53:16.391,421.9030961708848,1003
2024-09-19 11:53:16.415,421.95580988964304,95
2024-09-19 11:53:16.461,421.88896415281056,9
2024-09-19 11:53:16.525,421.8934678229267,6
2024-09-19 11:53:16.601,421.9801452745658,12
2024-09-19 11:53:16.627,421.9553547923394,1002
2024-09-19 11:53:16.629,421.9313686625282,7
2024-09-19 11:53:16.634,421.9185241127721,1004
2024-09-19 11:53:16.842,421.9463987097493,102
2024-09-19 11:53:16.902,421.8982080453124,96
2024-09-19 11:53:16.914,421.9108345291031,10
2024-09-19 11:53:17.001,421.8620027245772,10
2024-09-19 11:53:17.032,421.8723331085259,15
2024-09-19 11:53:17.040,421.8654008319565,12
2024-09-19 11:53:17.062,421.85658484796255,997
2024-09-19 11:53:17.124,421.8570184112803,102
2024-09-19 11:53:17.185,421.86947485428897,1005
2024-09-19 11:53:17.237,421.8605524311073,102
2024-09-19 11:53:17.276,421.8549130449868,9
2024-09-19 11:53:17.293,421.8415466868859,100
2024-09-19 11:53:17.441,421.863738810932,997
2024-09-19 11:53:17.494,421.88399030936665,1005
2024-09-19 11:53:17.553,421.84940866899694,99
2024-09-19 11:53:17.595,421.8564964258481,100
2024-09-19 11:53:17.597,421.8773753756396,996
2024-09-19 11:53:17.619,421.8525675746183,105
2024-09-19 11:53:17.674,421.8606158162056,102
2024-09-19 11:53:17.819,421.8610842807621,12
2024-09-19 11:53:17.827,421.8529976707239,15
2024-09-19 11:53:17.838,421.8720689950443,14
2024-09-19 11:53:17.855,421.8554650773252,99
2024-09-19 11:53:17.906,421.87396886341855,5
2024-09-19 11:53:17.910,421.879292542943,102
2024-09-19 11:53:17.916,421.81946179883823,13
2024-09-19 11:53:17.945,421.83474084867686,105
2024-09-19 11:53:17.980,421.8474745162397,15
2024-09-19 11:53:18.026,421.8439055565236,10
2024-09-19 11:53:18.214,421.8814382385639,8
2024-09-19 11:53:18.257,421.8722994069436,12
2024-09-19 11:53:18.333,421.8511228846178,95
2024-09-19 11:53:18.369,421.86214386669815,13
2024-09-19 11:53:18.391,421.8620872813815,13
2024-09-19 11:53:18.500,421.847488313788,999
2024-09-19 11:53:18.569,421.8562146080864,998
2024-09-19 11:53:18.603,421.8556836453122,96
2024-09-19 11:53:18.665,421.8867763992318,102
2024-09-19 11:53:18.666,421.8855883616178,102
2024-09-19 11:53:18.707,421.8563418634941,1003
2024-09-19 11:53:18.717,421.8538858750558,102
2024-09-19 11:53:18.723,421.8524811374591,995
2024-09-19 11:53:18.765,421.8617100274055,5
2024-09-19 11:53:18.779,421.86898425171296,1001
2024-09-19 11:53:18.790,421.8611127144774,14
2024-09-19 11:53:18.822,421.8498479387891,1002
2024-09-19 11:53:18.824,421.8420585037232,995
2024-09-19 11:53:18.825,421.8760804781105,96
2024-09-19 11:53:18.867,421.8755251177161,99
2024-09-19 11:53:18.875,421.84214707221184,104
2024-09-19 11:53:18.906,421.8696929216173,104
2024-09-19 11:53:18.909,421.85545408218127,104
2024-09-19 11:53:18.926,421.8454315015418,96
2024-09-19 11:53:18.972,421.8535642833424,1002
2024-09-19 11:53:19.147,421.8515382695802,996
2024-09-19 11:53:20.001,421.8224103155519,98
2024-09-19 11:53:20.101,421.7896034336333,5
2024-09-19 11:53:20.130,421.7922202056792,1003
2024-09-19 11:53:20.131,421.7879261316536,1004
2024-09-19 11:53:20.147,421.8154613090932,997
2024-09-19 11:53:20.192,421.77209817019553,1004
2024-09-19 11:53:20.200,421.79324601786,996
2024-09-19 11:53:20.283,421.7984715462184,1000
2024-09-19 11:53:20.320,421.830505258663,5
2024-09-19 11:53:20.327,421.7801628506437,996
2024-09-19 11:53:20.332,421.8349521333752,101
2024-09-19 11:53:20.338,421.80981138358953,10
2024-09-19 11:53:20.342,421.8166530059774,1002
2024-09-19 11:53:20.352,-421.8285368226869,103
2024-09-19 11:53:20.410,421.789514198572,1002
2024-09-19 11:53:20.444,421.7667847576843,105
2024-09-19 11:53:20.446,421.8051699921534,101
2024-09-19 11:53:20.448,421.8124974761485,7
2024-09-19 11:53:20.470,421.8459185379963,1002
2024-09-19 11:53:20.598,421.76635468041394,15
2024-09-19 11:53:20.654,421.7756182190033,1001
2024-09-19 11:53:20.657,421.77014693018447,97
2024-09-19 11:53:20.705,421.8111972646881,15
2024-09-19 11:53:20.811,421.81601345509785,96
2024-09-19 11:53:20.819,421.8045923925051,7
2024-09-19 11:53:20.951,421.8449700754646,14
2024-09-19 11:53:20.964,421.7815965773838,1000
2024-09-19 11:53:20.967,421.8035973148649,1003
2024-09-19 11:53:21.373,421.82882237416777,10
2024-09-19 11:53:21.494,421.8353352986709,104
2024-09-19 11:53:21.500,421.8133525309349,1001
2024-09-19 11:53:21.509,421.8621228204351,7
2024-09-19 11:53:21.521,421.82374653733206,5
2024-09-19 11:53:21.759,421.83050652159744,997
2024-09-19 11:53:21.879,421.8081668335429,101
2024-09-19 11:53:21.993,421.8370697764893,995
2024-09-19 11:53:22.277,421.8820798495207,1002
2024-09-19 11:53:22.364,421.8999766740099,102
2024-09-19 11:53:22.374,421.8687362195273,997
2024-09-19 11:53:22.390,421.812799619904,102
2024-09-19 11:53:22.433,421.8329360011948,8
2024-09-19 11:53:22.599,421.79398160354833,7
2024-09-19 11:53:22.691,421.8614864936756,97
2024-09-19 11:53:22.769,421.8146658997223,6
2024-09-19 11:53:22.794,421.8493729891292,1002
2024-09-19 11:53:22.835,421.82157356611657,5
2024-09-19 11:53:22.874,421.8526687393488,101
2024-09-19 11:53:22.887,421.8162946749215,102
2024-09-19 11:53:23.010,421.83123495651296,998
2024-09-19 11:53:23.329,421.8117153091424,995
2024-09-19 11:53:23.572,421.8305855529608,11
2024-09-19 11:53:23.955,421.7908825187698,1005
2024-09-19 11:53:24.371,421.8270779154234,98
2024-09-19 11:53:24.838,421.843187749244,95
2024-09-19 11:53:24.852,421.8223177327002,95
2024-09-19 11:53:25.028,421.9101806080426,1002
2024-09-19 11:53:25.077,421.8864509039221,98
2024-09-19 11:53:25.125,421.9200073556039,1003
2024-09-19 11:53:25.161,421.8889566151808,1003
2024-09-19 11:53:25.180,421.8765172103844,101
2024-09-19 11:53:25.229,421.84528252890055,96
2024-09-19 11:53:25.331,421.88819260248266,102
2024-09-19 11:53:25.345,421.89186672645496,13
2024-09-19 11:53:25.353,421.9150187269238,9
2024-09-19 11:53:25.409,421.87392327771454,105
2024-09-19 11:53:25.422,421.89481202535,10
2024-09-19 11:53:25.482,421.90897859532953,14
2024-09-19 11:53:25.503,421.9125776149257,1002
2024-09-19 11:53:25.584,421.87044384133975,997
2024-09-19 11:53:25.637,421.8471482879463,100
2024-09-19 11:53:25.671,421.8488342445753,1002
2024-09-19 11:53:25.691,,1002
2024-09-19 11:53:25.713,421.8881869512104,15
2024-09-19 11:53:25.717,421.8494154824956,95
2024-09-19 11:53:25.871,421.88419945253554,105
2024-09-19 11:53:25.908,421.8944044631121,12
2024-09-19 11:53:25.981,421.9023991115312,96
2024-09-19 11:53:26.020,421.9386939798288,96
2024-09-19 11:53:26.172,421.9111115645609,96
2024-09-19 11:53:26.200,421.97248077895085,10
2024-09-19 11:53:26.227,421.9382245502701,98
2024-09-19 11:53:26.307,421.9099241160076,98
2024-09-19 11:53:26.335,421.9327229527807,102
2024-09-19 11:53:26.378,421.8974739814644,6
2024-09-19 11:53:26.515,421.9082174645331,13
2024-09-19 11:53:26.542,421.8895471060638,97
2024-09-19 11:53:26.581,421.9496461263304,11
2024-09-19 11:53:26.600,421.9392360215575,5
2024-09-19 11:53:26.614,421.8977147720078,99
2024-09-19 11:53:26.643,421.9491676818593,7
2024-09-19 11:53:26.725,421.89522101126215,1004
2024-09-19 11:53:26.765,421.9337611312709,997
2024-09-19 11:53:26.786,421.9099062233247,103
2024-09-19 11:53:26.839,421.9497456068658,102
2024-09-19 11:53:26.849,421.9040213834639,1000
2024-09-19 11:53:26.873,421.9330433878317,995
2024-09-19 11:53:28.051,421.9740931473416,101
2024-09-19 11:53:28.134,421.96461790586807,999
2024-09-19 11:53:28.218,421.98122763011,998
2024-09-19 11:53:28.389,421.977289257175,6
2024-09-19 11:53:28.580,421.9706638763425,14
2024-09-19 11:53:28.674,421.96035314749446,5
2024-09-19 11:53:28.984,421.976272349297,1004
2024-09-19 11:53:28.999,421.96379230087433,99
2024-09-19 11:53:29.019,421.9667978978134,98
2024-09-19 11:53:29.044,421.962097655164,103
2024-09-19 11:53:29.090,421.9826100438222,995
2024-09-19 11:53:29.138,42.19616046275584,98
2024-09-19 11:53:29.152,421.9486125590144,101
2024-09-19 11:53:29.177,421.9519747390041,98
2024-09-19 11:53:29.182,421.9363824922102,97
2024-09-19 11:53:29.244,421.9743774097358,97
2024-09-19 11:53:29.323,421.9660808807733,1005
2024-09-19 11:53:29.475,421.9627114795756,100
2024-09-19 11:53:29.477,421.9744864903768,100
2024-09-19 11:53:29.586,421.9750015250887,15
2024-09-19 11:53:29.633,421.9619290177116,100
2024-09-19 11:53:29.652,-421.9842329119167,997
2024-09-19 11:53:29.705,421.9468949770992,103
2024-09-19 11:53:29.718,421.9991928323883,5
2024-09-19 11:53:29.731,421.9543472817547,97
2024-09-19 11:53:29.746,421.9594842516547,97
2024-09-19 11:53:29.806,421.9513870134442,999
2024-09-19 11:53:29.821,421.9346394298732,1003
2024-09-19 11:53:29.834,421.9697428558057,5
2024-09-19 11:53:29.861,421.9419683052921,1005
2024-09-19 11:53:29.882,421.9791591544061,5
2024-09-19 11:53:30.167,421.9365015879869,998
2024-09-19 11:53:30.219,421.8871988233796,104
2024-09-19 11:53:30.254,421.9010713536869,10
2024-09-19 11:53:30.269,421.9348459882723,997
2024-09-19 11:53:30.311,421.9098030114265,997
2024-09-19 11:53:30.326,421.9418790909012,1002
2024-09-19 11:53:30.330,421.9434873392797,998
2024-09-19 11:53:30.369,421.9003917754036,99
2024-09-19 11:53:30.370,421.8908562984789,15
2024-09-19 11:53:30.432,421.9092474508177,10
2024-09-19 11:53:30.511,421.89094350013926,100
2024-09-19 11:53:30.662,421.940977027361,998
2024-09-19 11:53:30.683,421.88993528295566,95
2024-09-19 11:53:30.944,421.9659164182657,13
2024-09-19 11:53:30.957,421.956140335788,98
2024-09-19 11:53:31.189,421.8987312506584,8
2024-09-19 11:53:31.208,421.9166865808548,1000
2024-09-19 11:53:31.216,421.9530787026541,996
2024-09-19 11:53:31.246,421.96632079609566,999
2024-09-19 11:53:31.248,421.9569029915075,14
2024-09-19 11:53:31.255,421.97060138797866,100
2024-09-19 11:53:31.308,421.9830970028312,101
2024-09-19 11:53:31.334,421.97033927080673,999
2024-09-19 11:53:31.365,421.9146394176027,13
2024-09-19 11:53:31.439,421.96990091307896,996
2024-09-19 11:53:31.471,421.89830175775535,100
2024-09-19 11:53:31.556,421.9423532613578,1002
2024-09-19 11:53:31.620,421.9528479955226,13
2024-09-19 11:53:31.656,421.92930197040704,99
2024-09-19 11:53:31.662,421.9171601091402,1004
2024-09-19 11:53:31.671,421.96085571156095,5
2024-09-19 11:53:31.889,421.9280966402864,100
2024-09-19 11:53:31.912,421.9353804833859,997
2024-09-19 11:53:32.025,421.8944600394031,105
2024-09-19 11:53:32.091,421.8767259640504,999
2024-09-19 11:53:32.116,421.8992873749156,14
2024-09-19 11:53:32.124,421.9017082365134,7
2024-09-19 11:53:32.146,421.8928687437337,104
2024-09-19 11:53:32.188,421.9264034866264,1000
2024-09-19 11:53:32.207,421.87635001161584,104
2024-09-19 11:53:32.225,421.869460566355,997
2024-09-19 11:53:32.233,421.87721690994994,103
2024-09-19 11:53:32.257,421.9213644396653,1005
2024-09-19 11:53:32.269,421.942848620723,8
2024-09-19 11:53:32.387,421.9233791995896,1002
2024-09-19 11:53:32.392,421.8894312824047,100
2024-09-19 11:53:32.409,421.8915951914985,103
2024-09-19 11:53:32.487,421.9021424670776,11
2024-09-19 11:53:32.495,421.9102978491436,5
2024-09-19 11:53:32.580,421.8556118083208,1000
2024-09-19 11:53:32.712,421.9870037483267,7
2024-09-19 11:53:32.730,421.9076447846251,11
2024-09-19 11:53:32.758,421.8739038090789,1001
2024-09-19 11:53:32.774,421.9302836834076,100
2024-09-19 11:53:32.816,421.8937763424794,13
2024-09-19 11:53:32.827,421.9604496163013,1003
2024-09-19 11:53:32.936,421.9173634588978,101
2024-09-19 11:53:32.941,421.8838972758528,1005
2024-09-19 11:53:33.417,421.9723044229554,104
2024-09-19 11:53:33.480,421.9838061463514,100
2024-09-19 11:53:34.843,421.97910263945056,997
2024-09-19 11:53:34.913,421.97045084830256,1000
2024-09-19 11:53:35.074,422.01196177556426,6
2024-09-19 11:53:35.149,421.9739685787549,101
2024-09-19 11:53:35.241,421.990482699642,7
2024-09-19 11:53:35.513,421.996435511866,9
2024-09-19 11:53:35.710,421.9865927274516,1004
2024-09-19 11:53:35.771,421.995316135605,15
2024-09-19 11:53:36.183,421.97107342244107,7
2024-09-19 11:53:36.257,421.97131902762914,11
2024-09-19 11:53:36.258,421.968167781066,998
2024-09-19 11:53:36.271,421.9791154098241,6
2024-09-19 11:53:36.298,421.9884027238388,8
2024-09-19 11:53:36.385,421.9607565716535,995
2024-09-19 11:53:36.464,421.98144267596206,98
2024-09-19 11:53:36.472,421.9763000400489,12
2024-09-19 11:53:36.528,421.9851999649428,102
2024-09-19 11:53:36.639,421.9781270563432,7
2024-09-19 11:53:36.664,421.99259669699467,10
2024-09-19 11:53:36.666,421.97440771886687,995
2024-09-19 11:53:36.685,421.9672784632074,1005
2024-09-19 11:53:36.788,421.977228652054,11
2024-09-19 11:53:36.895,421.9700424135799,995
2024-09-19 11:53:36.954,421.9562050678026,10
2024-09-19 11:53:36.961,421.9801248884561,1000
2024-09-19 11:53:37.028,422.0029729310079,1003
2024-09-19 11:53:37.067,421.9678208827354,12
2024-09-19 11:53:37.103,422.0089796109045,12
2024-09-19 11:53:37.112,421.9618074342879,1004
2024-09-19 11:53:37.141,421.9224804550992,13
2024-09-19 11:53:37.167,422.0081349114355,1005
2024-09-19 11:53:37.169,421.94761956057306,12
2024-09-19 11:53:37.197,421.9767013104319,997
2024-09-19 11:53:37.245,421.9936424694553,995
2024-09-19 11:53:37.248,421.9567478168792,11
2024-09-19 11:53:37.255,422.0158950378865,998
2024-09-19 11:53:37.298,421.9278765467439,105
2024-09-19 11:53:37.449,421.9677623799733,10
2024-09-19 11:53:37.518,422.0010867841252,103
2024-09-19 11:53:37.522,422.0110489732021,10
2024-09-19 11:53:37.537,422.0060123778453,13
2024-09-19 11:53:37.597,421.9332491466446,102
2024-09-19 11:53:37.669,421.9703369006388,105
2024-09-19 11:53:37.786,421.96665706730056,995
2024-09-19 11:53:37.802,422.0138629130133,100
2024-09-19 11:53:37.824,422.00057900750585,1005
2024-09-19 11:53:37.849,421.9761316976736,5
2024-09-19 11:53:37.867,421.9742465489126,995
2024-09-19 11:53:37.880,421.9779001580527,11
2024-09-19 11:53:38.033,421.8999280118081,97
2024-09-19 11:53:38.078,421.91456131044055,10
2024-09-19 11:53:38.143,421.938692428025,6
2024-09-19 11:53:38.143,421.908514036266,13
2024-09-19 11:53:38.147,421.90181856982406,10
2024-09-19 11:53:38.227,421.8954621287563,14
2024-09-19 11:53:38.242,421.91790550983575,5
2024-09-19 11:53:38.261,421.91487530573,97
2024-09-19 11:53:38.301,421.9028859096264,15
2024-09-19 11:53:38.303,421.8705470728754,95
2024-09-19 11:53:38.325,421.9195805167016,101
2024-09-19 11:53:38.357,421.8935541040965,5
2024-09-19 11:53:38.436,421.9134417528895,1004
2024-09-19 11:53:38.696,421.8915706181298,998
2024-09-19 11:53:38.724,421.9284749159597,8
2024-09-19 11:53:38.913,421.9105880703875,9
2024-09-19 11:53:38.921,421.92179154029776,97
2024-09-19 11:53:38.976,421.91059931221696,1002
2024-09-19 11:53:39.273,421.8896912133837,996
2024-09-19 11:53:39.445,421.9082094177833,995
2024-09-19 11:53:39.459,421.9054590852451,101
2024-09-19 11:53:39.467,421.8665418429318,103
2024-09-19 11:53:39.485,421.8892691368482,6
2024-09-19 11:53:39.696,421.8561598309731,1004
2024-09-19 11:53:40.098,421.9248388691521,995
2024-09-19 11:53:40.178,421.94631879538633,5
2024-09-19 11:53:40.240,421.9193758702376,100
2024-09-19 11:53:40.337,421.9535809260203,1000
2024-09-19 11:53:40.483,421.9295240562848,15
2024-09-19 11:53:40.623,421.9475011977629,95
2024-09-19 11:53:40.660,421.94364914037135,97
2024-09-19 11:53:40.664,421.9442158862998,104
2024-09-19 11:53:40.691,421.9299557773747,1003
2024-09-19 11:53:40.694,421.9325079346399,7
2024-09-19 11:53:40.704,421.9348159014471,100
2024-09-19 11:53:40.709,421.9244155277383,12
2024-09-19 11:53:40.714,421.912302659276,100
2024-09-19 11:53:40.746,421.9378447145963,12
2024-09-19 11:53:40.762,421.93714770817854,10
2024-09-19 11:53:40.766,421.9284573387811,996
2024-09-19 11:53:40.777,421.9162991636634,13
2024-09-19 11:53:40.795,421.9146671218701,99
2024-09-19 11:53:40.806,421.9264125539666,15
2024-09-19 11:53:40.808,421.9286051799908,101
2024-09-19 11:53:40.820,421.9550494269096,101
2024-09-19 11:53:40.951,421.9438902045477,8
2024-09-19 11:53:41.033,421.9278849888223,6
2024-09-19 11:53:41.107,421.9091580058741,11
2024-09-19 11:53:41.130,421.91202979876806,999
2024-09-19 11:53:41.207,,12
2024-09-19 11:53:41.323,-421.8955818536477,999
2024-09-19 11:53:41.379,421.92519531357095,101
2024-09-19 11:53:41.416,421.9321266636839,996
2024-09-19 11:53:41.596,421.88422790312455,11
2024-09-19 11:53:41.641,421.8977260283368,7
2024-09-19 11:53:41.658,421.9042970776583,97
2024-09-19 11:53:41.666,421.91183599764224,7
2024-09-19 11:53:41.667,421.9379939501061,99
2024-09-19 11:53:41.717,-421.8975506121241,97
2024-09-19 11:53:41.767,421.909830013206,7
2024-09-19 11:53:41.840,421.8959484797014,10
2024-09-19 11:53:42.165,421.9149340916146,102
2024-09-19 11:53:42.188,421.9169826387985,997
2024-09-19 11:53:42.241,421.9186833672269,103
2024-09-19 11:53:42.252,421.8552933445911,13
2024-09-19 11:53:42.421,421.8826215002355,14
2024-09-19 11:53:42.463,421.923694566772,105
2024-09-19 11:53:42.512,421.8904385815586,10
2024-09-19 11:53:42.544,421.8512749858288,12
2024-09-19 11:53:42.547,421.84439470841,95
2024-09-19 11:53:42.596,421.90424748063646,1001
2024-09-19 11:53:42.610,421.9237904615189,6
2024-09-19 11:53:42.647,421.89978211002233,996
2024-09-19 11:53:42.654,421.88477013801855,99
2024-09-19 11:53:42.700,421.8649035875168,97
2024-09-19 11:53:42.764,421.8968386226716,101
2024-09-19 11:53:42.778,421.8838065698727,101
2024-09-19 11:53:42.782,421.8702894702043,996
2024-09-19 11:53:42.802,421.8682694841435,9
2024-09-19 11:53:42.808,421.90230760899976,997
2024-09-19 11:53:42.854,421.84905488575777,99
2024-09-19 11:53:43.101,421.99006249685993,995
2024-09-19 11:53:43.116,421.9524425080957,1002
2024-09-19 11:53:43.176,422.00320423316106,104
2024-09-19 11:53:43.211,421.96141872185785,6
2024-09-19 11:53:43.263,421.9835488238222,14
2024-09-19 11:53:43.307,421.963801158273,13
2024-09-19 11:53:43.446,421.9840901362199,103
2024-09-19 11:53:43.501,421.9803819343398,1001
2024-09-19 11:53:43.563,421.9746015154768,1000
2024-09-19 11:53:43.574,421.9700498424392,11
2024-09-19 11:53:43.602,421.96743218740016,103
2024-09-19 11:53:43.611,421.9760377692089,998
2024-09-19 11:53:43.641,422.0050175323032,96
2024-09-19 11:53:43.660,421.99126703915226,9
2024-09-19 11:53:43.724,42.196904243242976,1001
2024-09-19 11:53:43.768,421.9949018303087,97
2024-09-19 11:53:43.777,421.99690091412447,102
2024-09-19 11:53:43.784,421.9647802155144,104
2024-09-19 11:53:43.860,421.9765638263774,1004
2024-09-19 11:53:43.861,421.98999593710187,997
2024-09-19 11:53:43.911,421.9797845522993,1005
2024-09-19 11:53:43.947,421.9855710549747,7
2024-09-19 11:53:43.964,421.9392517668065,96
2024-09-19 11:53:44.014,421.98526076780126,1000
2024-09-19 11:53:44.066,421.9924221061064,999
2024-09-19 11:53:44.348,421.986114094646,97
2024-09-19 11:53:45.009,421.9960514328161,95
2024-09-19 11:53:45.069,421.9324167910659,997
2024-09-19 11:53:45.181,421.9311865946617,1005
2024-09-19 11:53:45.257,421.9472374558521,1004
2024-09-19 11:53:45.275,421.9985599142303,5
2024-09-19 11:53:45.353,421.9317392842784,1002
2024-09-19 11:53:45.480,421.9289852568997,5
2024-09-19 11:53:45.532,421.99046455359866,1002
2024-09-19 11:53:45.571,421.9289027407846,95
2024-09-19 11:53:45.583,421.907993291875,9
2024-09-19 11:53:45.694,421.9456129196656,7
2024-09-19 11:53:45.969,421.98410491696455,96
2024-09-19 11:53:46.279,421.8814641856533,1005
2024-09-19 11:53:46.318,421.8938525060153,1001
2024-09-19 11:53:46.438,421.9217751786942,7
2024-09-19 11:53:46.512,421.9232000907571,102
2024-09-19 11:53:46.584,421.9140676600269,999
2024-09-19 11:53:46.666,421.91804462407856,105
2024-09-19 11:53:46.754,421.8899905233787,97
2024-09-19 11:53:46.845,421.9159568691848,6
2024-09-19 11:53:46.865,421.9152537213709,96
2024-09-19 11:53:47.907,421.8916971011674,1000
2024-09-19 11:53:48.028,421.8738796222036,998
2024-09-19 11:53:48.069,421.8816228496728,98
2024-09-19 11:53:48.243,421.9052538321079,15
2024-09-19 11:53:48.273,421.8797805310407,998
2024-09-19 11:53:48.309,421.9321654399172,103
2024-09-19 11:53:48.359,421.8711398306376,11
2024-09-19 11:53:48.411,421.87847344279567,100
2024-09-19 11:53:48.420,421.8684257030108,1000
2024-09-19 11:53:48.423,421.9036092263358,11
2024-09-19 11:53:48.454,421.89418504133135,1003
2024-09-19 11:53:48.534,421.8897187766511,998
2024-09-19 11:53:48.602,421.9009956288945,15
2024-09-19 11:53:48.616,421.9164055361123,100
2024-09-19 11:53:48.695,421.9003867110293,995
2024-09-19 11:53:48.871,421.90865401973457,999
2024-09-19 11:53:48.875,421.8710614202943,1000
2024-09-19 11:53:48.889,421.8975344509028,14
2024-09-19 11:53:48.971,421.8608801420013,103
2024-09-19 11:53:49.006,421.8645999894529,995
2024-09-19 11:53:49.183,421.8628305823885,9
2024-09-19 11:53:49.208,421.8743014516464,11
2024-09-19 11:53:49.228,421.8747862713468,996
2024-09-19 11:53:49.445,421.91421218669984,97
2024-09-19 11:53:49.479,421.9058676290918,11
2024-09-19 11:53:49.639,421.9065226961512,998
2024-09-19 11:53:49.661,421.9121828325893,103
2024-09-19 11:53:49.722,421.8806221837446,1004
2024-09-19 11:53:49.799,421.87113097943205,997
2024-09-19 11:53:49.810,421.89025256159135,10
2024-09-19 11:53:49.944,421.8857736166411,13
2024-09-19 11:53:49.987,421.90027610390456,996
2024-09-19 11:53:50.268,421.9047979059593,1002
2024-09-19 11:53:50.707,421.8880499605817,11
2024-09-19 11:53:50.890,421.89458477878463,95
2024-09-19 11:53:50.899,421.8975950642852,98
2024-09-19 11:53:50.928,421.8843871304941,1001
2024-09-19 11:53:51.001,421.89854646059865,996
2024-09-19 11:53:51.019,421.91540649795246,12
2024-09-19 11:53:51.074,421.92386009712,5
2024-09-19 11:53:51.111,421.890099645697,103
2024-09-19 11:53:51.125,421.9490839736189,6
2024-09-19 11:53:51.156,421.8907991705584,1000
2024-09-19 11:53:51.166,421.8977882196008,12
2024-09-19 11:53:51.184,421.8966318152979,13
2024-09-19 11:53:51.258,421.9606663908308,99
2024-09-19 11:53:51.278,421.90467548136087,9
2024-09-19 11:53:51.325,421.909001955424,102
2024-09-19 11:53:51.403,421.92449146997257,6
2024-09-19 11:53:51.478,421.9677586892847,10
2024-09-19 11:53:51.489,421.89058510656434,997
2024-09-19 11:53:51.540,421.9581635133357,103
2024-09-19 11:53:51.546,421.9175751586369,1001
2024-09-19 11:53:51.556,421.9038418509775,1001
2024-09-19 11:53:51.602,421.89623351282745,98
2024-09-19 11:53:51.603,421.91958915037935,999
2024-09-19 11:53:51.714,421.8878878868937,997
2024-09-19 11:53:51.823,421.8797122556546,1000
2024-09-19 11:53:51.842,421.9109812401116,15
2024-09-19 11:53:51.845,421.8951375055181,100
2024-09-19 11:53:51.863,421.8975500888652,99
2024-09-19 11:53:51.919,421.9204327056101,10
2024-09-19 11:53:52.062,422.0130873362056,98
2024-09-19 11:53:52.152,422.0184856348842,98
2024-09-19 11:53:52.203,422.0018655711504,96
2024-09-19 11:53:52.289,421.9701153166805,102
2024-09-19 11:53:52.424,421.9851203150759,104
2024-09-19 11:53:52.441,421.97667660265967,7
2024-09-19 11:53:52.546,421.9863528319213,1004
2024-09-19 11:53:52.551,,1004
2024-09-19 11:53:52.617,422.00744825728816,100
2024-09-19 11:53:52.629,421.9809269553393,997
2024-09-19 11:53:52.795,421.96528514821233,101
2024-09-19 11:53:52.906,421.9619806113233,5
2024-09-19 11:53:53.021,421.8853898553192,1003
2024-09-19 11:53:53.073,421.9781309862011,1002
2024-09-19 11:53:53.084,422.02112359036295,7
2024-09-19 11:53:53.110,-421.9252787473704,11
2024-09-19 11:53:53.199,421.9952153552739,7
2024-09-19 11:53:53.245,421.91066483721374,97
2024-09-19 11:53:53.402,421.978544075921,8
2024-09-19 11:53:53.434,421.99643024771706,104
2024-09-19 11:53:53.447,421.978462779075,1005
2024-09-19 11:53:53.478,421.9629446611153,14
2024-09-19 11:53:53.497,421.9127927017164,9
2024-09-19 11:53:53.587,421.9055388344863,15
2024-09-19 11:53:53.594,421.9101584141568,9
2024-09-19 11:53:53.622,421.9419963501802,1001
2024-09-19 11:53:53.643,421.9367927879938,101
2024-09-19 11:53:53.670,421.89367946569575,15
2024-09-19 11:53:53.779,422.00253018863305,104
2024-09-19 11:53:53.885,421.898279524432,102
2024-09-19 11:53:53.936,421.9810437133885,103
2024-09-19 11:53:53.942,421.9554408351944,97
2024-09-19 11:53:53.975,422.0005714872871,14
2024-09-19 11:53:54.000,421.92269487229424,998
2024-09-19 11:53:54.004,422.0235194960926,12
2024-09-19 11:53:54.046,422.0066715171996,95
2024-09-19 11:53:54.059,421.91251303287976,1005
2024-09-19 11:53:54.061,421.9155759288432,98
2024-09-19 11:53:54.097,421.93076666761664,11
2024-09-19 11:53:54.182,421.9376411678011,1000
2024-09-19 11:53:54.235,421.9882908048036,1005
2024-09-19 11:53:54.366,421.99487477578606,13
2024-09-19 11:53:54.371,421.9078930843572,1001
2024-09-19 11:53:54.401,421.9237187076524,10
2024-09-19 11:53:54.434,421.9680818236898,6
2024-09-19 11:53:54.440,421.9199255365477,10
2024-09-19 11:53:54.454,421.93232105011583,100
2024-09-19 11:53:54.474,-421.901647058828,6
2024-09-19 11:53:54.540,421.9039186778164,6
2024-09-19 11:53:54.586,421.99305845998606,95
2024-09-19 11:53:54.599,421.9352748576322,14
2024-09-19 11:53:54.674,421.9181286954908,100
2024-09-19 11:53:54.738,421.9878126064862,5
2024-09-19 11:53:54.739,421.9124436012256,8
2024-09-19 11:53:54.772,421.9903420576949,97
2024-09-19 11:53:54.800,421.9308362908898,998
2024-09-19 11:53:54.867,421.9255988807156,1002
2024-09-19 11:53:54.883,421.8934354863013,11
2024-09-19 11:53:54.968,421.9224258179414,1003
2024-09-19 11:53:54.969,421.90738777981727,14
2024-09-19 11:53:55.048,422.0199133759487,1000
2024-09-19 11:53:55.091,421.97279379525753,97
2024-09-19 11:53:55.110,421.9664556391295,9
2024-09-19 11:53:55.143,421.9838096551962,100
2024-09-19 11:53:55.168,421.9948455588223,997
2024-09-19 11:53:55.207,422.0169689471755,7
2024-09-19 11:53:55.281,421.9859172075935,999
2024-09-19 11:53:55.315,42.20141656773974,103
2024-09-19 11:53:55.344,421.9834746247317,6
2024-09-19 11:53:55.393,422.006654242036,1004
2024-09-19 11:53:55.397,422.01220408954185,1002
2024-09-19 11:53:55.427,422.005125222281,1001
2024-09-19 11:53:55.451,422.0240335724021,1001
2024-09-19 11:53:55.575,422.0376581611685,998
2024-09-19 11:53:55.593,421.9979237939802,97
2024-09-19 11:53:55.618,421.9940165156132,13
2024-09-19 11:53:55.657,422.0043178746769,6
2024-09-19 11:53:55.662,422.0021511597878,12
2024-09-19 11:53:55.685,422.0112690672482,999
2024-09-19 11:53:55.706,422.0122463574977,101
2024-09-19 11:53:55.795,422.00430673892873,105
2024-09-19 11:53:55.830,421.9967186238119,998
2024-09-19 11:53:55.839,422.0254345744942,997
2024-09-19 11:53:55.901,422.0271252761256,100
2024-09-19 11:53:55.916,422.007505779476,13
2024-09-19 11:53:55.921,421.9991726766911,100
2024-09-19 11:53:55.967,421.99977915543406,15
2024-09-19 11:53:55.973,421.9903766662869,997
2024-09-19 11:53:55.975,422.0113948348037,101
2024-09-19 11:53:55.991,-422.0031415913324,8
2024-09-19 11:53:56.019,421.9534731287711,996
2024-09-19 11:53:56.158,421.9526667672658,9
2024-09-19 11:53:56.372,421.9460418635431,1001
2024-09-19 11:53:56.488,421.9549603142928,995
2024-09-19 11:53:56.592,421.9381688332404,1002
2024-09-19 11:53:56.771,421.9501809808263,101
2024-09-19 11:53:56.790,421.9361853526059,6
2024-09-19 11:53:56.797,421.9597782515158,999
2024-09-19 11:53:56.855,421.94564222380114,995
2024-09-19 11:53:56.886,421.9381603970102,98
2024-09-19 11:53:57.002,421.9485980328648,998
2024-09-19 11:53:57.033,42.19600644748711,7
2024-09-19 11:53:57.212,421.9093383507588,1005
2024-09-19 11:53:57.216,421.91715657589685,98
2024-09-19 11:53:57.246,-421.9264413962768,996
2024-09-19 11:53:57.429,421.92298650144784,1001
2024-09-19 11:53:57.442,421.92829044261936,8
2024-09-19 11:53:57.598,421.9449507255919,7
2024-09-19 11:53:57.767,421.9267921269538,95
2024-09-19 11:53:57.870,421.94767623441385,7
2024-09-19 11:53:57.966,421.91238961795233,1005
2024-09-19 11:53:58.040,422.0139214972223,105
2024-09-19 11:53:58.057,422.00921152792057,14
2024-09-19 11:53:58.083,421.963586253914,998
2024-09-19 11:53:58.100,422.0158539055903,103
2024-09-19 11:53:58.111,421.95422075569456,8
2024-09-19 11:53:58.144,421.93108855288153,101
2024-09-19 11:53:58.220,422.0054518981964,14
2024-09-19 11:53:58.265,422.01471797480434,100
2024-09-19 11:53:58.279,421.9222766072968,1000
2024-09-19 11:53:58.322,421.93165539803766,5
2024-09-19 11:53:58.344,421.9513712217619,102
2024-09-19 11:53:58.351,421.9956645046516,12
2024-09-19 11:53:58.413,422.0103993391055,98
2024-09-19 11:53:58.441,421.9269894969764,101
2024-09-19 11:53:58.477,422.014417858648,10
2024-09-19 11:53:58.496,421.9771837706365,1001
2024-09-19 11:53:58.571,-422.0166271647883,1000
2024-09-19 11:53:58.584,422.0175569044912,5
2024-09-19 11:53:58.614,421.99291313947305,1002
2024-09-19 11:53:58.698,421.9363893063301,15
2024-09-19 11:53:58.759,422.01097796667824,12
2024-09-19 11:53:58.803,421.9630684965201,9
2024-09-19 11:53:58.826,421.942970323132,97
2024-09-19 11:53:58.845,422.00877954064936,1005
2024-09-19 11:53:58.878,421.93329039902267,101
2024-09-19 11:53:58.884,421.9728676419565,13
2024-09-19 11:53:58.920,422.01079980849966,14
2024-09-19 11:53:58.942,421.9536005056904,1000
2024-09-19 11:53:58.958,421.9229678111832,1003
2024-09-19 11:53:59.016,422.0176046275442,1005
2024-09-19 11:53:59.025,422.0286771194138,1003
2024-09-19 11:53:59.045,422.015529977916,12
2024-09-19 11:53:59.129,422.0397259203133,101
2024-09-19 11:53:59.136,422.0070759291224,1000
2024-09-19 11:53:59.204,422.0246429866052,10
2024-09-19 11:53:59.324,-422.0570828860742,996
2024-09-19 11:53:59.339,422.0282772264605,100
2024-09-19 11:53:59.465,422.01045363394206,99
2024-09-19 11:53:59.498,422.0303135726975,999
2024-09-19 11:53:59.522,422.0320653460613,8
2024-09-19 11:53:59.561,422.0180053347287,999
2024-09-19 11:53:59.575,422.0018942770767,1005
2024-09-19 11:53:59.605,421.9978410565725,8
2024-09-19 11:53:59.683,421.995415218272,7
2024-09-19 11:53:59.704,422.0430903676453,11
2024-09-19 11:53:59.741,421.9893189605488,12
2024-09-19 11:53:59.775,422.01585057674447,1005
2024-09-19 11:53:59.816,422.01909580484215,103
2024-09-19 11:53:59.958,422.0069299436793,7
2024-09-19 11:53:59.971,422.0204197817391,98
2024-09-19 11:53:59.997,422.0223947453663,6
