Timestamp,Price,Size
2024-09-17 11:10:00.063,414.6727820999307,13
2024-09-17 11:10:00.117,414.68377400201547,1002
2024-09-17 11:10:00.160,414.71238654915743,999
2024-09-17 11:10:00.211,414.70708481863176,998
2024-09-17 11:10:00.262,414.6594353867987,15
2024-09-17 11:10:00.280,414.6715122368572,100
2024-09-17 11:10:00.307,414.6592535215096,8
2024-09-17 11:10:00.307,414.6613922458373,996
2024-09-17 11:10:00.349,414.6670649208215,1000
2024-09-17 11:10:00.355,414.6699200980094,999
2024-09-17 11:10:00.374,414.6650159061056,1005
2024-09-17 11:10:00.444,414.66792835542975,1004
2024-09-17 11:10:00.476,414.6701589413926,1005
2024-09-17 11:10:00.549,414.6926552901136,1000
2024-09-17 11:10:00.766,414.6825577772837,101
2024-09-17 11:10:00.783,414.64758862797294,97
2024-09-17 11:10:00.862,414.6623645478979,1003
2024-09-17 11:10:00.987,414.7015447192161,5
2024-09-17 11:10:01.235,414.6897552063453,105
2024-09-17 11:10:01.602,414.71874502156265,1001
2024-09-17 11:10:01.901,414.7128093185093,11
2024-09-17 11:10:02.011,414.67437174878097,8
2024-09-17 11:10:02.048,414.6697757189858,6
2024-09-17 11:10:02.073,414.6788332358991,1002
2024-09-17 11:10:02.224,414.6416163997554,5
2024-09-17 11:10:02.227,414.6757635909281,95
2024-09-17 11:10:02.231,414.6156743697068,8
2024-09-17 11:10:02.373,414.6450221402527,999
2024-09-17 11:10:02.385,414.6739512586389,95
2024-09-17 11:10:02.386,414.67874936944366,95
2024-09-17 11:10:02.430,414.6784558890264,102
2024-09-17 11:10:02.599,414.6889010440423,1004
2024-09-17 11:10:02.604,414.6954034622471,98
2024-09-17 11:10:02.696,414.67332104741536,105
2024-09-17 11:10:02.803,414.6522816599227,95
2024-09-17 11:10:02.841,414.6582928177878,1005
2024-09-17 11:10:02.913,414.6529119919393,99
2024-09-17 11:10:02.978,414.6563156452148,6
2024-09-17 11:10:02.988,414.6341190482532,1002
2024-09-17 11:10:03.029,414.5458091782105,1004
2024-09-17 11:10:03.033,414.6011952279572,97
2024-09-17 11:10:03.047,414.581680736378,1004
2024-09-17 11:10:03.063,414.608836553942,103
2024-09-17 11:10:03.129,414.5814253936259,99
2024-09-17 11:10:03.239,414.5477158678125,6
2024-09-17 11:10:03.278,414.5380843840904,105
2024-09-17 11:10:03.442,414.539930404429,998
2024-09-17 11:10:03.448,414.5560289358887,95
2024-09-17 11:10:03.480,414.5644831889863,997
2024-09-17 11:10:03.509,414.5525618611362,98
2024-09-17 11:10:03.630,414.5360521899141,999
2024-09-17 11:10:03.630,414.5481320860797,101
2024-09-17 11:10:03.816,414.5579535359827,97
2024-09-17 11:10:03.835,414.5591200430425,1005
2024-09-17 11:10:03.939,414.56397314051065,997
2024-09-17 11:10:03.982,414.555557869865,102
2024-09-17 11:10:04.038,414.52742476169976,998
2024-09-17 11:10:04.089,414.4204384825912,1002
2024-09-17 11:10:04.169,414.4309570700912,1005
2024-09-17 11:10:04.244,414.4212948539194,98
2024-09-17 11:10:04.282,414.5444888135335,105
2024-09-17 11:10:04.320,414.517627069274,101
2024-09-17 11:10:04.350,414.5171128434562,97
2024-09-17 11:10:04.423,414.513765547594,9
2024-09-17 11:10:04.450,414.5488204929403,14
2024-09-17 11:10:04.497,414.4713734191815,7
2024-09-17 11:10:04.507,414.4432881601414,5
2024-09-17 11:10:04.507,414.42485713591685,998
2024-09-17 11:10:04.577,414.4862390367473,997
2024-09-17 11:10:04.611,414.5335969387745,12
2024-09-17 11:10:04.623,414.4282249255127,12
2024-09-17 11:10:04.656,414.5447400095079,101
2024-09-17 11:10:04.676,414.5182739160066,14
2024-09-17 11:10:04.725,414.493259979399,13
2024-09-17 11:10:04.797,414.52074336855145,995
2024-09-17 11:10:04.820,414.4614827078798,96
2024-09-17 11:10:04.848,414.4535480934893,13
2024-09-17 11:10:04.849,414.52816609963537,99
2024-09-17 11:10:04.880,414.5350510311539,10
2024-09-17 11:10:04.961,414.52775614824606,1004
2024-09-17 11:10:05.017,414.470504482642,11
2024-09-17 11:10:05.047,41.446349305966265,11
2024-09-17 11:10:05.306,414.4645036360267,995
2024-09-17 11:10:05.337,414.4680816553408,8
2024-09-17 11:10:05.885,414.4793522475368,102
2024-09-17 11:10:06.063,414.5614100413047,999
2024-09-17 11:10:06.163,414.561013984781,15
2024-09-17 11:10:06.212,414.5264244550841,9
2024-09-17 11:10:06.277,414.5326988010343,1001
2024-09-17 11:10:06.288,414.5461948355329,15
2024-09-17 11:10:06.353,414.5573552551559,9
2024-09-17 11:10:06.381,414.54384214266486,99
2024-09-17 11:10:06.433,414.5623171977288,6
2024-09-17 11:10:06.434,414.4936192194527,1002
2024-09-17 11:10:06.506,414.536180036823,11
2024-09-17 11:10:06.546,414.4822633231141,1003
2024-09-17 11:10:06.569,414.5500936348906,97
2024-09-17 11:10:06.733,414.5522601749845,1002
2024-09-17 11:10:06.775,414.563258105882,1005
2024-09-17 11:10:06.811,414.5102014663356,995
2024-09-17 11:10:06.895,414.5352241812704,1000
2024-09-17 11:10:06.912,414.5166962137268,98
2024-09-17 11:10:06.998,414.55593620352624,1000
2024-09-17 11:10:07.017,414.6023995820733,6
2024-09-17 11:10:07.017,414.5974000555878,8
2024-09-17 11:10:07.027,414.6437870437546,98
2024-09-17 11:10:07.055,414.61540955495,98
2024-09-17 11:10:07.093,414.559568367056,1001
2024-09-17 11:10:07.133,414.5980646110328,7
2024-09-17 11:10:07.179,414.5947637805775,14
2024-09-17 11:10:07.189,414.5684367994528,96
2024-09-17 11:10:07.223,414.6036987735132,998
2024-09-17 11:10:07.230,414.6075604011962,105
2024-09-17 11:10:07.310,414.6080956159634,1004
2024-09-17 11:10:07.311,414.606539919742,9
2024-09-17 11:10:07.318,414.6324754572234,6
2024-09-17 11:10:07.360,414.5981689053898,10
2024-09-17 11:10:07.501,414.5450434386083,100
2024-09-17 11:10:07.592,414.6042055940088,1004
2024-09-17 11:10:07.595,414.6750294233975,7
2024-09-17 11:10:07.617,,997
2024-09-17 11:10:07.646,414.6401649930314,6
2024-09-17 11:10:07.648,414.62529809067314,1000
2024-09-17 11:10:07.676,414.6178461695208,98
2024-09-17 11:10:07.748,414.6264681327618,14
2024-09-17 11:10:07.826,414.5708688703964,1005
2024-09-17 11:10:07.891,414.5564116817227,995
2024-09-17 11:10:08.010,414.6959213431285,1003
2024-09-17 11:10:08.032,414.69589864953366,99
2024-09-17 11:10:08.041,414.6492784903881,998
2024-09-17 11:10:08.079,414.69153712452845,1004
2024-09-17 11:10:08.128,414.755258825856,104
2024-09-17 11:10:08.143,414.6757135339029,996
2024-09-17 11:10:08.148,414.6605714204918,996
2024-09-17 11:10:08.159,414.7119919577083,95
2024-09-17 11:10:08.189,414.6588929744096,998
2024-09-17 11:10:08.243,414.7349718853016,102
2024-09-17 11:10:08.254,414.7176461177256,100
2024-09-17 11:10:08.256,414.7259643084215,6
2024-09-17 11:10:08.311,41.47268058449705,996
2024-09-17 11:10:08.361,414.73975894898416,6
2024-09-17 11:10:08.393,414.6697674426963,1005
2024-09-17 11:10:08.429,414.6656723274709,1000
2024-09-17 11:10:08.505,414.6777158894022,10
2024-09-17 11:10:08.529,414.6931921566286,999
2024-09-17 11:10:08.532,414.66243980727296,104
2024-09-17 11:10:08.620,414.6675924267586,10
2024-09-17 11:10:08.663,414.71702195044816,96
2024-09-17 11:10:08.686,414.6796899453052,99
2024-09-17 11:10:08.733,414.71820816152194,8
2024-09-17 11:10:08.746,414.65763390186095,6
2024-09-17 11:10:08.815,414.7340886523786,12
2024-09-17 11:10:08.904,414.70723508163536,14
2024-09-17 11:10:08.913,414.6681566107432,5
2024-09-17 11:10:08.939,414.6673301858929,998
2024-09-17 11:10:08.944,414.75097037757627,102
2024-09-17 11:10:08.976,414.726886339046,998
2024-09-17 11:10:09.039,414.7115477729054,95
2024-09-17 11:10:09.200,414.69101436601926,101
2024-09-17 11:10:09.520,414.6809231106653,10
2024-09-17 11:10:10.059,414.6983393863085,104
2024-09-17 11:10:10.655,414.6948410280343,998
2024-09-17 11:10:10.839,414.7123794056509,101
2024-09-17 11:10:11.009,414.6953615850613,1001
2024-09-17 11:10:11.017,414.7202388518052,99
2024-09-17 11:10:11.023,414.716400298474,98
2024-09-17 11:10:11.028,414.6765065936969,13
2024-09-17 11:10:11.198,414.6781264188591,103
2024-09-17 11:10:11.209,414.6935871526447,1005
2024-09-17 11:10:11.305,414.6505203308346,103
2024-09-17 11:10:11.311,414.703328581161,7
2024-09-17 11:10:11.314,414.7273752139597,995
2024-09-17 11:10:11.330,414.7328231719785,1001
2024-09-17 11:10:11.589,414.6872578494997,102
2024-09-17 11:10:11.629,414.68780933696326,101
2024-09-17 11:10:11.642,414.72480019008543,96
2024-09-17 11:10:11.684,414.66962379014507,997
2024-09-17 11:10:11.716,414.707765043093,999
2024-09-17 11:10:11.722,414.71717850201,1005
2024-09-17 11:10:11.769,414.7144841542254,7
2024-09-17 11:10:11.839,414.71815240329096,14
2024-09-17 11:10:11.915,414.71406993879896,7
2024-09-17 11:10:11.920,414.6893838420483,9
2024-09-17 11:10:11.953,414.6843582934235,6
2024-09-17 11:10:11.982,414.68555869490126,7
2024-09-17 11:10:11.987,414.7085003442347,1005
2024-09-17 11:10:12.109,414.72752689462527,998
2024-09-17 11:10:12.192,414.7148360266536,1003
2024-09-17 11:10:12.216,414.7286098436439,1002
2024-09-17 11:10:12.544,414.7210682054349,15
2024-09-17 11:10:12.626,414.7254183470018,99
2024-09-17 11:10:12.973,414.72535205047393,998
2024-09-17 11:10:13.034,414.6543966831832,96
2024-09-17 11:10:13.046,414.63687746902696,97
2024-09-17 11:10:13.055,414.6727898916826,1000
2024-09-17 11:10:13.093,414.62558896507886,995
2024-09-17 11:10:13.112,414.6970102707991,1005
2024-09-17 11:10:13.125,414.663402629215,7
2024-09-17 11:10:13.151,414.64694642402,103
2024-09-17 11:10:13.164,414.7277405741182,11
2024-09-17 11:10:13.194,414.6414859396256,102
2024-09-17 11:10:13.266,414.7305156530306,98
2024-09-17 11:10:13.342,414.6034879235965,100
2024-09-17 11:10:13.368,414.7372604088977,102
2024-09-17 11:10:13.421,414.63489895908486,1005
2024-09-17 11:10:13.460,414.6087898467917,105
2024-09-17 11:10:13.501,414.7219827786016,995
2024-09-17 11:10:13.514,414.64155901351023,13
2024-09-17 11:10:13.532,414.6166103069642,10
2024-09-17 11:10:13.559,414.63472791307055,6
2024-09-17 11:10:13.644,414.6926989546618,997
2024-09-17 11:10:13.648,414.7178553809295,999
2024-09-17 11:10:13.650,414.6427981783455,14
2024-09-17 11:10:13.652,414.62936781698,13
2024-09-17 11:10:13.735,414.7066037708548,97
2024-09-17 11:10:13.784,414.738764922642,98
2024-09-17 11:10:13.790,414.7149695906025,95
2024-09-17 11:10:13.910,414.7028914538576,1003
2024-09-17 11:10:13.935,414.66304604815593,8
2024-09-17 11:10:13.947,414.6099856181834,995
2024-09-17 11:10:13.996,414.70868989073455,1005
2024-09-17 11:10:14.283,414.6824055043977,10
2024-09-17 11:10:14.312,414.6463518533577,995
2024-09-17 11:10:14.442,414.67415750478176,9
2024-09-17 11:10:14.523,414.6743555178622,100
2024-09-17 11:10:14.553,414.6652159288075,1001
2024-09-17 11:10:14.627,414.6938429203332,1002
2024-09-17 11:10:15.220,414.7514353398138,7
2024-09-17 11:10:15.222,414.6643859647506,8
2024-09-17 11:10:15.286,414.7357120930845,8
2024-09-17 11:10:15.294,414.73359345845023,102
2024-09-17 11:10:15.384,414.7027147785277,5
2024-09-17 11:10:15.400,414.68455092406737,6
2024-09-17 11:10:15.440,414.6973516822511,8
2024-09-17 11:10:15.487,414.7305823196403,999
2024-09-17 11:10:15.509,414.7210227819482,98
2024-09-17 11:10:15.559,414.695543704552,1003
2024-09-17 11:10:15.566,414.75582838471047,999
2024-09-17 11:10:15.635,414.7264352396522,99
2024-09-17 11:10:15.650,414.7232278568324,1003
2024-09-17 11:10:15.784,414.7147651710712,13
2024-09-17 11:10:15.792,414.70779232870245,97
2024-09-17 11:10:15.812,414.7528986553237,95
2024-09-17 11:10:15.831,414.74990983999794,104
2024-09-17 11:10:15.847,414.7007516245842,1005
2024-09-17 11:10:15.859,414.7279281351241,997
2024-09-17 11:10:15.887,414.694633934047,15
2024-09-17 11:10:15.950,414.7186858473967,1005
2024-09-17 11:10:15.951,414.701685808935,9
2024-09-17 11:10:15.972,414.711307943405,997
2024-09-17 11:10:15.988,,10
2024-09-17 11:10:15.998,414.67594580113246,8
2024-09-17 11:10:16.045,414.6750605559791,11
2024-09-17 11:10:16.048,414.69639855656095,13
2024-09-17 11:10:16.061,414.70107260165935,104
2024-09-17 11:10:16.118,414.68300218552486,100
2024-09-17 11:10:16.129,414.67142799452415,11
2024-09-17 11:10:16.230,414.66698933987993,15
2024-09-17 11:10:16.240,414.6912364267114,11
2024-09-17 11:10:16.248,414.6905081900305,103
2024-09-17 11:10:16.292,414.6707559524838,100
2024-09-17 11:10:16.300,414.6727939243468,15
2024-09-17 11:10:16.341,414.69885441450447,103
2024-09-17 11:10:16.453,414.68770009659073,999
2024-09-17 11:10:16.532,414.678507905848,95
2024-09-17 11:10:16.532,414.6903918906127,11
2024-09-17 11:10:16.539,414.6685085949442,105
2024-09-17 11:10:16.660,414.67920458065953,995
2024-09-17 11:10:16.678,414.6807007973418,99
2024-09-17 11:10:16.711,414.65583107033785,1001
2024-09-17 11:10:16.787,414.6529420563277,96
2024-09-17 11:10:16.944,414.67858250684594,96
2024-09-17 11:10:16.963,414.6664623659272,998
2024-09-17 11:10:16.990,414.66148968192334,15
2024-09-17 11:10:17.021,414.6329251462005,97
2024-09-17 11:10:17.054,414.6322172282495,1004
2024-09-17 11:10:17.092,414.59082896841625,100
2024-09-17 11:10:17.182,414.6913317566663,104
2024-09-17 11:10:17.188,414.5886720221144,1002
2024-09-17 11:10:17.322,414.6453355860592,104
2024-09-17 11:10:17.346,414.65607411324106,995
2024-09-17 11:10:17.411,414.6196769289496,1001
2024-09-17 11:10:17.463,414.65515971729127,97
2024-09-17 11:10:17.581,414.6377907455394,996
2024-09-17 11:10:17.611,414.6499466468011,11
2024-09-17 11:10:17.645,414.66594074075886,102
2024-09-17 11:10:17.688,414.6040542213448,98
2024-09-17 11:10:17.695,414.66788869269527,1005
2024-09-17 11:10:17.771,414.68359835769496,15
2024-09-17 11:10:17.794,414.6329864612029,995
2024-09-17 11:10:17.827,414.5888129859814,98
2024-09-17 11:10:17.848,414.6115585929912,1003
2024-09-17 11:10:17.854,414.5976562247894,100
2024-09-17 11:10:17.856,414.59788611388655,97
2024-09-17 11:10:17.879,414.5856134432276,99
2024-09-17 11:10:17.890,414.5940714768783,999
2024-09-17 11:10:17.991,414.5910733534216,7
2024-09-17 11:10:17.993,414.6100226169168,1004
2024-09-17 11:10:17.999,414.5894660189833,12
2024-09-17 11:10:18.064,414.6227101123232,10
2024-09-17 11:10:18.124,414.6232107772885,997
2024-09-17 11:10:18.153,414.61569183461216,1003
2024-09-17 11:10:18.202,414.59495941883466,101
2024-09-17 11:10:18.310,414.5940749559054,101
2024-09-17 11:10:18.359,414.6114179389168,7
2024-09-17 11:10:18.398,414.5885497850797,97
2024-09-17 11:10:18.465,414.6081856112052,103
2024-09-17 11:10:18.525,414.6054121496334,1004
2024-09-17 11:10:18.548,414.6246658311645,1001
2024-09-17 11:10:18.571,414.6197316521149,7
2024-09-17 11:10:18.684,414.5775951469735,999
2024-09-17 11:10:18.704,414.601716809798,103
2024-09-17 11:10:18.750,414.58586041642496,997
2024-09-17 11:10:18.906,414.58506891873645,995
2024-09-17 11:10:19.004,414.62000360000735,101
2024-09-17 11:10:19.013,414.6137368188181,103
2024-09-17 11:10:19.022,414.6143761880276,1003
2024-09-17 11:10:19.190,414.6294407891041,997
2024-09-17 11:10:19.190,414.63725847329096,1000
2024-09-17 11:10:19.191,414.6019710545224,12
2024-09-17 11:10:19.284,414.5804601942938,12
2024-09-17 11:10:19.294,414.631595414522,102
2024-09-17 11:10:19.374,414.6176654551341,101
2024-09-17 11:10:19.444,414.6264815110902,998
2024-09-17 11:10:19.445,414.6411280839016,1004
2024-09-17 11:10:19.471,414.5958674536855,100
2024-09-17 11:10:19.494,414.6225337726754,1001
2024-09-17 11:10:19.537,414.60622905338926,97
2024-09-17 11:10:19.578,414.6280783106968,102
2024-09-17 11:10:19.636,414.6311546357052,1002
2024-09-17 11:10:19.652,414.6072249037825,7
2024-09-17 11:10:19.706,414.6219538062267,95
2024-09-17 11:10:19.734,414.6139265650768,98
2024-09-17 11:10:19.780,414.618752714312,999
2024-09-17 11:10:19.794,414.6188702481597,97
2024-09-17 11:10:19.822,414.60888444893857,100
2024-09-17 11:10:19.832,414.6293617763865,995
2024-09-17 11:10:19.844,414.6267296821328,1002
2024-09-17 11:10:19.863,414.6265406012837,1001
2024-09-17 11:10:19.887,414.5990421034435,1005
2024-09-17 11:10:20.032,414.6287502164277,14
2024-09-17 11:10:20.074,-414.6208324164617,1005
2024-09-17 11:10:20.105,-414.6233113290371,998
2024-09-17 11:10:20.288,414.647815830337,103
2024-09-17 11:10:20.336,414.6584073907478,97
2024-09-17 11:10:20.369,414.6324450263469,104
2024-09-17 11:10:20.397,414.6322344266587,15
2024-09-17 11:10:20.465,414.6586241637583,997
2024-09-17 11:10:20.503,414.644759508741,7
2024-09-17 11:10:20.522,414.61614541157394,13
2024-09-17 11:10:20.636,414.6132134567967,104
2024-09-17 11:10:20.723,414.640606076778,97
2024-09-17 11:10:20.861,414.6232762198157,995
2024-09-17 11:10:20.882,414.63824441360896,999
2024-09-17 11:10:20.986,414.63496919664544,1005
2024-09-17 11:10:21.015,414.64149656763743,97
2024-09-17 11:10:21.043,414.6466357939991,997
2024-09-17 11:10:21.220,414.631218133327,14
2024-09-17 11:10:21.429,414.637466724997,97
2024-09-17 11:10:22.123,414.63346280622176,103
2024-09-17 11:10:22.312,414.6201094538821,98
2024-09-17 11:10:22.319,414.63406805520736,1003
2024-09-17 11:10:22.365,414.5821012591002,997
2024-09-17 11:10:22.557,414.6351619814038,105
2024-09-17 11:10:22.565,414.5976445117049,1000
2024-09-17 11:10:22.574,414.6201719468135,100
2024-09-17 11:10:22.585,414.6142429832673,15
2024-09-17 11:10:22.598,414.6233800375114,14
2024-09-17 11:10:22.598,414.61036803195634,999
2024-09-17 11:10:22.604,414.57270403486814,103
2024-09-17 11:10:22.829,414.5934845031076,101
2024-09-17 11:10:22.876,414.6137314251658,7
2024-09-17 11:10:22.902,414.639385865584,100
2024-09-17 11:10:23.025,414.5761617363794,1001
2024-09-17 11:10:23.058,414.5641658279788,95
2024-09-17 11:10:23.101,414.57124437425983,1002
2024-09-17 11:10:23.169,414.5825509984312,100
2024-09-17 11:10:23.201,-414.5972065876834,1004
2024-09-17 11:10:23.234,414.57559428000553,11
2024-09-17 11:10:23.272,414.54913054142736,998
2024-09-17 11:10:23.280,414.5820456656905,97
2024-09-17 11:10:23.288,414.56789589117824,995
2024-09-17 11:10:23.405,414.5969807163044,10
2024-09-17 11:10:23.413,414.57690657850287,96
2024-09-17 11:10:23.633,414.6013104506218,1003
2024-09-17 11:10:23.671,414.58526687521055,13
2024-09-17 11:10:23.675,414.5727311447909,5
2024-09-17 11:10:23.696,414.58674253913074,1002
2024-09-17 11:10:23.697,414.5611070324472,995
2024-09-17 11:10:23.735,414.5903185851287,97
2024-09-17 11:10:23.745,414.5587159393898,1005
2024-09-17 11:10:23.874,414.585441571446,101
2024-09-17 11:10:23.896,414.5618750365119,102
2024-09-17 11:10:23.932,414.6087228485505,15
2024-09-17 11:10:23.947,414.555003958266,100
2024-09-17 11:10:24.537,414.583948720814,1001
2024-09-17 11:10:24.689,414.586100847282,104
2024-09-17 11:10:24.873,414.579531205,997
2024-09-17 11:10:25.028,414.5752016734934,105
2024-09-17 11:10:25.122,414.5310725285996,997
2024-09-17 11:10:25.178,414.5553509630632,7
2024-09-17 11:10:25.182,414.5196577982558,1000
2024-09-17 11:10:25.183,414.55342812916655,103
2024-09-17 11:10:25.186,414.5693352770277,15
2024-09-17 11:10:25.197,414.5122779385346,10
2024-09-17 11:10:25.219,414.5381557818242,14
2024-09-17 11:10:25.329,414.5571095900241,8
2024-09-17 11:10:25.413,414.55099705302825,1004
2024-09-17 11:10:25.491,414.5312638797041,11
2024-09-17 11:10:25.562,414.5452968985098,95
2024-09-17 11:10:25.577,414.5443545553459,6
2024-09-17 11:10:25.587,414.518638029137,12
2024-09-17 11:10:25.660,414.5320248182744,1005
2024-09-17 11:10:25.669,414.5382677485087,100
2024-09-17 11:10:25.692,414.52963049698377,996
2024-09-17 11:10:25.705,414.5375271817104,997
2024-09-17 11:10:25.751,414.5433976282742,103
2024-09-17 11:10:25.799,414.5505271044691,6
2024-09-17 11:10:25.807,414.54768631252864,9
2024-09-17 11:10:25.887,414.51668129010176,10
2024-09-17 11:10:25.917,414.5158747232135,1001
2024-09-17 11:10:26.003,414.5723842251465,6
2024-09-17 11:10:26.030,414.57034826149953,1004
2024-09-17 11:10:26.179,414.5819463652975,14
2024-09-17 11:10:26.366,414.5667934279128,8
2024-09-17 11:10:26.396,414.5661302571645,10
2024-09-17 11:10:26.478,414.5605917776272,995
2024-09-17 11:10:26.494,414.5665030989868,105
2024-09-17 11:10:26.554,414.5455041273256,1001
2024-09-17 11:10:26.570,414.5572124223154,999
2024-09-17 11:10:26.587,414.5784533824731,100
2024-09-17 11:10:26.601,414.5731463963583,96
2024-09-17 11:10:26.630,414.57625658898496,102
2024-09-17 11:10:26.636,414.560674155089,6
2024-09-17 11:10:26.680,414.5488826048439,8
2024-09-17 11:10:26.725,414.5614514931649,1002
2024-09-17 11:10:26.745,414.55338280128393,1004
2024-09-17 11:10:26.769,414.5630372397539,10
2024-09-17 11:10:26.774,414.55630240889855,998
2024-09-17 11:10:26.801,414.5656686804887,95
2024-09-17 11:10:26.895,414.5694405983997,105
2024-09-17 11:10:26.901,414.5655313417872,1001
2024-09-17 11:10:26.916,414.5749220901068,97
2024-09-17 11:10:26.958,414.5433021077132,14
2024-09-17 11:10:26.967,414.5735928810627,10
2024-09-17 11:10:27.082,414.5485745914221,9
2024-09-17 11:10:27.202,414.54235600245136,1005
2024-09-17 11:10:27.360,414.6233045782657,1000
2024-09-17 11:10:27.483,414.59052022349016,7
2024-09-17 11:10:27.641,414.5744301649484,104
2024-09-17 11:10:27.794,414.5913406303887,997
2024-09-17 11:10:27.797,414.5507709766264,9
2024-09-17 11:10:27.855,414.6050697092016,15
2024-09-17 11:10:27.884,414.5705048329996,1002
2024-09-17 11:10:27.901,414.5702448406417,99
2024-09-17 11:10:27.942,414.58910252436914,1000
2024-09-17 11:10:28.009,414.6429932663013,11
2024-09-17 11:10:28.020,414.6645816417689,13
2024-09-17 11:10:28.080,414.6506733635245,997
2024-09-17 11:10:28.102,414.65386298149537,1003
2024-09-17 11:10:28.151,414.6236129169469,13
2024-09-17 11:10:28.185,414.6336975629357,98
2024-09-17 11:10:28.186,414.6617539722016,8
2024-09-17 11:10:28.280,414.6562086714793,95
2024-09-17 11:10:28.281,414.6519747904931,1001
2024-09-17 11:10:28.292,41.46451154220514,103
2024-09-17 11:10:28.337,414.65334823531487,99
2024-09-17 11:10:28.339,414.6376772472675,997
2024-09-17 11:10:28.378,414.63674336440727,6
2024-09-17 11:10:28.452,414.6454326698434,14
2024-09-17 11:10:28.510,414.6414861175494,995
2024-09-17 11:10:28.578,414.66345623100375,103
2024-09-17 11:10:28.683,414.6426440786229,6
2024-09-17 11:10:28.683,414.6273508397033,102
2024-09-17 11:10:28.714,414.6487424953812,11
2024-09-17 11:10:28.734,414.6459130935671,102
2024-09-17 11:10:28.839,414.6457080687719,11
2024-09-17 11:10:28.861,414.6457840098395,999
2024-09-17 11:10:28.867,414.6458279341471,5
2024-09-17 11:10:28.898,414.6446069528667,95
2024-09-17 11:10:28.905,-414.6482653130742,998
2024-09-17 11:10:28.972,414.646762342512,10
2024-09-17 11:10:29.001,414.6348456147674,9
2024-09-17 11:10:29.106,414.64038253144486,995
2024-09-17 11:10:29.143,414.6239753278895,996
2024-09-17 11:10:29.241,414.6318747976717,5
2024-09-17 11:10:29.287,414.6645780091292,104
2024-09-17 11:10:29.324,414.6566100795093,1002
2024-09-17 11:10:29.330,414.6404425181962,14
2024-09-17 11:10:29.332,414.6234720553478,98
2024-09-17 11:10:29.364,414.6623641252904,12
2024-09-17 11:10:29.398,414.6569984807255,995
2024-09-17 11:10:29.478,414.6588721796786,100
2024-09-17 11:10:29.574,414.6549143906216,11
2024-09-17 11:10:29.706,414.6197960577648,1000
2024-09-17 11:10:29.760,414.65172381760834,101
2024-09-17 11:10:29.803,414.6603509181047,5
2024-09-17 11:10:29.822,414.64361746521854,9
2024-09-17 11:10:29.884,414.6014599003559,997
2024-09-17 11:10:29.915,414.6375646970308,98
2024-09-17 11:10:30.135,414.6671242626618,12
2024-09-17 11:10:30.374,414.6603483785484,104
2024-09-17 11:10:30.658,414.6593928300867,998
2024-09-17 11:10:30.711,-414.6687784339992,1001
2024-09-17 11:10:30.808,414.655676118671,999
2024-09-17 11:10:30.905,414.6612430112485,1002
2024-09-17 11:10:31.000,414.6295549351555,7
2024-09-17 11:10:31.199,414.6526399520407,1002
2024-09-17 11:10:31.224,414.6324491025605,5
2024-09-17 11:10:31.332,414.64486809919833,1003
2024-09-17 11:10:31.334,414.6630689050072,99
2024-09-17 11:10:31.372,414.6602612725206,1003
2024-09-17 11:10:31.402,,15
2024-09-17 11:10:31.434,414.618019756958,996
2024-09-17 11:10:31.499,414.6355341317357,12
2024-09-17 11:10:31.884,414.6219058477197,11
2024-09-17 11:10:31.921,414.6190200009786,10
2024-09-17 11:10:32.024,414.5111945805847,97
2024-09-17 11:10:32.038,414.6038161726203,1000
2024-09-17 11:10:32.040,414.6037535199151,6
2024-09-17 11:10:32.066,414.48076135595335,1003
2024-09-17 11:10:32.114,414.6196680992574,7
2024-09-17 11:10:32.123,414.5066460315842,98
2024-09-17 11:10:32.148,414.4700617225667,996
2024-09-17 11:10:32.159,414.5861644625496,996
2024-09-17 11:10:32.188,414.4839821468231,100
2024-09-17 11:10:32.247,414.4761601586329,1004
2024-09-17 11:10:32.358,414.4894681986485,1003
2024-09-17 11:10:32.436,414.4955231451255,5
2024-09-17 11:10:32.446,414.6369160817687,996
2024-09-17 11:10:32.461,414.568729539211,11
2024-09-17 11:10:32.470,414.5673085279886,999
2024-09-17 11:10:32.538,414.5755898307956,9
2024-09-17 11:10:32.593,414.6282589813308,95
2024-09-17 11:10:32.679,414.4950205459712,1002
2024-09-17 11:10:32.692,414.54208962257655,1003
2024-09-17 11:10:32.737,414.6242619641395,13
2024-09-17 11:10:32.749,414.5215600173269,104
2024-09-17 11:10:32.891,414.515078925477,99
2024-09-17 11:10:32.931,414.5247822561401,11
2024-09-17 11:10:32.964,414.4925896097616,102
2024-09-17 11:10:32.984,41.45113671745162,96
2024-09-17 11:10:33.411,414.5112219155416,103
2024-09-17 11:10:33.416,414.52481806082585,15
2024-09-17 11:10:33.420,414.5186657937148,10
2024-09-17 11:10:33.564,414.5086913042072,1001
2024-09-17 11:10:33.799,414.51018187375433,8
2024-09-17 11:10:33.814,414.50960831506615,95
2024-09-17 11:10:33.840,414.5061586515989,996
2024-09-17 11:10:33.922,41.45100684699506,5
2024-09-17 11:10:34.029,414.4937668948906,1003
2024-09-17 11:10:34.058,414.5135169405395,1004
2024-09-17 11:10:34.193,414.5239605281951,101
2024-09-17 11:10:34.203,414.5161775351519,1005
2024-09-17 11:10:34.250,414.5169254530617,1002
2024-09-17 11:10:34.320,414.499443431826,96
2024-09-17 11:10:34.325,414.4953059891029,105
2024-09-17 11:10:34.381,414.5197752734041,996
2024-09-17 11:10:34.424,414.4960630206606,1001
2024-09-17 11:10:34.430,414.4964763200026,1003
2024-09-17 11:10:34.468,414.51100196244255,99
2024-09-17 11:10:34.647,414.53255955312267,96
2024-09-17 11:10:34.672,414.54846843727984,14
2024-09-17 11:10:34.682,414.53358492858575,104
2024-09-17 11:10:34.843,414.54029997379024,1005
2024-09-17 11:10:34.865,414.5306847642489,95
2024-09-17 11:10:35.847,414.5200589818496,96
2024-09-17 11:10:36.005,414.5296186060285,1001
2024-09-17 11:10:36.104,414.5031914664722,105
2024-09-17 11:10:36.113,414.5264733952361,104
2024-09-17 11:10:36.193,414.5146467805745,101
2024-09-17 11:10:36.322,414.5213354506411,12
2024-09-17 11:10:36.331,414.5164304763416,6
2024-09-17 11:10:36.354,414.5224037984791,14
2024-09-17 11:10:36.402,414.5093524828948,97
2024-09-17 11:10:36.538,,104
2024-09-17 11:10:36.591,414.5067100092441,10
2024-09-17 11:10:36.691,414.5167714623981,5
2024-09-17 11:10:36.760,414.5376965600471,98
2024-09-17 11:10:36.772,414.5226244723583,100
2024-09-17 11:10:36.788,414.5290208219856,102
2024-09-17 11:10:36.994,414.5286543142713,14
2024-09-17 11:10:37.208,414.51731536755017,99
2024-09-17 11:10:37.279,414.50082291384615,14
2024-09-17 11:10:37.323,414.5248210063272,95
2024-09-17 11:10:37.341,414.5333957227242,7
2024-09-17 11:10:37.517,414.505299773041,1003
2024-09-17 11:10:37.735,414.5066793618846,98
2024-09-17 11:10:38.000,414.5359079437764,97
2024-09-17 11:10:38.055,414.5413155570823,102
2024-09-17 11:10:38.062,414.5570989929272,104
2024-09-17 11:10:38.067,414.545419339206,15
2024-09-17 11:10:38.077,414.5041690885189,105
2024-09-17 11:10:38.097,414.4930790507248,98
2024-09-17 11:10:38.132,414.5391288822761,102
2024-09-17 11:10:38.139,414.55895859514885,98
2024-09-17 11:10:38.164,414.5683383140344,104
2024-09-17 11:10:38.169,414.5265444075244,1005
2024-09-17 11:10:38.240,414.4751707681977,999
2024-09-17 11:10:38.251,414.5635116231537,13
2024-09-17 11:10:38.271,414.5217163632361,99
2024-09-17 11:10:38.335,,96
2024-09-17 11:10:38.359,414.50048446831954,1002
2024-09-17 11:10:38.375,,7
2024-09-17 11:10:38.412,414.5440189398659,997
2024-09-17 11:10:38.434,414.54742043898455,104
2024-09-17 11:10:38.461,414.5445994754921,8
2024-09-17 11:10:38.490,414.4757666355559,97
2024-09-17 11:10:38.589,414.5689925901531,102
2024-09-17 11:10:38.660,414.5512956568177,1003
2024-09-17 11:10:38.817,414.52194259897465,998
2024-09-17 11:10:38.828,414.5467583482056,997
2024-09-17 11:10:38.872,414.539638910784,998
2024-09-17 11:10:38.942,414.5532718275565,13
2024-09-17 11:10:38.950,414.5035398225166,97
2024-09-17 11:10:38.992,414.5258117176549,96
2024-09-17 11:10:39.064,414.57805657273326,12
2024-09-17 11:10:39.080,414.5738462951896,12
2024-09-17 11:10:39.153,414.5783391522211,95
2024-09-17 11:10:39.171,,1001
2024-09-17 11:10:39.172,414.53172148785177,1002
2024-09-17 11:10:39.178,414.5626581927037,103
2024-09-17 11:10:39.180,414.5284823542172,996
2024-09-17 11:10:39.256,414.5577047268958,98
2024-09-17 11:10:39.303,414.53780142014494,1000
2024-09-17 11:10:39.311,414.5664542601567,5
2024-09-17 11:10:39.315,414.5511125750959,9
2024-09-17 11:10:39.358,414.52925297539673,11
2024-09-17 11:10:39.540,414.5626225530517,103
2024-09-17 11:10:39.552,414.5347397876199,997
2024-09-17 11:10:39.558,414.5278531277607,14
2024-09-17 11:10:39.586,414.5602066323676,97
2024-09-17 11:10:39.608,414.5322627319061,7
2024-09-17 11:10:39.609,414.5587953886287,99
2024-09-17 11:10:39.636,414.53148459964063,95
2024-09-17 11:10:39.668,414.5332756182951,95
2024-09-17 11:10:39.707,414.5721972449178,6
2024-09-17 11:10:39.715,414.57189983378703,1005
2024-09-17 11:10:39.808,414.55910256946606,1005
2024-09-17 11:10:39.810,-414.58753407706064,5
2024-09-17 11:10:39.810,414.586384139231,98
2024-09-17 11:10:39.815,414.5342816625926,6
2024-09-17 11:10:39.889,414.540191556271,97
2024-09-17 11:10:39.959,414.5974832760049,97
2024-09-17 11:10:40.002,-414.5398217289056,1000
2024-09-17 11:10:40.054,414.5655428994002,998
2024-09-17 11:10:40.083,414.5359236436348,996
2024-09-17 11:10:40.097,414.54223281780986,1000
2024-09-17 11:10:40.242,414.5457163438903,105
2024-09-17 11:10:40.276,414.5110725425767,98
2024-09-17 11:10:40.367,414.5455117332313,15
2024-09-17 11:10:40.396,414.5287324735578,1004
2024-09-17 11:10:40.532,414.5216286528133,1003
2024-09-17 11:10:40.567,414.5605048992508,98
2024-09-17 11:10:40.657,414.5532509321602,995
2024-09-17 11:10:40.683,414.5288241520448,14
2024-09-17 11:10:40.752,414.5401932756885,98
2024-09-17 11:10:40.775,414.5505461359301,1002
2024-09-17 11:10:40.796,414.5285055067591,6
2024-09-17 11:10:40.955,,95
2024-09-17 11:10:40.994,414.5336978653712,97
2024-09-17 11:10:41.162,414.51300508336095,99
2024-09-17 11:10:41.524,414.4970382662951,7
2024-09-17 11:10:41.568,414.5043439646098,105
2024-09-17 11:10:41.590,414.49209421987257,104
2024-09-17 11:10:41.620,414.4917471560973,10
2024-09-17 11:10:41.620,414.51296260956735,1005
2024-09-17 11:10:43.080,414.42599361835295,1005
2024-09-17 11:10:43.114,414.4710800905683,995
2024-09-17 11:10:43.129,414.4597501009404,1004
2024-09-17 11:10:43.132,414.4716685986959,15
2024-09-17 11:10:43.188,414.4977647954249,99
2024-09-17 11:10:43.237,414.4600538421876,6
2024-09-17 11:10:43.267,414.47158459649177,1004
2024-09-17 11:10:43.270,414.5152038770559,99
2024-09-17 11:10:43.297,414.4949525549117,997
2024-09-17 11:10:43.366,414.4691874921005,14
2024-09-17 11:10:43.401,414.4008259064757,95
2024-09-17 11:10:43.409,414.4182954640317,996
2024-09-17 11:10:43.409,414.44710900313976,996
2024-09-17 11:10:43.465,-414.5038491356849,1002
2024-09-17 11:10:43.485,414.4769351835386,105
2024-09-17 11:10:43.540,41.44507179317398,98
2024-09-17 11:10:43.587,414.48548861536943,12
2024-09-17 11:10:43.600,414.3732348519202,9
2024-09-17 11:10:43.654,414.4112775918359,10
2024-09-17 11:10:43.709,414.51989227761806,12
2024-09-17 11:10:43.714,414.3758104734245,13
2024-09-17 11:10:43.739,414.4882157347792,1004
2024-09-17 11:10:43.767,414.4032214090978,1003
2024-09-17 11:10:43.782,414.47869436940175,101
2024-09-17 11:10:43.796,414.4502885493079,104
2024-09-17 11:10:43.810,414.43424769164113,5
2024-09-17 11:10:43.827,414.46343547990665,100
2024-09-17 11:10:43.827,414.39084226719245,102
2024-09-17 11:10:43.975,414.4619445558208,9
2024-09-17 11:10:43.975,414.47398589555326,99
2024-09-17 11:10:44.606,414.4131729413229,995
2024-09-17 11:10:44.929,414.40040945908976,995
2024-09-17 11:10:45.039,414.3954390507926,102
2024-09-17 11:10:45.060,414.3673678445259,102
2024-09-17 11:10:45.065,414.3621224526469,1005
2024-09-17 11:10:45.100,414.4395675809888,104
2024-09-17 11:10:45.179,414.4323135844896,11
2024-09-17 11:10:45.237,414.4149519868925,5
2024-09-17 11:10:45.263,414.3971342382905,1005
2024-09-17 11:10:45.300,414.36635834854405,102
2024-09-17 11:10:45.327,414.35837049363965,14
2024-09-17 11:10:45.369,414.3717316158792,104
2024-09-17 11:10:45.381,414.4557790753764,996
2024-09-17 11:10:45.389,414.3665935798776,102
2024-09-17 11:10:45.406,414.4684106163203,15
2024-09-17 11:10:45.420,414.381949925422,97
2024-09-17 11:10:45.504,414.4174951721575,95
2024-09-17 11:10:45.514,414.4229114152181,1002
2024-09-17 11:10:45.570,414.3873633897064,103
2024-09-17 11:10:45.597,414.3766949209604,98
2024-09-17 11:10:45.598,414.3615642825216,104
2024-09-17 11:10:45.602,414.36282579059656,1000
2024-09-17 11:10:45.614,414.38227476766417,1004
2024-09-17 11:10:45.617,414.38129515895895,1003
2024-09-17 11:10:45.630,414.383717467386,1005
2024-09-17 11:10:45.663,414.3610738415839,995
2024-09-17 11:10:45.736,414.4265419722227,997
2024-09-17 11:10:45.762,414.45082854792366,997
2024-09-17 11:10:45.851,414.3860686712009,1003
2024-09-17 11:10:45.859,414.3766806160965,99
2024-09-17 11:10:45.930,414.374569204598,995
2024-09-17 11:10:46.007,414.355224736617,98
2024-09-17 11:10:46.064,414.367461919841,1000
2024-09-17 11:10:46.104,414.3525538710539,998
2024-09-17 11:10:46.147,414.403643883972,997
2024-09-17 11:10:46.153,414.4073664735645,101
2024-09-17 11:10:46.191,414.348032337692,1002
2024-09-17 11:10:46.277,414.34891827066406,1003
2024-09-17 11:10:46.307,414.3801329022929,99
2024-09-17 11:10:46.452,414.3734154488843,104
2024-09-17 11:10:46.483,,1003
2024-09-17 11:10:46.489,414.3844118975303,104
2024-09-17 11:10:46.547,414.36712154404097,14
2024-09-17 11:10:46.600,414.33770044216135,95
2024-09-17 11:10:46.659,414.3568067172087,98
2024-09-17 11:10:46.660,414.4028623769068,97
2024-09-17 11:10:46.672,414.3864297508777,103
2024-09-17 11:10:46.695,414.3633232331992,996
2024-09-17 11:10:46.707,414.3508979678202,6
2024-09-17 11:10:46.754,414.3345366721599,101
2024-09-17 11:10:46.818,414.3519605247849,102
2024-09-17 11:10:47.030,414.3311725816212,103
2024-09-17 11:10:47.054,414.3437433315849,1003
2024-09-17 11:10:47.084,414.3013777065884,101
2024-09-17 11:10:47.102,414.3510032257279,7
2024-09-17 11:10:47.146,414.2335311804191,15
2024-09-17 11:10:47.181,414.3237733912073,97
2024-09-17 11:10:47.185,414.305035230917,7
2024-09-17 11:10:47.209,414.3000360577948,997
2024-09-17 11:10:47.280,414.3204947647195,95
2024-09-17 11:10:47.281,414.3275926977804,101
2024-09-17 11:10:47.337,414.3194832952518,105
2024-09-17 11:10:47.379,414.3367629164357,104
2024-09-17 11:10:47.398,414.3555740078176,995
2024-09-17 11:10:47.404,414.3153973014479,98
2024-09-17 11:10:47.436,414.2591868266094,996
2024-09-17 11:10:47.445,414.2390232567072,1000
2024-09-17 11:10:47.464,414.2733954859106,105
2024-09-17 11:10:47.502,414.2431668776613,1004
2024-09-17 11:10:47.561,414.2560882708351,1000
2024-09-17 11:10:47.577,414.3163558680444,996
2024-09-17 11:10:47.667,414.33024843858175,96
2024-09-17 11:10:47.707,414.2308326168354,1003
2024-09-17 11:10:47.809,414.28620375813614,98
2024-09-17 11:10:47.827,414.3290972247573,12
2024-09-17 11:10:47.840,414.3324976563584,995
2024-09-17 11:10:47.921,414.3457310410499,98
2024-09-17 11:10:47.923,414.2344972643346,95
2024-09-17 11:10:47.967,414.350311873888,100
2024-09-17 11:10:48.080,414.2558994948988,10
2024-09-17 11:10:48.128,414.27852813405775,1002
2024-09-17 11:10:48.157,414.268485562825,997
2024-09-17 11:10:48.242,414.29704657614,10
2024-09-17 11:10:48.266,414.3079286806639,102
2024-09-17 11:10:48.287,414.2634012476025,13
2024-09-17 11:10:48.294,414.2301503809804,12
2024-09-17 11:10:48.350,414.2685240135654,96
2024-09-17 11:10:48.362,414.28018412962416,998
2024-09-17 11:10:48.426,414.3135950434627,104
2024-09-17 11:10:48.427,414.29736728196826,11
2024-09-17 11:10:48.495,414.28216397874246,996
2024-09-17 11:10:48.514,414.267672544407,12
2024-09-17 11:10:48.538,414.2841322062597,105
2024-09-17 11:10:48.561,414.2665426035681,103
2024-09-17 11:10:48.572,414.2546662857978,1004
2024-09-17 11:10:48.665,414.3016574248096,96
2024-09-17 11:10:48.701,414.277306906309,999
2024-09-17 11:10:48.717,414.2888462313338,99
2024-09-17 11:10:48.724,414.2944814087101,99
2024-09-17 11:10:48.774,414.2708094536143,998
2024-09-17 11:10:48.800,414.24275641955495,104
2024-09-17 11:10:48.833,414.2725219203435,1002
2024-09-17 11:10:48.842,414.3052375968513,9
2024-09-17 11:10:48.851,414.2865595094675,1001
2024-09-17 11:10:48.878,414.2692348990026,1001
2024-09-17 11:10:48.898,414.29969772344697,15
2024-09-17 11:10:49.041,414.2296315642914,99
2024-09-17 11:10:49.057,414.24992704436846,1002
2024-09-17 11:10:49.099,414.24524119052666,995
2024-09-17 11:10:49.107,414.2287986986288,98
2024-09-17 11:10:49.116,414.2347711765654,99
2024-09-17 11:10:49.150,414.22675300088144,100
2024-09-17 11:10:49.221,414.271006700882,995
2024-09-17 11:10:49.321,414.2401890806359,1002
2024-09-17 11:10:49.337,414.2607374922251,100
2024-09-17 11:10:49.338,414.2330298514102,6
2024-09-17 11:10:49.350,414.2326359428449,1000
2024-09-17 11:10:49.354,414.2178942139229,6
2024-09-17 11:10:49.362,414.22153885602336,8
2024-09-17 11:10:49.378,414.27036140512274,15
2024-09-17 11:10:49.418,414.2311618462121,13
2024-09-17 11:10:49.429,414.23301149053873,12
2024-09-17 11:10:49.502,414.2281700237782,6
2024-09-17 11:10:49.502,414.248596788767,1000
2024-09-17 11:10:49.521,414.2386354383172,99
2024-09-17 11:10:49.583,414.25001088854873,996
2024-09-17 11:10:49.600,414.2756791424223,7
2024-09-17 11:10:49.619,414.2570302393592,13
2024-09-17 11:10:49.714,414.24974017682047,105
2024-09-17 11:10:49.735,414.2251777929316,1000
2024-09-17 11:10:49.815,414.2259664069125,13
2024-09-17 11:10:49.823,414.2256123791725,1003
2024-09-17 11:10:49.833,414.2334738132423,1003
2024-09-17 11:10:49.892,414.24021007735945,998
2024-09-17 11:10:49.914,414.26607205821256,7
2024-09-17 11:10:50.094,41.42831482029786,100
2024-09-17 11:10:50.331,414.26788750278274,8
2024-09-17 11:10:50.380,414.2614895040325,10
2024-09-17 11:10:50.439,414.26112017568073,1004
2024-09-17 11:10:50.441,,8
2024-09-17 11:10:50.553,414.2604722752286,11
2024-09-17 11:10:50.659,414.2840423261028,97
2024-09-17 11:10:50.743,414.26394001432914,12
2024-09-17 11:10:50.928,414.2661061357886,96
2024-09-17 11:10:50.979,414.27670603874975,999
2024-09-17 11:10:51.048,414.2307071165815,10
2024-09-17 11:10:51.078,414.2543050203824,96
2024-09-17 11:10:51.130,414.2442562322053,15
2024-09-17 11:10:51.162,414.247579543711,100
2024-09-17 11:10:51.187,414.25129458498367,7
2024-09-17 11:10:51.288,414.2753785044652,100
2024-09-17 11:10:51.299,-414.25036105610496,1005
2024-09-17 11:10:51.375,414.2618765194904,1005
2024-09-17 11:10:51.394,414.258755873905,996
2024-09-17 11:10:51.499,414.2852073315632,1004
2024-09-17 11:10:51.502,414.2358972400073,105
2024-09-17 11:10:51.508,414.2313454630815,7
2024-09-17 11:10:51.512,414.2432561933098,105
2024-09-17 11:10:51.512,414.2209386830075,103
2024-09-17 11:10:51.563,414.24658737278605,101
2024-09-17 11:10:51.613,414.267850376758,999
2024-09-17 11:10:51.789,41.42575976785184,12
2024-09-17 11:10:51.806,414.26131252904605,100
2024-09-17 11:10:51.859,414.23952371749215,105
2024-09-17 11:10:51.910,414.2843185353021,8
2024-09-17 11:10:51.947,414.2552762206644,995
2024-09-17 11:10:52.081,414.3583112773625,995
2024-09-17 11:10:52.084,414.34367393663655,5
2024-09-17 11:10:52.193,414.316119328293,1002
2024-09-17 11:10:52.256,414.3399902165168,997
2024-09-17 11:10:52.293,414.33350480262754,95
2024-09-17 11:10:52.319,414.30537028891774,1003
2024-09-17 11:10:52.325,414.33518597243005,7
2024-09-17 11:10:52.519,414.313080096954,5
2024-09-17 11:10:52.522,414.3289800417074,999
2024-09-17 11:10:52.609,414.3136681200485,996
2024-09-17 11:10:52.642,414.3148447976386,5
2024-09-17 11:10:52.813,414.26812915320926,1000
2024-09-17 11:10:52.831,414.3453136727465,15
2024-09-17 11:10:52.950,414.3005190252245,97
2024-09-17 11:10:53.038,414.33339137983336,1000
2024-09-17 11:10:53.072,414.3582872505652,999
2024-09-17 11:10:53.090,414.4080695480018,102
2024-09-17 11:10:53.102,414.4309421975433,10
2024-09-17 11:10:53.152,414.3467840984789,1004
2024-09-17 11:10:53.152,414.3231826810189,102
2024-09-17 11:10:53.174,414.3713267751861,96
2024-09-17 11:10:53.183,414.3291467557514,6
2024-09-17 11:10:53.292,414.3567348061213,12
2024-09-17 11:10:53.336,414.31952096930223,1005
2024-09-17 11:10:53.472,414.3818820029463,96
2024-09-17 11:10:53.473,414.34646004713824,999
2024-09-17 11:10:53.518,414.3095988602742,101
2024-09-17 11:10:53.535,414.4103963161826,999
2024-09-17 11:10:53.545,414.3470559668356,99
2024-09-17 11:10:53.575,414.3690083971336,105
2024-09-17 11:10:53.575,414.3322100141792,1001
2024-09-17 11:10:53.607,414.43439201071936,105
2024-09-17 11:10:53.610,414.3194421698754,104
2024-09-17 11:10:53.647,414.3427360037693,11
2024-09-17 11:10:53.715,414.4387351693596,1001
2024-09-17 11:10:53.750,414.4415743960986,103
2024-09-17 11:10:53.822,414.3530027545052,9
2024-09-17 11:10:53.885,414.3400200204741,104
2024-09-17 11:10:53.902,414.37841941959016,105
2024-09-17 11:10:53.918,414.351190146685,7
2024-09-17 11:10:53.955,414.4031980382396,1000
2024-09-17 11:10:54.003,414.4021835443667,15
2024-09-17 11:10:54.004,414.3720528481679,103
2024-09-17 11:10:54.108,414.4095447013747,104
2024-09-17 11:10:54.152,414.418904036356,5
2024-09-17 11:10:54.213,414.3543435821501,15
2024-09-17 11:10:54.232,414.361924284636,99
2024-09-17 11:10:54.256,414.40258293417065,101
2024-09-17 11:10:54.277,414.36408836397504,1003
2024-09-17 11:10:54.283,414.40983994073633,100
2024-09-17 11:10:54.356,414.3756023825919,996
2024-09-17 11:10:54.365,414.399357860478,6
2024-09-17 11:10:54.368,414.3741972929818,995
2024-09-17 11:10:54.406,,1001
2024-09-17 11:10:54.438,414.3928508573827,95
2024-09-17 11:10:54.537,414.3837945495016,104
2024-09-17 11:10:54.578,414.4020698623596,5
2024-09-17 11:10:54.662,414.375339667697,998
2024-09-17 11:10:54.689,414.3940022735952,1005
2024-09-17 11:10:54.798,414.40015403087335,1000
2024-09-17 11:10:54.822,414.3550577801385,96
2024-09-17 11:10:54.835,414.4027603280367,8
2024-09-17 11:10:54.857,41.43786093109112,102
2024-09-17 11:10:54.926,414.4243403101017,102
2024-09-17 11:10:54.942,414.374970725002,104
2024-09-17 11:10:55.029,414.360489231612,7
2024-09-17 11:10:55.037,414.364757819103,999
2024-09-17 11:10:55.063,414.3341757385992,1005
2024-09-17 11:10:55.178,414.3468926084223,103
2024-09-17 11:10:55.221,41.43482304210233,1005
2024-09-17 11:10:55.242,414.345260373452,11
2024-09-17 11:10:55.283,414.3441821361603,97
2024-09-17 11:10:55.336,414.35806969398976,5
2024-09-17 11:10:55.365,414.3708472471203,997
2024-09-17 11:10:55.373,414.3595894502754,96
2024-09-17 11:10:55.452,414.3596298759174,103
2024-09-17 11:10:55.473,414.358415698264,10
2024-09-17 11:10:55.510,414.3513440026984,999
2024-09-17 11:10:55.520,414.3515483255496,996
2024-09-17 11:10:55.538,414.36222150071416,15
2024-09-17 11:10:55.649,414.36074236344064,1000
2024-09-17 11:10:55.666,414.3632522954974,11
2024-09-17 11:10:55.673,414.3630185152839,95
2024-09-17 11:10:55.797,414.37118212993374,999
2024-09-17 11:10:55.841,414.3581085544195,99
2024-09-17 11:10:55.853,414.37548953691095,1001
2024-09-17 11:10:55.889,414.3605263645025,1005
2024-09-17 11:10:55.949,414.345716171298,12
2024-09-17 11:10:56.216,414.3705537599842,997
2024-09-17 11:10:56.610,414.38062914666665,104
2024-09-17 11:10:57.012,414.3818151261312,997
2024-09-17 11:10:57.053,414.3666283977432,998
2024-09-17 11:10:57.055,414.3894253381375,13
2024-09-17 11:10:57.129,414.37870962018354,998
2024-09-17 11:10:57.259,414.3573329331694,1004
2024-09-17 11:10:57.266,414.3617607526103,99
2024-09-17 11:10:57.287,414.3632900230759,1000
2024-09-17 11:10:57.331,414.3675943506997,1001
2024-09-17 11:10:57.406,414.3565693399272,103
2024-09-17 11:10:57.448,414.3560672962213,6
2024-09-17 11:10:57.456,414.41461286350295,102
2024-09-17 11:10:57.491,414.364610138099,996
2024-09-17 11:10:57.550,414.3972189532192,6
2024-09-17 11:10:57.563,414.37172215723496,11
2024-09-17 11:10:57.572,414.3772262760532,997
2024-09-17 11:10:57.574,414.3715481183256,12
2024-09-17 11:10:57.578,414.3393296785619,5
2024-09-17 11:10:57.581,414.3606701738552,102
2024-09-17 11:10:57.616,414.3794437313208,101
2024-09-17 11:10:57.737,414.3943874488995,9
2024-09-17 11:10:57.762,414.3602768036538,9
2024-09-17 11:10:57.778,414.33831263272776,7
2024-09-17 11:10:57.919,414.3570839674104,13
2024-09-17 11:10:57.925,414.3222996786914,12
2024-09-17 11:10:57.935,414.3850043497803,1001
2024-09-17 11:10:57.947,414.3972583480078,1005
2024-09-17 11:10:57.966,414.3273860739285,102
2024-09-17 11:10:57.982,414.35900952076327,1004
2024-09-17 11:10:57.997,414.351343825924,999
2024-09-17 11:10:58.027,414.3292032148615,999
2024-09-17 11:10:58.122,414.3246953912919,101
2024-09-17 11:10:58.165,414.355639451984,97
2024-09-17 11:10:58.198,414.3514758079797,97
2024-09-17 11:10:58.214,414.32728462006486,7
2024-09-17 11:10:58.227,414.32476386702695,105
2024-09-17 11:10:58.303,41.43269399676393,98
2024-09-17 11:10:58.324,414.3344264750797,12
2024-09-17 11:10:58.376,414.3770462518886,6
2024-09-17 11:10:58.384,414.2952583376025,8
2024-09-17 11:10:58.406,414.3370721046443,12
2024-09-17 11:10:58.418,414.330873934352,1001
2024-09-17 11:10:58.496,414.3191398130276,999
2024-09-17 11:10:58.516,414.3211422934402,6
2024-09-17 11:10:58.584,414.3157101869834,98
2024-09-17 11:10:58.608,414.3554302920285,97
2024-09-17 11:10:58.641,414.314281840792,9
2024-09-17 11:10:58.649,414.3144936689196,96
2024-09-17 11:10:58.667,414.3380319566184,995
2024-09-17 11:10:58.708,414.3576957179384,99
2024-09-17 11:10:58.848,414.3392047294225,6
2024-09-17 11:10:58.934,414.3303509023789,6
2024-09-17 11:10:58.998,414.3217899917926,100
2024-09-17 11:10:59.283,414.3256371326052,12
2024-09-17 11:10:59.427,414.32356201951575,103
2024-09-17 11:10:59.429,414.3207901409205,5
2024-09-17 11:10:59.440,414.3129288552423,1001
2024-09-17 11:10:59.636,41.43167290564141,5
2024-09-17 11:10:59.670,,999
2024-09-17 11:10:59.806,414.3206057012185,100
2024-09-17 11:10:59.870,414.3103543711796,96
2024-09-17 11:10:59.879,414.3247906625836,101
2024-09-17 11:10:59.891,414.331159324073,105
2024-09-17 11:10:59.939,414.332234608823,96
2024-09-17 11:10:59.957,414.319139546886,1001
