Timestamp,Price,Size
2024-09-20 15:07:00.028,430.826376966515,11
2024-09-20 15:07:00.042,430.7912136802863,996
2024-09-20 15:07:00.056,430.82228024635367,96
2024-09-20 15:07:00.066,430.76674017087385,8
2024-09-20 15:07:00.119,430.8197745701028,12
2024-09-20 15:07:00.222,43.07641659053532,12
2024-09-20 15:07:00.434,430.7383623380924,95
2024-09-20 15:07:00.453,430.79644875866177,9
2024-09-20 15:07:00.556,430.7842770726132,104
2024-09-20 15:07:00.649,430.7646768915183,15
2024-09-20 15:07:00.662,430.7644147969974,9
2024-09-20 15:07:00.701,430.8054073676115,101
2024-09-20 15:07:00.716,430.8163912357608,1001
2024-09-20 15:07:00.757,,99
2024-09-20 15:07:00.846,430.77100592367583,105
2024-09-20 15:07:00.867,430.7710218105985,1000
2024-09-20 15:07:00.893,430.835869632805,97
2024-09-20 15:07:00.925,430.81873859023335,5
2024-09-20 15:07:00.942,430.81056040855793,96
2024-09-20 15:07:01.113,430.7157003234616,999
2024-09-20 15:07:01.118,430.75681196972266,999
2024-09-20 15:07:01.294,430.76565956086654,102
2024-09-20 15:07:01.313,430.7339015188648,9
2024-09-20 15:07:01.434,430.7380264101719,96
2024-09-20 15:07:01.525,430.7511742381029,103
2024-09-20 15:07:01.620,430.6948258030857,12
2024-09-20 15:07:01.654,430.73036069105046,1003
2024-09-20 15:07:01.655,430.74444814509366,15
2024-09-20 15:07:01.658,430.7119327259698,1001
2024-09-20 15:07:01.759,430.7500382492987,105
2024-09-20 15:07:01.769,430.6954288256246,102
2024-09-20 15:07:01.776,430.6850689981574,98
2024-09-20 15:07:01.823,430.7613040155938,97
2024-09-20 15:07:01.887,430.7420101319312,98
2024-09-20 15:07:01.892,430.6907715629682,104
2024-09-20 15:07:01.919,430.7193353597332,102
2024-09-20 15:07:02.034,430.7571523023949,95
2024-09-20 15:07:02.064,430.7861735568229,10
2024-09-20 15:07:02.146,430.7766062813355,8
2024-09-20 15:07:02.159,430.76394409885376,103
2024-09-20 15:07:02.203,430.7608031492508,5
2024-09-20 15:07:02.254,430.6906020504982,9
2024-09-20 15:07:02.259,430.7461924723938,1000
2024-09-20 15:07:02.460,430.7158441967255,10
2024-09-20 15:07:02.483,430.7182351056964,101
2024-09-20 15:07:02.516,430.7222944663218,96
2024-09-20 15:07:02.523,430.7068760067038,14
2024-09-20 15:07:02.534,430.74145911416446,1005
2024-09-20 15:07:02.620,430.728576278738,103
2024-09-20 15:07:02.674,430.7937919063049,6
2024-09-20 15:07:02.716,430.7502970563346,103
2024-09-20 15:07:02.730,430.7349814653845,100
2024-09-20 15:07:02.744,430.7733048168944,6
2024-09-20 15:07:02.817,430.7353514599413,995
2024-09-20 15:07:02.872,430.77099314126446,999
2024-09-20 15:07:02.882,430.7502256842741,97
2024-09-20 15:07:02.896,430.7018866608757,6
2024-09-20 15:07:02.953,430.7347580717707,1005
2024-09-20 15:07:02.958,430.71561338337466,97
2024-09-20 15:07:02.964,430.717165456229,13
2024-09-20 15:07:02.975,430.7143231108975,98
2024-09-20 15:07:02.989,430.7488709623517,1003
2024-09-20 15:07:03.010,430.76515537817625,995
2024-09-20 15:07:03.111,430.7726077205252,95
2024-09-20 15:07:03.122,430.7396361505874,99
2024-09-20 15:07:03.163,430.7612881153713,1005
2024-09-20 15:07:03.207,430.7557624961494,7
2024-09-20 15:07:03.215,430.75018121361376,101
2024-09-20 15:07:03.216,430.7436475449252,1002
2024-09-20 15:07:03.222,430.7812183818816,102
2024-09-20 15:07:03.241,430.75321289056745,6
2024-09-20 15:07:03.336,-430.7722288079031,15
2024-09-20 15:07:03.375,430.75726205909433,1001
2024-09-20 15:07:03.404,430.7503664873281,99
2024-09-20 15:07:03.437,430.7483701988473,996
2024-09-20 15:07:03.449,430.7770360405744,14
2024-09-20 15:07:03.604,430.7844026413725,996
2024-09-20 15:07:03.681,430.7599589092302,98
2024-09-20 15:07:03.810,430.7584867807836,1003
2024-09-20 15:07:03.817,430.7680446215932,10
2024-09-20 15:07:03.881,430.754915296652,998
2024-09-20 15:07:03.964,430.7586016319604,101
2024-09-20 15:07:04.028,430.80029308421655,6
2024-09-20 15:07:04.079,-430.78216039123663,12
2024-09-20 15:07:04.125,430.78030740667066,1003
2024-09-20 15:07:04.136,430.7129495245222,96
2024-09-20 15:07:04.181,430.69717001636695,996
2024-09-20 15:07:04.321,430.69747446406046,105
2024-09-20 15:07:04.336,430.7305418338526,104
2024-09-20 15:07:04.338,,1005
2024-09-20 15:07:04.389,430.7853132937728,103
2024-09-20 15:07:04.400,430.7279299534023,1001
2024-09-20 15:07:04.423,430.7095705424017,103
2024-09-20 15:07:04.443,430.7777683378274,997
2024-09-20 15:07:04.475,430.7303033847613,996
2024-09-20 15:07:04.481,430.7967523326382,1005
2024-09-20 15:07:04.528,430.7851559152178,1002
2024-09-20 15:07:04.631,430.76843147460215,103
2024-09-20 15:07:04.706,430.7815296674317,1000
2024-09-20 15:07:04.749,430.6987022016759,11
2024-09-20 15:07:04.784,424.65808825065926,1003
2024-09-20 15:07:04.788,430.7896536223879,13
2024-09-20 15:07:04.821,430.69403160338686,998
2024-09-20 15:07:04.930,430.68749713880845,6
2024-09-20 15:07:04.961,430.7431552758644,104
2024-09-20 15:07:05.381,424.6859499417516,14
2024-09-20 15:07:05.510,430.7425552513398,10
2024-09-20 15:07:05.553,430.7908442233227,1001
2024-09-20 15:07:05.569,430.7376464010776,11
2024-09-20 15:07:05.588,430.7543580806344,8
2024-09-20 15:07:05.701,430.7959755060952,98
2024-09-20 15:07:05.956,430.7435370134084,103
2024-09-20 15:07:06.028,430.6658075141116,97
2024-09-20 15:07:06.052,430.7680799042081,8
2024-09-20 15:07:06.058,430.7479478350057,997
2024-09-20 15:07:06.069,430.6492757050577,103
2024-09-20 15:07:06.070,430.7734105568207,995
2024-09-20 15:07:06.142,430.680999071171,11
2024-09-20 15:07:06.208,430.78540514447127,12
2024-09-20 15:07:06.252,430.7071461704288,15
2024-09-20 15:07:06.254,430.6331489738984,100
2024-09-20 15:07:06.279,430.78205077363407,12
2024-09-20 15:07:06.359,,1002
2024-09-20 15:07:06.454,430.7569521122104,98
2024-09-20 15:07:06.484,430.7534566376538,14
2024-09-20 15:07:06.530,430.6908043524977,8
2024-09-20 15:07:06.589,430.65820529179007,99
2024-09-20 15:07:06.632,430.7369819511454,1000
2024-09-20 15:07:06.638,430.6443739140078,9
2024-09-20 15:07:06.642,430.672389770769,999
2024-09-20 15:07:06.676,430.6222646213646,7
2024-09-20 15:07:06.759,430.636108062845,99
2024-09-20 15:07:06.771,430.71887156523246,1002
2024-09-20 15:07:06.780,430.7772996869786,998
2024-09-20 15:07:06.784,430.6301269519658,1002
2024-09-20 15:07:06.785,430.60407008186473,998
2024-09-20 15:07:06.802,430.75124085177055,14
2024-09-20 15:07:06.831,430.763468392288,8
2024-09-20 15:07:06.863,430.618535723676,998
2024-09-20 15:07:06.923,430.6294773272563,12
2024-09-20 15:07:06.926,430.681395044425,996
2024-09-20 15:07:06.952,430.612756173841,10
2024-09-20 15:07:07.477,430.59335155895343,10
2024-09-20 15:07:07.713,430.56936826843474,98
2024-09-20 15:07:07.894,430.5904818744854,13
2024-09-20 15:07:07.905,430.5942755764272,99
2024-09-20 15:07:08.003,430.6617563023141,95
2024-09-20 15:07:08.041,430.6248667542952,99
2024-09-20 15:07:08.068,430.6451719416992,97
2024-09-20 15:07:08.086,424.4831111536767,997
2024-09-20 15:07:08.091,430.615094080105,97
2024-09-20 15:07:08.092,430.6531821457005,13
2024-09-20 15:07:08.269,430.5969926573645,1002
2024-09-20 15:07:08.323,430.6392568217928,95
2024-09-20 15:07:09.004,430.6486365574353,5
2024-09-20 15:07:09.028,430.6707116210732,96
2024-09-20 15:07:09.159,430.6683970381348,996
2024-09-20 15:07:09.179,430.6431328963697,998
2024-09-20 15:07:09.184,430.6489920403369,11
2024-09-20 15:07:09.303,430.6621090927365,6
2024-09-20 15:07:09.341,430.6465861866671,13
2024-09-20 15:07:09.413,430.6420428722727,101
2024-09-20 15:07:09.429,-430.6501841828174,10
2024-09-20 15:07:09.531,430.6684431465672,95
2024-09-20 15:07:09.541,430.65138109687246,103
2024-09-20 15:07:09.606,430.6413062841602,999
2024-09-20 15:07:09.638,430.671869685912,104
2024-09-20 15:07:09.647,430.682484402505,995
2024-09-20 15:07:09.678,430.6671325613313,9
2024-09-20 15:07:09.694,430.6783461959288,1005
2024-09-20 15:07:09.719,430.6612289922456,1001
2024-09-20 15:07:09.773,430.6700600031505,1000
2024-09-20 15:07:09.878,430.6327319744414,14
2024-09-20 15:07:09.915,430.6555378010446,1005
2024-09-20 15:07:10.014,430.6623070454507,11
2024-09-20 15:07:10.054,430.65933639781946,1005
2024-09-20 15:07:10.081,430.6711754141497,12
2024-09-20 15:07:10.171,430.6437737452437,100
2024-09-20 15:07:10.231,430.6726156629255,95
2024-09-20 15:07:10.257,430.647061985117,14
2024-09-20 15:07:10.314,430.6580236361475,99
2024-09-20 15:07:10.374,430.6851172401254,96
2024-09-20 15:07:10.457,430.6685724738774,995
2024-09-20 15:07:10.511,430.6622126396963,5
2024-09-20 15:07:10.524,430.6444037244439,999
2024-09-20 15:07:10.540,430.6530554665272,8
2024-09-20 15:07:10.560,430.6712480757037,10
2024-09-20 15:07:10.591,430.66281724612185,1001
2024-09-20 15:07:10.663,430.6483132252434,1003
2024-09-20 15:07:10.747,430.674038779302,1003
2024-09-20 15:07:10.772,430.6598741912247,101
2024-09-20 15:07:10.778,430.6688975445484,99
2024-09-20 15:07:10.796,430.6758126690313,98
2024-09-20 15:07:10.802,430.6799965672525,99
2024-09-20 15:07:10.813,430.66607863399946,997
2024-09-20 15:07:10.886,430.67284653778034,102
2024-09-20 15:07:10.902,430.6477719110667,1002
2024-09-20 15:07:10.906,430.6749970851701,5
2024-09-20 15:07:10.942,430.6763248225814,6
2024-09-20 15:07:11.031,430.6875129981904,14
2024-09-20 15:07:11.602,430.7088219127168,5
2024-09-20 15:07:11.750,430.684695803638,11
2024-09-20 15:07:12.243,430.6999043592507,14
2024-09-20 15:07:12.245,430.6589791780818,97
2024-09-20 15:07:12.400,430.6481930500529,100
2024-09-20 15:07:12.433,430.6296428152762,11
2024-09-20 15:07:12.434,430.7140955091997,996
2024-09-20 15:07:12.509,430.6646213672384,11
2024-09-20 15:07:12.522,430.7104865135829,105
2024-09-20 15:07:12.674,430.70054778493886,1000
2024-09-20 15:07:12.685,430.6237568789733,1003
2024-09-20 15:07:12.743,430.642670430813,8
2024-09-20 15:07:12.840,430.6777355732309,98
2024-09-20 15:07:12.870,430.6194842548088,97
2024-09-20 15:07:12.949,430.6530965684832,104
2024-09-20 15:07:13.003,430.6620514225041,1005
2024-09-20 15:07:13.220,430.6605999702686,1001
2024-09-20 15:07:13.947,,6
2024-09-20 15:07:13.978,430.64843670528535,1005
2024-09-20 15:07:13.983,430.66957458559966,996
2024-09-20 15:07:14.000,430.6529988971666,104
2024-09-20 15:07:14.128,430.66855512393727,1000
2024-09-20 15:07:14.140,430.6550689807872,995
2024-09-20 15:07:14.147,430.6611728435743,105
2024-09-20 15:07:14.170,430.6843493018831,100
2024-09-20 15:07:14.242,430.6601546817118,13
2024-09-20 15:07:14.402,430.6654338886521,15
2024-09-20 15:07:14.416,430.6644089701448,13
2024-09-20 15:07:14.459,430.7035439305437,101
2024-09-20 15:07:14.582,430.6630901777376,105
2024-09-20 15:07:14.710,430.6606265639354,998
2024-09-20 15:07:14.711,430.69528099992107,95
2024-09-20 15:07:14.779,430.6796990092132,96
2024-09-20 15:07:14.791,430.6816831374288,6
2024-09-20 15:07:14.812,430.67677182112766,9
2024-09-20 15:07:14.854,430.6960621342854,996
2024-09-20 15:07:14.862,430.6524642757912,104
2024-09-20 15:07:14.989,430.66641651455313,102
2024-09-20 15:07:15.448,-430.6538227036498,1003
2024-09-20 15:07:15.619,430.6577235833575,7
2024-09-20 15:07:15.940,430.6679924965454,1000
2024-09-20 15:07:16.023,430.6804161857775,997
2024-09-20 15:07:16.058,430.7290478688777,101
2024-09-20 15:07:16.083,430.72987921557865,95
2024-09-20 15:07:16.191,430.737013095171,99
2024-09-20 15:07:16.263,430.72011416580926,1000
2024-09-20 15:07:16.302,430.75197879263055,99
2024-09-20 15:07:16.375,430.725939773454,1000
2024-09-20 15:07:16.381,430.7779201190816,5
2024-09-20 15:07:16.417,430.6629026140265,12
2024-09-20 15:07:16.438,430.6703178469168,996
2024-09-20 15:07:16.463,430.6795877627716,104
2024-09-20 15:07:16.465,430.68683442552,6
2024-09-20 15:07:16.544,430.6633922413725,13
2024-09-20 15:07:16.579,430.787929198286,105
2024-09-20 15:07:16.602,430.6985279786109,1004
2024-09-20 15:07:16.621,430.6714686571755,102
2024-09-20 15:07:16.741,430.6756865415869,1000
2024-09-20 15:07:16.816,430.785179708683,995
2024-09-20 15:07:16.825,430.727409604953,97
2024-09-20 15:07:16.896,430.752111041928,15
2024-09-20 15:07:16.940,430.6694091522269,104
2024-09-20 15:07:16.975,430.6638666709284,995
2024-09-20 15:07:16.986,430.6822368998364,100
2024-09-20 15:07:17.066,430.7878559573252,102
2024-09-20 15:07:17.155,430.94607753037457,99
2024-09-20 15:07:17.166,430.8373038736996,6
2024-09-20 15:07:17.285,430.9125802058219,98
2024-09-20 15:07:17.328,430.7852670652584,102
2024-09-20 15:07:17.330,424.3847657358957,105
2024-09-20 15:07:17.349,430.8725694728541,13
2024-09-20 15:07:17.438,430.9145220784064,102
2024-09-20 15:07:17.443,430.82453524476233,102
2024-09-20 15:07:17.484,430.820369937525,11
2024-09-20 15:07:17.521,430.7822122111476,99
2024-09-20 15:07:17.535,430.76976467810925,5
2024-09-20 15:07:17.538,430.8240174943631,997
2024-09-20 15:07:17.539,430.8389526354953,9
2024-09-20 15:07:17.565,430.7784776702556,1005
2024-09-20 15:07:17.588,430.8862077846758,1003
2024-09-20 15:07:17.608,430.78277096403775,1000
2024-09-20 15:07:17.631,430.9294528074154,9
2024-09-20 15:07:17.659,430.8290445595869,1001
2024-09-20 15:07:17.679,430.83564118800047,1004
2024-09-20 15:07:17.719,430.817658776949,102
2024-09-20 15:07:17.731,430.93738380344905,1005
2024-09-20 15:07:17.780,430.92065149389583,996
2024-09-20 15:07:17.787,430.9266240963089,101
2024-09-20 15:07:17.810,430.835668989181,1005
2024-09-20 15:07:17.956,430.7846517491161,1003
2024-09-20 15:07:18.129,430.9430689823346,99
2024-09-20 15:07:18.332,430.9311021396088,12
2024-09-20 15:07:18.413,430.94245980239,101
2024-09-20 15:07:18.451,430.9518785749573,8
2024-09-20 15:07:18.708,430.92681181897854,1000
2024-09-20 15:07:18.762,430.9397902292915,15
2024-09-20 15:07:18.934,430.9478484744109,8
2024-09-20 15:07:18.941,430.9370581196978,14
2024-09-20 15:07:18.982,430.9519799801166,1001
2024-09-20 15:07:19.010,430.9490562871931,1004
2024-09-20 15:07:19.019,430.9788326357013,8
2024-09-20 15:07:19.129,430.9858148729159,1004
2024-09-20 15:07:19.132,430.9847934153062,996
2024-09-20 15:07:19.163,430.96677711385314,102
2024-09-20 15:07:19.290,430.9990292621986,11
2024-09-20 15:07:19.442,430.96361699340713,99
2024-09-20 15:07:19.550,430.9780594261447,95
2024-09-20 15:07:19.555,430.9490628639424,103
2024-09-20 15:07:19.581,430.9698948089946,15
2024-09-20 15:07:19.720,431.00671334238297,97
2024-09-20 15:07:19.722,430.9951014329863,998
2024-09-20 15:07:19.759,430.9886591286216,1002
2024-09-20 15:07:19.831,430.9527809578825,9
2024-09-20 15:07:19.867,430.9543312360908,101
2024-09-20 15:07:19.923,430.9956389056651,101
2024-09-20 15:07:19.945,430.958263507448,96
2024-09-20 15:07:19.983,430.9959198711373,12
2024-09-20 15:07:20.022,431.0240899250263,104
2024-09-20 15:07:20.023,431.0250659587538,999
2024-09-20 15:07:20.169,431.0225588537133,101
2024-09-20 15:07:20.247,431.05191697199984,998
2024-09-20 15:07:20.280,431.031367186299,1005
2024-09-20 15:07:20.367,431.0396981467642,996
2024-09-20 15:07:20.415,431.0570312465324,997
2024-09-20 15:07:20.417,431.0505065224922,103
2024-09-20 15:07:20.446,431.0188599068392,95
2024-09-20 15:07:20.515,431.0780207854205,14
2024-09-20 15:07:20.535,431.0474748838817,10
2024-09-20 15:07:20.570,431.0547386158367,99
2024-09-20 15:07:20.588,431.015158536422,103
2024-09-20 15:07:20.590,431.0495459649492,98
2024-09-20 15:07:20.598,431.0694701441645,997
2024-09-20 15:07:20.643,431.0673956767143,97
2024-09-20 15:07:20.664,431.0414608475617,105
2024-09-20 15:07:20.705,431.0429764724221,1001
2024-09-20 15:07:20.739,431.0244482472632,100
2024-09-20 15:07:20.762,431.0568856077312,101
2024-09-20 15:07:20.826,431.04902253293136,99
2024-09-20 15:07:20.877,431.0047494336055,98
2024-09-20 15:07:20.937,431.0147491671564,1004
2024-09-20 15:07:20.939,431.0707664453904,97
2024-09-20 15:07:20.947,,98
2024-09-20 15:07:21.033,431.092779091052,102
2024-09-20 15:07:21.054,431.00884503416177,15
2024-09-20 15:07:21.091,431.0387703239495,998
2024-09-20 15:07:21.112,431.0216484277013,10
2024-09-20 15:07:21.172,431.0620423114695,103
2024-09-20 15:07:21.184,431.03454451084286,5
2024-09-20 15:07:21.196,431.03688617655934,10
2024-09-20 15:07:21.236,431.0332066806511,104
2024-09-20 15:07:21.253,431.0147138100849,1000
2024-09-20 15:07:21.272,431.0199217471237,997
2024-09-20 15:07:21.364,431.0563055023065,1005
2024-09-20 15:07:21.431,431.0648495759106,998
2024-09-20 15:07:21.433,431.0742468002279,97
2024-09-20 15:07:21.443,431.0634340174914,998
2024-09-20 15:07:21.478,431.0217421495832,10
2024-09-20 15:07:21.491,431.0823691086327,997
2024-09-20 15:07:21.611,431.05208964956176,105
2024-09-20 15:07:21.644,431.0574015428468,1004
2024-09-20 15:07:21.653,431.08425650970594,997
2024-09-20 15:07:21.668,431.0253103373137,105
2024-09-20 15:07:21.747,431.08043760447447,1004
2024-09-20 15:07:21.766,431.0252242897636,103
2024-09-20 15:07:21.817,431.0937629912234,9
2024-09-20 15:07:21.830,431.0645796403521,97
2024-09-20 15:07:21.862,431.0539427067032,1003
2024-09-20 15:07:21.868,431.0755414906025,7
2024-09-20 15:07:21.966,431.0412848390385,12
2024-09-20 15:07:21.998,431.04253777754616,9
2024-09-20 15:07:22.322,431.0888952228553,105
2024-09-20 15:07:22.413,431.0896774519106,1003
2024-09-20 15:07:22.431,431.0968294070604,1000
2024-09-20 15:07:22.607,431.0971174294887,11
2024-09-20 15:07:22.645,431.1071707972231,997
2024-09-20 15:07:22.768,431.1014708924958,105
2024-09-20 15:07:22.792,431.1039867389949,10
2024-09-20 15:07:22.911,431.1075053219986,1003
2024-09-20 15:07:22.962,431.07341258615145,103
2024-09-20 15:07:23.118,431.0930112111985,5
2024-09-20 15:07:23.343,431.1376318871258,998
2024-09-20 15:07:23.452,431.08207237944833,14
2024-09-20 15:07:23.646,431.0971612574931,95
2024-09-20 15:07:23.716,431.0994597679624,12
2024-09-20 15:07:23.753,431.0929662087681,5
2024-09-20 15:07:23.785,431.1000125095966,8
2024-09-20 15:07:23.860,431.0975035927242,996
2024-09-20 15:07:23.867,431.1224689195753,10
2024-09-20 15:07:23.891,431.1051530287074,1000
2024-09-20 15:07:23.929,431.0951033830364,100
2024-09-20 15:07:24.740,431.1264589377411,104
2024-09-20 15:07:24.989,431.1258531683265,104
2024-09-20 15:07:25.042,431.1596307394499,1004
2024-09-20 15:07:25.051,431.1766946408544,7
2024-09-20 15:07:25.159,431.1348979940663,996
2024-09-20 15:07:25.212,431.12831891897065,1005
2024-09-20 15:07:25.229,431.1629248410292,1001
2024-09-20 15:07:25.310,431.1443165289159,6
2024-09-20 15:07:25.312,43.11569815500904,98
2024-09-20 15:07:25.330,431.1579732429199,9
2024-09-20 15:07:25.425,431.1453560459222,995
2024-09-20 15:07:25.447,431.1456080769601,100
2024-09-20 15:07:25.530,431.1547208423509,10
2024-09-20 15:07:25.551,431.1730476613398,7
2024-09-20 15:07:25.630,431.1247564428919,1001
2024-09-20 15:07:25.649,431.13237896440256,97
2024-09-20 15:07:25.657,431.1593126290734,999
2024-09-20 15:07:25.824,431.1407264876384,99
2024-09-20 15:07:25.833,431.1382016552441,999
2024-09-20 15:07:25.902,431.1336815472907,7
2024-09-20 15:07:25.982,431.1620179558509,998
2024-09-20 15:07:25.999,431.13290535499857,97
2024-09-20 15:07:26.140,431.15374939386254,101
2024-09-20 15:07:26.150,431.1522741987935,996
2024-09-20 15:07:26.291,431.1808183817071,97
2024-09-20 15:07:26.366,431.1777711858412,95
2024-09-20 15:07:26.590,431.1528304315056,13
2024-09-20 15:07:26.609,431.1733761720693,99
2024-09-20 15:07:26.989,431.172636069963,5
2024-09-20 15:07:27.016,431.12393194802456,998
2024-09-20 15:07:27.135,431.14913057784406,995
2024-09-20 15:07:27.169,431.10360937802255,1001
2024-09-20 15:07:27.223,431.1442710447826,15
2024-09-20 15:07:27.491,431.1612147195624,1005
2024-09-20 15:07:27.531,431.1446264486909,996
2024-09-20 15:07:27.634,431.1188410781068,11
2024-09-20 15:07:27.861,431.1191515338746,1002
2024-09-20 15:07:27.893,431.1252546658637,5
2024-09-20 15:07:28.908,431.1006599646095,99
2024-09-20 15:07:29.459,424.3609753902155,10
2024-09-20 15:07:29.895,424.3680832182759,97
2024-09-20 15:07:30.028,431.1228581819776,1003
2024-09-20 15:07:30.068,431.12877451699495,1001
2024-09-20 15:07:30.085,431.1407799077048,1001
2024-09-20 15:07:30.129,431.1261347668256,7
2024-09-20 15:07:30.178,431.1338139995692,102
2024-09-20 15:07:30.225,431.1326056352602,13
2024-09-20 15:07:30.462,431.1141098641425,11
2024-09-20 15:07:30.564,431.1503554880263,9
2024-09-20 15:07:31.011,431.13740278868784,15
2024-09-20 15:07:31.021,-431.1768233186618,8
2024-09-20 15:07:31.038,431.186627878216,1003
2024-09-20 15:07:31.075,431.18355137553874,99
2024-09-20 15:07:31.159,431.1681019019657,98
2024-09-20 15:07:31.159,431.1508253328749,102
2024-09-20 15:07:31.281,431.13868523915846,998
2024-09-20 15:07:31.322,431.1424354868852,14
2024-09-20 15:07:31.448,431.161880126617,9
2024-09-20 15:07:31.633,431.143784625937,104
2024-09-20 15:07:31.692,431.1627512984216,9
2024-09-20 15:07:31.815,,9
2024-09-20 15:07:31.830,431.1525229904336,13
2024-09-20 15:07:33.070,431.0757436547903,12
2024-09-20 15:07:33.076,431.05971488144297,7
2024-09-20 15:07:33.080,431.0110308922601,104
2024-09-20 15:07:33.087,431.0314186314686,995
2024-09-20 15:07:33.172,431.1027414860675,7
2024-09-20 15:07:33.184,431.0854082981929,997
2024-09-20 15:07:33.186,431.0679647181249,96
2024-09-20 15:07:33.281,431.1438968727191,11
2024-09-20 15:07:33.316,431.0346758222739,9
2024-09-20 15:07:33.322,431.0948012699744,95
2024-09-20 15:07:33.356,431.0761826853191,9
2024-09-20 15:07:33.360,431.0475948749369,1001
2024-09-20 15:07:33.376,431.0759632431087,1005
2024-09-20 15:07:33.404,431.1297768099841,1001
2024-09-20 15:07:33.637,431.0717241087229,999
2024-09-20 15:07:33.711,431.0632234707542,1003
2024-09-20 15:07:33.786,431.0431835296756,1004
2024-09-20 15:07:33.799,431.07591044445,99
2024-09-20 15:07:33.836,431.0219211834972,12
2024-09-20 15:07:33.883,431.0901958490853,1003
2024-09-20 15:07:33.899,431.1209113304106,105
2024-09-20 15:07:33.940,431.1206011579456,997
2024-09-20 15:07:34.587,431.0090579418568,1003
2024-09-20 15:07:35.126,431.005953231463,995
2024-09-20 15:07:35.179,431.0077049949432,7
2024-09-20 15:07:35.248,431.0052160716083,12
2024-09-20 15:07:35.308,431.0011284081532,103
2024-09-20 15:07:35.310,431.0217974051234,99
2024-09-20 15:07:35.325,431.0329423856697,1002
2024-09-20 15:07:35.366,424.3687162043,104
2024-09-20 15:07:35.429,430.99713854741066,6
2024-09-20 15:07:35.485,430.9945548967061,1000
2024-09-20 15:07:35.504,431.0007425683804,97
2024-09-20 15:07:35.527,431.0246575929464,97
2024-09-20 15:07:35.556,-431.010852854055,14
2024-09-20 15:07:35.576,431.01528708829306,13
2024-09-20 15:07:35.601,431.0326270807743,10
2024-09-20 15:07:35.722,431.01837806066186,996
2024-09-20 15:07:35.728,431.02589923725895,13
2024-09-20 15:07:35.744,431.0284706393518,5
2024-09-20 15:07:35.751,431.00132873809775,997
2024-09-20 15:07:35.754,430.9915929934306,11
2024-09-20 15:07:35.774,431.0252924502689,6
2024-09-20 15:07:35.800,430.9898633992105,998
2024-09-20 15:07:35.809,431.0159035229607,99
2024-09-20 15:07:35.911,431.00973608876177,999
2024-09-20 15:07:35.995,431.0162641875062,1003
2024-09-20 15:07:36.086,430.9946939260066,14
2024-09-20 15:07:36.101,-430.99430916280215,1005
2024-09-20 15:07:36.108,431.0114298632175,105
2024-09-20 15:07:36.177,431.0279296914762,105
2024-09-20 15:07:36.198,431.0097497327972,95
2024-09-20 15:07:36.600,430.9827092190517,95
2024-09-20 15:07:36.756,431.0355162727679,104
2024-09-20 15:07:36.795,431.026249102843,99
2024-09-20 15:07:36.896,430.9925876051637,9
2024-09-20 15:07:37.241,430.9645079075086,95
2024-09-20 15:07:37.829,430.98403813701583,1000
2024-09-20 15:07:37.833,430.9792675801614,997
2024-09-20 15:07:38.025,431.0350155269988,5
2024-09-20 15:07:38.091,430.97956501772006,13
2024-09-20 15:07:38.106,431.0328388722237,998
2024-09-20 15:07:38.107,430.9744064280835,1004
2024-09-20 15:07:38.183,430.9675181353776,102
2024-09-20 15:07:38.201,430.9852727628831,7
2024-09-20 15:07:38.220,431.04906533290784,99
2024-09-20 15:07:38.237,431.0090702586558,96
2024-09-20 15:07:38.278,431.0055285152382,104
2024-09-20 15:07:38.363,430.97802442584754,11
2024-09-20 15:07:38.370,430.99864620363286,996
2024-09-20 15:07:38.377,431.01095611846034,1005
2024-09-20 15:07:38.387,431.0016124224813,996
2024-09-20 15:07:38.401,431.0231983659124,105
2024-09-20 15:07:38.563,,9
2024-09-20 15:07:38.599,43.09793704416867,100
2024-09-20 15:07:38.611,431.0292399579007,1002
2024-09-20 15:07:38.633,431.0136454556376,102
2024-09-20 15:07:38.664,430.986725773252,1004
2024-09-20 15:07:38.760,431.0147339252084,998
2024-09-20 15:07:38.767,431.0343924148238,13
2024-09-20 15:07:38.846,431.04431614321294,98
2024-09-20 15:07:38.849,431.04355145642126,1000
2024-09-20 15:07:38.852,430.98268298862536,996
2024-09-20 15:07:38.864,431.0355620982751,1002
2024-09-20 15:07:38.865,430.9785777240335,1003
2024-09-20 15:07:38.906,431.027316064409,105
2024-09-20 15:07:38.927,431.0088286885952,10
2024-09-20 15:07:38.948,431.0162498310512,1002
2024-09-20 15:07:39.590,431.02967926257327,997
2024-09-20 15:07:39.675,431.0514981956629,11
2024-09-20 15:07:39.756,431.0530435468692,105
2024-09-20 15:07:39.776,431.0430270001834,95
2024-09-20 15:07:39.803,431.0338536632072,6
2024-09-20 15:07:39.962,431.03701146483326,6
2024-09-20 15:07:40.189,431.05569596238064,996
2024-09-20 15:07:40.214,431.0396786786242,995
2024-09-20 15:07:40.593,431.0659450126949,9
2024-09-20 15:07:40.902,431.0424001834244,995
2024-09-20 15:07:41.038,431.0884820765957,9
2024-09-20 15:07:41.048,431.1028333850398,997
2024-09-20 15:07:41.065,431.11691508822287,7
2024-09-20 15:07:41.085,431.045848074102,1004
2024-09-20 15:07:41.140,431.1187391678661,12
2024-09-20 15:07:41.145,431.1015056846712,12
2024-09-20 15:07:41.302,431.0719268297873,1005
2024-09-20 15:07:41.333,431.0495046017227,102
2024-09-20 15:07:41.358,,13
2024-09-20 15:07:41.394,431.02852073704776,1002
2024-09-20 15:07:41.410,431.1224292107356,1003
2024-09-20 15:07:41.510,431.0430322731311,101
2024-09-20 15:07:41.718,431.08923096770366,1003
2024-09-20 15:07:41.819,431.0899920643236,15
2024-09-20 15:07:41.827,431.0533538344813,15
2024-09-20 15:07:41.869,431.1240960963689,8
2024-09-20 15:07:41.874,431.059979860806,1004
2024-09-20 15:07:41.902,431.09422280362895,10
2024-09-20 15:07:41.908,431.1102902173087,95
2024-09-20 15:07:42.002,431.0262250038557,1001
2024-09-20 15:07:42.144,-431.0498180423501,103
2024-09-20 15:07:42.153,431.0380973759943,13
2024-09-20 15:07:42.164,431.05463926411886,1001
2024-09-20 15:07:42.330,431.052786792942,104
2024-09-20 15:07:42.366,431.0519052161801,105
2024-09-20 15:07:42.612,431.0705909714647,9
2024-09-20 15:07:42.646,431.047498903508,97
2024-09-20 15:07:42.657,431.0437544950371,999
2024-09-20 15:07:42.709,431.0365558507868,9
2024-09-20 15:07:42.724,431.04966605045865,1000
2024-09-20 15:07:42.781,431.0416892632775,999
2024-09-20 15:07:42.824,431.0426340790823,6
2024-09-20 15:07:42.945,431.05441080006506,1003
2024-09-20 15:07:42.962,431.04441155008703,100
2024-09-20 15:07:43.192,431.02725865039247,96
2024-09-20 15:07:43.203,424.2260919141362,14
2024-09-20 15:07:43.222,431.0128505420925,998
2024-09-20 15:07:43.285,431.0028005596765,100
2024-09-20 15:07:43.691,431.03061600922223,98
2024-09-20 15:07:43.709,431.02350092278,105
2024-09-20 15:07:43.915,431.0218985232158,1003
2024-09-20 15:07:44.189,430.9937518252465,1002
2024-09-20 15:07:44.310,430.9913715325653,1000
2024-09-20 15:07:44.463,430.9892767759485,14
2024-09-20 15:07:44.534,431.0139872662066,99
2024-09-20 15:07:44.538,430.9894818966902,1002
2024-09-20 15:07:44.771,43.10095827449041,11
2024-09-20 15:07:44.916,431.0123107334299,98
2024-09-20 15:07:44.934,431.00558110089503,1003
2024-09-20 15:07:45.030,431.0337149316996,8
2024-09-20 15:07:45.031,431.0455591867969,95
2024-09-20 15:07:45.090,431.0617840645732,11
2024-09-20 15:07:45.172,431.0207039479943,13
2024-09-20 15:07:45.185,431.0440727176644,999
2024-09-20 15:07:45.230,431.0146154048564,998
2024-09-20 15:07:45.297,430.9952064921995,105
2024-09-20 15:07:45.319,431.01547771717645,999
2024-09-20 15:07:45.446,431.03779107432473,12
2024-09-20 15:07:45.477,431.0018493446781,100
2024-09-20 15:07:45.482,431.0511916719011,96
2024-09-20 15:07:45.540,431.030715929608,1005
2024-09-20 15:07:45.639,431.0036966907295,102
2024-09-20 15:07:45.664,431.00238858551256,96
2024-09-20 15:07:45.741,431.01923756684977,11
2024-09-20 15:07:45.804,431.026080564617,1005
2024-09-20 15:07:45.872,431.0217426339562,102
2024-09-20 15:07:45.943,431.0412722014884,1003
2024-09-20 15:07:45.976,431.0311326935434,95
2024-09-20 15:07:46.038,430.996597752201,100
2024-09-20 15:07:46.061,431.02313729824726,1002
2024-09-20 15:07:46.103,431.0170388017685,15
2024-09-20 15:07:46.118,430.9812255246988,103
2024-09-20 15:07:46.183,431.0312378073141,9
2024-09-20 15:07:46.222,431.0119891842901,5
2024-09-20 15:07:46.229,431.0394700029957,8
2024-09-20 15:07:46.253,430.9975266319983,97
2024-09-20 15:07:46.285,431.04536508387775,1001
2024-09-20 15:07:46.286,431.0129514475091,13
2024-09-20 15:07:46.306,431.0167881892056,6
2024-09-20 15:07:46.378,430.991811270946,997
2024-09-20 15:07:46.423,430.9916527668301,7
2024-09-20 15:07:46.429,430.9716684998505,7
2024-09-20 15:07:46.467,431.0250195159287,6
2024-09-20 15:07:46.574,431.00990271977423,12
2024-09-20 15:07:46.600,431.0248950617004,10
2024-09-20 15:07:46.602,430.9661085250657,14
2024-09-20 15:07:46.631,431.0180394630637,14
2024-09-20 15:07:46.696,431.0005882614278,1002
2024-09-20 15:07:46.786,431.0277443392671,11
2024-09-20 15:07:46.932,431.0180664888179,1002
2024-09-20 15:07:46.990,431.0367945505876,1001
2024-09-20 15:07:46.998,431.00061253205297,999
2024-09-20 15:07:47.120,431.03824434765903,103
2024-09-20 15:07:47.176,431.05298527645857,10
2024-09-20 15:07:47.272,431.0424567817087,95
2024-09-20 15:07:47.440,431.0390767571403,998
2024-09-20 15:07:47.462,431.0778424002616,100
2024-09-20 15:07:47.504,431.0527874738568,99
2024-09-20 15:07:47.512,431.0300671823116,104
2024-09-20 15:07:47.549,431.0734113691847,998
2024-09-20 15:07:48.040,431.0817036049917,7
2024-09-20 15:07:48.262,431.0589150453317,96
2024-09-20 15:07:48.374,431.099948424837,102
2024-09-20 15:07:48.565,431.0600202225733,101
2024-09-20 15:07:48.649,431.10910667613547,6
2024-09-20 15:07:48.802,431.1112682777366,100
2024-09-20 15:07:48.809,431.0918405511661,105
2024-09-20 15:07:48.812,431.05336208018906,15
2024-09-20 15:07:48.883,431.1016515358602,1003
2024-09-20 15:07:48.906,431.0591887907472,997
2024-09-20 15:07:49.017,431.01600390312007,13
2024-09-20 15:07:49.069,431.0359291050109,11
2024-09-20 15:07:49.168,431.00924054194365,96
2024-09-20 15:07:49.206,43.09707663840588,99
2024-09-20 15:07:49.208,-431.0493566628688,8
2024-09-20 15:07:49.257,431.0170339619432,12
2024-09-20 15:07:49.299,430.9530091263674,995
2024-09-20 15:07:49.313,431.0389507671008,5
2024-09-20 15:07:49.360,430.95156691375047,1003
2024-09-20 15:07:49.400,431.0094346146296,1002
2024-09-20 15:07:49.418,430.9988177339456,14
2024-09-20 15:07:49.436,431.0297113374439,6
2024-09-20 15:07:49.459,431.0177176150989,997
2024-09-20 15:07:49.549,431.0318130706159,997
2024-09-20 15:07:49.552,431.0531672617128,7
2024-09-20 15:07:49.567,430.9812359103768,100
2024-09-20 15:07:49.710,430.9790378456569,9
2024-09-20 15:07:49.715,431.0193937144673,1001
2024-09-20 15:07:49.750,430.99519150987607,12
2024-09-20 15:07:49.812,430.9874168081662,8
2024-09-20 15:07:49.818,431.0286728430379,105
2024-09-20 15:07:49.871,430.9865062956795,7
2024-09-20 15:07:50.009,431.0037803436719,995
2024-09-20 15:07:50.206,430.97596305021,1002
2024-09-20 15:07:50.257,430.9782754736647,996
2024-09-20 15:07:50.309,,97
2024-09-20 15:07:50.450,430.9713792469343,995
2024-09-20 15:07:50.462,430.9941069898867,1003
2024-09-20 15:07:50.495,430.9645650071489,12
2024-09-20 15:07:50.520,430.9605845976107,11
2024-09-20 15:07:50.709,431.00017195351046,999
2024-09-20 15:07:50.792,424.163337306545,9
2024-09-20 15:07:50.797,431.005816422027,105
2024-09-20 15:07:50.859,431.033232146004,1005
2024-09-20 15:07:50.927,430.997563338651,11
2024-09-20 15:07:50.934,430.9972137015109,1002
2024-09-20 15:07:50.969,431.0582292859727,1002
2024-09-20 15:07:50.975,430.9997287949981,999
2024-09-20 15:07:51.019,431.0417289806974,10
2024-09-20 15:07:51.052,431.0389697038293,998
2024-09-20 15:07:51.115,431.0405783753332,1003
2024-09-20 15:07:51.118,431.0214862688585,98
2024-09-20 15:07:51.179,431.0712572918033,11
2024-09-20 15:07:51.387,431.0466727251411,96
2024-09-20 15:07:51.462,431.0082814008241,7
2024-09-20 15:07:51.518,431.0635568808622,1001
2024-09-20 15:07:51.581,431.00847371582944,1001
2024-09-20 15:07:51.662,431.0178585443265,1002
2024-09-20 15:07:51.678,431.0580162613656,10
2024-09-20 15:07:51.691,431.053623970769,14
2024-09-20 15:07:51.745,431.0631904776448,8
2024-09-20 15:07:51.746,431.04006235854587,9
2024-09-20 15:07:51.785,431.0668291566062,12
2024-09-20 15:07:51.828,431.03785669825953,995
2024-09-20 15:07:51.857,431.04913505454266,10
2024-09-20 15:07:51.861,431.04934531321067,1001
2024-09-20 15:07:51.873,431.0263789154464,5
2024-09-20 15:07:51.895,431.03356133424296,104
2024-09-20 15:07:51.902,431.0602160048195,998
2024-09-20 15:07:51.951,431.05975180895,1003
2024-09-20 15:07:51.973,431.0840514563317,13
2024-09-20 15:07:51.984,431.0533017573865,996
2024-09-20 15:07:52.031,431.148599968515,997
2024-09-20 15:07:52.033,431.1441828700628,1004
2024-09-20 15:07:52.179,431.0993240706148,1005
2024-09-20 15:07:52.191,431.1391007051527,96
2024-09-20 15:07:52.240,431.1122552714706,997
2024-09-20 15:07:52.300,431.0947686886501,95
2024-09-20 15:07:52.313,431.1511243868112,997
2024-09-20 15:07:52.353,431.1281612867709,102
2024-09-20 15:07:52.696,431.1011354896565,97
2024-09-20 15:07:52.733,431.1416062297119,995
2024-09-20 15:07:53.031,431.1066551107279,999
2024-09-20 15:07:53.045,431.2105994552242,1000
2024-09-20 15:07:53.078,431.2054787556198,6
2024-09-20 15:07:53.093,431.13893053415217,12
2024-09-20 15:07:53.129,431.1875057803948,11
2024-09-20 15:07:53.151,431.18652887837015,99
2024-09-20 15:07:53.227,431.1645771466117,104
2024-09-20 15:07:53.232,431.1635059478911,10
2024-09-20 15:07:53.379,431.1835525373687,999
2024-09-20 15:07:53.406,431.15005981138734,1003
2024-09-20 15:07:53.408,431.19670468418974,995
2024-09-20 15:07:53.415,431.1830574805224,1003
2024-09-20 15:07:53.532,431.16614624947454,101
2024-09-20 15:07:53.589,431.1627943468938,8
2024-09-20 15:07:53.603,431.1942952053306,96
2024-09-20 15:07:53.709,431.1682028356914,995
2024-09-20 15:07:53.794,431.1860117756394,999
2024-09-20 15:07:53.811,431.10620038875726,6
2024-09-20 15:07:53.866,431.1955059739609,102
2024-09-20 15:07:53.873,431.1712510790465,5
2024-09-20 15:07:53.884,431.2061233407048,997
2024-09-20 15:07:53.919,431.15485873375405,105
2024-09-20 15:07:53.927,-431.1623509739858,1005
2024-09-20 15:07:53.941,431.18739764600286,999
2024-09-20 15:07:53.972,431.1066041053073,12
2024-09-20 15:07:53.976,431.1878938836689,8
2024-09-20 15:07:54.035,431.0914975448968,8
2024-09-20 15:07:54.049,431.08752721578105,12
2024-09-20 15:07:54.059,431.10344904641966,1004
2024-09-20 15:07:54.069,431.12631859470514,11
2024-09-20 15:07:54.092,431.0942437213935,15
2024-09-20 15:07:54.136,431.1201147103554,14
2024-09-20 15:07:54.259,431.0931227715176,13
2024-09-20 15:07:54.327,431.1250782395756,13
2024-09-20 15:07:54.334,431.0927342054554,105
2024-09-20 15:07:54.391,431.1063197578503,11
2024-09-20 15:07:54.413,431.0952552994193,10
2024-09-20 15:07:54.491,431.0996551911011,5
2024-09-20 15:07:54.525,431.1191004037319,103
2024-09-20 15:07:54.551,431.0707167972806,1004
2024-09-20 15:07:54.563,431.0936426979782,6
2024-09-20 15:07:54.632,431.0847951936455,15
2024-09-20 15:07:54.638,431.0614069235076,998
2024-09-20 15:07:54.653,431.1012370959749,103
2024-09-20 15:07:54.657,431.0583968835294,998
2024-09-20 15:07:54.718,431.1059788811273,6
2024-09-20 15:07:54.733,431.0854254622281,998
2024-09-20 15:07:54.736,431.101493648591,997
2024-09-20 15:07:54.745,-431.09166326907314,14
2024-09-20 15:07:54.749,431.08783788022913,999
2024-09-20 15:07:54.781,431.1339306617384,8
2024-09-20 15:07:54.781,431.1014054908533,995
2024-09-20 15:07:54.819,431.0962577996239,5
2024-09-20 15:07:54.825,431.1095076304286,998
2024-09-20 15:07:54.894,431.0998127777924,1003
2024-09-20 15:07:54.900,431.0992479615856,997
2024-09-20 15:07:55.302,431.1488125300281,997
2024-09-20 15:07:55.333,431.1648332819413,1005
2024-09-20 15:07:55.426,431.18103020113705,1004
2024-09-20 15:07:55.500,431.1481845239457,9
2024-09-20 15:07:55.518,431.1726851002611,998
2024-09-20 15:07:55.523,431.1340335356176,998
2024-09-20 15:07:55.623,431.1312595118892,97
2024-09-20 15:07:55.819,431.1296031910661,99
2024-09-20 15:07:56.084,431.16948451774965,997
2024-09-20 15:07:56.217,431.12891222883314,9
2024-09-20 15:07:56.245,431.1893620598444,996
2024-09-20 15:07:56.320,431.13822250388193,8
2024-09-20 15:07:56.362,431.1975420519023,14
2024-09-20 15:07:56.372,431.1606646566856,10
2024-09-20 15:07:56.403,423.972115290525,998
2024-09-20 15:07:56.409,431.1858268891941,15
2024-09-20 15:07:56.417,431.1758462884434,96
2024-09-20 15:07:56.442,431.130379452444,995
2024-09-20 15:07:56.451,431.138431096433,999
2024-09-20 15:07:56.561,431.1621035734504,6
2024-09-20 15:07:56.581,431.1651388756069,15
2024-09-20 15:07:56.655,431.17431108092575,100
2024-09-20 15:07:56.702,431.1547791570367,95
2024-09-20 15:07:56.774,431.1349170643916,1005
2024-09-20 15:07:56.847,431.14048633123446,105
2024-09-20 15:07:56.937,431.1937835597079,1005
2024-09-20 15:07:56.955,431.1419336008657,12
2024-09-20 15:07:57.086,431.1980183539528,12
2024-09-20 15:07:57.182,431.2568258517197,997
2024-09-20 15:07:57.240,431.207189072192,11
2024-09-20 15:07:57.401,431.1815681866029,98
2024-09-20 15:07:57.515,431.23687231041936,102
2024-09-20 15:07:57.621,431.2223185119016,1001
2024-09-20 15:07:58.050,431.239041142572,5
2024-09-20 15:07:58.633,431.2445977438006,9
2024-09-20 15:07:58.983,431.2424191199222,997
2024-09-20 15:07:58.989,431.2404424381135,1000
2024-09-20 15:07:59.023,431.2298436325498,100
2024-09-20 15:07:59.090,431.2327578123554,99
2024-09-20 15:07:59.205,423.89927850570166,995
2024-09-20 15:07:59.570,431.2178778090175,998
2024-09-20 15:07:59.761,431.2030490532089,1005
2024-09-20 15:07:59.849,431.2124749690138,11
