Timestamp,Price,Size
2024-09-18 12:38:00.050,416.2633607936633,100
2024-09-18 12:38:00.210,416.210725381967,11
2024-09-18 12:38:00.288,416.2578827988912,1003
2024-09-18 12:38:00.348,416.22767472662287,13
2024-09-18 12:38:00.552,416.2069177962923,104
2024-09-18 12:38:00.576,416.2301476163447,7
2024-09-18 12:38:00.664,416.2376630146304,96
2024-09-18 12:38:00.884,416.21541515456937,101
2024-09-18 12:38:00.939,416.2361743403695,12
2024-09-18 12:38:00.971,416.2586190208335,98
2024-09-18 12:38:01.744,416.2143621059283,95
2024-09-18 12:38:02.026,416.149737956796,997
2024-09-18 12:38:02.060,416.1709968985912,995
2024-09-18 12:38:02.095,416.2250594269599,1001
2024-09-18 12:38:02.120,416.2305001094783,8
2024-09-18 12:38:02.173,416.2169825072076,103
2024-09-18 12:38:02.226,416.23437865983766,11
2024-09-18 12:38:02.261,416.1770667116301,1000
2024-09-18 12:38:02.262,416.2224122978882,1003
2024-09-18 12:38:02.266,416.1774101083045,997
2024-09-18 12:38:02.282,,997
2024-09-18 12:38:02.359,416.1912693762907,1001
2024-09-18 12:38:02.383,416.1718850765443,5
2024-09-18 12:38:02.452,416.2215416206005,97
2024-09-18 12:38:02.500,416.18877300036417,1002
2024-09-18 12:38:02.504,416.2008831145416,102
2024-09-18 12:38:02.518,416.2238631806156,995
2024-09-18 12:38:02.547,,95
2024-09-18 12:38:02.554,416.2221853586808,98
2024-09-18 12:38:02.616,416.21599974789183,103
2024-09-18 12:38:02.638,416.18960851236335,95
2024-09-18 12:38:02.649,416.197695486471,999
2024-09-18 12:38:02.798,416.19696828282525,10
2024-09-18 12:38:02.831,416.1843935957902,95
2024-09-18 12:38:02.888,416.19024208927095,104
2024-09-18 12:38:02.905,416.1782839969735,8
2024-09-18 12:38:02.933,416.2268461806786,1003
2024-09-18 12:38:02.949,416.1764551199456,8
2024-09-18 12:38:02.955,416.1995553810139,11
2024-09-18 12:38:02.987,416.1769784273709,1004
2024-09-18 12:38:03.118,-416.17187339835056,100
2024-09-18 12:38:03.170,416.153502565002,999
2024-09-18 12:38:03.197,416.1752301236102,996
2024-09-18 12:38:03.299,416.16908252977447,999
2024-09-18 12:38:03.401,416.1735959195508,104
2024-09-18 12:38:03.667,,13
2024-09-18 12:38:03.730,416.1656432097801,10
2024-09-18 12:38:03.744,416.15729817369714,9
2024-09-18 12:38:03.823,416.1497740516067,9
2024-09-18 12:38:03.953,416.1656882892198,15
2024-09-18 12:38:04.209,416.176764110536,104
2024-09-18 12:38:04.235,416.1714877495545,95
2024-09-18 12:38:04.277,416.18126341472384,98
2024-09-18 12:38:04.703,416.1727719225463,98
2024-09-18 12:38:04.917,416.1800734066459,100
2024-09-18 12:38:05.073,416.1765294663476,104
2024-09-18 12:38:05.254,416.1657427769824,95
2024-09-18 12:38:05.698,416.17429845278207,997
2024-09-18 12:38:05.745,416.1447883315814,103
2024-09-18 12:38:05.750,416.15129161262416,101
2024-09-18 12:38:06.081,416.2372391059481,12
2024-09-18 12:38:06.353,416.2245318799089,14
2024-09-18 12:38:06.420,416.23841998279823,997
2024-09-18 12:38:06.440,416.2756907984547,1001
2024-09-18 12:38:06.603,416.25840115224105,1004
2024-09-18 12:38:06.634,416.1726103819907,1002
2024-09-18 12:38:06.634,416.2259192855016,8
2024-09-18 12:38:06.652,416.2081728719051,98
2024-09-18 12:38:06.751,416.22774064123513,999
2024-09-18 12:38:06.839,416.25098075742494,104
2024-09-18 12:38:06.855,416.2082959237443,6
2024-09-18 12:38:06.903,416.1909288752548,1003
2024-09-18 12:38:06.984,416.2064558084776,12
2024-09-18 12:38:07.861,416.2621621642642,103
2024-09-18 12:38:07.864,416.23944351940384,1003
2024-09-18 12:38:08.007,416.27652089554266,998
2024-09-18 12:38:08.011,416.2843324390386,14
2024-09-18 12:38:08.035,416.2813501067809,996
2024-09-18 12:38:08.094,416.2489049057383,14
2024-09-18 12:38:08.184,416.256486352687,8
2024-09-18 12:38:08.261,416.2689524395673,998
2024-09-18 12:38:08.285,416.2571558418493,12
2024-09-18 12:38:08.304,41.6229432514472,11
2024-09-18 12:38:08.330,416.2671338981676,13
2024-09-18 12:38:08.507,416.2355039247673,997
2024-09-18 12:38:08.545,416.2246690495899,996
2024-09-18 12:38:08.569,416.2314190187489,10
2024-09-18 12:38:08.648,416.2582494032177,995
2024-09-18 12:38:08.672,416.2295335180944,98
2024-09-18 12:38:08.814,416.2340054438204,104
2024-09-18 12:38:08.824,416.25483411378735,997
2024-09-18 12:38:08.933,416.27632513274176,5
2024-09-18 12:38:08.949,416.2384416829108,1004
2024-09-18 12:38:08.949,416.2522890766449,105
2024-09-18 12:38:08.949,416.2349842421433,8
2024-09-18 12:38:09.028,416.2151827237935,1005
2024-09-18 12:38:09.056,-416.2043626674303,12
2024-09-18 12:38:09.056,416.2080973585796,102
2024-09-18 12:38:09.068,416.1847176842856,104
2024-09-18 12:38:09.133,416.21415336184936,1003
2024-09-18 12:38:09.139,416.21927345147753,6
2024-09-18 12:38:09.156,416.1876916373571,9
2024-09-18 12:38:09.184,416.1876581319548,7
2024-09-18 12:38:09.195,416.20344017240006,101
2024-09-18 12:38:09.210,416.2843814233308,105
2024-09-18 12:38:09.229,416.2297711825245,98
2024-09-18 12:38:09.263,416.2604944358434,105
2024-09-18 12:38:09.284,416.23673557856415,98
2024-09-18 12:38:09.439,416.2085633262329,1000
2024-09-18 12:38:09.507,416.2256316579008,997
2024-09-18 12:38:09.600,416.2447929002917,998
2024-09-18 12:38:09.623,416.2057388584992,997
2024-09-18 12:38:09.652,416.2127029690342,15
2024-09-18 12:38:09.716,416.2330897288882,6
2024-09-18 12:38:09.774,416.20718561321945,8
2024-09-18 12:38:09.784,416.1984027757732,102
2024-09-18 12:38:09.826,416.2155318615602,1000
2024-09-18 12:38:09.849,416.2182196423543,1005
2024-09-18 12:38:09.924,416.1891129096428,995
2024-09-18 12:38:10.097,416.2382145484015,6
2024-09-18 12:38:10.116,416.2159052609665,15
2024-09-18 12:38:10.297,416.24337580347856,104
2024-09-18 12:38:10.345,416.200455029542,15
2024-09-18 12:38:10.488,416.2070024369056,995
2024-09-18 12:38:10.500,416.2327736272444,105
2024-09-18 12:38:10.587,416.2215587735626,7
2024-09-18 12:38:10.591,416.1961773522591,98
2024-09-18 12:38:10.604,416.1818878140947,13
2024-09-18 12:38:11.043,416.1839756404305,15
2024-09-18 12:38:11.130,416.2334914487161,11
2024-09-18 12:38:11.168,416.1884745340472,7
2024-09-18 12:38:11.236,416.2421072263149,97
2024-09-18 12:38:11.432,416.2470657639583,1000
2024-09-18 12:38:11.721,416.2251271833615,104
2024-09-18 12:38:11.946,416.23636080687015,998
2024-09-18 12:38:12.020,416.1772733415573,8
2024-09-18 12:38:12.076,416.1921077603781,15
2024-09-18 12:38:12.086,416.18707306661344,1004
2024-09-18 12:38:12.150,416.17209623784527,997
2024-09-18 12:38:12.193,416.16846315837216,95
2024-09-18 12:38:12.223,-416.1953367482713,8
2024-09-18 12:38:12.266,416.1778459554568,999
2024-09-18 12:38:12.292,416.1845432522737,5
2024-09-18 12:38:12.336,416.1717068425231,7
2024-09-18 12:38:12.605,416.1659781585634,1004
2024-09-18 12:38:12.667,416.1733154958451,105
2024-09-18 12:38:12.669,416.185391212216,96
2024-09-18 12:38:12.741,416.1704636527029,5
2024-09-18 12:38:12.742,416.170033322183,7
2024-09-18 12:38:12.841,416.158487793167,9
2024-09-18 12:38:12.845,416.1943399141805,104
2024-09-18 12:38:12.845,416.1641141533742,104
2024-09-18 12:38:12.861,416.1729631779625,9
2024-09-18 12:38:12.876,416.1768181853848,10
2024-09-18 12:38:12.902,416.1542009531675,1002
2024-09-18 12:38:12.905,416.1705328095074,5
2024-09-18 12:38:12.943,416.1899800642649,998
2024-09-18 12:38:12.943,416.1857596946583,5
2024-09-18 12:38:12.963,416.1858975918983,96
2024-09-18 12:38:12.994,416.18277185279385,12
2024-09-18 12:38:13.092,416.2250729874212,104
2024-09-18 12:38:13.120,416.19205934855086,999
2024-09-18 12:38:13.142,416.26012911466,7
2024-09-18 12:38:13.157,416.2500529099268,8
2024-09-18 12:38:13.178,416.22915687335774,11
2024-09-18 12:38:13.184,416.19846197317946,98
2024-09-18 12:38:13.191,416.23826332914,7
2024-09-18 12:38:13.259,416.1788539811112,104
2024-09-18 12:38:13.285,416.25124040016726,1002
2024-09-18 12:38:13.287,416.2032130749682,96
2024-09-18 12:38:13.321,416.2459225962636,98
2024-09-18 12:38:13.349,416.2398427786826,7
2024-09-18 12:38:13.372,416.2392234214626,102
2024-09-18 12:38:13.477,416.1682258744753,10
2024-09-18 12:38:13.587,,14
2024-09-18 12:38:13.612,416.191694886852,9
2024-09-18 12:38:13.695,416.1620233412816,11
2024-09-18 12:38:13.710,416.2580188301835,995
2024-09-18 12:38:13.720,416.26219555546805,14
2024-09-18 12:38:13.732,416.2214914994877,11
2024-09-18 12:38:13.775,416.17980462546177,101
2024-09-18 12:38:13.825,416.2306773046995,13
2024-09-18 12:38:13.862,416.25585081451896,105
2024-09-18 12:38:13.879,416.236397584037,1003
2024-09-18 12:38:13.894,416.249066159496,14
2024-09-18 12:38:13.955,416.1880387564531,996
2024-09-18 12:38:13.990,416.2254036759649,1001
2024-09-18 12:38:13.992,416.2211131469105,96
2024-09-18 12:38:14.001,416.2500598176373,5
2024-09-18 12:38:14.040,416.2605336359706,96
2024-09-18 12:38:14.154,41.62033850106076,1001
2024-09-18 12:38:14.158,416.1952408413583,96
2024-09-18 12:38:14.214,416.2260257153611,5
2024-09-18 12:38:14.225,416.2077317584036,10
2024-09-18 12:38:14.242,416.2477451882193,96
2024-09-18 12:38:14.282,416.1928940954812,13
2024-09-18 12:38:14.289,416.2004921851573,1001
2024-09-18 12:38:14.403,416.2415586969798,1002
2024-09-18 12:38:14.407,416.2102547312453,7
2024-09-18 12:38:14.455,416.2058193904997,1000
2024-09-18 12:38:14.457,416.224031382116,98
2024-09-18 12:38:14.468,-416.2125454563373,997
2024-09-18 12:38:14.503,416.2221360071868,14
2024-09-18 12:38:14.546,416.228303872916,101
2024-09-18 12:38:14.548,416.2226149662216,998
2024-09-18 12:38:14.558,416.22634546622334,104
2024-09-18 12:38:14.562,416.21900530426825,1001
2024-09-18 12:38:14.731,416.2217986289768,99
2024-09-18 12:38:14.748,416.2106035326238,995
2024-09-18 12:38:14.903,416.2343125980602,12
2024-09-18 12:38:14.933,416.1954469321137,102
2024-09-18 12:38:14.954,416.2188252973842,13
2024-09-18 12:38:14.961,416.2137665602374,5
2024-09-18 12:38:14.967,416.202777742453,98
2024-09-18 12:38:14.974,416.2176367352107,7
2024-09-18 12:38:14.995,416.2224058200371,996
2024-09-18 12:38:15.053,416.1769342245541,8
2024-09-18 12:38:15.055,416.2268200448469,1002
2024-09-18 12:38:15.071,416.22574449000587,1000
2024-09-18 12:38:15.100,416.1803307045546,995
2024-09-18 12:38:15.154,416.2011762783333,9
2024-09-18 12:38:15.202,416.2333975016393,103
2024-09-18 12:38:15.239,416.2338832021335,100
2024-09-18 12:38:15.259,416.1865168368319,15
2024-09-18 12:38:15.323,416.1515527909893,999
2024-09-18 12:38:15.343,416.1667026002817,15
2024-09-18 12:38:15.348,416.22728882046766,6
2024-09-18 12:38:15.356,416.1951464491727,102
2024-09-18 12:38:15.506,416.1987179578172,11
2024-09-18 12:38:15.528,416.184741921744,15
2024-09-18 12:38:15.550,416.177399256101,5
2024-09-18 12:38:15.610,416.2434684783915,7
2024-09-18 12:38:15.680,416.23612531044125,103
2024-09-18 12:38:15.718,416.2001502233247,105
2024-09-18 12:38:15.745,416.2113556734411,1003
2024-09-18 12:38:15.975,416.19837082549736,995
2024-09-18 12:38:15.986,416.2333998087135,101
2024-09-18 12:38:16.041,416.1738611257055,96
2024-09-18 12:38:16.115,416.1863232161244,97
2024-09-18 12:38:16.141,416.22892526812586,100
2024-09-18 12:38:16.213,416.25029699916473,7
2024-09-18 12:38:16.220,416.2431784694336,998
2024-09-18 12:38:16.341,416.1917902324455,104
2024-09-18 12:38:16.489,416.2489974806688,5
2024-09-18 12:38:16.505,416.24537830576895,95
2024-09-18 12:38:16.538,416.2147435867969,98
2024-09-18 12:38:16.543,41.62343666611504,97
2024-09-18 12:38:16.596,416.20178881370526,12
2024-09-18 12:38:16.603,416.1692821226953,995
2024-09-18 12:38:16.615,416.2610659986463,1004
2024-09-18 12:38:16.662,416.24661392905045,999
2024-09-18 12:38:16.698,416.1789682981789,104
2024-09-18 12:38:16.720,416.1838524966777,12
2024-09-18 12:38:16.823,416.167308341066,5
2024-09-18 12:38:16.845,416.2483605222343,7
2024-09-18 12:38:16.858,416.2177253977429,104
2024-09-18 12:38:16.897,416.2491213392588,104
2024-09-18 12:38:16.927,416.1778663278936,13
2024-09-18 12:38:16.970,416.2401674329244,8
2024-09-18 12:38:17.094,416.22696047319977,999
2024-09-18 12:38:17.185,416.2291154248615,98
2024-09-18 12:38:17.562,416.2209226871946,99
2024-09-18 12:38:17.663,416.2419535928052,105
2024-09-18 12:38:17.818,416.2145818881744,1002
2024-09-18 12:38:17.875,416.2318246158992,995
2024-09-18 12:38:17.909,416.23483968808017,103
2024-09-18 12:38:18.024,416.1999182364183,11
2024-09-18 12:38:18.049,416.2361273127042,1000
2024-09-18 12:38:18.093,416.203662859892,104
2024-09-18 12:38:18.122,416.25384236183095,15
2024-09-18 12:38:18.145,416.2114157455536,5
2024-09-18 12:38:18.207,416.2311700903988,1000
2024-09-18 12:38:18.336,416.2158030032283,1002
2024-09-18 12:38:18.404,416.2339080039988,998
2024-09-18 12:38:18.420,416.2105422539467,1000
2024-09-18 12:38:18.424,416.2550458066466,999
2024-09-18 12:38:18.425,416.2111540817368,97
2024-09-18 12:38:18.486,416.2187775967659,5
2024-09-18 12:38:18.514,416.2300332501425,1003
2024-09-18 12:38:18.595,416.2166090909801,998
2024-09-18 12:38:18.693,416.2054548863598,1002
2024-09-18 12:38:18.702,416.2082432367581,14
2024-09-18 12:38:18.812,416.2081652093901,101
2024-09-18 12:38:18.854,416.2204978532316,99
2024-09-18 12:38:18.919,416.2007766728197,1003
2024-09-18 12:38:18.935,416.1992720030693,10
2024-09-18 12:38:18.953,416.2089015001297,1002
2024-09-18 12:38:18.993,416.1975217558483,997
2024-09-18 12:38:19.050,416.22438048912863,100
2024-09-18 12:38:19.058,416.20947682897776,12
2024-09-18 12:38:19.075,416.23863616448256,1003
2024-09-18 12:38:19.129,416.22971368125496,13
2024-09-18 12:38:19.171,416.2329916608639,1003
2024-09-18 12:38:19.197,416.2394678877607,1002
2024-09-18 12:38:19.361,416.2380729122701,996
2024-09-18 12:38:19.451,416.1873400868613,999
2024-09-18 12:38:19.495,416.2379303081712,995
2024-09-18 12:38:19.507,416.2502990957095,1002
2024-09-18 12:38:19.518,416.21820785803146,11
2024-09-18 12:38:19.548,416.20616540321953,99
2024-09-18 12:38:19.556,416.2236681994885,105
2024-09-18 12:38:19.652,416.1842448033088,7
2024-09-18 12:38:19.699,416.2189271076048,11
2024-09-18 12:38:19.699,416.2346100799313,10
2024-09-18 12:38:19.718,416.24104588016286,98
2024-09-18 12:38:19.718,416.1986669093432,103
2024-09-18 12:38:19.734,416.2337590769752,15
2024-09-18 12:38:19.745,416.2152411281738,1000
2024-09-18 12:38:19.837,416.2269996726987,13
2024-09-18 12:38:19.839,416.19104915164553,102
2024-09-18 12:38:19.850,416.2112013736559,14
2024-09-18 12:38:19.866,416.2088697601104,105
2024-09-18 12:38:19.900,416.2253481386493,8
2024-09-18 12:38:19.915,416.19550347660135,7
2024-09-18 12:38:19.974,416.23834263747074,8
2024-09-18 12:38:19.991,416.2250438811347,1004
2024-09-18 12:38:20.021,416.2482080225989,99
2024-09-18 12:38:20.286,,1001
2024-09-18 12:38:20.286,416.2468653106794,996
2024-09-18 12:38:20.333,416.2464798175628,1002
2024-09-18 12:38:20.372,416.26032098993335,104
2024-09-18 12:38:20.499,416.2218416020988,8
2024-09-18 12:38:20.607,416.2697150474224,103
2024-09-18 12:38:20.636,416.2740956039958,15
2024-09-18 12:38:20.682,416.2387238489635,996
2024-09-18 12:38:20.739,416.26226838682487,103
2024-09-18 12:38:20.749,416.253240923534,100
2024-09-18 12:38:20.760,416.2371969167808,7
2024-09-18 12:38:20.886,416.2256879183825,5
2024-09-18 12:38:20.903,416.2313656858126,1000
2024-09-18 12:38:20.943,416.2609296391054,105
2024-09-18 12:38:21.204,416.2642999156864,7
2024-09-18 12:38:21.368,416.2443181124564,995
2024-09-18 12:38:22.128,416.2305910684677,7
2024-09-18 12:38:22.488,416.2678957280263,999
2024-09-18 12:38:22.684,416.2350798483586,99
2024-09-18 12:38:22.690,416.2640268750031,13
2024-09-18 12:38:22.916,416.2424908584576,98
2024-09-18 12:38:22.933,416.2392939155204,102
2024-09-18 12:38:22.961,416.2724298591279,5
2024-09-18 12:38:23.043,416.25754525222027,97
2024-09-18 12:38:23.045,416.2512475078872,101
2024-09-18 12:38:23.629,416.2449461309957,999
2024-09-18 12:38:23.749,416.2358791418464,9
2024-09-18 12:38:23.789,416.27178891290254,995
2024-09-18 12:38:23.904,416.2680193961873,1003
2024-09-18 12:38:23.955,416.2386766078909,12
2024-09-18 12:38:24.034,416.1452342745645,95
2024-09-18 12:38:24.209,416.1459041265627,7
2024-09-18 12:38:24.252,416.1523434508149,6
2024-09-18 12:38:24.516,416.18183186189214,1002
2024-09-18 12:38:24.533,416.15830960016416,997
2024-09-18 12:38:24.560,416.1468039716453,1005
2024-09-18 12:38:24.575,416.2216215521788,105
2024-09-18 12:38:24.832,416.1645332065009,14
2024-09-18 12:38:24.854,416.174435799884,1004
2024-09-18 12:38:24.926,416.19856199614594,5
2024-09-18 12:38:24.964,416.2338075437284,10
2024-09-18 12:38:24.982,416.1429838754017,998
2024-09-18 12:38:26.008,416.1854834550312,1005
2024-09-18 12:38:26.203,416.1674174974664,1000
2024-09-18 12:38:26.323,416.192742606574,105
2024-09-18 12:38:26.403,416.1925051938009,11
2024-09-18 12:38:26.524,416.1908381832675,5
2024-09-18 12:38:26.633,416.1708673907249,96
2024-09-18 12:38:26.674,416.168152457356,1000
2024-09-18 12:38:26.756,416.2176510350193,12
2024-09-18 12:38:26.962,416.2143684156298,996
2024-09-18 12:38:27.121,416.2568475487412,100
2024-09-18 12:38:27.382,416.212177264439,98
2024-09-18 12:38:27.653,416.2001774531542,1005
2024-09-18 12:38:27.865,416.2242469061597,1000
2024-09-18 12:38:28.020,416.2197882205014,95
2024-09-18 12:38:28.040,416.2408583149491,15
2024-09-18 12:38:28.120,416.2730692739468,6
2024-09-18 12:38:28.135,416.22534718830354,997
2024-09-18 12:38:28.156,416.2694507012203,105
2024-09-18 12:38:28.165,416.2452615782008,11
2024-09-18 12:38:28.202,416.2621653193498,6
2024-09-18 12:38:28.227,416.2208057930251,1002
2024-09-18 12:38:28.264,416.23127271079215,98
2024-09-18 12:38:28.409,416.2834003244191,101
2024-09-18 12:38:28.419,416.2506986139511,1003
2024-09-18 12:38:28.448,416.261743302854,103
2024-09-18 12:38:28.471,416.2599319445122,95
2024-09-18 12:38:28.472,416.27861298148633,95
2024-09-18 12:38:28.561,416.2837340083504,997
2024-09-18 12:38:28.575,416.24745662349534,101
2024-09-18 12:38:28.605,416.247094606819,102
2024-09-18 12:38:28.607,416.2731676998563,995
2024-09-18 12:38:28.620,416.2703725955633,12
2024-09-18 12:38:28.621,416.28346751262734,1005
2024-09-18 12:38:28.641,416.2639462071263,11
2024-09-18 12:38:28.774,416.2263308930046,98
2024-09-18 12:38:28.793,416.2366611610402,1005
2024-09-18 12:38:28.800,416.25040914831726,1001
2024-09-18 12:38:28.801,416.210901785896,97
2024-09-18 12:38:28.802,416.2732082229093,999
2024-09-18 12:38:28.838,416.228331954674,10
2024-09-18 12:38:28.871,416.2658795175129,998
2024-09-18 12:38:28.903,416.2178209129102,5
2024-09-18 12:38:29.550,416.2838321610709,7
2024-09-18 12:38:29.619,416.2866575614072,9
2024-09-18 12:38:29.751,416.27183116005006,9
2024-09-18 12:38:29.986,,102
2024-09-18 12:38:30.019,416.2614351836149,102
2024-09-18 12:38:30.132,416.292853417181,6
2024-09-18 12:38:30.209,416.2236227152132,97
2024-09-18 12:38:30.236,416.272935211802,7
2024-09-18 12:38:30.265,416.291372160561,1000
2024-09-18 12:38:30.268,416.2389691810518,1000
2024-09-18 12:38:30.440,416.2765479792645,8
2024-09-18 12:38:30.475,416.2689693945521,10
2024-09-18 12:38:30.524,416.278084249111,995
2024-09-18 12:38:30.536,416.2834188259644,996
2024-09-18 12:38:30.630,416.28544353795513,1005
2024-09-18 12:38:30.634,416.2286792163544,1003
2024-09-18 12:38:30.661,416.2810538215401,1005
2024-09-18 12:38:30.700,416.2196591549701,10
2024-09-18 12:38:30.817,416.2711505749675,9
2024-09-18 12:38:30.884,416.2798595952664,8
2024-09-18 12:38:31.021,416.2192025362148,101
2024-09-18 12:38:31.064,416.2400049651936,96
2024-09-18 12:38:31.134,416.2365815278636,999
2024-09-18 12:38:31.194,416.2465186223558,5
2024-09-18 12:38:31.217,416.258456205697,95
2024-09-18 12:38:31.241,416.2272492536864,14
2024-09-18 12:38:31.378,416.2234091306279,12
2024-09-18 12:38:31.389,416.22594600245816,995
2024-09-18 12:38:31.392,416.2171481652202,95
2024-09-18 12:38:31.446,416.2355364172518,1004
2024-09-18 12:38:31.456,416.2223551724796,98
2024-09-18 12:38:31.573,416.2290712137301,995
2024-09-18 12:38:31.582,416.2361223500925,996
2024-09-18 12:38:31.664,416.2389617614402,999
2024-09-18 12:38:31.835,416.2342146829915,1003
2024-09-18 12:38:31.877,416.2187337541996,1000
2024-09-18 12:38:31.910,416.2525224292646,5
2024-09-18 12:38:31.939,416.2508899942696,8
2024-09-18 12:38:31.959,416.23058960412544,9
2024-09-18 12:38:31.967,416.2319679800706,11
2024-09-18 12:38:31.970,416.2227377702762,8
2024-09-18 12:38:32.054,416.2668521356813,95
2024-09-18 12:38:32.111,416.233945437788,7
2024-09-18 12:38:32.161,416.2556571209876,7
2024-09-18 12:38:32.327,416.2729445902332,97
2024-09-18 12:38:32.407,416.25846395745225,95
2024-09-18 12:38:32.420,416.26356733605536,96
2024-09-18 12:38:32.526,416.23254560075446,11
2024-09-18 12:38:32.619,416.2399068848024,12
2024-09-18 12:38:32.622,416.2677635831888,1001
2024-09-18 12:38:32.674,416.2504765240419,1000
2024-09-18 12:38:32.703,416.26073146212593,98
2024-09-18 12:38:32.854,416.25156216475455,1002
2024-09-18 12:38:32.958,416.2512046578569,1001
2024-09-18 12:38:33.389,416.2595451679396,1003
2024-09-18 12:38:33.441,416.2626077472148,995
2024-09-18 12:38:33.607,416.2601581110469,5
2024-09-18 12:38:33.650,416.2720255520079,99
2024-09-18 12:38:33.653,416.2753824720133,6
2024-09-18 12:38:34.073,416.2785142497116,5
2024-09-18 12:38:34.125,416.3034593065863,998
2024-09-18 12:38:34.211,416.3494435429734,998
2024-09-18 12:38:34.405,416.3476544555337,96
2024-09-18 12:38:34.425,416.2939710808159,101
2024-09-18 12:38:34.485,416.2640502840014,14
2024-09-18 12:38:34.627,416.27210778969794,102
2024-09-18 12:38:34.634,416.3101931346088,102
2024-09-18 12:38:34.640,416.2621284260154,996
2024-09-18 12:38:34.713,416.2998782498851,6
2024-09-18 12:38:34.794,416.2969494082162,1004
2024-09-18 12:38:34.845,416.32380817442737,9
2024-09-18 12:38:34.928,416.26432645765794,7
2024-09-18 12:38:35.143,416.29790649751993,1005
2024-09-18 12:38:35.152,416.3301206924353,95
2024-09-18 12:38:35.459,416.3414506193384,5
2024-09-18 12:38:35.614,416.2877987161156,12
2024-09-18 12:38:35.713,416.326832953648,97
2024-09-18 12:38:35.716,416.3220078534574,100
2024-09-18 12:38:35.733,416.3099815269406,996
2024-09-18 12:38:35.758,416.2980929434891,102
2024-09-18 12:38:35.837,416.32804282741415,15
2024-09-18 12:38:35.903,416.325144508585,98
2024-09-18 12:38:35.913,416.288496679665,996
2024-09-18 12:38:36.083,416.29688545299314,13
2024-09-18 12:38:36.138,416.2875084562928,99
2024-09-18 12:38:36.163,416.2862641108046,98
2024-09-18 12:38:36.183,416.28585070103264,996
2024-09-18 12:38:36.217,416.3000694516266,10
2024-09-18 12:38:36.241,416.2912732536486,14
2024-09-18 12:38:36.317,416.2835598312281,102
2024-09-18 12:38:36.337,416.2802450020106,6
2024-09-18 12:38:36.425,416.3064355296013,102
2024-09-18 12:38:36.583,416.2946954020497,15
2024-09-18 12:38:36.625,416.3177497798548,5
2024-09-18 12:38:36.674,416.2866951537218,96
2024-09-18 12:38:36.689,416.27591855618687,11
2024-09-18 12:38:36.700,416.29709932523633,1001
2024-09-18 12:38:36.806,416.3052206537538,998
2024-09-18 12:38:36.848,416.28798299124674,14
2024-09-18 12:38:36.901,416.27845395538526,95
2024-09-18 12:38:36.932,416.29873201166754,7
2024-09-18 12:38:36.977,416.302673892896,98
2024-09-18 12:38:37.000,416.2995738533447,102
2024-09-18 12:38:37.071,416.2892583163711,11
2024-09-18 12:38:37.092,416.2706926261719,1003
2024-09-18 12:38:37.102,416.3013437971762,1001
2024-09-18 12:38:37.226,416.28328907819633,96
2024-09-18 12:38:37.235,416.3006865806696,11
2024-09-18 12:38:37.337,416.29497493650814,8
2024-09-18 12:38:37.368,416.30206890304873,5
2024-09-18 12:38:37.501,416.28612590375417,1002
2024-09-18 12:38:37.505,416.3012485807524,9
2024-09-18 12:38:37.640,416.29061135288487,1004
2024-09-18 12:38:37.671,416.2989851525773,100
2024-09-18 12:38:37.763,416.3008458781063,1003
2024-09-18 12:38:37.798,416.2753485885816,102
2024-09-18 12:38:37.808,416.3094577755394,1000
2024-09-18 12:38:37.831,416.2801804076531,1003
2024-09-18 12:38:37.838,-416.3008703487482,1005
2024-09-18 12:38:37.868,-416.2904483923253,95
2024-09-18 12:38:37.901,416.285253595278,9
2024-09-18 12:38:37.969,416.3030433949193,99
2024-09-18 12:38:37.990,416.2985905446623,104
2024-09-18 12:38:38.066,416.2629295949957,999
2024-09-18 12:38:38.075,416.2684171917097,99
2024-09-18 12:38:38.139,416.3101774887608,10
2024-09-18 12:38:38.193,416.2834365100771,997
2024-09-18 12:38:38.227,416.3200179819057,105
2024-09-18 12:38:38.245,416.2731777961775,1000
2024-09-18 12:38:38.260,416.3036981758543,100
2024-09-18 12:38:38.379,416.30348516667294,7
2024-09-18 12:38:38.384,416.31558281427147,102
2024-09-18 12:38:38.416,416.2745660922503,1002
2024-09-18 12:38:38.500,-416.2349930283058,13
2024-09-18 12:38:38.529,416.32153757766497,100
2024-09-18 12:38:38.536,416.28238682980987,15
2024-09-18 12:38:38.547,416.2826532714246,1000
2024-09-18 12:38:38.576,416.2595339550968,95
2024-09-18 12:38:38.586,416.2716996431186,997
2024-09-18 12:38:38.677,416.24113731696485,98
2024-09-18 12:38:38.704,416.2360796384874,102
2024-09-18 12:38:38.716,416.2500083597416,14
2024-09-18 12:38:38.740,416.3274676192272,997
2024-09-18 12:38:38.783,416.268342659386,997
2024-09-18 12:38:38.786,416.27845880332535,96
2024-09-18 12:38:38.796,416.2923577458204,1003
2024-09-18 12:38:38.821,416.2766915353525,9
2024-09-18 12:38:38.856,416.2921069675292,1001
2024-09-18 12:38:38.874,416.2502786407933,7
2024-09-18 12:38:38.876,416.2872735101608,98
2024-09-18 12:38:38.910,416.2880792168619,13
2024-09-18 12:38:38.921,416.25905972600737,5
2024-09-18 12:38:39.116,416.25937403585567,103
2024-09-18 12:38:39.125,416.254327785565,101
2024-09-18 12:38:39.143,416.2936243948775,9
2024-09-18 12:38:39.151,416.2611663207392,1003
2024-09-18 12:38:39.195,416.2577567423179,1005
2024-09-18 12:38:39.221,416.2419179639501,995
2024-09-18 12:38:39.362,416.2517259032944,105
2024-09-18 12:38:39.384,416.20966172774814,1000
2024-09-18 12:38:39.409,416.2565843743944,97
2024-09-18 12:38:39.488,416.2225618285817,997
2024-09-18 12:38:39.555,416.2402336869184,5
2024-09-18 12:38:39.568,416.2386157629718,6
2024-09-18 12:38:39.591,416.2151816778084,12
2024-09-18 12:38:39.660,416.2541965127166,100
2024-09-18 12:38:39.661,416.2611103316107,10
2024-09-18 12:38:39.666,416.27247145398,12
2024-09-18 12:38:39.765,416.2518976446924,14
2024-09-18 12:38:39.816,416.2648028831537,96
2024-09-18 12:38:39.828,416.2542578182859,1000
2024-09-18 12:38:39.922,416.2624253796173,105
2024-09-18 12:38:39.923,416.2462267329959,105
2024-09-18 12:38:41.017,416.2933718378279,103
2024-09-18 12:38:41.547,416.2870535396202,9
2024-09-18 12:38:41.618,416.26618948867576,104
2024-09-18 12:38:41.683,416.27407341128,996
2024-09-18 12:38:42.020,416.2824389299535,96
2024-09-18 12:38:42.331,416.3237561230474,104
2024-09-18 12:38:42.333,416.3526348847515,15
2024-09-18 12:38:42.496,416.3329061996348,14
2024-09-18 12:38:42.510,416.3450584194436,101
2024-09-18 12:38:42.550,416.3315913188861,1004
2024-09-18 12:38:42.600,416.3296627294228,6
2024-09-18 12:38:42.633,416.3343309271218,97
2024-09-18 12:38:42.783,416.3493913934768,9
2024-09-18 12:38:42.809,416.3283321148465,9
2024-09-18 12:38:42.836,416.3035090032173,1000
2024-09-18 12:38:42.866,416.3058078868805,99
2024-09-18 12:38:42.874,416.3309549274115,7
2024-09-18 12:38:42.879,416.3130389956528,1002
2024-09-18 12:38:42.900,416.3214803964914,1003
2024-09-18 12:38:42.931,416.30481158114026,98
2024-09-18 12:38:42.967,416.3214946368898,101
2024-09-18 12:38:43.036,416.3611602517728,98
2024-09-18 12:38:43.045,416.35233780383135,1001
2024-09-18 12:38:43.090,-416.3520120613881,1005
2024-09-18 12:38:43.100,416.34219554727287,7
2024-09-18 12:38:43.102,416.4021463068023,7
2024-09-18 12:38:43.107,416.3632153406894,1003
2024-09-18 12:38:43.139,416.31501757305097,96
2024-09-18 12:38:43.354,416.3674299051952,5
2024-09-18 12:38:43.413,416.31294008013015,101
2024-09-18 12:38:43.466,416.3208207542021,10
2024-09-18 12:38:43.632,416.3323251136349,10
2024-09-18 12:38:43.651,416.3741766521408,100
2024-09-18 12:38:43.660,416.3388332930075,15
2024-09-18 12:38:43.673,416.3450611312607,5
2024-09-18 12:38:43.685,416.3414817349271,7
2024-09-18 12:38:43.794,416.332622780361,1000
2024-09-18 12:38:43.818,416.35388880105904,9
2024-09-18 12:38:43.828,416.3403906799684,10
2024-09-18 12:38:43.832,416.3373585980675,1004
2024-09-18 12:38:43.846,416.3602487444618,5
2024-09-18 12:38:43.880,416.3594922000604,7
2024-09-18 12:38:43.904,416.3343804200936,11
2024-09-18 12:38:43.921,416.35221375292895,9
2024-09-18 12:38:43.953,416.39315340746896,13
2024-09-18 12:38:43.956,416.3384105963436,1002
2024-09-18 12:38:43.964,416.3428882846313,96
2024-09-18 12:38:43.966,416.33591221629047,996
2024-09-18 12:38:43.980,416.34431871415376,97
2024-09-18 12:38:43.983,416.386068327572,6
2024-09-18 12:38:44.117,416.3876439632575,1005
2024-09-18 12:38:44.124,416.3758676937189,1002
2024-09-18 12:38:44.151,416.4171854047274,13
2024-09-18 12:38:44.248,416.3789327836538,997
2024-09-18 12:38:44.295,416.4111490003996,9
2024-09-18 12:38:44.475,416.3777166235092,103
2024-09-18 12:38:44.487,416.3715871117873,12
2024-09-18 12:38:44.499,416.3892791249836,1005
2024-09-18 12:38:44.602,416.4040036172819,97
2024-09-18 12:38:44.606,416.41451007534897,1001
2024-09-18 12:38:44.633,416.3896612468392,12
2024-09-18 12:38:44.638,416.37143010566353,995
2024-09-18 12:38:44.778,416.3704250948098,6
2024-09-18 12:38:45.146,416.3849561896002,15
2024-09-18 12:38:45.352,416.4134073642895,101
2024-09-18 12:38:45.376,416.3970794161052,10
2024-09-18 12:38:45.469,416.40455370158,98
2024-09-18 12:38:45.795,416.4013443513846,13
2024-09-18 12:38:45.982,416.40043021389954,997
2024-09-18 12:38:46.085,416.3561621399939,104
2024-09-18 12:38:46.090,416.3287991167,102
2024-09-18 12:38:46.098,416.315557479782,102
2024-09-18 12:38:46.165,-416.3632397066995,12
2024-09-18 12:38:46.169,416.3633339730982,5
2024-09-18 12:38:46.223,416.37644595765903,103
2024-09-18 12:38:46.273,416.31096516820776,14
2024-09-18 12:38:46.297,416.29219948925584,102
2024-09-18 12:38:46.355,416.36705454950913,96
2024-09-18 12:38:46.388,416.3672660645692,99
2024-09-18 12:38:46.428,416.3389245637895,100
2024-09-18 12:38:46.521,416.3660627873103,98
2024-09-18 12:38:46.533,416.3747275600908,15
2024-09-18 12:38:46.566,416.3346350317717,1004
2024-09-18 12:38:46.587,416.3747912128748,9
2024-09-18 12:38:46.594,416.33562611437065,997
2024-09-18 12:38:46.598,416.3623323236576,996
2024-09-18 12:38:46.610,416.363992846705,103
2024-09-18 12:38:46.624,-416.3353504502549,1003
2024-09-18 12:38:46.759,416.3755023357029,1005
2024-09-18 12:38:46.769,416.34351188804754,1003
2024-09-18 12:38:46.805,416.33171065504473,8
2024-09-18 12:38:46.825,416.2996981441751,1003
2024-09-18 12:38:46.860,416.3901931650736,1003
2024-09-18 12:38:46.901,416.3794139057688,102
2024-09-18 12:38:46.918,416.3803379575365,996
2024-09-18 12:38:46.920,416.3850001409119,103
2024-09-18 12:38:46.948,416.3590294661212,11
2024-09-18 12:38:47.016,416.2967725575522,101
2024-09-18 12:38:47.086,416.2477706551038,105
2024-09-18 12:38:47.242,416.2827147964311,1000
2024-09-18 12:38:47.271,416.24079271754607,995
2024-09-18 12:38:47.295,416.2615258729952,101
2024-09-18 12:38:47.318,416.212968170771,14
2024-09-18 12:38:47.323,416.1939680228834,13
2024-09-18 12:38:47.329,416.2060167717914,10
2024-09-18 12:38:47.369,416.1936867134573,97
2024-09-18 12:38:47.440,416.2142368015475,9
2024-09-18 12:38:47.451,416.2188134151563,102
2024-09-18 12:38:47.483,416.2933745604749,97
2024-09-18 12:38:47.498,416.2689794713394,103
2024-09-18 12:38:47.505,416.19441014059913,102
2024-09-18 12:38:47.512,416.208906618558,105
2024-09-18 12:38:47.534,416.1809531759411,11
2024-09-18 12:38:47.600,416.2934208471746,101
2024-09-18 12:38:47.629,416.2070664792006,995
2024-09-18 12:38:47.691,416.188926220802,8
2024-09-18 12:38:47.815,416.1973297167167,998
2024-09-18 12:38:47.830,416.22364403729455,996
2024-09-18 12:38:47.834,416.2365936607408,95
2024-09-18 12:38:47.974,416.2139064449918,8
2024-09-18 12:38:48.067,416.2255464909711,98
2024-09-18 12:38:48.067,416.20185038339537,96
2024-09-18 12:38:48.144,416.2347053522484,1000
2024-09-18 12:38:48.177,416.2003821605732,1004
2024-09-18 12:38:48.177,416.27263758993314,1002
2024-09-18 12:38:48.366,416.2666459817353,12
2024-09-18 12:38:48.389,416.2440299194698,1002
2024-09-18 12:38:48.503,416.2076078364784,7
2024-09-18 12:38:48.634,416.2587057718604,96
2024-09-18 12:38:48.675,416.2270880493176,998
2024-09-18 12:38:48.745,416.2368408171641,997
2024-09-18 12:38:48.750,416.2194616509344,1000
2024-09-18 12:38:48.812,416.2632903414575,1002
2024-09-18 12:38:48.953,416.24760717456536,102
2024-09-18 12:38:49.102,416.27283500900086,12
2024-09-18 12:38:49.359,416.2725930168524,103
2024-09-18 12:38:49.615,416.2462239171016,99
2024-09-18 12:38:49.619,416.2648138007324,8
2024-09-18 12:38:49.726,416.2458129013575,998
2024-09-18 12:38:49.781,416.2593520319113,103
2024-09-18 12:38:49.871,416.2283630971991,15
2024-09-18 12:38:49.931,416.247321723488,1002
2024-09-18 12:38:50.073,416.2143464217504,997
2024-09-18 12:38:50.156,416.2696585419768,996
2024-09-18 12:38:50.156,416.30466203793947,1001
2024-09-18 12:38:50.169,416.2341425272518,1000
2024-09-18 12:38:50.186,416.25964787508224,12
2024-09-18 12:38:50.228,416.2641868208906,1003
2024-09-18 12:38:50.241,416.3184955122246,12
2024-09-18 12:38:50.293,416.30834729579385,11
2024-09-18 12:38:50.382,416.2860146071108,99
2024-09-18 12:38:50.404,416.2532249937384,9
2024-09-18 12:38:50.436,-416.2723488968207,99
2024-09-18 12:38:50.489,416.2404833108722,104
2024-09-18 12:38:50.521,416.2717969844624,9
2024-09-18 12:38:50.534,416.32183422649206,104
2024-09-18 12:38:50.535,416.25383142062304,102
2024-09-18 12:38:50.547,416.2336218740167,96
2024-09-18 12:38:50.670,416.22319593011866,12
2024-09-18 12:38:50.763,416.2504862350002,12
2024-09-18 12:38:50.791,416.27365689682887,105
2024-09-18 12:38:50.796,416.2158089818676,99
2024-09-18 12:38:50.797,416.22384784822896,6
2024-09-18 12:38:50.805,416.280897505576,8
2024-09-18 12:38:50.836,416.2311930489954,14
2024-09-18 12:38:50.843,416.2374166687691,102
2024-09-18 12:38:50.856,416.3193409808003,99
2024-09-18 12:38:50.904,416.22226088377846,11
2024-09-18 12:38:50.947,416.265757079735,1003
2024-09-18 12:38:50.966,416.219590221831,13
2024-09-18 12:38:50.971,416.2158354102066,99
2024-09-18 12:38:51.059,416.1970236039874,1000
2024-09-18 12:38:51.201,416.157878234829,999
2024-09-18 12:38:51.230,416.1814602756935,1000
2024-09-18 12:38:51.302,416.2122863789973,1000
2024-09-18 12:38:51.453,416.16029306975753,102
2024-09-18 12:38:51.474,416.1615789567538,14
2024-09-18 12:38:51.481,416.1760474317538,5
2024-09-18 12:38:51.540,416.2281319573804,96
2024-09-18 12:38:51.560,416.1530604010964,7
2024-09-18 12:38:51.592,416.1899494609633,8
2024-09-18 12:38:51.775,416.1910768533194,103
2024-09-18 12:38:51.865,416.1638097286789,98
2024-09-18 12:38:51.993,416.2086833378127,105
2024-09-18 12:38:51.999,416.1667132568678,1001
2024-09-18 12:38:52.015,416.2979462071437,8
2024-09-18 12:38:52.040,416.2310339117848,1003
2024-09-18 12:38:52.181,416.21898272001806,9
2024-09-18 12:38:52.209,416.3156121296085,100
2024-09-18 12:38:52.251,416.2326837924337,99
2024-09-18 12:38:52.269,416.323385607481,7
2024-09-18 12:38:52.271,416.29686315699087,1001
2024-09-18 12:38:52.314,416.2915452245359,11
2024-09-18 12:38:52.324,416.2046091200594,100
2024-09-18 12:38:52.373,416.3016091972385,998
2024-09-18 12:38:52.402,416.302210969253,105
2024-09-18 12:38:52.451,416.2601605724922,96
2024-09-18 12:38:52.570,416.2449560677555,1003
2024-09-18 12:38:52.572,416.3046819553173,1005
2024-09-18 12:38:52.626,416.1975358580943,14
2024-09-18 12:38:52.642,416.1931595276934,1001
2024-09-18 12:38:52.666,416.2614620722921,15
2024-09-18 12:38:52.672,416.300181301972,1001
2024-09-18 12:38:52.699,416.2062264944562,12
2024-09-18 12:38:52.706,416.3134122837318,1000
2024-09-18 12:38:52.767,416.1967192573952,997
2024-09-18 12:38:52.781,416.2388692787743,15
2024-09-18 12:38:52.790,416.1984229345413,1003
2024-09-18 12:38:52.800,416.18048251669785,11
2024-09-18 12:38:52.904,416.2356841023389,1003
2024-09-18 12:38:52.987,,102
2024-09-18 12:38:53.068,416.2547357239996,1004
2024-09-18 12:38:53.077,416.2415988370756,105
2024-09-18 12:38:53.079,416.2656448601771,7
2024-09-18 12:38:53.172,416.2625998667425,1005
2024-09-18 12:38:53.439,416.2635577061634,1005
2024-09-18 12:38:53.476,416.2746920832852,104
2024-09-18 12:38:53.528,416.2503496829694,999
2024-09-18 12:38:53.574,416.2420520389651,9
2024-09-18 12:38:53.605,416.2427062572048,100
2024-09-18 12:38:53.658,416.27645101855927,95
2024-09-18 12:38:53.779,416.2713280434895,1000
2024-09-18 12:38:53.814,416.2605629362656,15
2024-09-18 12:38:53.840,416.2922865291882,98
2024-09-18 12:38:53.929,416.2502828281837,10
2024-09-18 12:38:53.938,416.2528410670947,1003
2024-09-18 12:38:54.203,416.2734057800345,1003
2024-09-18 12:38:54.220,416.2849790144487,1000
2024-09-18 12:38:54.289,416.2800288380401,6
2024-09-18 12:38:54.461,416.2988709548703,12
2024-09-18 12:38:54.525,416.2809483521729,105
2024-09-18 12:38:54.594,416.30056193642696,9
2024-09-18 12:38:54.678,416.3079708222632,6
2024-09-18 12:38:54.709,416.2697311537302,101
2024-09-18 12:38:55.004,416.25893061789975,95
2024-09-18 12:38:55.055,416.2913059204668,14
2024-09-18 12:38:55.071,416.25755418746473,99
2024-09-18 12:38:55.092,416.2649486413136,11
2024-09-18 12:38:55.143,416.2845261933893,97
2024-09-18 12:38:55.147,416.2739199686361,95
2024-09-18 12:38:55.218,416.2932531552901,104
2024-09-18 12:38:55.234,416.28175973193765,95
2024-09-18 12:38:55.311,416.2504108504591,999
2024-09-18 12:38:55.321,416.2708011211751,95
2024-09-18 12:38:55.355,416.2743468968106,13
2024-09-18 12:38:55.373,416.2547205942272,11
2024-09-18 12:38:55.387,416.2850494825792,1004
2024-09-18 12:38:55.575,416.29534721991575,97
2024-09-18 12:38:55.619,416.2661211038521,98
2024-09-18 12:38:55.644,416.2769077690693,996
2024-09-18 12:38:55.666,416.2607083374632,15
2024-09-18 12:38:55.705,-416.26674786060863,105
2024-09-18 12:38:55.735,416.2929881764281,1002
2024-09-18 12:38:55.741,416.275782519363,1003
2024-09-18 12:38:55.774,416.2742785623634,1000
2024-09-18 12:38:55.775,416.2725103181517,995
2024-09-18 12:38:55.812,416.28058239559965,96
2024-09-18 12:38:55.831,416.2738513629663,11
2024-09-18 12:38:55.900,416.29307781730944,1001
2024-09-18 12:38:55.992,416.3065434351665,999
2024-09-18 12:38:56.175,-416.2568728177797,100
2024-09-18 12:38:56.187,416.2844823461179,96
2024-09-18 12:38:56.348,416.274109986992,1002
2024-09-18 12:38:56.810,416.2633384393858,1003
2024-09-18 12:38:56.812,416.2498932040755,997
2024-09-18 12:38:56.843,416.2725827890248,1001
2024-09-18 12:38:57.140,416.2519188966808,96
2024-09-18 12:38:57.350,416.2357872488081,1003
2024-09-18 12:38:57.873,416.26242895417033,1001
2024-09-18 12:38:57.933,416.26938063320887,1003
2024-09-18 12:38:57.942,416.238817081065,1000
2024-09-18 12:38:57.996,416.230548832358,11
2024-09-18 12:38:58.062,416.2898690373039,1000
2024-09-18 12:38:58.212,416.2768921853541,1005
2024-09-18 12:38:58.241,416.2830319648706,6
2024-09-18 12:38:58.440,416.27025727411154,1005
2024-09-18 12:38:58.483,416.29412198547953,1000
2024-09-18 12:38:58.645,416.277762093305,96
2024-09-18 12:38:58.698,416.2775220757521,97
2024-09-18 12:38:58.738,416.2799453928424,12
2024-09-18 12:38:58.749,416.2807695352888,1001
2024-09-18 12:38:58.772,416.2677136232126,996
2024-09-18 12:38:58.778,416.2842540965696,1003
2024-09-18 12:38:58.791,416.2748740906201,97
2024-09-18 12:38:58.901,416.3000165312431,5
2024-09-18 12:38:58.935,416.2524680205423,1004
2024-09-18 12:38:58.972,416.2787260435336,101
2024-09-18 12:38:58.972,416.2849818047643,9
2024-09-18 12:38:59.017,416.2960042708457,14
2024-09-18 12:38:59.071,416.28089460592975,97
2024-09-18 12:38:59.273,416.29357988042216,95
2024-09-18 12:38:59.302,416.27142231926473,1002
2024-09-18 12:38:59.512,416.2853804081124,9
2024-09-18 12:38:59.607,416.3046112586138,6
2024-09-18 12:38:59.634,416.2950940910016,97
2024-09-18 12:38:59.685,416.2958759573021,10
2024-09-18 12:38:59.776,416.269851961475,1004
2024-09-18 12:38:59.890,416.2931348749164,9
