Timestamp,Price,Size
2024-09-16 14:40:00.003,415.55554963078697,5
2024-09-16 14:40:00.008,415.59066977605374,102
2024-09-16 14:40:00.131,415.5520756129888,996
2024-09-16 14:40:00.209,415.57571317628464,997
2024-09-16 14:40:00.395,415.57715388640617,102
2024-09-16 14:40:00.408,415.5673654928625,96
2024-09-16 14:40:00.410,415.5650298233999,105
2024-09-16 14:40:00.626,415.5561705206957,101
2024-09-16 14:40:00.869,415.5589381496794,15
2024-09-16 14:40:00.923,415.54394056822383,6
2024-09-16 14:40:00.936,415.5920024199565,100
2024-09-16 14:40:00.971,415.5637447591826,99
2024-09-16 14:40:00.986,415.5500656857316,1001
2024-09-16 14:40:01.013,415.6209504339955,15
2024-09-16 14:40:01.039,415.62103079319166,102
2024-09-16 14:40:01.058,415.602814462112,999
2024-09-16 14:40:01.082,415.606204443294,6
2024-09-16 14:40:01.093,415.60895204758606,95
2024-09-16 14:40:01.109,415.603832570981,995
2024-09-16 14:40:01.136,-415.6160310391066,7
2024-09-16 14:40:01.259,415.58825460759925,102
2024-09-16 14:40:01.270,415.6115383291647,15
2024-09-16 14:40:01.312,415.6146670740698,96
2024-09-16 14:40:01.324,415.58718655814187,6
2024-09-16 14:40:01.326,415.60054858399087,9
2024-09-16 14:40:01.352,415.5922913336398,103
2024-09-16 14:40:01.370,415.5980815898932,6
2024-09-16 14:40:01.378,415.5998480366962,14
2024-09-16 14:40:01.427,415.5897295822491,101
2024-09-16 14:40:01.438,415.6085929342793,97
2024-09-16 14:40:01.440,415.59046366760464,104
2024-09-16 14:40:01.484,415.59776993629214,1000
2024-09-16 14:40:01.516,415.61290400166894,96
2024-09-16 14:40:01.564,415.5958816911326,15
2024-09-16 14:40:01.642,415.6042572367437,15
2024-09-16 14:40:01.644,415.5812443460382,101
2024-09-16 14:40:01.662,41.559720800395255,1000
2024-09-16 14:40:01.701,415.60742171711206,1001
2024-09-16 14:40:01.701,415.6007779908068,996
2024-09-16 14:40:01.825,41.55959067162868,104
2024-09-16 14:40:01.957,415.6052878992504,14
2024-09-16 14:40:01.975,415.6082502419254,103
2024-09-16 14:40:02.008,415.6048242253633,6
2024-09-16 14:40:02.226,415.624753950264,1000
2024-09-16 14:40:02.279,415.5880510463873,103
2024-09-16 14:40:02.284,415.6178358787777,100
2024-09-16 14:40:02.304,415.5925982934247,98
2024-09-16 14:40:02.315,415.6199209001916,996
2024-09-16 14:40:02.379,415.6189368653529,999
2024-09-16 14:40:02.432,415.5804747626729,1003
2024-09-16 14:40:02.433,415.5845699504702,9
2024-09-16 14:40:02.436,415.6202413543044,102
2024-09-16 14:40:02.437,415.5811246758383,103
2024-09-16 14:40:02.449,415.6216138478933,1005
2024-09-16 14:40:02.521,415.62783371172753,996
2024-09-16 14:40:02.536,415.5622391605172,105
2024-09-16 14:40:02.605,415.59949767570566,1002
2024-09-16 14:40:02.632,415.568426152892,97
2024-09-16 14:40:02.695,415.6174344193582,1002
2024-09-16 14:40:02.746,415.5871873869729,996
2024-09-16 14:40:02.754,415.62626233855264,9
2024-09-16 14:40:02.769,415.6177265986874,999
2024-09-16 14:40:02.804,415.6167578088972,95
2024-09-16 14:40:02.855,415.6250792463464,104
2024-09-16 14:40:02.888,415.59233207120377,104
2024-09-16 14:40:02.939,415.6131863633856,102
2024-09-16 14:40:02.967,415.61735269377687,104
2024-09-16 14:40:03.026,415.6821753843506,6
2024-09-16 14:40:03.052,415.6532933384432,100
2024-09-16 14:40:03.210,,997
2024-09-16 14:40:03.280,415.6653230510207,103
2024-09-16 14:40:03.321,415.6107700631202,1002
2024-09-16 14:40:03.399,415.6622934023371,5
2024-09-16 14:40:03.417,415.65695850962265,11
2024-09-16 14:40:03.496,415.61537445688674,1003
2024-09-16 14:40:03.511,415.6198421893485,97
2024-09-16 14:40:03.527,415.6300519850149,104
2024-09-16 14:40:03.545,415.6664944646052,995
2024-09-16 14:40:03.555,415.6723543175746,8
2024-09-16 14:40:03.646,415.68657726518336,1003
2024-09-16 14:40:03.668,415.62599581917874,996
2024-09-16 14:40:03.682,415.6544550588941,95
2024-09-16 14:40:03.802,415.6631682922717,104
2024-09-16 14:40:03.914,415.65176542378543,10
2024-09-16 14:40:03.942,415.6217217766281,105
2024-09-16 14:40:03.952,415.6740724463403,103
2024-09-16 14:40:03.974,415.61633622898455,1002
2024-09-16 14:40:04.017,415.73380812537846,105
2024-09-16 14:40:04.142,415.7270070039316,104
2024-09-16 14:40:04.171,415.7208146523296,11
2024-09-16 14:40:04.187,-415.7138947295847,15
2024-09-16 14:40:04.189,415.7093006841637,104
2024-09-16 14:40:04.340,415.7027416461964,99
2024-09-16 14:40:04.345,415.679840045057,15
2024-09-16 14:40:04.360,415.72616700334106,997
2024-09-16 14:40:04.367,415.70555409513486,8
2024-09-16 14:40:04.384,415.7486444392947,6
2024-09-16 14:40:04.397,415.7259447680136,995
2024-09-16 14:40:04.412,415.69814337905296,9
2024-09-16 14:40:04.490,415.7133528202274,1005
2024-09-16 14:40:04.494,415.65907266482907,8
2024-09-16 14:40:04.540,415.718618883465,7
2024-09-16 14:40:04.573,415.74305321147216,101
2024-09-16 14:40:04.577,415.72483368966175,996
2024-09-16 14:40:04.667,415.7205951679656,13
2024-09-16 14:40:04.668,415.7129212213856,997
2024-09-16 14:40:04.678,415.726445986159,1001
2024-09-16 14:40:04.751,415.7160901536718,11
2024-09-16 14:40:04.752,415.7335096104264,13
2024-09-16 14:40:04.757,415.7438772572394,997
2024-09-16 14:40:04.833,415.7060923075122,96
2024-09-16 14:40:04.897,415.7360510161233,102
2024-09-16 14:40:04.916,415.7357383663777,97
2024-09-16 14:40:04.938,415.736987029364,11
2024-09-16 14:40:04.955,415.72551784611903,997
2024-09-16 14:40:04.981,415.7336031882036,6
2024-09-16 14:40:05.032,415.7706408294089,14
2024-09-16 14:40:05.134,415.7023124225519,11
2024-09-16 14:40:05.200,415.7854967988545,6
2024-09-16 14:40:05.427,415.6954028741208,97
2024-09-16 14:40:05.566,415.76856173121655,998
2024-09-16 14:40:05.688,415.7544358315533,1003
2024-09-16 14:40:05.757,415.7513187672496,11
2024-09-16 14:40:05.785,415.7519489812461,6
2024-09-16 14:40:05.969,415.7460754577354,12
2024-09-16 14:40:06.017,415.8228374125593,998
2024-09-16 14:40:06.042,415.8008329950466,1005
2024-09-16 14:40:06.110,415.7133151946283,996
2024-09-16 14:40:06.125,415.81389250425536,97
2024-09-16 14:40:06.144,415.8492861448791,5
2024-09-16 14:40:06.217,415.8204221594872,11
2024-09-16 14:40:06.252,415.8022820891412,103
2024-09-16 14:40:06.313,415.748693458361,104
2024-09-16 14:40:06.330,-415.721711625381,104
2024-09-16 14:40:06.392,415.7253731347498,10
2024-09-16 14:40:06.407,415.7797813190788,11
2024-09-16 14:40:06.518,415.7578308941428,100
2024-09-16 14:40:06.563,415.8018975511895,10
2024-09-16 14:40:06.630,415.7506385393528,97
2024-09-16 14:40:06.635,415.8162059168792,5
2024-09-16 14:40:06.682,415.8081389870944,998
2024-09-16 14:40:06.683,415.7447043857214,99
2024-09-16 14:40:06.708,415.7453407842394,98
2024-09-16 14:40:06.714,415.7526003282165,96
2024-09-16 14:40:06.719,415.7845502799984,95
2024-09-16 14:40:06.766,415.7982368757607,1002
2024-09-16 14:40:06.911,415.7642254801014,103
2024-09-16 14:40:06.921,415.7269036606799,102
2024-09-16 14:40:07.064,415.8434558585043,105
2024-09-16 14:40:07.187,415.79845202208907,100
2024-09-16 14:40:07.436,415.79660469425454,1005
2024-09-16 14:40:07.478,415.800980188572,15
2024-09-16 14:40:07.617,415.8084650967206,12
2024-09-16 14:40:07.732,415.8023701644391,1001
2024-09-16 14:40:07.884,415.8097802471965,1002
2024-09-16 14:40:07.928,415.79366292195823,97
2024-09-16 14:40:07.943,415.8169521001785,6
2024-09-16 14:40:07.962,415.8068634584286,95
2024-09-16 14:40:08.001,415.7955319294326,14
2024-09-16 14:40:08.084,415.7563098160563,1002
2024-09-16 14:40:08.093,415.7626090215741,95
2024-09-16 14:40:08.133,415.7751868697568,103
2024-09-16 14:40:08.164,415.7706479383974,101
2024-09-16 14:40:08.198,415.7752908674076,13
2024-09-16 14:40:08.392,415.7933391575706,9
2024-09-16 14:40:08.549,415.7780432356851,10
2024-09-16 14:40:08.554,415.7795569897107,1000
2024-09-16 14:40:08.607,415.77618110517807,102
2024-09-16 14:40:08.693,415.7874562327688,1005
2024-09-16 14:40:08.836,415.79548279438814,1004
2024-09-16 14:40:09.086,415.7835675026628,996
2024-09-16 14:40:09.119,415.7847830587124,997
2024-09-16 14:40:09.293,415.7854819252439,10
2024-09-16 14:40:09.316,415.77356183446193,996
2024-09-16 14:40:09.444,415.7572387056711,100
2024-09-16 14:40:09.473,415.8189493803216,997
2024-09-16 14:40:09.636,415.805238475402,1005
2024-09-16 14:40:09.697,415.7729768950469,7
2024-09-16 14:40:09.851,415.7838444638293,5
2024-09-16 14:40:09.903,415.7635793331036,99
2024-09-16 14:40:09.905,415.7649447656004,1003
2024-09-16 14:40:10.020,415.80343410536994,1000
2024-09-16 14:40:10.308,415.79749184769696,997
2024-09-16 14:40:10.441,415.8033559096705,104
2024-09-16 14:40:10.523,415.8192521884161,996
2024-09-16 14:40:10.683,415.7995045449708,97
2024-09-16 14:40:10.719,415.785564618882,1004
2024-09-16 14:40:10.779,415.8073591269248,8
2024-09-16 14:40:10.887,415.8027511037869,105
2024-09-16 14:40:11.480,415.78789356212366,11
2024-09-16 14:40:11.501,415.7798114755991,997
2024-09-16 14:40:11.920,415.7865865336698,95
2024-09-16 14:40:12.109,415.819488903449,12
2024-09-16 14:40:12.706,415.8378703104566,97
2024-09-16 14:40:12.783,415.8145980986433,10
2024-09-16 14:40:12.790,415.8003579526632,14
2024-09-16 14:40:12.909,415.83961363861886,6
2024-09-16 14:40:12.921,415.822126221314,995
2024-09-16 14:40:13.077,415.8667680910541,1002
2024-09-16 14:40:13.108,415.8321944104164,104
2024-09-16 14:40:13.246,415.8512899025338,6
2024-09-16 14:40:13.249,415.8456264445088,996
2024-09-16 14:40:13.266,415.8387502628197,1002
2024-09-16 14:40:13.317,415.8479653121056,13
2024-09-16 14:40:13.366,415.8344824734184,998
2024-09-16 14:40:13.501,419.2901633140842,1000
2024-09-16 14:40:13.571,,10
2024-09-16 14:40:13.577,415.8784350178667,997
2024-09-16 14:40:13.577,415.84679417692206,101
2024-09-16 14:40:13.605,415.8858672190189,7
2024-09-16 14:40:13.701,415.8452953295483,98
2024-09-16 14:40:13.746,415.8383834551928,9
2024-09-16 14:40:13.782,415.8561594930955,1005
2024-09-16 14:40:13.782,415.8347483657195,997
2024-09-16 14:40:13.794,415.86291325548046,13
2024-09-16 14:40:13.798,415.88020348732925,6
2024-09-16 14:40:13.815,415.8424359257406,100
2024-09-16 14:40:13.816,415.8773626036228,101
2024-09-16 14:40:13.855,415.8491718243808,1004
2024-09-16 14:40:13.944,415.8483355710241,101
2024-09-16 14:40:13.989,415.8729590686805,97
2024-09-16 14:40:13.993,415.85422728630215,98
2024-09-16 14:40:14.050,415.8394634534199,105
2024-09-16 14:40:14.051,415.90675422005495,103
2024-09-16 14:40:14.133,415.8830884848533,1000
2024-09-16 14:40:14.133,415.8370833015431,997
2024-09-16 14:40:14.186,415.8630739034051,100
2024-09-16 14:40:14.224,415.84403439959743,5
2024-09-16 14:40:14.230,415.9107242677018,8
2024-09-16 14:40:14.235,415.90712685664994,15
2024-09-16 14:40:14.275,415.8925470660034,97
2024-09-16 14:40:14.330,415.9055526662413,96
2024-09-16 14:40:14.417,415.84657730654015,95
2024-09-16 14:40:14.428,415.85754485272986,1000
2024-09-16 14:40:14.463,-415.86275444870137,10
2024-09-16 14:40:14.540,415.82914180699424,96
2024-09-16 14:40:14.552,415.9078547408956,102
2024-09-16 14:40:14.587,415.8696096847365,996
2024-09-16 14:40:14.704,415.86742242269145,95
2024-09-16 14:40:14.728,415.8529672758951,5
2024-09-16 14:40:14.728,415.8363066475402,98
2024-09-16 14:40:14.746,415.8532211420416,1004
2024-09-16 14:40:14.781,415.85104594720303,997
2024-09-16 14:40:14.786,415.8509340931816,5
2024-09-16 14:40:14.801,415.8503265709268,11
2024-09-16 14:40:14.853,415.8525512454392,9
2024-09-16 14:40:14.939,415.82485698853895,7
2024-09-16 14:40:15.000,415.89275390971176,1004
2024-09-16 14:40:15.039,,7
2024-09-16 14:40:15.107,415.8122038501798,1005
2024-09-16 14:40:15.121,415.8236643007043,1001
2024-09-16 14:40:15.170,415.7813632656443,1002
2024-09-16 14:40:15.240,415.8201861478779,996
2024-09-16 14:40:15.259,415.8924672680157,12
2024-09-16 14:40:15.319,415.7872176179949,12
2024-09-16 14:40:15.334,415.81048299603816,104
2024-09-16 14:40:15.357,415.81083226625816,97
2024-09-16 14:40:15.595,415.8141167897801,11
2024-09-16 14:40:15.606,415.816467816261,8
2024-09-16 14:40:15.683,415.9084100976752,1000
2024-09-16 14:40:15.691,-415.8201900900637,102
2024-09-16 14:40:15.752,415.9087147089591,95
2024-09-16 14:40:15.756,415.8237628372166,11
2024-09-16 14:40:15.917,415.8811829258082,14
2024-09-16 14:40:15.922,415.798474615563,996
2024-09-16 14:40:15.930,415.7886270737537,99
2024-09-16 14:40:15.974,415.9002264174992,9
2024-09-16 14:40:15.999,415.8531202817507,95
2024-09-16 14:40:16.435,415.767309151715,96
2024-09-16 14:40:17.000,415.75011839556686,998
2024-09-16 14:40:17.097,415.7566386718789,6
2024-09-16 14:40:17.118,419.22430992262633,999
2024-09-16 14:40:17.413,415.7632190885356,13
2024-09-16 14:40:17.500,415.76764059781885,102
2024-09-16 14:40:17.677,415.75756451932745,996
2024-09-16 14:40:17.968,415.745743154279,105
2024-09-16 14:40:18.003,415.81394948004606,997
2024-09-16 14:40:18.038,415.7787806395666,95
2024-09-16 14:40:18.086,415.7982818500779,101
2024-09-16 14:40:18.130,415.7775282180484,10
2024-09-16 14:40:18.135,415.8107534739351,101
2024-09-16 14:40:18.147,415.8153238196441,10
2024-09-16 14:40:18.165,415.8390872187168,1003
2024-09-16 14:40:18.311,415.7953421394141,1004
2024-09-16 14:40:18.334,415.7856784571012,1002
2024-09-16 14:40:18.336,415.82721164149547,1005
2024-09-16 14:40:18.355,415.8072674476106,99
2024-09-16 14:40:18.384,41.58299424792,101
2024-09-16 14:40:18.396,415.8525385002358,1005
2024-09-16 14:40:18.403,415.7774227530269,103
2024-09-16 14:40:18.431,415.7833846065281,12
2024-09-16 14:40:18.487,41.57712014718189,103
2024-09-16 14:40:18.509,415.82220208351606,98
2024-09-16 14:40:18.532,415.80915508312654,12
2024-09-16 14:40:18.588,415.7793575090877,997
2024-09-16 14:40:18.634,415.81600748724986,997
2024-09-16 14:40:18.703,415.8567658081193,1004
2024-09-16 14:40:18.703,415.7860602816801,1003
2024-09-16 14:40:18.735,415.82939820133566,1004
2024-09-16 14:40:18.772,415.82549273679246,1000
2024-09-16 14:40:18.850,415.83778615574585,1003
2024-09-16 14:40:18.911,415.7799247036908,104
2024-09-16 14:40:18.914,415.80837113925287,996
2024-09-16 14:40:18.985,415.8254302331134,98
2024-09-16 14:40:19.123,415.7825048699236,996
2024-09-16 14:40:19.336,415.7573663771487,95
2024-09-16 14:40:19.420,415.76209258280215,5
2024-09-16 14:40:19.503,415.77137270270543,100
2024-09-16 14:40:19.530,415.789668046912,998
2024-09-16 14:40:19.551,415.74182966116126,11
2024-09-16 14:40:19.866,415.71187526818494,5
2024-09-16 14:40:19.961,415.7903252343857,1001
2024-09-16 14:40:20.281,415.68372290368205,999
2024-09-16 14:40:20.574,415.72701171737606,95
2024-09-16 14:40:20.599,415.70172386009807,1003
2024-09-16 14:40:20.878,415.71681325436987,14
2024-09-16 14:40:21.379,415.67703471625487,15
2024-09-16 14:40:21.427,415.6643995401006,996
2024-09-16 14:40:21.451,-415.6967916446919,99
2024-09-16 14:40:21.490,415.6831390720917,996
2024-09-16 14:40:21.548,415.6885651569884,998
2024-09-16 14:40:21.583,415.660735737298,15
2024-09-16 14:40:21.678,415.6790200480111,98
2024-09-16 14:40:21.712,415.6930264765176,995
2024-09-16 14:40:21.725,415.6962512319718,7
2024-09-16 14:40:21.727,415.7011486949291,6
2024-09-16 14:40:21.729,415.6878668950332,1003
2024-09-16 14:40:21.875,415.68485129030097,11
2024-09-16 14:40:21.877,415.6970037022902,1001
2024-09-16 14:40:21.963,415.6965091533808,10
2024-09-16 14:40:22.012,415.6654688273277,998
2024-09-16 14:40:22.061,415.631373906272,999
2024-09-16 14:40:22.077,415.6096967189442,8
2024-09-16 14:40:22.119,415.6280175790514,102
2024-09-16 14:40:22.140,415.6531519728874,1002
2024-09-16 14:40:22.150,419.10928769388806,1001
2024-09-16 14:40:22.167,415.6267781300239,12
2024-09-16 14:40:22.277,415.6091211757657,13
2024-09-16 14:40:22.301,415.6207125389312,9
2024-09-16 14:40:22.422,415.65950201154,100
2024-09-16 14:40:22.473,415.67058693812174,1001
2024-09-16 14:40:22.546,415.6306970310805,99
2024-09-16 14:40:22.642,415.63803351526747,98
2024-09-16 14:40:22.762,415.6133809820148,13
2024-09-16 14:40:22.891,415.6241572644377,98
2024-09-16 14:40:22.895,415.6327756117065,999
2024-09-16 14:40:22.904,415.6322809782959,12
2024-09-16 14:40:22.979,415.6242527739459,9
2024-09-16 14:40:23.376,415.6350200154885,105
2024-09-16 14:40:23.468,415.6040229334951,999
2024-09-16 14:40:23.651,415.6308386346174,1005
2024-09-16 14:40:24.094,415.61710407170216,11
2024-09-16 14:40:24.172,415.6191825769849,12
2024-09-16 14:40:24.233,415.6265371910886,7
2024-09-16 14:40:24.263,415.6061837237262,1003
2024-09-16 14:40:24.280,415.62307672820464,98
2024-09-16 14:40:24.296,415.6259437946858,96
2024-09-16 14:40:24.301,415.6121959498929,105
2024-09-16 14:40:24.355,415.61625817681033,1004
2024-09-16 14:40:24.499,415.6093359135321,14
2024-09-16 14:40:24.501,415.6158403185885,96
2024-09-16 14:40:24.520,415.6091838210902,12
2024-09-16 14:40:24.536,415.5957057004304,12
2024-09-16 14:40:24.598,415.6146715014481,102
2024-09-16 14:40:24.682,415.6189993602002,1003
2024-09-16 14:40:24.775,415.5916696943056,11
2024-09-16 14:40:24.929,415.6090682104849,5
2024-09-16 14:40:24.958,415.5808275149991,97
2024-09-16 14:40:25.013,415.69880293609685,1000
2024-09-16 14:40:25.065,415.69187172171,98
2024-09-16 14:40:25.101,415.694768722381,5
2024-09-16 14:40:25.128,415.6594693952727,99
2024-09-16 14:40:25.162,415.6820867093524,98
2024-09-16 14:40:25.163,415.6773510794888,105
2024-09-16 14:40:25.230,415.6422695819406,15
2024-09-16 14:40:25.249,415.6836085587258,95
2024-09-16 14:40:25.284,415.7295539268344,101
2024-09-16 14:40:25.306,415.6143483559422,9
2024-09-16 14:40:25.309,415.6877398356846,997
2024-09-16 14:40:25.375,415.6967929724855,1001
2024-09-16 14:40:25.469,415.64016041899646,99
2024-09-16 14:40:25.473,415.6834073300938,95
2024-09-16 14:40:25.523,415.7007644321325,10
2024-09-16 14:40:25.531,415.72563205685816,98
2024-09-16 14:40:25.543,415.71363942116886,997
2024-09-16 14:40:25.578,415.7380349002211,1001
2024-09-16 14:40:25.866,415.6754675412668,9
2024-09-16 14:40:26.019,415.8232916713646,97
2024-09-16 14:40:26.039,415.7732772777349,999
2024-09-16 14:40:26.051,415.7602679071096,14
2024-09-16 14:40:26.060,415.7843793626117,105
2024-09-16 14:40:26.076,415.7976462172877,996
2024-09-16 14:40:26.098,415.76377908745377,999
2024-09-16 14:40:26.171,415.80652480215815,99
2024-09-16 14:40:26.371,415.7886841651072,103
2024-09-16 14:40:26.384,415.7950017724059,1004
2024-09-16 14:40:26.412,415.80369037098086,1003
2024-09-16 14:40:26.428,415.7445861326512,105
2024-09-16 14:40:26.502,415.77419322171806,96
2024-09-16 14:40:26.502,415.7403052590768,1000
2024-09-16 14:40:26.521,415.7342418489821,15
2024-09-16 14:40:26.561,415.7393107538475,99
2024-09-16 14:40:26.609,415.7771202278576,9
2024-09-16 14:40:26.618,415.78878613279767,97
2024-09-16 14:40:26.643,415.737594989457,995
2024-09-16 14:40:26.685,415.74591188813525,99
2024-09-16 14:40:26.734,415.7814781796442,13
2024-09-16 14:40:26.804,415.7839804493945,15
2024-09-16 14:40:26.819,415.7778336645836,10
2024-09-16 14:40:26.819,418.9884119768688,1002
2024-09-16 14:40:26.916,415.8014516544303,998
2024-09-16 14:40:26.939,415.796025405946,1001
2024-09-16 14:40:26.988,415.7408371265389,95
2024-09-16 14:40:27.225,415.83474535813366,99
2024-09-16 14:40:27.281,415.8803964109776,5
2024-09-16 14:40:27.428,415.87733325948847,8
2024-09-16 14:40:27.469,415.8584765179041,96
2024-09-16 14:40:27.577,415.8332748971726,998
2024-09-16 14:40:27.767,415.8854892814172,103
2024-09-16 14:40:28.088,415.9159958225199,7
2024-09-16 14:40:28.140,415.87698450654136,1002
2024-09-16 14:40:28.151,415.8849752349036,100
2024-09-16 14:40:28.231,415.9392369023885,8
2024-09-16 14:40:28.258,415.94657029907097,100
2024-09-16 14:40:28.259,415.87934708426087,10
2024-09-16 14:40:28.293,415.9532709836152,12
2024-09-16 14:40:28.303,415.893371404705,997
2024-09-16 14:40:28.390,415.8892002540039,998
2024-09-16 14:40:28.396,415.89591723734975,996
2024-09-16 14:40:28.418,415.9094650271904,1001
2024-09-16 14:40:28.447,415.9707391575679,15
2024-09-16 14:40:28.557,415.9393414729208,998
2024-09-16 14:40:28.641,415.8834585252719,1001
2024-09-16 14:40:28.646,415.9352834149439,99
2024-09-16 14:40:28.703,415.9284642771301,7
2024-09-16 14:40:28.760,415.9111691788215,1001
2024-09-16 14:40:28.804,415.9452150524991,101
2024-09-16 14:40:28.818,415.86150525596,8
2024-09-16 14:40:28.833,415.9513419247923,1001
2024-09-16 14:40:28.839,415.9336641721483,104
2024-09-16 14:40:28.845,415.942072807039,1000
2024-09-16 14:40:28.917,415.9192397444242,11
2024-09-16 14:40:28.926,415.91101198486126,100
2024-09-16 14:40:28.956,415.9221651665646,1005
2024-09-16 14:40:29.073,416.0138411083298,996
2024-09-16 14:40:29.407,416.0190250749432,99
2024-09-16 14:40:29.470,415.9902015925876,98
2024-09-16 14:40:29.470,415.9775709596735,1001
2024-09-16 14:40:29.589,415.98891101255055,5
2024-09-16 14:40:29.935,416.0200701704299,95
2024-09-16 14:40:29.935,416.01306937012976,995
2024-09-16 14:40:30.022,415.9810454659425,14
2024-09-16 14:40:30.123,415.98770832403176,103
2024-09-16 14:40:30.125,41.59731534659767,998
2024-09-16 14:40:30.202,415.95639208989707,1004
2024-09-16 14:40:30.202,415.9571222270399,1003
2024-09-16 14:40:30.307,415.9729766889136,95
2024-09-16 14:40:30.359,415.9745197816934,995
2024-09-16 14:40:30.482,415.9714587411144,996
2024-09-16 14:40:30.567,415.9876453525747,100
2024-09-16 14:40:30.647,415.97653662242107,8
2024-09-16 14:40:30.701,415.9713085825697,1003
2024-09-16 14:40:30.760,415.979076914198,1002
2024-09-16 14:40:30.826,415.9736620698436,103
2024-09-16 14:40:30.855,415.9744419195291,97
2024-09-16 14:40:30.886,415.969743744732,11
2024-09-16 14:40:30.981,415.9758655751461,11
2024-09-16 14:40:31.006,415.9747715970154,997
2024-09-16 14:40:31.103,415.9600838443487,101
2024-09-16 14:40:31.125,416.0063289007738,95
2024-09-16 14:40:31.417,415.9923889535558,96
2024-09-16 14:40:31.455,415.9614881112214,995
2024-09-16 14:40:31.493,41.59670960277816,1003
2024-09-16 14:40:31.533,415.9951049827144,102
2024-09-16 14:40:31.550,415.94824484079646,998
2024-09-16 14:40:31.718,415.97819348246674,1002
2024-09-16 14:40:31.766,415.9889424357651,999
2024-09-16 14:40:31.768,415.9735439310509,5
2024-09-16 14:40:31.797,415.9593913601326,997
2024-09-16 14:40:32.035,415.876967036284,1000
2024-09-16 14:40:32.052,415.8885766190169,995
2024-09-16 14:40:32.089,415.881244682779,997
2024-09-16 14:40:32.243,415.8592428273158,11
2024-09-16 14:40:32.248,415.8461860698669,95
2024-09-16 14:40:32.308,415.8674404719555,1001
2024-09-16 14:40:32.326,415.9142002456976,1000
2024-09-16 14:40:32.378,415.8402325351303,999
2024-09-16 14:40:32.418,415.8944841096555,101
2024-09-16 14:40:32.432,415.868216158676,5
2024-09-16 14:40:32.444,415.8859862359661,997
2024-09-16 14:40:32.446,415.94365958093135,1005
2024-09-16 14:40:32.574,415.85071540634857,96
2024-09-16 14:40:32.584,415.8545824797415,105
2024-09-16 14:40:32.598,415.89324529864825,6
2024-09-16 14:40:32.633,415.85387900247184,1003
2024-09-16 14:40:32.651,415.89226743688215,102
2024-09-16 14:40:32.669,415.8948352032969,12
2024-09-16 14:40:32.733,415.85984402805104,1001
2024-09-16 14:40:32.769,415.90254386825393,101
2024-09-16 14:40:32.770,415.9464077189463,1000
2024-09-16 14:40:32.800,415.8949109805396,96
2024-09-16 14:40:32.842,415.88178978414646,95
2024-09-16 14:40:33.054,415.8457444091166,999
2024-09-16 14:40:33.075,415.9125158380821,1002
2024-09-16 14:40:33.189,415.88766814977873,999
2024-09-16 14:40:33.193,415.89217031172194,15
2024-09-16 14:40:33.198,415.8977418448976,1003
2024-09-16 14:40:33.204,415.8752008742598,5
2024-09-16 14:40:33.263,415.8441827774752,103
2024-09-16 14:40:33.279,415.90138168887296,1001
2024-09-16 14:40:33.315,415.8924704094503,1001
2024-09-16 14:40:33.368,415.8980404588696,102
2024-09-16 14:40:33.419,415.8684370217754,98
2024-09-16 14:40:33.422,415.8858507245277,11
2024-09-16 14:40:33.511,415.8644291812838,96
2024-09-16 14:40:33.524,415.8791515813687,996
2024-09-16 14:40:33.527,415.8693638683849,99
2024-09-16 14:40:33.642,415.8978048473112,96
2024-09-16 14:40:33.779,415.9138276117178,104
2024-09-16 14:40:33.837,415.9072743926704,104
2024-09-16 14:40:33.934,415.85869271939214,7
2024-09-16 14:40:33.944,415.8845626487458,996
2024-09-16 14:40:34.018,416.0465445810261,10
2024-09-16 14:40:34.046,415.9749385534632,102
2024-09-16 14:40:34.099,416.0724232868123,12
2024-09-16 14:40:34.121,415.9938926111168,12
2024-09-16 14:40:34.134,416.0726797314736,98
2024-09-16 14:40:34.147,416.0281863218456,1004
2024-09-16 14:40:34.172,416.0527924337972,98
2024-09-16 14:40:34.203,415.95016304105576,998
2024-09-16 14:40:34.232,416.0772442952269,1004
2024-09-16 14:40:34.291,416.07987032992696,98
2024-09-16 14:40:34.292,415.9540093693337,999
2024-09-16 14:40:34.306,415.9077820808639,102
2024-09-16 14:40:34.418,-416.0174266265212,13
2024-09-16 14:40:34.467,416.0279908267361,101
2024-09-16 14:40:34.471,415.9130309104923,15
2024-09-16 14:40:34.647,416.0854731439316,10
2024-09-16 14:40:34.706,415.9770068740065,998
2024-09-16 14:40:34.733,415.98164833699065,999
2024-09-16 14:40:34.830,416.0803525440424,998
2024-09-16 14:40:34.832,416.0516641416375,14
2024-09-16 14:40:34.834,416.0066991550064,999
2024-09-16 14:40:34.846,416.0651274174688,96
2024-09-16 14:40:34.914,416.0259118920309,8
2024-09-16 14:40:34.952,416.0939982441745,15
2024-09-16 14:40:34.965,416.02053006621577,14
2024-09-16 14:40:34.998,416.07328597932775,10
2024-09-16 14:40:34.998,416.05275865091136,6
2024-09-16 14:40:35.085,416.20608249922,1001
2024-09-16 14:40:35.087,416.1262129360851,14
2024-09-16 14:40:35.131,416.19343944241353,999
2024-09-16 14:40:35.183,416.2042593360057,1004
2024-09-16 14:40:35.260,416.1632760038834,13
2024-09-16 14:40:35.264,416.1717359643042,9
2024-09-16 14:40:35.342,416.0738445637788,103
2024-09-16 14:40:35.402,416.1855776931866,15
2024-09-16 14:40:35.419,416.07347389060914,9
2024-09-16 14:40:35.500,,100
2024-09-16 14:40:35.545,416.1883951824066,996
2024-09-16 14:40:35.654,416.1724145490713,6
2024-09-16 14:40:35.661,416.1759200848868,97
2024-09-16 14:40:35.693,416.1109370774861,96
2024-09-16 14:40:35.696,416.2038600543241,10
2024-09-16 14:40:35.711,416.1627574423122,9
2024-09-16 14:40:35.728,416.1412563428731,6
2024-09-16 14:40:35.743,416.190726985464,102
2024-09-16 14:40:35.768,416.1212578963186,1005
2024-09-16 14:40:35.790,416.0925602321364,999
2024-09-16 14:40:35.960,416.1469482471626,997
2024-09-16 14:40:35.970,-416.1946872288236,14
2024-09-16 14:40:36.024,416.1738482808947,1002
2024-09-16 14:40:36.183,416.1449288504214,995
2024-09-16 14:40:36.322,416.1520513066256,8
2024-09-16 14:40:36.330,416.1752914065961,6
2024-09-16 14:40:36.373,416.18461515551496,8
2024-09-16 14:40:36.622,416.1379533061914,9
2024-09-16 14:40:36.729,416.1417583282069,98
2024-09-16 14:40:36.833,416.12598155622993,103
2024-09-16 14:40:36.888,416.1662814117461,10
2024-09-16 14:40:36.958,416.17136657855,11
2024-09-16 14:40:37.013,41.62235314113808,15
2024-09-16 14:40:37.086,416.2152955098816,99
2024-09-16 14:40:37.102,416.1545995540524,1005
2024-09-16 14:40:37.139,416.1348178099579,97
2024-09-16 14:40:37.231,416.2171883218799,996
2024-09-16 14:40:37.323,416.2353059187613,14
2024-09-16 14:40:37.329,416.18875498021663,96
2024-09-16 14:40:37.353,416.2078799024045,12
2024-09-16 14:40:37.472,416.2327323575736,6
2024-09-16 14:40:37.484,416.1508416589278,14
2024-09-16 14:40:37.587,416.2051472441252,98
2024-09-16 14:40:37.607,416.2100104347377,14
2024-09-16 14:40:37.632,416.212940622193,100
2024-09-16 14:40:37.639,416.1489922864485,100
2024-09-16 14:40:37.669,416.20799618103246,995
2024-09-16 14:40:37.670,416.2144779785062,1000
2024-09-16 14:40:37.794,416.1861812251389,104
2024-09-16 14:40:37.798,416.2132588526576,997
2024-09-16 14:40:37.810,416.17899479267135,1002
2024-09-16 14:40:37.825,416.2024496549791,104
2024-09-16 14:40:37.855,416.20265483757214,1003
2024-09-16 14:40:37.858,416.2150882414708,104
2024-09-16 14:40:37.899,416.2154019904312,999
2024-09-16 14:40:37.979,416.1688851213784,1005
2024-09-16 14:40:37.992,416.2052691395247,998
2024-09-16 14:40:39.950,416.19612002655134,1004
2024-09-16 14:40:40.024,416.2111340927341,997
2024-09-16 14:40:40.140,416.15654736098094,1004
2024-09-16 14:40:40.240,416.2196509413535,95
2024-09-16 14:40:40.407,416.1634180048563,1002
2024-09-16 14:40:40.418,416.23330873674576,1003
2024-09-16 14:40:40.570,416.2398681316981,997
2024-09-16 14:40:40.661,416.2267350558097,13
2024-09-16 14:40:40.751,416.2551404665348,1001
2024-09-16 14:40:40.757,416.24134627246167,104
2024-09-16 14:40:40.794,416.210610053292,8
2024-09-16 14:40:40.830,416.2305140533995,5
2024-09-16 14:40:40.866,416.14567184432406,8
2024-09-16 14:40:40.903,416.229595690378,10
2024-09-16 14:40:40.959,416.2270485604421,95
2024-09-16 14:40:40.965,416.1852355836858,999
2024-09-16 14:40:41.053,416.096866176005,101
2024-09-16 14:40:41.111,416.1032849551248,996
2024-09-16 14:40:41.614,419.18010407082096,104
2024-09-16 14:40:41.717,416.0910145967915,11
2024-09-16 14:40:41.766,416.1331289888229,998
2024-09-16 14:40:42.034,416.0818178233611,96
2024-09-16 14:40:42.040,,1001
2024-09-16 14:40:42.067,416.1158430088445,9
2024-09-16 14:40:42.094,416.0715828347337,14
2024-09-16 14:40:42.098,416.0920997189817,12
2024-09-16 14:40:42.139,416.087222729263,999
2024-09-16 14:40:42.192,416.074629790884,996
2024-09-16 14:40:42.193,416.0958210820432,1004
2024-09-16 14:40:42.235,416.0849238895586,103
2024-09-16 14:40:42.265,416.0761653715071,100
2024-09-16 14:40:42.282,416.08691175190313,104
2024-09-16 14:40:42.335,416.0944725054859,998
2024-09-16 14:40:42.455,416.0794037309687,101
2024-09-16 14:40:42.490,416.0843328312831,105
2024-09-16 14:40:42.520,416.1176042759853,1005
2024-09-16 14:40:42.546,416.0823768595842,9
2024-09-16 14:40:42.577,416.0940041225472,1004
2024-09-16 14:40:42.607,41.60544235216221,1000
2024-09-16 14:40:42.658,416.1120907016277,1004
2024-09-16 14:40:42.701,416.1222000597877,100
2024-09-16 14:40:42.711,416.0674727121558,1000
2024-09-16 14:40:42.747,416.0739848709688,101
2024-09-16 14:40:42.756,416.1043013015975,1002
2024-09-16 14:40:42.761,416.111128666946,11
2024-09-16 14:40:42.774,416.1019678389691,997
2024-09-16 14:40:42.778,416.1101357791806,8
2024-09-16 14:40:42.807,416.0901907609172,96
2024-09-16 14:40:42.863,416.11403541285017,11
2024-09-16 14:40:42.995,416.0935686153359,14
2024-09-16 14:40:43.010,416.0746372594409,12
2024-09-16 14:40:43.068,416.1153863212112,8
2024-09-16 14:40:43.073,416.1183788518736,98
2024-09-16 14:40:43.105,416.1267197781352,9
2024-09-16 14:40:43.186,416.11348660122536,1001
2024-09-16 14:40:43.191,416.1264776801141,1001
2024-09-16 14:40:43.196,416.112501841252,9
2024-09-16 14:40:43.242,416.0948495188801,996
2024-09-16 14:40:43.247,416.0901031381183,1002
2024-09-16 14:40:43.276,416.1001212731836,1003
2024-09-16 14:40:43.295,416.07140962950086,96
2024-09-16 14:40:43.314,416.1107154003526,98
2024-09-16 14:40:43.351,416.063792227978,8
2024-09-16 14:40:43.382,416.1002361001797,13
2024-09-16 14:40:43.450,416.0884774607052,999
2024-09-16 14:40:43.463,416.0992869695827,7
2024-09-16 14:40:43.496,416.09734963547487,1001
2024-09-16 14:40:43.497,416.1168624919631,96
2024-09-16 14:40:43.556,416.1136090156061,1005
2024-09-16 14:40:43.611,416.0955641131255,1000
2024-09-16 14:40:43.661,416.0862119305176,95
2024-09-16 14:40:43.704,416.12707186202505,998
2024-09-16 14:40:43.717,416.0892030912871,1002
2024-09-16 14:40:43.779,416.0832263525565,1000
2024-09-16 14:40:43.792,416.1046090858211,96
2024-09-16 14:40:43.857,416.1102891163817,10
2024-09-16 14:40:43.867,416.12162385969873,12
2024-09-16 14:40:43.912,416.1164441253504,1003
2024-09-16 14:40:43.950,416.08211058684594,15
2024-09-16 14:40:44.223,416.1495704177703,15
2024-09-16 14:40:44.258,416.161450695975,103
2024-09-16 14:40:44.384,416.1223622261304,12
2024-09-16 14:40:44.964,416.14514631600633,100
2024-09-16 14:40:44.995,41.61246085177186,997
2024-09-16 14:40:45.032,416.1779163205169,15
2024-09-16 14:40:45.040,416.1446185736965,995
2024-09-16 14:40:45.160,416.1582679444629,5
2024-09-16 14:40:45.280,416.13123761992745,998
2024-09-16 14:40:45.325,416.1451173907676,98
2024-09-16 14:40:45.341,416.1716345707776,105
2024-09-16 14:40:45.360,416.1610102176083,102
2024-09-16 14:40:45.366,416.1734177747227,998
2024-09-16 14:40:45.372,416.1558088353924,14
2024-09-16 14:40:45.399,416.1781826357888,101
2024-09-16 14:40:45.505,416.15916895787234,995
2024-09-16 14:40:45.508,416.1544238157263,997
2024-09-16 14:40:45.560,416.15460510102633,104
2024-09-16 14:40:45.595,416.168368708603,11
2024-09-16 14:40:45.603,416.1739379780631,998
2024-09-16 14:40:45.623,416.1539303028581,99
2024-09-16 14:40:45.637,416.1662806244519,999
2024-09-16 14:40:45.665,416.1551570113279,1001
2024-09-16 14:40:45.761,416.1813853011138,1000
2024-09-16 14:40:45.807,416.1537818697587,14
2024-09-16 14:40:45.835,416.1690686614232,101
2024-09-16 14:40:45.883,416.1742291740514,97
2024-09-16 14:40:45.900,416.15734847499897,995
2024-09-16 14:40:45.902,416.1459322260353,1003
2024-09-16 14:40:46.087,416.06139881996194,11
2024-09-16 14:40:46.130,416.0838832260348,5
2024-09-16 14:40:46.137,416.0866556532906,14
2024-09-16 14:40:46.188,416.0622922059689,999
2024-09-16 14:40:46.242,416.05746238485744,14
2024-09-16 14:40:46.251,416.08984242213273,10
2024-09-16 14:40:46.260,416.1283780458336,101
2024-09-16 14:40:46.272,416.0712854923684,1001
2024-09-16 14:40:46.394,416.0712105390575,12
2024-09-16 14:40:46.435,416.060465294658,6
2024-09-16 14:40:46.454,416.1244717628841,99
2024-09-16 14:40:46.484,416.11473243059,97
2024-09-16 14:40:46.489,416.0662294577011,7
2024-09-16 14:40:46.602,416.10979115182994,14
2024-09-16 14:40:46.614,416.1037534053029,9
2024-09-16 14:40:46.632,416.1057783685016,98
2024-09-16 14:40:46.714,416.06344084115887,15
2024-09-16 14:40:46.726,416.1221893908201,7
2024-09-16 14:40:46.739,416.0643294436186,996
2024-09-16 14:40:46.795,416.11110819247375,8
2024-09-16 14:40:46.808,416.10314612119714,103
2024-09-16 14:40:46.880,416.0631855272823,102
2024-09-16 14:40:46.892,416.097081266788,101
2024-09-16 14:40:46.905,416.1155624969935,1003
2024-09-16 14:40:47.027,416.1134266747881,101
2024-09-16 14:40:47.058,416.14046068751645,999
2024-09-16 14:40:47.215,416.1199354943383,7
2024-09-16 14:40:47.222,416.1316890537792,1004
2024-09-16 14:40:47.256,416.1034290785311,996
2024-09-16 14:40:47.296,416.12417990478457,996
2024-09-16 14:40:47.308,416.1297854549292,1000
2024-09-16 14:40:47.329,416.141516655495,1002
2024-09-16 14:40:47.374,416.0851794510905,1000
2024-09-16 14:40:47.395,416.1188966945693,104
2024-09-16 14:40:47.414,416.1444439709408,100
2024-09-16 14:40:47.584,416.130947950038,96
2024-09-16 14:40:47.619,416.15681531863663,7
2024-09-16 14:40:47.637,416.16040688611264,997
2024-09-16 14:40:47.655,416.1372392747068,998
2024-09-16 14:40:47.656,416.1420773053897,102
2024-09-16 14:40:47.663,416.1393561134388,5
2024-09-16 14:40:47.679,416.146944411206,1005
2024-09-16 14:40:47.691,416.1407654975458,1003
2024-09-16 14:40:47.703,416.1147320447237,95
2024-09-16 14:40:47.895,416.1349917593328,15
2024-09-16 14:40:47.925,416.091366494768,1003
2024-09-16 14:40:48.121,416.1205903349182,1001
2024-09-16 14:40:48.125,416.10741122221634,1004
2024-09-16 14:40:48.265,416.1041507039652,103
2024-09-16 14:40:48.312,416.1388540451542,100
2024-09-16 14:40:48.597,416.1111196765164,9
2024-09-16 14:40:48.826,416.1291538643386,7
2024-09-16 14:40:49.062,416.12166009715634,10
2024-09-16 14:40:49.166,416.1222816999042,11
2024-09-16 14:40:49.173,416.1398355943433,95
2024-09-16 14:40:49.176,416.12777780172274,999
2024-09-16 14:40:49.181,416.1202095795884,15
2024-09-16 14:40:49.210,416.1123927740246,1002
2024-09-16 14:40:49.221,416.1052197893815,101
2024-09-16 14:40:49.243,416.1408118850618,995
2024-09-16 14:40:49.258,416.1022283883482,6
2024-09-16 14:40:49.311,416.1211262283524,1004
2024-09-16 14:40:49.493,416.1415030472842,1001
2024-09-16 14:40:49.562,416.1187059199638,1004
2024-09-16 14:40:49.635,416.0924985097281,1000
2024-09-16 14:40:49.639,416.1306170747112,7
2024-09-16 14:40:49.681,416.108432390885,9
2024-09-16 14:40:49.694,,6
2024-09-16 14:40:49.738,,5
2024-09-16 14:40:49.751,416.1342250160491,1004
2024-09-16 14:40:49.770,416.0939013342126,997
2024-09-16 14:40:49.772,416.14027953527625,101
2024-09-16 14:40:49.845,416.1304280558305,997
2024-09-16 14:40:49.887,416.12227861611154,14
2024-09-16 14:40:49.905,416.12487571518943,12
2024-09-16 14:40:49.926,416.1197384071191,1005
2024-09-16 14:40:49.964,416.0995805298765,105
2024-09-16 14:40:49.968,416.142447740253,996
2024-09-16 14:40:49.987,416.129280191893,996
2024-09-16 14:40:50.012,416.1700399288628,96
2024-09-16 14:40:50.050,416.160919446189,11
2024-09-16 14:40:50.104,416.1974697897945,98
2024-09-16 14:40:50.178,416.1710037734555,100
2024-09-16 14:40:50.209,416.1465577894471,9
2024-09-16 14:40:50.218,416.1344354655386,998
2024-09-16 14:40:50.331,416.1729051496671,103
2024-09-16 14:40:50.438,416.1402557268757,9
2024-09-16 14:40:50.600,416.1649986023261,101
2024-09-16 14:40:50.638,416.18426658334914,998
2024-09-16 14:40:50.678,416.1784399806386,105
2024-09-16 14:40:50.685,416.1447276243529,12
2024-09-16 14:40:50.767,416.17869184258177,14
2024-09-16 14:40:50.785,416.1696322677142,1002
2024-09-16 14:40:50.798,416.1742627577396,998
2024-09-16 14:40:50.800,416.1766762033642,1005
2024-09-16 14:40:50.812,,11
2024-09-16 14:40:50.848,416.1613032067743,995
2024-09-16 14:40:50.930,416.18714372499016,97
2024-09-16 14:40:50.935,416.1643051116114,10
2024-09-16 14:40:51.007,416.1650815082693,995
2024-09-16 14:40:51.107,416.13234389411537,99
2024-09-16 14:40:51.154,416.1312112140749,104
2024-09-16 14:40:51.207,416.1655987331786,13
2024-09-16 14:40:51.210,416.1758239543959,998
2024-09-16 14:40:51.232,416.1323676294305,995
2024-09-16 14:40:51.252,416.1736433638461,13
2024-09-16 14:40:51.356,416.1325683575293,97
2024-09-16 14:40:51.373,416.1463643337091,98
2024-09-16 14:40:51.504,416.164307101722,1000
2024-09-16 14:40:51.529,416.12369573291954,1001
2024-09-16 14:40:51.551,416.1563026971789,1002
2024-09-16 14:40:51.571,416.17048842633847,999
2024-09-16 14:40:51.591,416.12879393956194,12
2024-09-16 14:40:51.602,416.1351844882641,98
2024-09-16 14:40:51.606,416.1281475740911,13
2024-09-16 14:40:51.639,-416.1825604959764,101
2024-09-16 14:40:51.701,416.14201320443806,1003
2024-09-16 14:40:51.750,416.1194384438423,5
2024-09-16 14:40:51.750,416.1566563144751,11
2024-09-16 14:40:51.782,416.1013926315149,997
2024-09-16 14:40:51.785,416.15596751691214,97
2024-09-16 14:40:51.856,416.1580299965746,5
2024-09-16 14:40:51.880,416.1468120739583,7
2024-09-16 14:40:51.888,416.1209941472203,15
2024-09-16 14:40:51.890,416.153308745738,103
2024-09-16 14:40:51.951,416.1497097776536,996
2024-09-16 14:40:51.958,416.1715398942239,7
2024-09-16 14:40:52.048,416.1137899042285,1002
2024-09-16 14:40:52.154,416.1312750718413,100
2024-09-16 14:40:52.172,416.1272129765052,997
2024-09-16 14:40:52.186,416.1253303590106,1003
2024-09-16 14:40:52.197,416.11412012370187,1003
2024-09-16 14:40:52.264,416.07893682034273,98
2024-09-16 14:40:52.277,416.0625660594189,9
2024-09-16 14:40:52.414,416.114864148894,995
2024-09-16 14:40:52.493,416.0785707412216,1001
2024-09-16 14:40:52.502,416.1199993536288,96
2024-09-16 14:40:52.641,416.1013826937833,99
2024-09-16 14:40:52.695,416.0795432130511,12
2024-09-16 14:40:52.740,416.1424390597277,9
2024-09-16 14:40:52.863,416.1326660157772,97
2024-09-16 14:40:53.052,416.0933900822868,1000
2024-09-16 14:40:53.128,416.04648457735743,1000
2024-09-16 14:40:53.143,416.0789754239988,99
2024-09-16 14:40:53.324,416.08373271238224,101
2024-09-16 14:40:53.331,416.0595858519464,1005
2024-09-16 14:40:53.360,416.0881766140004,996
2024-09-16 14:40:53.410,416.0514404282556,13
2024-09-16 14:40:53.417,416.07597632145496,5
2024-09-16 14:40:53.431,416.0641588801909,101
2024-09-16 14:40:53.597,416.0721245125316,15
2024-09-16 14:40:53.600,416.070646809014,12
2024-09-16 14:40:53.622,416.0644589921973,12
2024-09-16 14:40:53.676,416.1026813811856,5
2024-09-16 14:40:53.713,416.05192421437175,14
2024-09-16 14:40:53.765,416.0415047121422,14
2024-09-16 14:40:53.939,416.0475027914294,996
2024-09-16 14:40:53.948,416.0790708397361,11
2024-09-16 14:40:53.965,416.0292584296988,96
2024-09-16 14:40:54.035,416.0383705954183,7
2024-09-16 14:40:54.120,416.0442350944404,1001
2024-09-16 14:40:54.120,416.0252025213624,14
2024-09-16 14:40:54.238,-416.04788867462656,13
2024-09-16 14:40:54.261,416.0307731451839,103
2024-09-16 14:40:54.271,416.0128136619848,98
2024-09-16 14:40:54.391,416.0423441975947,1001
2024-09-16 14:40:54.401,416.0297903531856,997
2024-09-16 14:40:54.454,41.605670144590654,13
2024-09-16 14:40:54.483,416.05340545438224,1004
2024-09-16 14:40:54.627,416.0480230932955,104
2024-09-16 14:40:54.631,-416.0295029281589,1005
2024-09-16 14:40:54.676,416.0270945403067,96
2024-09-16 14:40:54.949,416.0454579166346,95
2024-09-16 14:40:54.965,416.0392037481224,1001
2024-09-16 14:40:55.022,416.0427095657173,104
2024-09-16 14:40:55.030,416.03289991686574,6
2024-09-16 14:40:55.069,416.0510912197384,12
2024-09-16 14:40:55.069,416.0168793913888,11
2024-09-16 14:40:55.089,416.03150696710975,99
2024-09-16 14:40:55.089,416.0459571387884,9
2024-09-16 14:40:55.135,416.0311505082076,14
2024-09-16 14:40:55.184,41.60488377139191,105
2024-09-16 14:40:55.211,416.0399849056215,15
2024-09-16 14:40:55.306,416.0383595670931,104
2024-09-16 14:40:55.348,416.0403686632927,1004
2024-09-16 14:40:55.364,416.0443582489233,98
2024-09-16 14:40:55.382,419.27568510882,103
2024-09-16 14:40:55.411,,8
2024-09-16 14:40:55.470,416.02721470631,11
2024-09-16 14:40:55.513,416.0439607189394,1002
2024-09-16 14:40:55.532,416.0322258277394,102
2024-09-16 14:40:55.540,416.03133036437225,101
2024-09-16 14:40:55.566,416.04503412072046,103
2024-09-16 14:40:55.592,416.04456481484334,1005
2024-09-16 14:40:55.602,416.0491907659712,995
2024-09-16 14:40:55.637,416.054710796755,95
2024-09-16 14:40:55.940,416.0438926106279,1002
2024-09-16 14:40:55.967,416.0317518420199,103
2024-09-16 14:40:55.996,416.05444884183424,11
2024-09-16 14:40:56.052,41.59977841875022,104
2024-09-16 14:40:56.124,416.0048021984392,15
2024-09-16 14:40:56.253,416.0248219656186,14
2024-09-16 14:40:56.262,416.0109416101744,103
2024-09-16 14:40:56.628,416.0390596693165,104
2024-09-16 14:40:56.695,416.0162505341856,6
2024-09-16 14:40:56.721,416.0154556378602,1004
2024-09-16 14:40:56.734,416.00867567719234,10
2024-09-16 14:40:56.753,416.00227942166174,104
2024-09-16 14:40:56.819,416.0117140240097,103
2024-09-16 14:40:56.861,415.9938188885248,997
2024-09-16 14:40:56.867,416.04440551285904,11
2024-09-16 14:40:56.918,419.3235637650472,1003
2024-09-16 14:40:57.276,416.0444725131361,15
2024-09-16 14:40:57.431,416.0397604321116,10
2024-09-16 14:40:57.433,416.00493531365777,995
2024-09-16 14:40:57.673,416.00846853257264,103
2024-09-16 14:40:58.213,416.02443809409993,10
2024-09-16 14:40:58.416,416.046923669969,14
2024-09-16 14:40:59.675,415.9923431766651,105
2024-09-16 14:40:59.964,415.998750117362,1000
