Timestamp,Price,Size
2024-09-17 15:27:00.011,408.2708993345272,12
2024-09-17 15:27:00.012,408.2751301528162,997
2024-09-17 15:27:00.027,408.2626424289596,10
2024-09-17 15:27:00.049,408.25560535399313,98
2024-09-17 15:27:00.067,408.2694116598183,8
2024-09-17 15:27:00.179,408.2509021451141,97
2024-09-17 15:27:00.233,408.2584989608615,99
2024-09-17 15:27:00.289,408.2467992459072,5
2024-09-17 15:27:00.309,408.2397055313035,102
2024-09-17 15:27:00.339,408.2513740580019,105
2024-09-17 15:27:00.353,408.2575190785703,104
2024-09-17 15:27:00.401,408.2542887171341,105
2024-09-17 15:27:00.649,408.2672450415801,10
2024-09-17 15:27:00.661,408.26967056724607,5
2024-09-17 15:27:00.891,408.2770462841843,5
2024-09-17 15:27:00.907,408.24567202383673,101
2024-09-17 15:27:01.015,408.2965421708341,1001
2024-09-17 15:27:01.158,408.2532996325532,104
2024-09-17 15:27:01.165,408.2580639140039,97
2024-09-17 15:27:01.272,408.2602950778149,105
2024-09-17 15:27:01.289,408.29619476722473,1002
2024-09-17 15:27:01.348,408.2889180630383,10
2024-09-17 15:27:01.374,408.2791617821328,13
2024-09-17 15:27:01.394,408.2708734872467,104
2024-09-17 15:27:01.417,408.2738550857414,101
2024-09-17 15:27:01.459,408.2947782932503,1003
2024-09-17 15:27:01.517,408.258288939324,101
2024-09-17 15:27:01.534,408.2878500125444,1000
2024-09-17 15:27:01.601,408.2538406458692,101
2024-09-17 15:27:01.602,408.2651012537288,97
2024-09-17 15:27:01.659,408.2602302795387,1002
2024-09-17 15:27:01.678,408.3049841690191,99
2024-09-17 15:27:01.762,408.27155718701846,5
2024-09-17 15:27:01.823,408.2597961460139,101
2024-09-17 15:27:01.837,408.2465266333942,6
2024-09-17 15:27:01.907,408.257039591428,105
2024-09-17 15:27:02.051,408.2079069133531,13
2024-09-17 15:27:02.235,408.2495266718858,1000
2024-09-17 15:27:02.271,408.2191732541919,15
2024-09-17 15:27:02.312,408.2137279372956,105
2024-09-17 15:27:02.335,408.226090452899,1002
2024-09-17 15:27:02.457,408.2426503429526,996
2024-09-17 15:27:02.507,408.239169564034,98
2024-09-17 15:27:02.532,408.2415391234397,996
2024-09-17 15:27:02.554,408.2364009519358,1003
2024-09-17 15:27:02.594,408.2367197898573,998
2024-09-17 15:27:02.664,408.25709315461006,101
2024-09-17 15:27:02.824,408.2078831147901,995
2024-09-17 15:27:02.990,-408.2096022986933,1001
2024-09-17 15:27:03.061,408.31376439448206,14
2024-09-17 15:27:03.188,408.30796091220645,1005
2024-09-17 15:27:03.220,408.32172201430615,13
2024-09-17 15:27:03.314,408.2493320662482,97
2024-09-17 15:27:03.316,408.3197383567722,5
2024-09-17 15:27:03.355,408.2660081269424,95
2024-09-17 15:27:03.378,408.3302468177076,5
2024-09-17 15:27:03.406,408.268741196708,102
2024-09-17 15:27:03.417,408.28936051611095,98
2024-09-17 15:27:03.422,408.2583814328515,8
2024-09-17 15:27:03.432,408.3193324754523,97
2024-09-17 15:27:03.499,408.2815723211582,995
2024-09-17 15:27:03.500,408.2697002742182,104
2024-09-17 15:27:03.532,408.2493471637807,98
2024-09-17 15:27:03.553,408.2705229724172,99
2024-09-17 15:27:03.621,408.3135330021966,1002
2024-09-17 15:27:03.658,408.2998766841646,99
2024-09-17 15:27:03.853,408.2999881191424,11
2024-09-17 15:27:03.912,408.24855398437927,97
2024-09-17 15:27:03.913,408.3158074160866,97
2024-09-17 15:27:03.936,408.2538798217871,100
2024-09-17 15:27:03.937,408.3370788123934,10
2024-09-17 15:27:03.957,408.2455392362804,6
2024-09-17 15:27:03.966,408.2560603125322,1001
2024-09-17 15:27:04.195,408.28357647543663,99
2024-09-17 15:27:05.047,408.2952475573152,1003
2024-09-17 15:27:05.069,408.2795939386758,9
2024-09-17 15:27:05.215,408.2828591956148,99
2024-09-17 15:27:05.342,408.3009898678645,13
2024-09-17 15:27:05.442,408.2859375462319,1000
2024-09-17 15:27:05.443,408.2912471178942,14
2024-09-17 15:27:05.490,408.29717604525473,999
2024-09-17 15:27:05.499,408.30178200792295,102
2024-09-17 15:27:05.576,408.28407894273215,101
2024-09-17 15:27:05.581,408.2962460060339,1000
2024-09-17 15:27:05.663,408.29394940231816,13
2024-09-17 15:27:05.714,408.2852084047265,996
2024-09-17 15:27:05.806,408.2819365695679,1003
2024-09-17 15:27:05.911,40.8287810472254,102
2024-09-17 15:27:06.112,408.2930915028386,105
2024-09-17 15:27:06.194,408.2709237588216,9
2024-09-17 15:27:06.248,408.2811391262623,104
2024-09-17 15:27:06.256,414.0356000854796,11
2024-09-17 15:27:06.510,408.27962857494566,101
2024-09-17 15:27:06.704,408.2550712636192,6
2024-09-17 15:27:06.737,413.98562828738073,995
2024-09-17 15:27:06.763,408.2702639220987,11
2024-09-17 15:27:06.952,408.2542652954165,995
2024-09-17 15:27:07.044,408.2960685839944,995
2024-09-17 15:27:07.199,408.25454745530266,99
2024-09-17 15:27:07.271,408.2486886506984,105
2024-09-17 15:27:07.327,408.26324020457855,5
2024-09-17 15:27:07.358,,103
2024-09-17 15:27:07.477,408.25901670870576,5
2024-09-17 15:27:07.477,408.2679335643468,104
2024-09-17 15:27:07.480,408.2195668393616,95
2024-09-17 15:27:07.486,408.2655581919897,995
2024-09-17 15:27:07.566,408.25680550803565,998
2024-09-17 15:27:07.593,408.26123607385387,8
2024-09-17 15:27:07.717,408.2638596388167,1001
2024-09-17 15:27:07.830,408.2770595557096,6
2024-09-17 15:27:07.847,408.26159507905095,103
2024-09-17 15:27:07.934,408.2118097442979,12
2024-09-17 15:27:08.303,408.2155973129898,105
2024-09-17 15:27:08.573,408.2351376992141,6
2024-09-17 15:27:09.037,408.2228798515826,105
2024-09-17 15:27:09.135,408.2782942532269,1004
2024-09-17 15:27:09.266,408.2720362963984,100
2024-09-17 15:27:09.311,408.2526190346128,11
2024-09-17 15:27:09.316,408.2419583114857,1002
2024-09-17 15:27:09.356,408.26719904162206,5
2024-09-17 15:27:09.399,408.253654061022,11
2024-09-17 15:27:09.416,408.2648154672876,996
2024-09-17 15:27:09.443,408.2429830277159,5
2024-09-17 15:27:09.448,408.2553868423097,11
2024-09-17 15:27:09.466,408.2394386990046,98
2024-09-17 15:27:09.491,408.2561652889439,14
2024-09-17 15:27:09.528,408.257342857901,8
2024-09-17 15:27:09.562,408.2614143621338,97
2024-09-17 15:27:09.609,408.22545545877625,5
2024-09-17 15:27:09.643,408.2405840180468,1005
2024-09-17 15:27:09.664,408.25228803385386,13
2024-09-17 15:27:09.679,408.2624856134473,15
2024-09-17 15:27:09.708,408.24133399005535,105
2024-09-17 15:27:09.744,40.823688814814176,104
2024-09-17 15:27:09.821,408.2470986227659,105
2024-09-17 15:27:09.831,408.23966649973806,995
2024-09-17 15:27:09.975,408.2645807046831,1000
2024-09-17 15:27:10.060,408.27539558598255,101
2024-09-17 15:27:10.089,408.3589582761228,998
2024-09-17 15:27:10.126,408.3348869554015,999
2024-09-17 15:27:10.155,408.3375619718578,99
2024-09-17 15:27:10.169,408.2771657024404,9
2024-09-17 15:27:10.264,408.3212933563519,102
2024-09-17 15:27:10.293,408.3405972394984,998
2024-09-17 15:27:10.457,408.36715393518296,996
2024-09-17 15:27:10.525,408.3621425236487,5
2024-09-17 15:27:10.528,408.3260908290449,104
2024-09-17 15:27:10.562,408.3317679242091,96
2024-09-17 15:27:10.575,408.3653700498389,1005
2024-09-17 15:27:10.593,408.333294178784,14
2024-09-17 15:27:10.667,408.3522217911556,104
2024-09-17 15:27:10.819,408.373342661733,1000
2024-09-17 15:27:10.826,408.3758598283903,999
2024-09-17 15:27:10.833,408.31916881409967,1005
2024-09-17 15:27:10.929,408.2939479906682,102
2024-09-17 15:27:10.932,408.3403521219394,102
2024-09-17 15:27:11.005,408.28571933446017,103
2024-09-17 15:27:11.033,408.3074480886982,996
2024-09-17 15:27:11.042,408.3379274436196,100
2024-09-17 15:27:11.049,408.3027869414683,10
2024-09-17 15:27:11.099,408.3506612022469,998
2024-09-17 15:27:11.158,408.29827789104905,999
2024-09-17 15:27:11.252,408.2868695773269,1001
2024-09-17 15:27:11.398,408.2963646695832,12
2024-09-17 15:27:11.441,408.3538022073485,998
2024-09-17 15:27:11.468,408.30451054671175,95
2024-09-17 15:27:11.597,408.30197995811903,9
2024-09-17 15:27:11.636,408.3120199925367,104
2024-09-17 15:27:11.685,408.2737707193488,103
2024-09-17 15:27:11.792,408.30551314569146,998
2024-09-17 15:27:11.807,408.3055466120685,104
2024-09-17 15:27:11.856,408.3335766108006,100
2024-09-17 15:27:11.937,408.31069030662616,8
2024-09-17 15:27:11.955,408.33210834193096,1005
2024-09-17 15:27:11.993,408.3078408676678,11
2024-09-17 15:27:12.107,408.23283069030776,1005
2024-09-17 15:27:12.134,408.242392196249,6
2024-09-17 15:27:12.142,408.202998485704,1004
2024-09-17 15:27:12.159,408.2576105670013,98
2024-09-17 15:27:12.162,408.2396171254972,11
2024-09-17 15:27:12.221,408.2246856988537,996
2024-09-17 15:27:12.221,408.2382853125469,99
2024-09-17 15:27:12.229,408.2489239821419,10
2024-09-17 15:27:12.290,408.2356717279504,999
2024-09-17 15:27:12.387,408.2356836646857,6
2024-09-17 15:27:12.433,408.2519089009364,100
2024-09-17 15:27:12.455,408.2606427392412,1005
2024-09-17 15:27:12.456,408.23885248223536,7
2024-09-17 15:27:12.476,408.2429032864434,12
2024-09-17 15:27:12.561,408.2597430911159,1002
2024-09-17 15:27:12.589,408.2615783203889,105
2024-09-17 15:27:12.597,408.22323236101386,6
2024-09-17 15:27:12.603,408.2315153737089,1004
2024-09-17 15:27:12.658,,11
2024-09-17 15:27:12.673,408.2274825270014,10
2024-09-17 15:27:12.710,408.25685339156,1003
2024-09-17 15:27:12.759,408.2617772826985,6
2024-09-17 15:27:12.818,414.1386941691567,9
2024-09-17 15:27:12.868,408.2475006338423,99
2024-09-17 15:27:12.872,408.2650516293837,12
2024-09-17 15:27:12.930,408.2340708066501,104
2024-09-17 15:27:12.961,408.2582911722831,98
2024-09-17 15:27:12.972,408.248575876851,105
2024-09-17 15:27:13.043,408.27141058185305,14
2024-09-17 15:27:13.133,408.2669429563597,1005
2024-09-17 15:27:13.183,408.2763575301748,10
2024-09-17 15:27:13.226,408.24726210292056,1004
2024-09-17 15:27:13.253,408.23237249284335,11
2024-09-17 15:27:13.310,408.2349975754626,15
2024-09-17 15:27:13.351,408.2333352012757,8
2024-09-17 15:27:13.353,408.2327790796372,1001
2024-09-17 15:27:13.363,408.2466134971,996
2024-09-17 15:27:13.366,408.2709218568091,1000
2024-09-17 15:27:13.533,408.2764119285257,105
2024-09-17 15:27:13.628,408.2385024483015,101
2024-09-17 15:27:13.631,408.2620459134442,15
2024-09-17 15:27:13.668,408.25869404306377,104
2024-09-17 15:27:13.682,408.2712499016158,104
2024-09-17 15:27:13.716,408.2653054120173,10
2024-09-17 15:27:13.757,408.26098828631865,10
2024-09-17 15:27:13.820,408.2360415664857,995
2024-09-17 15:27:13.890,408.26883083972535,999
2024-09-17 15:27:13.980,408.2828746131922,12
2024-09-17 15:27:13.984,408.2633511705832,995
2024-09-17 15:27:14.027,408.2680887633293,15
2024-09-17 15:27:14.050,-408.2454082709882,998
2024-09-17 15:27:14.312,408.2304190890696,5
2024-09-17 15:27:14.481,408.2445720933461,1002
2024-09-17 15:27:14.655,414.18270178462905,1001
2024-09-17 15:27:15.055,408.3073321396149,95
2024-09-17 15:27:15.306,414.1736974710186,996
2024-09-17 15:27:15.512,408.3012063440384,1005
2024-09-17 15:27:15.829,414.2100403081996,1000
2024-09-17 15:27:15.996,408.29608768221135,99
2024-09-17 15:27:16.017,408.2874206647218,999
2024-09-17 15:27:16.052,408.2982402521806,101
2024-09-17 15:27:16.092,408.3165224705496,104
2024-09-17 15:27:16.156,408.3329297042801,1004
2024-09-17 15:27:16.158,408.3010589503405,1001
2024-09-17 15:27:16.171,408.3385216706067,98
2024-09-17 15:27:16.253,408.30464140718937,6
2024-09-17 15:27:16.415,408.2992526757675,996
2024-09-17 15:27:16.463,408.2911450588146,99
2024-09-17 15:27:16.493,408.3096524687276,12
2024-09-17 15:27:16.517,408.2977157386311,997
2024-09-17 15:27:16.556,408.31579498151376,101
2024-09-17 15:27:16.560,408.3057635109126,13
2024-09-17 15:27:16.582,408.2923437817744,104
2024-09-17 15:27:16.592,408.3122790921279,101
2024-09-17 15:27:16.624,408.2881249549736,104
2024-09-17 15:27:16.749,408.31606753611226,12
2024-09-17 15:27:16.760,408.3305006915548,96
2024-09-17 15:27:16.799,408.3155297450738,997
2024-09-17 15:27:16.821,408.3388203309448,1003
2024-09-17 15:27:16.858,40.83059055073045,1004
2024-09-17 15:27:16.916,414.2868922157331,14
2024-09-17 15:27:17.038,408.2799316033809,98
2024-09-17 15:27:17.047,408.3039006913039,1000
2024-09-17 15:27:17.113,408.2930959449976,13
2024-09-17 15:27:17.212,408.26716670225625,995
2024-09-17 15:27:17.384,408.2811601884774,995
2024-09-17 15:27:17.437,408.26895974995807,15
2024-09-17 15:27:17.556,408.28045678897394,97
2024-09-17 15:27:17.600,408.2867361035904,104
2024-09-17 15:27:17.677,408.3040912791869,1003
2024-09-17 15:27:17.858,408.30006699247537,995
2024-09-17 15:27:17.978,408.2633811486144,1003
2024-09-17 15:27:18.022,408.29312743353455,995
2024-09-17 15:27:18.047,408.2822237840588,99
2024-09-17 15:27:18.065,408.3002691433694,98
2024-09-17 15:27:18.126,408.2982493125431,97
2024-09-17 15:27:18.204,408.2959484146968,10
2024-09-17 15:27:18.210,408.2858714927135,13
2024-09-17 15:27:18.218,408.28072413226266,11
2024-09-17 15:27:18.308,408.28569550975214,104
2024-09-17 15:27:18.428,408.2811111831564,1004
2024-09-17 15:27:18.443,408.30279560396497,96
2024-09-17 15:27:18.595,408.2793473461265,13
2024-09-17 15:27:18.664,408.27726329490577,98
2024-09-17 15:27:18.692,408.27692514066746,12
2024-09-17 15:27:18.769,408.2957355083768,99
2024-09-17 15:27:18.782,408.3243304260789,1000
2024-09-17 15:27:18.800,408.316621878671,97
2024-09-17 15:27:18.842,408.3036275524973,1002
2024-09-17 15:27:18.858,408.26499947219264,14
2024-09-17 15:27:19.099,408.28651675386914,999
2024-09-17 15:27:19.139,408.3091340633076,98
2024-09-17 15:27:19.151,408.3090043343514,997
2024-09-17 15:27:19.165,408.2864446055214,11
2024-09-17 15:27:19.276,408.2891113232458,97
2024-09-17 15:27:19.417,408.3219089865588,101
2024-09-17 15:27:19.670,408.2902807182823,96
2024-09-17 15:27:19.716,408.31078213304846,98
2024-09-17 15:27:19.853,408.29681864665,102
2024-09-17 15:27:19.886,408.2915228439583,15
2024-09-17 15:27:19.897,408.3108551575556,104
2024-09-17 15:27:19.902,408.3091622200534,14
2024-09-17 15:27:19.931,408.3081213111466,998
2024-09-17 15:27:19.999,408.2995642805169,13
2024-09-17 15:27:20.005,408.27792611692473,5
2024-09-17 15:27:20.098,408.2393190561264,15
2024-09-17 15:27:20.135,408.2689850674866,96
2024-09-17 15:27:20.153,408.2493215803568,997
2024-09-17 15:27:20.154,408.2807973365513,101
2024-09-17 15:27:20.158,408.2822847566917,999
2024-09-17 15:27:20.171,408.2384477564093,104
2024-09-17 15:27:20.217,408.2344129321457,1004
2024-09-17 15:27:20.284,408.29671131693925,1000
2024-09-17 15:27:20.295,408.2681142918352,998
2024-09-17 15:27:20.302,408.2934268101193,996
2024-09-17 15:27:20.412,408.2722898995538,105
2024-09-17 15:27:20.453,408.2396284868964,103
2024-09-17 15:27:20.507,-408.23621280893394,13
2024-09-17 15:27:20.525,408.2456275578859,1003
2024-09-17 15:27:20.527,408.28530292261206,9
2024-09-17 15:27:20.544,408.2514466822925,1002
2024-09-17 15:27:20.610,408.2697685519648,105
2024-09-17 15:27:20.710,408.2554394877341,99
2024-09-17 15:27:20.723,408.28882327008375,103
2024-09-17 15:27:20.729,414.1849146959853,1005
2024-09-17 15:27:20.832,408.2313569929046,996
2024-09-17 15:27:20.847,408.2804659910584,96
2024-09-17 15:27:20.865,408.2530344226877,103
2024-09-17 15:27:20.987,408.23539765286034,1001
2024-09-17 15:27:21.006,40.82512193173986,95
2024-09-17 15:27:21.021,408.2495820036194,1003
2024-09-17 15:27:21.182,408.2973771480013,7
2024-09-17 15:27:21.187,408.2783280378274,996
2024-09-17 15:27:21.194,408.24442387901297,15
2024-09-17 15:27:21.250,408.2464515075933,998
2024-09-17 15:27:21.319,408.2830480270496,995
2024-09-17 15:27:21.358,408.2494111654866,1003
2024-09-17 15:27:21.379,408.2608084536657,11
2024-09-17 15:27:21.484,408.2498662205456,6
2024-09-17 15:27:21.512,408.23260869494703,6
2024-09-17 15:27:21.515,408.2776717381644,995
2024-09-17 15:27:21.569,408.2559104640039,1003
2024-09-17 15:27:21.587,408.2816946412618,103
2024-09-17 15:27:21.640,408.27147548010726,999
2024-09-17 15:27:21.676,408.3052521812384,95
2024-09-17 15:27:21.716,408.26038295354994,104
2024-09-17 15:27:21.720,408.28080144827936,15
2024-09-17 15:27:21.742,408.2463984223442,1005
2024-09-17 15:27:21.749,408.2711581164706,95
2024-09-17 15:27:21.767,408.2927008825171,997
2024-09-17 15:27:21.827,408.2790667898584,1000
2024-09-17 15:27:21.841,414.17252850605234,1004
2024-09-17 15:27:21.844,40.82665723775052,104
2024-09-17 15:27:21.866,408.2439467798978,101
2024-09-17 15:27:21.869,408.2865006441877,998
2024-09-17 15:27:21.904,408.2570699501649,8
2024-09-17 15:27:21.939,408.2552199018178,8
2024-09-17 15:27:21.952,408.27271116654265,103
2024-09-17 15:27:21.968,408.275965951206,1004
2024-09-17 15:27:22.336,408.23580216941366,105
2024-09-17 15:27:22.365,408.2744973060416,1003
2024-09-17 15:27:22.367,408.2679171669084,12
2024-09-17 15:27:22.417,408.2721046063253,102
2024-09-17 15:27:22.507,408.2302487186019,6
2024-09-17 15:27:22.516,,7
2024-09-17 15:27:22.736,408.244574359986,996
2024-09-17 15:27:22.849,408.24257547641497,998
2024-09-17 15:27:22.853,408.2619735932303,1000
2024-09-17 15:27:22.864,408.2468891141157,10
2024-09-17 15:27:22.964,408.2420156011273,100
2024-09-17 15:27:22.965,408.2487469938673,999
2024-09-17 15:27:23.608,408.2675477732894,96
2024-09-17 15:27:23.680,408.2685721034766,98
2024-09-17 15:27:23.810,408.2499371645815,1001
2024-09-17 15:27:23.865,408.2482546057416,10
2024-09-17 15:27:24.061,408.267500384386,12
2024-09-17 15:27:24.070,408.25474442450127,9
2024-09-17 15:27:24.152,408.2559588641483,103
2024-09-17 15:27:24.228,408.2574760153938,996
2024-09-17 15:27:24.377,408.2713668172094,103
2024-09-17 15:27:24.382,408.284555476742,13
2024-09-17 15:27:24.521,408.2716610644637,14
2024-09-17 15:27:24.544,408.2897056508468,7
2024-09-17 15:27:24.766,408.2746586754577,1004
2024-09-17 15:27:24.997,408.2935395908704,95
2024-09-17 15:27:25.036,408.2697817501975,8
2024-09-17 15:27:25.161,408.2552423007599,98
2024-09-17 15:27:25.209,414.0498223637968,99
2024-09-17 15:27:25.282,408.2871132090081,104
2024-09-17 15:27:25.283,408.2731921991782,14
2024-09-17 15:27:25.317,408.2701821186999,96
2024-09-17 15:27:25.417,414.057457153248,105
2024-09-17 15:27:25.428,408.2862141728538,105
2024-09-17 15:27:25.429,408.2798595223711,7
2024-09-17 15:27:25.446,408.26190439102464,1001
2024-09-17 15:27:25.447,408.31985007977846,9
2024-09-17 15:27:25.585,408.3145206320764,999
2024-09-17 15:27:25.623,408.29313947250256,1001
2024-09-17 15:27:25.689,408.2542612527994,14
2024-09-17 15:27:25.739,408.30569263018987,999
2024-09-17 15:27:25.783,408.2698883722061,99
2024-09-17 15:27:25.848,408.2791412552443,1000
2024-09-17 15:27:25.951,408.2726817835842,105
2024-09-17 15:27:25.973,408.2940146726883,104
2024-09-17 15:27:26.268,408.27699300091433,998
2024-09-17 15:27:27.003,408.2754913078703,997
2024-09-17 15:27:27.071,408.2846661041228,1001
2024-09-17 15:27:27.150,408.28607750044864,999
2024-09-17 15:27:27.419,408.2719964071399,995
2024-09-17 15:27:27.563,-408.2761421546295,98
2024-09-17 15:27:27.716,408.2728498249732,998
2024-09-17 15:27:28.026,408.34791550297854,99
2024-09-17 15:27:28.027,408.3092323894897,6
2024-09-17 15:27:28.120,408.3537806253748,999
2024-09-17 15:27:28.130,408.3515920018476,999
2024-09-17 15:27:28.136,408.363957288586,998
2024-09-17 15:27:28.148,408.2847861437308,9
2024-09-17 15:27:28.159,408.2883155945239,13
2024-09-17 15:27:28.166,408.30368736389966,1003
2024-09-17 15:27:28.172,408.27040654352936,6
2024-09-17 15:27:28.203,,1000
2024-09-17 15:27:28.218,408.29241436630406,95
2024-09-17 15:27:28.264,408.2763807684357,1001
2024-09-17 15:27:28.322,408.28819696147895,101
2024-09-17 15:27:28.335,408.2807672503065,7
2024-09-17 15:27:28.350,408.275094805716,7
2024-09-17 15:27:28.356,408.34462699854765,100
2024-09-17 15:27:28.361,408.2748505596076,95
2024-09-17 15:27:28.418,408.3664268421927,96
2024-09-17 15:27:28.456,408.27829905265446,1000
2024-09-17 15:27:28.553,408.3181854929058,1005
2024-09-17 15:27:28.596,408.310765163796,15
2024-09-17 15:27:28.704,408.3651075418016,13
2024-09-17 15:27:28.794,408.2697333039548,995
2024-09-17 15:27:28.819,408.3806539464857,996
2024-09-17 15:27:28.834,408.27053026884937,999
2024-09-17 15:27:28.882,408.2882355368023,14
2024-09-17 15:27:28.970,408.3125266789447,1002
2024-09-17 15:27:29.005,408.3225617289824,14
2024-09-17 15:27:29.020,408.2849100328791,96
2024-09-17 15:27:29.029,408.3183382762458,104
2024-09-17 15:27:29.032,408.3316360464499,103
2024-09-17 15:27:29.063,408.3215965960992,1003
2024-09-17 15:27:29.106,408.2760482813617,99
2024-09-17 15:27:29.141,408.2904100362299,9
2024-09-17 15:27:29.247,408.3642342825585,10
2024-09-17 15:27:29.258,408.30267934407885,1003
2024-09-17 15:27:29.448,408.2753348405656,995
2024-09-17 15:27:29.480,408.3225883480673,998
2024-09-17 15:27:29.499,408.2686384381752,15
2024-09-17 15:27:29.613,408.2792031938992,1001
2024-09-17 15:27:29.618,408.284312300658,996
2024-09-17 15:27:29.714,408.3331585080389,99
2024-09-17 15:27:29.745,408.2353253210993,9
2024-09-17 15:27:29.767,408.3597086609881,100
2024-09-17 15:27:29.802,408.3682673367726,9
2024-09-17 15:27:29.811,408.2539168943046,1000
2024-09-17 15:27:29.858,408.2266869363357,1002
2024-09-17 15:27:29.861,408.2830508572528,12
2024-09-17 15:27:29.912,408.3208420798243,1002
2024-09-17 15:27:30.017,408.2478500219759,997
2024-09-17 15:27:30.027,408.2898517594724,14
2024-09-17 15:27:30.059,408.24954793534266,100
2024-09-17 15:27:30.084,408.23933159509824,97
2024-09-17 15:27:30.127,408.2518198206437,103
2024-09-17 15:27:30.151,408.3060571500227,15
2024-09-17 15:27:30.156,408.2398946515166,102
2024-09-17 15:27:30.264,408.2789687594061,13
2024-09-17 15:27:30.372,408.2980683171199,102
2024-09-17 15:27:30.401,408.26249726246175,8
2024-09-17 15:27:30.419,408.2726742447375,999
2024-09-17 15:27:30.425,408.2848808541293,104
2024-09-17 15:27:30.425,408.2566138641101,997
2024-09-17 15:27:30.444,408.24157964209286,14
2024-09-17 15:27:30.457,408.2524330339006,5
2024-09-17 15:27:30.473,408.3020230044063,105
2024-09-17 15:27:30.487,408.2332604460603,12
2024-09-17 15:27:30.501,408.298491229931,100
2024-09-17 15:27:30.607,408.2894404672357,13
2024-09-17 15:27:30.610,408.2456779471634,7
2024-09-17 15:27:30.677,408.246660530187,96
2024-09-17 15:27:30.762,408.2645207624976,96
2024-09-17 15:27:30.856,408.2777454612626,8
2024-09-17 15:27:30.908,408.2436186519355,1005
2024-09-17 15:27:30.968,408.2396096158543,105
2024-09-17 15:27:30.970,408.27221318858,95
2024-09-17 15:27:30.999,408.2467031206769,6
2024-09-17 15:27:31.038,408.2694918654445,8
2024-09-17 15:27:31.044,408.2459755611253,5
2024-09-17 15:27:31.072,408.2668951375104,5
2024-09-17 15:27:31.093,408.2432562756903,15
2024-09-17 15:27:31.114,408.2444337355998,13
2024-09-17 15:27:31.186,408.2453932705617,1003
2024-09-17 15:27:31.221,408.2361464290474,6
2024-09-17 15:27:31.261,408.2554437143333,9
2024-09-17 15:27:31.274,408.2635553891996,97
2024-09-17 15:27:31.277,408.2425884474112,95
2024-09-17 15:27:31.285,408.2759428000616,6
2024-09-17 15:27:31.344,408.2507808129663,98
2024-09-17 15:27:31.384,408.22570195236415,105
2024-09-17 15:27:31.429,408.28435041589177,996
2024-09-17 15:27:31.466,408.2385239578208,997
2024-09-17 15:27:31.561,408.2846855153082,999
2024-09-17 15:27:31.618,408.2550952095575,103
2024-09-17 15:27:31.721,408.2616024749112,98
2024-09-17 15:27:31.750,408.2760506609201,997
2024-09-17 15:27:31.774,408.2523437539454,97
2024-09-17 15:27:31.794,408.24833760327294,6
2024-09-17 15:27:31.794,408.2559438185373,5
2024-09-17 15:27:31.816,408.2793324331335,996
2024-09-17 15:27:31.875,408.2576614371287,997
2024-09-17 15:27:31.888,408.2699427627967,8
2024-09-17 15:27:31.948,408.24879122672377,995
2024-09-17 15:27:31.973,408.2326767271593,9
2024-09-17 15:27:31.984,408.2576944851,1003
2024-09-17 15:27:32.182,408.2606842723954,98
2024-09-17 15:27:32.572,408.24476181758354,98
2024-09-17 15:27:32.873,408.24826947233805,105
2024-09-17 15:27:32.982,408.2563931463594,15
2024-09-17 15:27:33.013,408.25055470825725,99
2024-09-17 15:27:33.036,408.25367845238986,11
2024-09-17 15:27:33.038,408.32248887123313,11
2024-09-17 15:27:33.049,408.2527199393892,998
2024-09-17 15:27:33.058,408.3245378906056,14
2024-09-17 15:27:33.061,408.3238472255765,996
2024-09-17 15:27:33.090,408.2571718636477,996
2024-09-17 15:27:33.112,408.27933356885154,995
2024-09-17 15:27:33.153,408.2521579065592,1004
2024-09-17 15:27:33.156,408.2738902175361,98
2024-09-17 15:27:33.203,408.32848517261976,1004
2024-09-17 15:27:33.216,408.29334976056833,1004
2024-09-17 15:27:33.297,408.2703587750349,1005
2024-09-17 15:27:33.408,408.25455089360656,101
2024-09-17 15:27:33.767,40.82447110333237,1005
2024-09-17 15:27:33.822,408.3105033828716,103
2024-09-17 15:27:33.827,408.2934756676053,7
2024-09-17 15:27:33.834,408.285597906856,11
2024-09-17 15:27:33.900,408.2508466820354,996
2024-09-17 15:27:34.064,408.30215907148096,8
2024-09-17 15:27:34.102,408.3178319295456,102
2024-09-17 15:27:34.192,408.315380120912,12
2024-09-17 15:27:34.243,408.3065670186188,103
2024-09-17 15:27:34.297,408.3185614651032,102
2024-09-17 15:27:34.308,408.32260840387386,14
2024-09-17 15:27:34.317,408.327957201866,998
2024-09-17 15:27:34.327,408.3084932672607,101
2024-09-17 15:27:34.338,414.1219504142922,1001
2024-09-17 15:27:34.355,408.3070172471973,100
2024-09-17 15:27:34.369,408.326372364693,99
2024-09-17 15:27:34.392,408.3075253475204,101
2024-09-17 15:27:34.441,408.3146888299617,105
2024-09-17 15:27:34.454,408.3286284086196,9
2024-09-17 15:27:34.482,408.3416561645272,100
2024-09-17 15:27:34.485,408.33368903828335,99
2024-09-17 15:27:34.529,408.3017586598967,7
2024-09-17 15:27:34.619,408.3174608673682,100
2024-09-17 15:27:34.624,408.3107407535938,103
2024-09-17 15:27:34.673,408.3423901546749,1000
2024-09-17 15:27:34.693,408.3229787550397,105
2024-09-17 15:27:34.707,408.3022661188461,1000
2024-09-17 15:27:34.717,408.3156405413302,6
2024-09-17 15:27:34.725,408.3057578047606,15
2024-09-17 15:27:34.736,408.322353817993,997
2024-09-17 15:27:34.813,408.2794291406418,8
2024-09-17 15:27:34.873,408.3467567851681,97
2024-09-17 15:27:34.904,408.2834965940653,97
2024-09-17 15:27:34.914,408.34192500334296,1004
2024-09-17 15:27:35.001,408.3686937965405,95
2024-09-17 15:27:35.092,408.3722032542848,1004
2024-09-17 15:27:35.273,408.3414988499631,96
2024-09-17 15:27:35.417,408.36319278633965,9
2024-09-17 15:27:35.472,408.37381390750113,14
2024-09-17 15:27:35.487,408.3650801099101,12
2024-09-17 15:27:35.824,408.3441547384202,99
2024-09-17 15:27:35.840,408.35004641982994,1002
2024-09-17 15:27:35.893,408.3497355788828,102
2024-09-17 15:27:35.894,408.351543064256,1005
2024-09-17 15:27:36.034,408.2980451155112,102
2024-09-17 15:27:36.076,408.3616670626454,1001
2024-09-17 15:27:36.092,408.3498864078479,105
2024-09-17 15:27:36.155,408.36789869539706,96
2024-09-17 15:27:36.203,408.3345681275616,103
2024-09-17 15:27:36.286,408.35771116900605,102
2024-09-17 15:27:36.327,408.3587839368052,104
2024-09-17 15:27:36.475,408.3568076738255,98
2024-09-17 15:27:36.476,408.34188919413015,14
2024-09-17 15:27:36.550,414.0987002357168,98
2024-09-17 15:27:36.622,408.312035494748,105
2024-09-17 15:27:36.688,408.3811946205654,104
2024-09-17 15:27:36.775,408.2905361503741,996
2024-09-17 15:27:36.776,408.3372350018641,1000
2024-09-17 15:27:36.780,408.3548096656925,105
2024-09-17 15:27:36.830,408.3028643844148,96
2024-09-17 15:27:36.848,408.3210313526196,96
2024-09-17 15:27:36.982,408.3396946389668,1000
2024-09-17 15:27:37.115,408.32388808312174,999
2024-09-17 15:27:37.139,408.2766747675961,99
2024-09-17 15:27:37.242,408.2814715717847,5
2024-09-17 15:27:37.274,408.27770464576895,15
2024-09-17 15:27:37.280,408.2860074142214,999
2024-09-17 15:27:37.437,40.8259878371721,8
2024-09-17 15:27:37.500,408.26221897429485,6
2024-09-17 15:27:37.508,408.337300781764,10
2024-09-17 15:27:37.538,408.3361990069071,104
2024-09-17 15:27:37.597,408.2694275676812,995
2024-09-17 15:27:37.617,408.3259057601628,14
2024-09-17 15:27:37.618,408.3308222479207,12
2024-09-17 15:27:37.628,408.3383863126455,100
2024-09-17 15:27:37.807,408.30409905448784,1005
2024-09-17 15:27:37.809,408.2851373185972,105
2024-09-17 15:27:37.925,408.34081550227256,996
2024-09-17 15:27:37.959,408.2611706690689,8
2024-09-17 15:27:38.055,408.3391731159004,1005
2024-09-17 15:27:38.174,408.3289790530157,1000
2024-09-17 15:27:38.334,408.33499247652185,95
2024-09-17 15:27:38.421,408.3111163326881,1000
2024-09-17 15:27:38.468,408.3244663388455,9
2024-09-17 15:27:38.914,408.3238905657588,96
2024-09-17 15:27:39.019,408.3696811303097,97
2024-09-17 15:27:39.052,408.34105164975387,7
2024-09-17 15:27:39.150,408.3398652795054,101
2024-09-17 15:27:39.413,408.3515454907578,998
2024-09-17 15:27:39.430,408.31573552516414,1004
2024-09-17 15:27:39.500,408.3419338257182,7
2024-09-17 15:27:39.533,408.3335569829008,1005
2024-09-17 15:27:39.569,408.3414368168076,13
2024-09-17 15:27:39.936,408.3182069679024,99
2024-09-17 15:27:40.013,408.3210754003985,98
2024-09-17 15:27:40.062,408.20705356244616,8
2024-09-17 15:27:40.100,408.2970925808848,99
2024-09-17 15:27:40.190,408.2354426301785,11
2024-09-17 15:27:40.191,408.2468527411744,5
2024-09-17 15:27:40.268,408.3079483865692,95
2024-09-17 15:27:40.271,408.2739446029802,14
2024-09-17 15:27:40.338,408.2839063279589,10
2024-09-17 15:27:40.395,408.2499785314415,5
2024-09-17 15:27:40.548,408.3109602643298,1005
2024-09-17 15:27:40.600,408.2156790384073,999
2024-09-17 15:27:40.698,408.33909524464445,996
2024-09-17 15:27:40.708,408.237609064663,104
2024-09-17 15:27:40.710,408.2830866333444,96
2024-09-17 15:27:40.715,408.270047960816,102
2024-09-17 15:27:40.779,,12
2024-09-17 15:27:40.811,408.28723628077927,100
2024-09-17 15:27:40.849,408.2559200893999,96
2024-09-17 15:27:40.902,408.30054041991593,1004
2024-09-17 15:27:40.919,408.3176697504532,99
2024-09-17 15:27:40.944,408.3104651220351,101
2024-09-17 15:27:41.000,408.1850808258141,100
2024-09-17 15:27:41.016,408.188167387422,99
2024-09-17 15:27:41.043,408.1771021094278,95
2024-09-17 15:27:41.055,408.1932137952064,102
2024-09-17 15:27:41.084,408.18327465183904,11
2024-09-17 15:27:41.116,408.20992912254496,5
2024-09-17 15:27:41.168,408.16611685825774,103
2024-09-17 15:27:41.170,408.1860387145355,14
2024-09-17 15:27:41.230,408.1737364143882,12
2024-09-17 15:27:41.338,408.1721171977455,1004
2024-09-17 15:27:41.340,408.1838452634982,9
2024-09-17 15:27:41.535,408.1957906795134,997
2024-09-17 15:27:41.622,408.21450069951305,103
2024-09-17 15:27:41.681,408.141997319664,7
2024-09-17 15:27:41.697,408.1925997556544,12
2024-09-17 15:27:41.879,408.1825046680559,996
2024-09-17 15:27:41.890,,1005
2024-09-17 15:27:42.071,408.229349737345,7
2024-09-17 15:27:42.210,408.1723043566648,13
2024-09-17 15:27:42.272,408.1880134813477,11
2024-09-17 15:27:42.280,408.1765239986252,996
2024-09-17 15:27:42.392,408.2435676952341,995
2024-09-17 15:27:42.420,408.21287801716414,12
2024-09-17 15:27:42.483,408.2032009062369,97
2024-09-17 15:27:42.527,408.2176856072139,104
2024-09-17 15:27:42.559,408.219175317054,98
2024-09-17 15:27:42.564,408.2350960110669,996
2024-09-17 15:27:42.683,408.2252036568268,99
2024-09-17 15:27:42.970,408.1740991052866,996
2024-09-17 15:27:42.995,408.17651614153095,8
2024-09-17 15:27:43.058,408.239708809416,998
2024-09-17 15:27:43.268,408.1782171955888,998
2024-09-17 15:27:43.313,408.1833697274704,5
2024-09-17 15:27:43.462,408.1671043547765,101
2024-09-17 15:27:43.479,408.1686991255444,100
2024-09-17 15:27:43.486,408.1800987600761,15
2024-09-17 15:27:43.549,408.1606580287366,1005
2024-09-17 15:27:43.579,408.17350036510896,13
2024-09-17 15:27:43.607,408.2296009362181,14
2024-09-17 15:27:43.657,408.2405397620567,1000
2024-09-17 15:27:43.742,408.1456094620871,13
2024-09-17 15:27:43.816,408.1677603181277,105
2024-09-17 15:27:43.834,408.2223503813413,1002
2024-09-17 15:27:43.877,408.24179887768827,15
2024-09-17 15:27:43.929,408.2068437782608,15
2024-09-17 15:27:43.941,408.2456652571776,102
2024-09-17 15:27:43.958,408.2527898959104,104
2024-09-17 15:27:43.989,408.22566853413343,6
2024-09-17 15:27:43.995,408.1900854113936,103
2024-09-17 15:27:44.088,408.2876578318583,1002
2024-09-17 15:27:44.281,408.22358527773525,95
2024-09-17 15:27:44.295,408.23519967508656,998
2024-09-17 15:27:44.300,408.287137627723,995
2024-09-17 15:27:44.302,408.2938780076962,998
2024-09-17 15:27:44.334,408.2633455884909,97
2024-09-17 15:27:44.371,408.2328916129681,9
2024-09-17 15:27:44.419,408.2179123714098,14
2024-09-17 15:27:44.516,-408.2632230439452,95
2024-09-17 15:27:44.638,408.273104808786,11
2024-09-17 15:27:44.704,408.2434309205478,14
2024-09-17 15:27:44.735,408.22542774719096,998
2024-09-17 15:27:44.742,408.2704757147847,1002
2024-09-17 15:27:44.770,408.248282307142,14
2024-09-17 15:27:44.816,408.2578587469813,7
2024-09-17 15:27:44.890,408.2358282010596,1002
2024-09-17 15:27:44.940,408.2505469706224,98
2024-09-17 15:27:44.944,408.2175832334648,103
2024-09-17 15:27:44.996,408.2767599331402,98
2024-09-17 15:27:45.040,408.2462876121008,8
2024-09-17 15:27:45.116,408.2226284572265,11
2024-09-17 15:27:45.136,408.2273220119464,13
2024-09-17 15:27:45.165,408.199503993696,1000
2024-09-17 15:27:45.307,408.2016112375994,1003
2024-09-17 15:27:45.478,408.2115549980329,101
2024-09-17 15:27:45.723,408.2337389389052,101
2024-09-17 15:27:45.770,408.20773156219377,8
2024-09-17 15:27:45.781,414.1841100424357,1005
2024-09-17 15:27:45.955,408.2275523525765,98
2024-09-17 15:27:45.992,408.2172456267279,1002
2024-09-17 15:27:46.519,408.2019825618696,101
2024-09-17 15:27:47.050,408.2015797976846,996
2024-09-17 15:27:47.062,408.13787512934624,997
2024-09-17 15:27:47.292,408.1931366848195,102
2024-09-17 15:27:47.321,408.1484792113359,997
2024-09-17 15:27:47.330,408.1382000724752,10
2024-09-17 15:27:47.374,408.1636235518787,6
2024-09-17 15:27:47.473,408.1670958033624,98
2024-09-17 15:27:47.531,408.1379878013288,1000
2024-09-17 15:27:47.783,408.1811689574594,103
2024-09-17 15:27:47.813,408.1949557349081,100
2024-09-17 15:27:47.814,408.2114810776984,10
2024-09-17 15:27:47.978,408.1588359086474,11
2024-09-17 15:27:48.225,40.814580247943496,96
2024-09-17 15:27:48.395,408.137077035033,999
2024-09-17 15:27:48.420,408.14557856517706,99
2024-09-17 15:27:48.485,408.12649267449393,1004
2024-09-17 15:27:48.665,408.136746735425,5
2024-09-17 15:27:48.761,408.1435832608034,1004
2024-09-17 15:27:48.807,408.147959566806,10
2024-09-17 15:27:48.816,408.1459222795032,997
2024-09-17 15:27:48.818,408.1553574684205,1004
2024-09-17 15:27:48.896,408.1413664607152,15
2024-09-17 15:27:48.906,408.14740961533954,999
2024-09-17 15:27:48.930,408.138010325817,8
2024-09-17 15:27:49.098,408.1760513773944,97
2024-09-17 15:27:49.154,408.16421332414245,998
2024-09-17 15:27:49.459,408.1790383988783,105
2024-09-17 15:27:49.536,408.191940916976,998
2024-09-17 15:27:49.551,408.1605936654309,100
2024-09-17 15:27:49.554,408.1833824221016,5
2024-09-17 15:27:49.687,408.169658599076,105
2024-09-17 15:27:49.838,408.155903974764,101
2024-09-17 15:27:50.036,408.1349557826972,996
2024-09-17 15:27:50.046,408.140318496476,95
2024-09-17 15:27:50.050,408.1554974900941,996
2024-09-17 15:27:50.104,408.18987205382433,1005
2024-09-17 15:27:50.122,408.1399395058086,104
2024-09-17 15:27:50.199,408.14566039356936,11
2024-09-17 15:27:50.217,408.1876922947012,5
2024-09-17 15:27:50.360,-408.1582917254197,97
2024-09-17 15:27:50.466,408.1850396281365,102
2024-09-17 15:27:50.549,408.1398762830182,10
2024-09-17 15:27:50.718,408.13278809607846,11
2024-09-17 15:27:50.729,408.1690121797377,7
2024-09-17 15:27:50.815,408.1899841403049,997
2024-09-17 15:27:50.915,408.17793140937056,100
2024-09-17 15:27:50.919,408.1503931985786,999
2024-09-17 15:27:50.930,408.1446069464759,8
2024-09-17 15:27:51.067,408.1376056171529,15
2024-09-17 15:27:51.207,408.1425456914668,7
2024-09-17 15:27:51.242,408.163730775862,995
2024-09-17 15:27:51.299,408.163795838823,996
2024-09-17 15:27:51.363,408.1575927099812,13
2024-09-17 15:27:51.467,408.152385925125,998
2024-09-17 15:27:51.512,408.17226180709054,1000
2024-09-17 15:27:51.604,408.1650148612,102
2024-09-17 15:27:51.665,408.17286693311627,103
2024-09-17 15:27:51.672,408.1404987685535,11
2024-09-17 15:27:51.722,408.1389954834068,1003
2024-09-17 15:27:51.771,408.1488010870439,999
2024-09-17 15:27:51.828,408.1395560086136,99
2024-09-17 15:27:51.903,408.1675511778182,1005
2024-09-17 15:27:52.015,408.2330323407941,97
2024-09-17 15:27:52.019,408.1512555799443,6
2024-09-17 15:27:52.059,408.1975807123496,10
2024-09-17 15:27:52.105,408.182102513012,1001
2024-09-17 15:27:52.145,408.2229791769432,102
2024-09-17 15:27:52.147,408.1951793880391,11
2024-09-17 15:27:52.163,408.2323684605627,995
2024-09-17 15:27:52.205,408.2384341995976,15
2024-09-17 15:27:52.233,408.1858334863229,103
2024-09-17 15:27:52.237,408.1560143578805,8
2024-09-17 15:27:52.250,408.2029076616875,995
2024-09-17 15:27:52.343,408.1833028046128,1000
2024-09-17 15:27:52.371,408.16430854782993,9
2024-09-17 15:27:52.420,408.16291516951446,15
2024-09-17 15:27:52.539,408.17583286395467,996
2024-09-17 15:27:52.586,408.2436014932662,1004
2024-09-17 15:27:52.683,408.19580418510753,11
2024-09-17 15:27:52.688,408.1867295048594,95
2024-09-17 15:27:52.752,408.180733194852,999
2024-09-17 15:27:52.774,408.2349559663314,1003
2024-09-17 15:27:52.783,,995
2024-09-17 15:27:52.819,408.2344207967187,7
2024-09-17 15:27:52.844,408.2318151658499,996
2024-09-17 15:27:53.000,408.2917908708991,7
2024-09-17 15:27:53.084,408.2603437981258,101
2024-09-17 15:27:53.246,408.265980124108,13
2024-09-17 15:27:53.247,408.2162707340956,101
2024-09-17 15:27:53.253,408.2222085690957,10
2024-09-17 15:27:53.269,408.2434420668517,6
2024-09-17 15:27:53.323,408.2822109659106,996
2024-09-17 15:27:53.390,408.2331596248158,97
2024-09-17 15:27:53.421,408.28603547857216,6
2024-09-17 15:27:53.442,408.2970240881646,1004
2024-09-17 15:27:53.448,408.2168705980494,996
2024-09-17 15:27:53.487,408.2680357403746,101
2024-09-17 15:27:53.536,408.1916424584532,1004
2024-09-17 15:27:53.598,408.269442185247,1000
2024-09-17 15:27:53.783,408.2662375350154,998
2024-09-17 15:27:53.835,408.2871288557028,103
2024-09-17 15:27:53.835,408.2190601350579,95
2024-09-17 15:27:53.877,408.199408547564,999
2024-09-17 15:27:53.916,408.2531337365996,7
2024-09-17 15:27:53.921,408.24578211906766,105
2024-09-17 15:27:53.982,40.82300472203376,15
2024-09-17 15:27:54.107,408.2413109796792,7
2024-09-17 15:27:54.137,408.2450180264447,101
2024-09-17 15:27:54.153,408.273101433324,15
2024-09-17 15:27:54.169,408.27084696434736,15
2024-09-17 15:27:54.199,408.26254869424827,15
2024-09-17 15:27:54.235,408.29142142295774,9
2024-09-17 15:27:54.321,408.2730820253258,1002
2024-09-17 15:27:54.326,408.2917908664106,5
2024-09-17 15:27:54.343,408.2620602066997,998
2024-09-17 15:27:54.387,408.25510405812673,11
2024-09-17 15:27:54.392,408.26808546461234,104
2024-09-17 15:27:54.403,408.2741392383439,999
2024-09-17 15:27:54.426,408.2753088816431,100
2024-09-17 15:27:54.429,408.2689921909388,10
2024-09-17 15:27:54.431,408.2765005797592,99
2024-09-17 15:27:54.437,408.245540263054,997
2024-09-17 15:27:54.447,408.2975405529454,13
2024-09-17 15:27:54.514,408.24520650306255,12
2024-09-17 15:27:54.523,408.3237507266262,99
2024-09-17 15:27:54.583,408.2419198896204,96
2024-09-17 15:27:54.598,408.25506944456606,12
2024-09-17 15:27:54.656,408.2920478532089,7
2024-09-17 15:27:54.670,408.2311022218085,14
2024-09-17 15:27:54.691,408.2962425453375,12
2024-09-17 15:27:54.727,408.3009943673464,7
2024-09-17 15:27:54.809,408.2795154889884,1003
2024-09-17 15:27:54.826,408.2777209019253,1003
2024-09-17 15:27:54.857,408.26317022687664,1005
2024-09-17 15:27:54.880,408.2602655703354,95
2024-09-17 15:27:54.937,408.262818791099,1001
2024-09-17 15:27:55.072,408.1370075750997,998
2024-09-17 15:27:55.101,408.1494821273103,100
2024-09-17 15:27:55.114,408.1622397429679,997
2024-09-17 15:27:55.124,408.2118750431361,10
2024-09-17 15:27:55.148,408.2102515975115,1003
2024-09-17 15:27:55.201,408.1758533502051,101
2024-09-17 15:27:55.221,408.1972863000572,13
2024-09-17 15:27:55.311,408.1997902227935,1003
2024-09-17 15:27:55.328,408.1568044738792,1004
2024-09-17 15:27:55.358,408.2198888535078,996
2024-09-17 15:27:55.363,408.159718356929,100
2024-09-17 15:27:55.377,408.1914613829067,996
2024-09-17 15:27:55.497,408.1641497613077,100
2024-09-17 15:27:55.527,408.2005250111062,15
2024-09-17 15:27:55.539,408.14686743686815,98
2024-09-17 15:27:55.566,40.81937521432408,997
2024-09-17 15:27:55.599,408.1928639167828,1000
2024-09-17 15:27:55.617,408.1549603281038,100
2024-09-17 15:27:55.701,408.1713239534319,1003
2024-09-17 15:27:55.746,408.154138402638,998
2024-09-17 15:27:55.748,408.18309876916106,14
2024-09-17 15:27:55.829,408.180469837365,95
2024-09-17 15:27:55.853,408.2083545419087,98
2024-09-17 15:27:55.857,408.1717847457672,97
2024-09-17 15:27:55.890,408.1373702509292,98
2024-09-17 15:27:55.909,408.2064345050701,14
2024-09-17 15:27:55.926,408.193905483192,1004
2024-09-17 15:27:55.932,408.15291122638746,995
2024-09-17 15:27:56.056,408.21804332521856,97
2024-09-17 15:27:56.078,408.2314958215636,100
2024-09-17 15:27:56.115,408.1963540455554,104
2024-09-17 15:27:56.145,408.1953573804514,103
2024-09-17 15:27:56.330,408.26844386913984,9
2024-09-17 15:27:56.364,408.19320538480633,105
2024-09-17 15:27:56.492,408.2015882644823,97
2024-09-17 15:27:56.493,408.2062528962943,996
2024-09-17 15:27:56.535,408.2099469875502,1001
2024-09-17 15:27:56.559,408.20375301154064,997
2024-09-17 15:27:56.564,408.2153126173887,7
2024-09-17 15:27:56.603,408.2093431626172,96
2024-09-17 15:27:56.647,408.2576786809677,98
2024-09-17 15:27:56.699,408.28677666918514,100
2024-09-17 15:27:56.722,408.209384782653,14
2024-09-17 15:27:56.749,408.1927129132032,1003
2024-09-17 15:27:56.784,408.2822872262448,1001
2024-09-17 15:27:56.828,408.1913510534949,7
2024-09-17 15:27:56.836,408.2746350232173,995
2024-09-17 15:27:56.849,408.22239805033183,101
2024-09-17 15:27:56.866,408.2113344504344,15
2024-09-17 15:27:56.883,408.2112170224176,999
2024-09-17 15:27:56.992,408.21829634044434,1000
2024-09-17 15:27:57.064,408.24737595215015,10
2024-09-17 15:27:57.075,414.18318198330746,1000
2024-09-17 15:27:57.183,408.255293286964,98
2024-09-17 15:27:57.212,408.27157424553087,11
2024-09-17 15:27:57.261,408.2885383137123,1004
2024-09-17 15:27:57.293,408.2600988146762,1002
2024-09-17 15:27:57.363,408.2559767330224,8
2024-09-17 15:27:57.406,408.2897998777317,12
2024-09-17 15:27:57.445,408.2368865664927,998
2024-09-17 15:27:57.515,408.2702450649873,995
2024-09-17 15:27:57.549,408.2580523924408,8
2024-09-17 15:27:57.560,408.2253410250004,998
2024-09-17 15:27:57.573,408.2688218642045,10
2024-09-17 15:27:57.583,408.2433763170764,1003
2024-09-17 15:27:57.606,408.260127166712,999
2024-09-17 15:27:57.619,408.2628679067273,102
2024-09-17 15:27:57.701,408.2919790160895,1000
2024-09-17 15:27:57.707,408.2828243851874,9
2024-09-17 15:27:57.708,408.26480731897885,102
2024-09-17 15:27:57.761,408.2681133390486,1001
2024-09-17 15:27:57.837,408.27811618739474,101
2024-09-17 15:27:57.860,408.25495181899583,98
2024-09-17 15:27:57.986,408.2463611069743,12
2024-09-17 15:27:58.003,408.28613385174407,1000
2024-09-17 15:27:58.049,408.306391922107,10
2024-09-17 15:27:58.053,408.3091820183113,997
2024-09-17 15:27:58.104,408.2888438262276,8
2024-09-17 15:27:58.107,408.2816704069008,15
2024-09-17 15:27:58.193,408.2715190844912,9
2024-09-17 15:27:58.222,408.2511327058054,12
2024-09-17 15:27:58.271,408.2913146851463,999
2024-09-17 15:27:58.286,408.2923596041005,96
2024-09-17 15:27:58.309,408.331031614929,105
2024-09-17 15:27:58.313,408.33665136182606,104
2024-09-17 15:27:58.377,408.32260060679454,1003
2024-09-17 15:27:58.381,408.32900880620525,1000
2024-09-17 15:27:58.492,408.2591473401386,995
2024-09-17 15:27:58.523,408.2645149235079,12
2024-09-17 15:27:58.532,408.289410554061,999
2024-09-17 15:27:58.532,408.2888559688199,98
2024-09-17 15:27:58.553,408.2936155781234,100
2024-09-17 15:27:58.612,408.29869431821794,1004
2024-09-17 15:27:58.640,408.28781539343663,998
2024-09-17 15:27:58.655,408.324633593165,1005
2024-09-17 15:27:58.764,408.2830349706967,9
2024-09-17 15:27:58.790,408.3119529248492,1004
2024-09-17 15:27:58.804,408.2954021160596,997
2024-09-17 15:27:58.866,408.32125647718925,1004
2024-09-17 15:27:58.883,408.31869772802753,6
2024-09-17 15:27:58.929,408.2948198405035,995
2024-09-17 15:27:59.032,408.37392200202754,96
2024-09-17 15:27:59.062,408.3983610773612,100
2024-09-17 15:27:59.097,408.36733276010426,1005
2024-09-17 15:27:59.125,408.3810741942148,96
2024-09-17 15:27:59.211,408.390358238232,98
2024-09-17 15:27:59.294,408.3502018513466,95
2024-09-17 15:27:59.365,408.3796408480697,14
2024-09-17 15:27:59.416,408.3770196781986,1001
2024-09-17 15:27:59.442,408.3802556265597,999
2024-09-17 15:27:59.535,408.402248963902,103
2024-09-17 15:27:59.550,408.37712329694426,1005
2024-09-17 15:27:59.561,408.3969017941025,1003
2024-09-17 15:27:59.599,408.39025867287233,1003
2024-09-17 15:27:59.621,408.3599355398965,10
2024-09-17 15:27:59.652,408.3462284843596,100
2024-09-17 15:27:59.656,408.3876754531028,98
2024-09-17 15:27:59.659,408.3480926670287,1005
2024-09-17 15:27:59.677,408.35403134571897,8
2024-09-17 15:27:59.797,408.3993464508449,13
2024-09-17 15:27:59.830,408.3811823444324,12
