Timestamp,Price,Size
2024-09-20 13:46:00.020,431.5791836638276,101
2024-09-20 13:46:00.054,431.5625777363781,13
2024-09-20 13:46:00.126,431.582791936008,998
2024-09-20 13:46:00.158,431.57112318657306,1000
2024-09-20 13:46:00.219,431.581652165717,102
2024-09-20 13:46:00.232,431.5740884519079,998
2024-09-20 13:46:00.265,431.54593608906697,95
2024-09-20 13:46:00.281,431.5528810166086,103
2024-09-20 13:46:00.393,431.5856921692048,997
2024-09-20 13:46:00.423,431.5469703266663,97
2024-09-20 13:46:00.438,431.5901903246796,101
2024-09-20 13:46:00.467,431.5805575824819,998
2024-09-20 13:46:00.467,431.57746794027474,14
2024-09-20 13:46:00.477,431.5873794192117,997
2024-09-20 13:46:00.491,431.55072191776446,14
2024-09-20 13:46:00.606,431.5613735775156,6
2024-09-20 13:46:00.670,431.5491193861471,1001
2024-09-20 13:46:00.670,431.5683550805472,1003
2024-09-20 13:46:00.742,431.55481872990646,1000
2024-09-20 13:46:00.819,431.5618564914968,1004
2024-09-20 13:46:00.836,431.56717702462737,8
2024-09-20 13:46:00.836,431.5564829391874,997
2024-09-20 13:46:00.884,431.5943839261396,105
2024-09-20 13:46:00.902,431.5829723349792,12
2024-09-20 13:46:00.902,431.5611057846433,1003
2024-09-20 13:46:00.924,431.5844974310984,14
2024-09-20 13:46:00.929,431.5844836942824,10
2024-09-20 13:46:00.985,431.57196219256906,101
2024-09-20 13:46:01.012,431.5989671429862,1003
2024-09-20 13:46:01.111,431.57295510183786,101
2024-09-20 13:46:01.151,431.5992548703117,13
2024-09-20 13:46:01.219,431.6004147429217,102
2024-09-20 13:46:01.286,431.6293057464426,7
2024-09-20 13:46:01.321,431.5607674937731,95
2024-09-20 13:46:01.406,431.5974733794684,995
2024-09-20 13:46:01.409,431.5925129146101,104
2024-09-20 13:46:01.802,431.55143028082,7
2024-09-20 13:46:01.866,431.5887896680776,96
2024-09-20 13:46:01.870,431.58980553187234,10
2024-09-20 13:46:01.949,431.61315968354086,95
2024-09-20 13:46:01.991,431.5773279844156,97
2024-09-20 13:46:02.010,431.6067501193232,1004
2024-09-20 13:46:02.061,431.6368650206617,97
2024-09-20 13:46:02.072,431.6254714050137,1004
2024-09-20 13:46:02.094,431.6134894845967,102
2024-09-20 13:46:02.205,431.62514939221313,13
2024-09-20 13:46:02.280,431.6316090224172,15
2024-09-20 13:46:02.917,431.6285400627592,95
2024-09-20 13:46:03.041,431.6402820166319,14
2024-09-20 13:46:03.043,43.15858120523684,101
2024-09-20 13:46:03.180,431.6100119925089,995
2024-09-20 13:46:03.239,431.58517740442096,14
2024-09-20 13:46:03.244,431.6110632618439,7
2024-09-20 13:46:03.244,431.6359782369544,1004
2024-09-20 13:46:03.293,431.6083303050143,105
2024-09-20 13:46:03.467,431.6325607841412,7
2024-09-20 13:46:03.531,431.6153623837775,995
2024-09-20 13:46:03.531,431.5946566406945,97
2024-09-20 13:46:03.634,431.59810752840207,14
2024-09-20 13:46:03.650,431.59882945986266,100
2024-09-20 13:46:03.677,431.625036623593,14
2024-09-20 13:46:03.730,431.59876146665727,98
2024-09-20 13:46:03.778,431.6312793311972,104
2024-09-20 13:46:03.806,431.6178502123888,99
2024-09-20 13:46:03.808,431.6314776456077,97
2024-09-20 13:46:03.916,431.6109826860993,15
2024-09-20 13:46:03.963,431.5926141924498,100
2024-09-20 13:46:03.979,431.6366500626885,997
2024-09-20 13:46:04.066,431.6312025317848,1001
2024-09-20 13:46:04.180,,10
2024-09-20 13:46:04.217,431.6220997365589,995
2024-09-20 13:46:04.248,431.6319246222925,996
2024-09-20 13:46:04.250,431.6344353007875,998
2024-09-20 13:46:04.272,431.6298051031809,100
2024-09-20 13:46:04.354,431.6163120757825,104
2024-09-20 13:46:04.468,431.6393229770229,10
2024-09-20 13:46:04.490,431.6310375432903,12
2024-09-20 13:46:04.512,431.6414358344924,1003
2024-09-20 13:46:04.599,431.6106857269848,12
2024-09-20 13:46:04.667,431.6276574761913,15
2024-09-20 13:46:04.947,431.6485765559249,105
2024-09-20 13:46:04.953,431.60996986338967,13
2024-09-20 13:46:05.176,431.6054110357073,9
2024-09-20 13:46:05.333,431.583366201072,9
2024-09-20 13:46:06.069,431.58590161449393,1003
2024-09-20 13:46:06.162,431.62058612874847,98
2024-09-20 13:46:06.164,431.58746897171113,1000
2024-09-20 13:46:06.168,431.58102638472326,96
2024-09-20 13:46:06.240,431.6090703658943,997
2024-09-20 13:46:06.312,431.6248432351858,1003
2024-09-20 13:46:06.433,431.57977897966816,997
2024-09-20 13:46:06.637,431.6153225472615,11
2024-09-20 13:46:06.710,431.62721634456415,7
2024-09-20 13:46:06.725,431.5845745645537,98
2024-09-20 13:46:06.730,431.57163647695097,1003
2024-09-20 13:46:06.769,431.5692813484429,13
2024-09-20 13:46:06.834,431.5864348178082,101
2024-09-20 13:46:06.894,,1005
2024-09-20 13:46:06.952,431.58460438624405,11
2024-09-20 13:46:06.959,431.5806268323764,9
2024-09-20 13:46:07.062,431.5917469227243,103
2024-09-20 13:46:07.137,431.6165394010098,9
2024-09-20 13:46:07.282,431.6274048177051,13
2024-09-20 13:46:07.394,431.637857175956,1000
2024-09-20 13:46:07.492,431.666083719966,999
2024-09-20 13:46:07.574,431.6631178520296,101
2024-09-20 13:46:07.590,431.6068672373814,1005
2024-09-20 13:46:07.590,431.5919353443148,6
2024-09-20 13:46:07.592,431.597082594633,1004
2024-09-20 13:46:07.642,-431.6415630053604,1005
2024-09-20 13:46:07.715,431.6096658194701,9
2024-09-20 13:46:07.782,431.6683958467294,14
2024-09-20 13:46:07.799,431.6007552871165,7
2024-09-20 13:46:07.808,431.605864596296,1005
2024-09-20 13:46:09.136,431.6887786930822,12
2024-09-20 13:46:09.243,431.6984603717941,100
2024-09-20 13:46:09.389,431.67817093890966,98
2024-09-20 13:46:09.517,431.6684733598676,10
2024-09-20 13:46:10.140,431.71908429942806,14
2024-09-20 13:46:10.314,431.69337710402544,96
2024-09-20 13:46:10.435,431.7260429563371,1001
2024-09-20 13:46:10.442,431.6932687717904,98
2024-09-20 13:46:10.588,431.6797948027683,998
2024-09-20 13:46:10.735,431.7159405011306,1002
2024-09-20 13:46:11.141,431.70291403243806,995
2024-09-20 13:46:11.437,431.7320203006418,996
2024-09-20 13:46:11.486,43.16972856785289,95
2024-09-20 13:46:11.505,431.7046712705195,5
2024-09-20 13:46:11.505,431.68438280392826,100
2024-09-20 13:46:11.603,431.70623421753146,9
2024-09-20 13:46:11.623,431.7194257400796,1004
2024-09-20 13:46:11.693,431.68206024325673,1005
2024-09-20 13:46:12.065,431.7044206764004,98
2024-09-20 13:46:12.139,431.74190762439497,11
2024-09-20 13:46:12.156,431.6826039443122,100
2024-09-20 13:46:12.163,431.7312228380986,8
2024-09-20 13:46:12.202,431.6983662381733,99
2024-09-20 13:46:12.204,431.6910990686077,99
2024-09-20 13:46:12.243,431.6948350632308,12
2024-09-20 13:46:12.442,431.72531364271066,95
2024-09-20 13:46:12.452,431.73008959319634,5
2024-09-20 13:46:12.489,431.6941679620851,997
2024-09-20 13:46:12.495,431.6833434138725,101
2024-09-20 13:46:12.522,431.699094168598,99
2024-09-20 13:46:12.579,431.7121582128286,101
2024-09-20 13:46:12.631,431.6749703841517,11
2024-09-20 13:46:12.663,431.6902668794914,10
2024-09-20 13:46:12.693,431.7067835890789,98
2024-09-20 13:46:12.695,431.6920810618384,1000
2024-09-20 13:46:12.695,431.6859688662333,104
2024-09-20 13:46:12.722,431.67845681925337,1001
2024-09-20 13:46:12.798,431.7286261964809,1003
2024-09-20 13:46:12.845,431.7267932075776,97
2024-09-20 13:46:12.888,431.6993751175768,997
2024-09-20 13:46:12.961,431.7188659990663,96
2024-09-20 13:46:13.012,431.7473026931752,105
2024-09-20 13:46:13.034,431.71649671543247,1001
2024-09-20 13:46:13.121,431.7093826371287,102
2024-09-20 13:46:13.198,431.7427744638812,998
2024-09-20 13:46:13.240,431.74543365981646,15
2024-09-20 13:46:13.309,431.66189459623456,1004
2024-09-20 13:46:13.375,431.7195339968598,102
2024-09-20 13:46:13.425,431.7259902687061,8
2024-09-20 13:46:13.450,431.7166466957863,97
2024-09-20 13:46:13.461,431.7382461044782,6
2024-09-20 13:46:13.486,431.6732545211385,104
2024-09-20 13:46:13.507,431.6792698714824,999
2024-09-20 13:46:13.543,431.6966452481758,6
2024-09-20 13:46:13.572,431.6386555757886,100
2024-09-20 13:46:13.594,431.7453118372275,102
2024-09-20 13:46:13.637,431.6977285724071,5
2024-09-20 13:46:13.690,431.6992174522991,100
2024-09-20 13:46:13.712,431.73453558142654,96
2024-09-20 13:46:13.725,431.6947766959019,8
2024-09-20 13:46:13.737,431.7385335097893,1001
2024-09-20 13:46:13.739,431.7220024256807,98
2024-09-20 13:46:13.849,431.7247935801262,1000
2024-09-20 13:46:13.874,431.7604348239381,996
2024-09-20 13:46:13.901,431.7504834611528,999
2024-09-20 13:46:13.924,431.6922550099182,996
2024-09-20 13:46:14.953,,996
2024-09-20 13:46:15.100,431.6300602755701,103
2024-09-20 13:46:15.866,431.62919303546687,98
2024-09-20 13:46:15.973,431.6286230338208,9
2024-09-20 13:46:15.997,431.6326177914663,1004
2024-09-20 13:46:16.116,431.7854073128935,102
2024-09-20 13:46:16.120,431.7112566566028,1004
2024-09-20 13:46:16.144,431.7211737808509,1002
2024-09-20 13:46:16.151,431.8037157307414,1005
2024-09-20 13:46:16.198,431.7324890939885,13
2024-09-20 13:46:16.232,431.79754887926254,11
2024-09-20 13:46:16.252,431.8431881436203,11
2024-09-20 13:46:16.334,431.7758354664292,98
2024-09-20 13:46:16.362,431.7509696997491,7
2024-09-20 13:46:16.384,431.6900795771794,98
2024-09-20 13:46:16.417,431.7961787494165,5
2024-09-20 13:46:16.435,431.6534256875519,12
2024-09-20 13:46:16.438,431.6737773323825,7
2024-09-20 13:46:16.469,431.7170390015583,13
2024-09-20 13:46:16.473,431.8321570064321,1004
2024-09-20 13:46:16.513,,1000
2024-09-20 13:46:16.521,431.7076714036516,105
2024-09-20 13:46:16.523,431.7249675122242,5
2024-09-20 13:46:16.659,431.6853497936324,1003
2024-09-20 13:46:16.748,431.7093654522138,101
2024-09-20 13:46:16.751,43.177390516352126,997
2024-09-20 13:46:16.756,431.7823931556069,104
2024-09-20 13:46:16.805,431.79302115008807,98
2024-09-20 13:46:16.820,431.694243493647,10
2024-09-20 13:46:16.860,431.642318558731,1000
2024-09-20 13:46:16.873,431.7139315967429,996
2024-09-20 13:46:16.903,431.739818708662,1002
2024-09-20 13:46:16.984,431.6933465758325,1005
2024-09-20 13:46:16.986,431.8035477499814,996
2024-09-20 13:46:17.165,431.8649616636304,5
2024-09-20 13:46:17.352,431.87662262659455,5
2024-09-20 13:46:17.753,431.86832212228165,105
2024-09-20 13:46:18.056,-431.7786159332328,1001
2024-09-20 13:46:18.060,431.7923665032808,997
2024-09-20 13:46:18.077,431.8402345501456,103
2024-09-20 13:46:18.086,431.7946309739104,98
2024-09-20 13:46:18.162,431.8727210571497,997
2024-09-20 13:46:18.404,431.826155540499,1001
2024-09-20 13:46:18.535,431.8459898551501,102
2024-09-20 13:46:18.578,431.7831617633541,12
2024-09-20 13:46:18.648,,98
2024-09-20 13:46:18.702,431.8299607428799,5
2024-09-20 13:46:18.842,431.8631012585102,999
2024-09-20 13:46:19.087,431.7677915638893,1004
2024-09-20 13:46:19.108,431.70951092375407,104
2024-09-20 13:46:19.194,431.73114269869245,11
2024-09-20 13:46:19.273,431.7353991916462,96
2024-09-20 13:46:19.319,431.77280745875294,1005
2024-09-20 13:46:19.341,43.17624418870548,99
2024-09-20 13:46:19.400,43.17615685139569,1004
2024-09-20 13:46:19.413,431.7683050730788,1001
2024-09-20 13:46:19.611,431.7616340890401,7
2024-09-20 13:46:19.690,431.7531427001063,105
2024-09-20 13:46:19.693,431.7517109949998,95
2024-09-20 13:46:19.702,431.73536600147264,9
2024-09-20 13:46:19.756,431.7496899873234,95
2024-09-20 13:46:19.759,431.76513226684193,7
2024-09-20 13:46:19.808,431.7378458270243,6
2024-09-20 13:46:19.869,431.7451587699983,15
2024-09-20 13:46:19.963,431.7333650158054,11
2024-09-20 13:46:20.044,431.72252062064825,100
2024-09-20 13:46:20.081,431.70310832984353,14
2024-09-20 13:46:20.101,431.7378202690585,1001
2024-09-20 13:46:20.109,431.7447212133193,97
2024-09-20 13:46:20.141,431.7828780263124,95
2024-09-20 13:46:20.234,431.7606356733732,6
2024-09-20 13:46:20.261,431.7855375046323,999
2024-09-20 13:46:20.275,431.7973184582541,101
2024-09-20 13:46:20.279,431.7561847789234,11
2024-09-20 13:46:20.301,431.7698296126112,103
2024-09-20 13:46:20.306,431.7837994830764,13
2024-09-20 13:46:20.315,431.73210863606334,7
2024-09-20 13:46:20.325,431.7545383578993,12
2024-09-20 13:46:20.329,431.69371111138594,96
2024-09-20 13:46:20.340,-431.7286748327181,1004
2024-09-20 13:46:20.375,431.7289238827569,995
2024-09-20 13:46:20.460,431.7267760147963,1003
2024-09-20 13:46:20.497,431.7473307921164,1000
2024-09-20 13:46:20.534,431.7248464781728,7
2024-09-20 13:46:20.579,431.7304926498541,995
2024-09-20 13:46:20.606,431.77730425801934,8
2024-09-20 13:46:20.640,431.7975605282683,104
2024-09-20 13:46:20.771,431.7744102175524,102
2024-09-20 13:46:20.809,431.72970905686014,999
2024-09-20 13:46:20.848,431.74844259188814,104
2024-09-20 13:46:20.949,431.751530920738,14
2024-09-20 13:46:21.120,431.7602510626442,103
2024-09-20 13:46:21.231,431.72796525150943,8
2024-09-20 13:46:21.280,431.7564794767928,98
2024-09-20 13:46:21.353,431.7783465922204,9
2024-09-20 13:46:21.391,431.7225407425199,95
2024-09-20 13:46:21.426,431.7716085910911,7
2024-09-20 13:46:21.439,431.772056908362,10
2024-09-20 13:46:21.503,431.7475831721239,104
2024-09-20 13:46:21.508,431.7841534938743,12
2024-09-20 13:46:21.532,431.7497647940692,95
2024-09-20 13:46:21.545,431.777278537692,12
2024-09-20 13:46:21.579,431.7311252496149,105
2024-09-20 13:46:21.583,431.77304875061145,104
2024-09-20 13:46:21.646,431.7990091752761,999
2024-09-20 13:46:21.762,431.765067373404,1002
2024-09-20 13:46:21.769,431.7673111107478,1003
2024-09-20 13:46:21.800,431.75547010804826,1004
2024-09-20 13:46:21.839,431.74742131963217,101
2024-09-20 13:46:21.852,431.8010959750009,102
2024-09-20 13:46:21.871,431.7699796596488,13
2024-09-20 13:46:21.950,431.7742149901093,9
2024-09-20 13:46:21.956,431.7735752734219,1001
2024-09-20 13:46:21.995,431.7893253406665,105
2024-09-20 13:46:22.345,431.718053588882,12
2024-09-20 13:46:23.024,431.7395481219245,98
2024-09-20 13:46:23.050,431.7188350757854,96
2024-09-20 13:46:23.103,431.7044388018278,103
2024-09-20 13:46:23.146,431.7266551193927,997
2024-09-20 13:46:23.169,43.17213718844489,5
2024-09-20 13:46:23.186,431.6993530577092,999
2024-09-20 13:46:23.223,431.70699831032965,995
2024-09-20 13:46:23.335,431.6982977285899,1000
2024-09-20 13:46:23.360,431.7315367179148,104
2024-09-20 13:46:23.425,431.7238842040808,9
2024-09-20 13:46:23.431,431.6984355512904,105
2024-09-20 13:46:23.634,431.7269991448247,1003
2024-09-20 13:46:23.719,431.697747471436,7
2024-09-20 13:46:23.721,431.7380719574486,96
2024-09-20 13:46:23.844,431.7409258767541,1004
2024-09-20 13:46:24.821,431.74551714836383,96
2024-09-20 13:46:25.107,431.7879101447338,98
2024-09-20 13:46:25.182,431.8179917598344,10
2024-09-20 13:46:25.183,431.8044647750488,999
2024-09-20 13:46:25.190,431.7981831069733,10
2024-09-20 13:46:25.366,431.8407468903742,12
2024-09-20 13:46:25.422,431.832383997066,102
2024-09-20 13:46:25.433,431.78463655498274,15
2024-09-20 13:46:25.542,431.81966333776,1002
2024-09-20 13:46:25.570,431.7833049678863,996
2024-09-20 13:46:25.593,431.8165006137402,12
2024-09-20 13:46:25.627,431.7869787349629,103
2024-09-20 13:46:25.653,431.8125239061115,12
2024-09-20 13:46:25.762,431.83994437374366,15
2024-09-20 13:46:25.848,431.85932056489366,997
2024-09-20 13:46:25.865,431.7927543642002,10
2024-09-20 13:46:25.886,431.8392232766242,999
2024-09-20 13:46:25.952,431.7762383070935,7
2024-09-20 13:46:25.985,431.790737625352,6
2024-09-20 13:46:26.249,431.89357899635365,1003
2024-09-20 13:46:26.357,431.874565756938,95
2024-09-20 13:46:26.476,,98
2024-09-20 13:46:26.511,431.8747084453144,98
2024-09-20 13:46:26.671,431.9015559823424,12
2024-09-20 13:46:26.776,-431.8882382488608,96
2024-09-20 13:46:26.952,431.8540265581212,100
2024-09-20 13:46:26.983,431.8897089893866,99
2024-09-20 13:46:26.983,431.8824159073774,103
2024-09-20 13:46:27.124,431.9577093113746,1000
2024-09-20 13:46:27.177,431.8740512588517,8
2024-09-20 13:46:27.182,431.86260806111386,995
2024-09-20 13:46:27.231,431.86977982406927,12
2024-09-20 13:46:27.262,431.8901574701104,98
2024-09-20 13:46:27.336,431.9334508172856,10
2024-09-20 13:46:27.338,431.9404375400378,1001
2024-09-20 13:46:27.388,431.8993055636095,105
2024-09-20 13:46:27.401,431.8715538536362,97
2024-09-20 13:46:27.409,431.878459530539,10
2024-09-20 13:46:27.436,431.8653760794416,1004
2024-09-20 13:46:27.528,431.8953290425522,1005
2024-09-20 13:46:27.559,431.87614932908826,103
2024-09-20 13:46:27.578,431.8691333796594,5
2024-09-20 13:46:27.640,431.8869573063766,11
2024-09-20 13:46:27.677,431.9503767980229,100
2024-09-20 13:46:27.727,431.872232159123,103
2024-09-20 13:46:27.790,431.8785556029294,997
2024-09-20 13:46:27.799,431.8865729265665,100
2024-09-20 13:46:27.820,431.8710503622088,13
2024-09-20 13:46:27.823,431.9085352629189,13
2024-09-20 13:46:27.833,,6
2024-09-20 13:46:27.871,431.8755730198822,14
2024-09-20 13:46:27.920,431.8794961968204,995
2024-09-20 13:46:27.928,431.9245163105564,995
2024-09-20 13:46:28.015,432.0157589150607,14
2024-09-20 13:46:28.096,432.0204588870432,7
2024-09-20 13:46:28.097,431.9379764289502,96
2024-09-20 13:46:28.273,431.9442351543063,101
2024-09-20 13:46:28.362,431.96037240191305,10
2024-09-20 13:46:28.441,431.94490129521057,5
2024-09-20 13:46:28.548,431.9939832152162,102
2024-09-20 13:46:28.732,432.0099974666728,99
2024-09-20 13:46:28.842,431.96163471284666,1004
2024-09-20 13:46:29.024,432.0262503196808,95
2024-09-20 13:46:29.099,432.0108329212545,15
2024-09-20 13:46:29.199,432.0275356759004,104
2024-09-20 13:46:29.218,432.045278351011,101
2024-09-20 13:46:29.265,432.0386140838651,104
2024-09-20 13:46:29.378,432.02201050377255,1005
2024-09-20 13:46:29.380,432.0227026661236,13
2024-09-20 13:46:29.473,432.05799769981815,1001
2024-09-20 13:46:29.616,432.039783392548,103
2024-09-20 13:46:29.619,432.0324325735612,1002
2024-09-20 13:46:29.640,432.0196085858602,11
2024-09-20 13:46:29.673,432.0394971988069,12
2024-09-20 13:46:29.902,432.0538162123247,99
2024-09-20 13:46:29.953,431.9987725750898,1004
2024-09-20 13:46:29.959,432.0324125056174,103
2024-09-20 13:46:29.986,432.01517161554654,1003
2024-09-20 13:46:30.028,432.0801751772176,996
2024-09-20 13:46:30.276,432.0892825408146,999
2024-09-20 13:46:30.498,432.05336877238943,103
2024-09-20 13:46:30.530,432.0899977572791,11
2024-09-20 13:46:30.534,432.0952369584692,1005
2024-09-20 13:46:30.614,432.065437327614,99
2024-09-20 13:46:30.727,432.1024362808736,1003
2024-09-20 13:46:30.891,432.1114652611349,6
2024-09-20 13:46:30.895,432.06256339089913,6
2024-09-20 13:46:30.955,432.0990679027776,11
2024-09-20 13:46:30.969,432.0647214929082,104
2024-09-20 13:46:31.143,432.0935848300465,96
2024-09-20 13:46:31.500,432.1250147064412,99
2024-09-20 13:46:31.656,432.105131684808,1002
2024-09-20 13:46:31.727,432.1344144332142,99
2024-09-20 13:46:31.898,43.21245044173419,6
2024-09-20 13:46:31.937,432.10810297439286,1003
2024-09-20 13:46:32.033,432.1304143950193,8
2024-09-20 13:46:32.059,432.1386703510009,105
2024-09-20 13:46:32.238,432.1205171175373,98
2024-09-20 13:46:32.600,432.1365846742325,997
2024-09-20 13:46:32.642,432.1035373408412,95
2024-09-20 13:46:32.661,432.1074923992583,95
2024-09-20 13:46:32.794,432.1027305756634,96
2024-09-20 13:46:32.871,432.1145363092322,10
2024-09-20 13:46:33.192,432.17251835059625,5
2024-09-20 13:46:33.237,432.1615486386251,15
2024-09-20 13:46:33.249,432.1384392886947,997
2024-09-20 13:46:33.267,432.1570541304188,13
2024-09-20 13:46:33.288,432.1468165964389,99
2024-09-20 13:46:33.429,432.1530428459852,15
2024-09-20 13:46:33.457,432.1565221220709,12
2024-09-20 13:46:33.523,432.15475732461954,102
2024-09-20 13:46:33.586,432.1359349767493,98
2024-09-20 13:46:33.802,432.13786472850313,97
2024-09-20 13:46:33.869,432.1450269585343,8
2024-09-20 13:46:33.881,432.1339028083013,998
2024-09-20 13:46:33.886,432.1429326257701,103
2024-09-20 13:46:34.027,432.1462431806728,10
2024-09-20 13:46:34.083,432.0912009056072,99
2024-09-20 13:46:34.109,432.11723603299015,1002
2024-09-20 13:46:34.114,432.1788760201037,5
2024-09-20 13:46:34.186,432.1377255924512,13
2024-09-20 13:46:34.218,432.2098939412302,9
2024-09-20 13:46:34.252,432.158845164641,105
2024-09-20 13:46:34.294,432.1785789633804,1002
2024-09-20 13:46:34.402,432.1867706161376,95
2024-09-20 13:46:34.434,432.16959945424,13
2024-09-20 13:46:34.486,432.11651790210834,1002
2024-09-20 13:46:34.489,432.1362449079976,96
2024-09-20 13:46:34.590,432.1805649027067,998
2024-09-20 13:46:34.600,432.2018234366229,1000
2024-09-20 13:46:34.869,432.1840536810189,995
2024-09-20 13:46:34.967,432.1151343144512,1003
2024-09-20 13:46:34.988,432.2007315766808,97
2024-09-20 13:46:35.010,432.1175496200065,15
2024-09-20 13:46:35.090,432.1023522125319,100
2024-09-20 13:46:35.137,432.0901311616543,10
2024-09-20 13:46:35.138,432.1019996381082,6
2024-09-20 13:46:35.153,432.0999190103844,995
2024-09-20 13:46:35.228,432.12082874281134,9
2024-09-20 13:46:35.245,432.1141746216219,95
2024-09-20 13:46:35.247,432.114198827082,10
2024-09-20 13:46:35.263,432.106755973042,102
2024-09-20 13:46:35.307,432.09012051188336,15
2024-09-20 13:46:35.326,432.0616193474234,10
2024-09-20 13:46:35.345,432.10472785467255,1003
2024-09-20 13:46:35.365,432.1021982038078,100
2024-09-20 13:46:35.399,432.10190855732185,6
2024-09-20 13:46:35.458,432.1198337161082,15
2024-09-20 13:46:35.463,432.0990793402095,9
2024-09-20 13:46:35.539,432.1117938156145,10
2024-09-20 13:46:35.620,432.1209106990104,105
2024-09-20 13:46:35.679,432.11806962738535,996
2024-09-20 13:46:35.692,432.1190999130309,101
2024-09-20 13:46:35.703,432.1073749089255,6
2024-09-20 13:46:35.773,432.0931007036639,8
2024-09-20 13:46:35.785,432.07243928695226,104
2024-09-20 13:46:35.789,432.0742977820788,998
2024-09-20 13:46:35.837,432.1067793670309,14
2024-09-20 13:46:35.849,432.12856784185306,105
2024-09-20 13:46:35.900,432.08220578555495,1002
2024-09-20 13:46:35.957,43.212720835913736,6
2024-09-20 13:46:35.976,432.1046124679956,7
2024-09-20 13:46:35.992,432.1223941459537,7
2024-09-20 13:46:36.120,432.0822240397329,999
2024-09-20 13:46:36.217,432.07797953842703,1001
2024-09-20 13:46:36.541,432.0529173174002,102
2024-09-20 13:46:36.672,432.0445888619749,101
2024-09-20 13:46:36.715,432.0879490938159,100
2024-09-20 13:46:36.799,432.0559042708292,995
2024-09-20 13:46:36.808,432.05314249047166,997
2024-09-20 13:46:36.970,432.0854839142997,9
2024-09-20 13:46:36.971,432.0831702180781,103
2024-09-20 13:46:37.040,431.9843166910893,8
2024-09-20 13:46:37.045,431.9879225730907,95
2024-09-20 13:46:37.092,432.0333519707692,12
2024-09-20 13:46:37.188,431.99120598431904,1001
2024-09-20 13:46:37.206,431.975142805432,100
2024-09-20 13:46:37.249,431.9720335566752,98
2024-09-20 13:46:37.360,432.0037407612874,104
2024-09-20 13:46:37.389,431.9957704765239,96
2024-09-20 13:46:37.426,431.9893943844981,1002
2024-09-20 13:46:37.435,432.0053298097004,5
2024-09-20 13:46:37.483,432.0326615627717,10
2024-09-20 13:46:37.684,431.989701062202,7
2024-09-20 13:46:37.756,431.9727238275263,102
2024-09-20 13:46:37.797,432.0103749785002,14
2024-09-20 13:46:37.949,431.9751586377515,95
2024-09-20 13:46:39.117,431.9703905817971,7
2024-09-20 13:46:39.155,432.0039039388138,101
2024-09-20 13:46:39.161,431.9822776589059,100
2024-09-20 13:46:39.401,431.9598238802894,6
2024-09-20 13:46:39.545,431.9654691522094,997
2024-09-20 13:46:39.774,431.9661048089847,96
2024-09-20 13:46:39.886,431.9598762679132,97
2024-09-20 13:46:39.920,431.98803730180487,998
2024-09-20 13:46:40.187,431.9957731381036,12
2024-09-20 13:46:40.360,432.00371888502383,95
2024-09-20 13:46:40.402,431.9780839804685,1003
2024-09-20 13:46:40.494,431.9847083874664,8
2024-09-20 13:46:40.554,432.01959068083545,98
2024-09-20 13:46:40.784,431.959681736323,5
2024-09-20 13:46:40.847,432.004656234754,103
2024-09-20 13:46:40.871,431.9954704769595,101
2024-09-20 13:46:40.892,431.9926774685736,1001
2024-09-20 13:46:40.897,431.994262092848,15
2024-09-20 13:46:40.993,431.9551426946141,100
2024-09-20 13:46:41.012,431.9136963905124,12
2024-09-20 13:46:41.043,431.9106380517751,1004
2024-09-20 13:46:41.083,43.19059185947998,102
2024-09-20 13:46:41.086,431.91130263489737,997
2024-09-20 13:46:41.156,431.9185195928623,999
2024-09-20 13:46:41.163,431.9153654230862,13
2024-09-20 13:46:41.172,431.8989512798093,11
2024-09-20 13:46:41.245,431.92097236351606,95
2024-09-20 13:46:41.327,431.9221558743177,5
2024-09-20 13:46:41.350,431.9119681194416,11
2024-09-20 13:46:41.351,431.9304043763395,14
2024-09-20 13:46:41.363,431.9049682254655,98
2024-09-20 13:46:41.395,431.9100689260727,95
2024-09-20 13:46:41.516,431.8997760774024,1005
2024-09-20 13:46:41.529,431.9074311071288,13
2024-09-20 13:46:41.530,431.8957956609824,1001
2024-09-20 13:46:41.598,431.9047995220987,1001
2024-09-20 13:46:41.616,431.8970981018061,1000
2024-09-20 13:46:41.687,431.91787354767735,1004
2024-09-20 13:46:41.716,431.9288582313091,15
2024-09-20 13:46:41.810,431.9319045708154,1003
2024-09-20 13:46:41.810,431.8938085461633,5
2024-09-20 13:46:41.814,431.88962590692825,998
2024-09-20 13:46:41.837,431.9318412774383,1000
2024-09-20 13:46:41.882,431.8979477665355,14
2024-09-20 13:46:41.885,431.906427224619,1003
2024-09-20 13:46:41.950,431.8881114143954,9
2024-09-20 13:46:41.954,431.89680229851376,1001
2024-09-20 13:46:42.012,431.878546062181,996
2024-09-20 13:46:42.016,431.88773762884455,102
2024-09-20 13:46:42.025,431.9299715581794,104
2024-09-20 13:46:42.026,431.8749436725296,96
2024-09-20 13:46:42.054,431.8743702029138,1002
2024-09-20 13:46:42.089,431.9513298034588,998
2024-09-20 13:46:42.374,431.8959335368712,99
2024-09-20 13:46:42.465,431.8955343584853,1004
2024-09-20 13:46:42.485,431.8621941382611,13
2024-09-20 13:46:42.557,431.9456869669396,101
2024-09-20 13:46:42.559,431.9691679626201,98
2024-09-20 13:46:42.604,431.9637154908029,9
2024-09-20 13:46:42.690,431.8870518039952,104
2024-09-20 13:46:42.929,431.8472952931627,9
2024-09-20 13:46:42.993,431.9579286326775,8
2024-09-20 13:46:43.064,43.19198041845054,1002
2024-09-20 13:46:43.089,431.9277801789872,1003
2024-09-20 13:46:43.170,431.901839714532,15
2024-09-20 13:46:43.288,431.9246852415743,104
2024-09-20 13:46:43.405,431.9129524532626,13
2024-09-20 13:46:43.433,431.9211320975968,99
2024-09-20 13:46:43.454,431.8792671989433,101
2024-09-20 13:46:43.468,431.93944987767,1000
2024-09-20 13:46:43.529,431.9388008887558,1002
2024-09-20 13:46:43.565,431.89038467133935,15
2024-09-20 13:46:43.750,431.9092323897468,996
2024-09-20 13:46:43.751,431.88377630272606,7
2024-09-20 13:46:43.776,43.19037885101138,999
2024-09-20 13:46:43.894,431.8868629142885,1004
2024-09-20 13:46:43.954,431.9002164887659,13
2024-09-20 13:46:44.964,431.9286014990067,13
2024-09-20 13:46:45.090,431.9137667564181,9
2024-09-20 13:46:45.220,431.97536499027984,102
2024-09-20 13:46:45.345,431.9324457335729,97
2024-09-20 13:46:45.513,431.9597642499667,96
2024-09-20 13:46:45.709,431.9740342787428,5
2024-09-20 13:46:45.780,431.9597975617748,1004
2024-09-20 13:46:45.831,431.9199909248521,105
2024-09-20 13:46:45.872,431.9263877220503,105
2024-09-20 13:46:46.006,431.943710920161,995
2024-09-20 13:46:46.007,431.877682425993,1003
2024-09-20 13:46:46.029,431.926189174719,103
2024-09-20 13:46:46.038,431.88983475775433,13
2024-09-20 13:46:46.079,43.188189314819056,12
2024-09-20 13:46:46.088,431.90892498212617,104
2024-09-20 13:46:46.107,431.8975995348637,12
2024-09-20 13:46:46.112,431.89687790099015,7
2024-09-20 13:46:46.186,431.92066652302543,100
2024-09-20 13:46:46.226,431.8814314530391,1000
2024-09-20 13:46:46.229,431.8783889239315,1005
2024-09-20 13:46:46.239,431.8951828156432,5
2024-09-20 13:46:46.244,431.9156798359149,9
2024-09-20 13:46:46.340,431.8831975026462,102
2024-09-20 13:46:46.453,431.9029756108004,102
2024-09-20 13:46:46.540,431.897560594384,102
2024-09-20 13:46:46.560,431.9365385224921,996
2024-09-20 13:46:46.581,431.91387944112927,104
2024-09-20 13:46:46.629,431.89918521667227,105
2024-09-20 13:46:46.632,431.90025110401496,6
2024-09-20 13:46:46.690,431.923590826993,998
2024-09-20 13:46:46.693,431.8830242199485,1003
2024-09-20 13:46:46.762,431.91915815675446,1005
2024-09-20 13:46:46.849,431.8855000838527,1002
2024-09-20 13:46:46.859,431.9107780377552,101
2024-09-20 13:46:46.863,431.9283706749263,997
2024-09-20 13:46:46.889,431.94016663383,997
2024-09-20 13:46:46.950,431.897423921473,14
2024-09-20 13:46:46.997,431.9203291498912,102
2024-09-20 13:46:47.130,431.8792462942696,10
2024-09-20 13:46:47.214,431.8562318845401,101
2024-09-20 13:46:47.331,431.9136007750617,12
2024-09-20 13:46:47.344,431.8710586349143,1000
2024-09-20 13:46:47.440,431.8491559853213,1002
2024-09-20 13:46:47.494,431.8373863009828,1004
2024-09-20 13:46:47.495,431.8499181763156,101
2024-09-20 13:46:47.582,431.85350202273,5
2024-09-20 13:46:47.777,431.9114334577077,7
2024-09-20 13:46:47.807,431.8597316695455,999
2024-09-20 13:46:47.851,431.8765740535505,101
2024-09-20 13:46:47.975,431.8577289276816,102
2024-09-20 13:46:48.101,431.90960292074186,98
2024-09-20 13:46:48.131,431.90519859970766,1001
2024-09-20 13:46:48.179,431.91556670480907,1005
2024-09-20 13:46:48.477,431.9042101703632,95
2024-09-20 13:46:48.531,431.9085469307552,1001
2024-09-20 13:46:48.560,431.898985198056,98
2024-09-20 13:46:48.960,431.8979299546913,1002
2024-09-20 13:46:49.053,431.8912147014969,101
2024-09-20 13:46:49.078,431.8900361743433,99
2024-09-20 13:46:49.085,431.8947727191997,105
2024-09-20 13:46:49.134,431.86816258614033,105
2024-09-20 13:46:49.192,431.9059539560957,997
2024-09-20 13:46:49.264,431.9265743692053,96
2024-09-20 13:46:49.276,431.9240361900427,95
2024-09-20 13:46:49.302,431.9235231447552,999
2024-09-20 13:46:49.346,431.9081058844776,104
2024-09-20 13:46:49.413,431.9007650088754,999
2024-09-20 13:46:49.586,431.91214581269617,101
2024-09-20 13:46:49.588,431.8899137622699,104
2024-09-20 13:46:49.626,431.9379258009888,1003
2024-09-20 13:46:49.635,431.9238343210786,11
2024-09-20 13:46:49.643,431.9086420609128,10
2024-09-20 13:46:49.734,431.90839814552737,999
2024-09-20 13:46:49.764,431.9040621785152,11
2024-09-20 13:46:49.771,-431.8841302872685,95
2024-09-20 13:46:49.773,431.8739505407797,97
2024-09-20 13:46:49.828,431.8889054503904,13
2024-09-20 13:46:49.901,431.9109577825763,6
2024-09-20 13:46:49.910,431.8939268515249,13
2024-09-20 13:46:50.018,431.846192443097,995
2024-09-20 13:46:50.054,431.8103471064895,104
2024-09-20 13:46:50.087,431.83528537644,97
2024-09-20 13:46:50.455,431.87445944454174,11
2024-09-20 13:46:50.498,431.81112366076826,95
2024-09-20 13:46:50.575,431.9077708109628,1002
2024-09-20 13:46:50.769,431.8549363156317,7
2024-09-20 13:46:50.846,431.8571005202476,9
2024-09-20 13:46:50.919,431.91607908189377,1002
2024-09-20 13:46:50.943,431.8928592268044,101
2024-09-20 13:46:51.059,431.885571846588,996
2024-09-20 13:46:51.078,431.8796702021073,96
2024-09-20 13:46:51.209,431.8564007486651,15
2024-09-20 13:46:51.281,431.8790902214309,1004
2024-09-20 13:46:51.367,431.8752637536357,100
2024-09-20 13:46:51.426,431.8514574598114,14
2024-09-20 13:46:51.504,431.892599937324,1000
2024-09-20 13:46:51.559,431.87415340696384,99
2024-09-20 13:46:51.575,431.8902941726951,95
2024-09-20 13:46:51.579,431.8844917963768,99
2024-09-20 13:46:51.664,431.88840753379577,103
2024-09-20 13:46:51.851,431.84596885115377,1003
2024-09-20 13:46:51.853,431.8920889215957,999
2024-09-20 13:46:51.941,431.8648718266804,8
2024-09-20 13:46:51.986,431.8648082055294,6
2024-09-20 13:46:51.988,431.8960728214774,98
2024-09-20 13:46:52.023,431.8560217240777,96
2024-09-20 13:46:52.089,431.81070568082936,1002
2024-09-20 13:46:52.291,431.7995799473625,100
2024-09-20 13:46:52.306,431.81007188995767,1001
2024-09-20 13:46:52.320,431.81131153936656,7
2024-09-20 13:46:52.384,431.8557409290378,997
2024-09-20 13:46:52.405,431.84606735174447,1000
2024-09-20 13:46:52.418,431.7932023075202,6
2024-09-20 13:46:52.428,431.8484689277869,99
2024-09-20 13:46:52.559,431.80134447175567,1004
2024-09-20 13:46:52.580,431.8115639345398,998
2024-09-20 13:46:52.612,431.8499562284747,104
2024-09-20 13:46:52.675,431.8046875401687,998
2024-09-20 13:46:52.715,431.8426217657568,99
2024-09-20 13:46:52.719,431.86078802713,996
2024-09-20 13:46:52.745,431.86690054108647,13
2024-09-20 13:46:52.756,431.8681319169127,10
2024-09-20 13:46:52.775,431.8022150695976,101
2024-09-20 13:46:52.892,431.8469955604161,96
2024-09-20 13:46:53.004,431.7358670769021,101
2024-09-20 13:46:53.095,431.7937169522721,1002
2024-09-20 13:46:53.112,431.789207618174,102
2024-09-20 13:46:53.132,431.7816879146544,996
2024-09-20 13:46:53.138,431.7752093170265,104
2024-09-20 13:46:53.153,431.7619851543772,1002
2024-09-20 13:46:53.167,431.72669177565206,97
2024-09-20 13:46:53.191,-431.7646235103537,102
2024-09-20 13:46:53.234,431.7982613409994,104
2024-09-20 13:46:53.374,431.7689215727872,6
2024-09-20 13:46:53.485,431.743099661851,1001
2024-09-20 13:46:53.526,431.7681142263424,5
2024-09-20 13:46:53.594,431.7803913663104,7
2024-09-20 13:46:53.598,431.7809859715366,12
2024-09-20 13:46:53.602,431.73423106316426,15
2024-09-20 13:46:53.625,431.7342129222664,1002
2024-09-20 13:46:53.640,431.7386550622157,995
2024-09-20 13:46:53.643,431.7588900555816,11
2024-09-20 13:46:53.650,431.7652551161793,7
2024-09-20 13:46:53.727,431.7959666401936,10
2024-09-20 13:46:53.816,431.76889305101577,999
2024-09-20 13:46:53.867,431.7985977024407,6
2024-09-20 13:46:53.873,431.7209508122568,1003
2024-09-20 13:46:53.933,431.80786918773833,12
2024-09-20 13:46:53.936,431.7697907568132,997
2024-09-20 13:46:53.938,431.7370025283721,1000
2024-09-20 13:46:53.956,431.7616274018686,11
2024-09-20 13:46:53.970,-431.724482702192,98
2024-09-20 13:46:53.986,431.7701095363605,13
2024-09-20 13:46:53.991,431.7663379212911,7
2024-09-20 13:46:54.010,431.76818157295145,104
2024-09-20 13:46:54.039,431.7467752458495,8
2024-09-20 13:46:54.083,431.79865853053536,15
2024-09-20 13:46:54.141,431.7510435647114,96
2024-09-20 13:46:54.455,431.78803886450254,10
2024-09-20 13:46:54.555,431.7606995547584,9
2024-09-20 13:46:54.574,431.8081347664016,104
2024-09-20 13:46:54.667,431.7850230737439,95
2024-09-20 13:46:54.721,431.7846172413826,104
2024-09-20 13:46:54.726,431.8028935701378,105
2024-09-20 13:46:55.035,431.8235960655186,1003
2024-09-20 13:46:55.099,431.7816889295906,1005
2024-09-20 13:46:55.297,431.8079456847752,98
2024-09-20 13:46:55.463,431.802751082274,105
2024-09-20 13:46:55.634,431.7871492737133,1002
2024-09-20 13:46:55.726,431.82634710610535,1002
2024-09-20 13:46:55.832,431.8096843295396,5
2024-09-20 13:46:55.863,431.7731945956155,101
2024-09-20 13:46:55.914,431.7803968023945,13
2024-09-20 13:46:55.941,431.8330941251365,96
2024-09-20 13:46:56.077,431.8652256520188,15
2024-09-20 13:46:56.200,431.8557684524895,1003
2024-09-20 13:46:56.258,431.92972097615393,104
2024-09-20 13:46:56.303,431.8244414315939,96
2024-09-20 13:46:56.583,431.9335965239756,99
2024-09-20 13:46:56.650,431.8813176705316,1003
2024-09-20 13:46:56.670,431.8360912869559,998
2024-09-20 13:46:56.704,431.8547261887253,11
2024-09-20 13:46:56.706,431.89978448196615,11
2024-09-20 13:46:56.712,431.8490912444408,998
2024-09-20 13:46:56.856,431.8514180220511,8
2024-09-20 13:46:56.910,431.8665937691622,7
2024-09-20 13:46:56.925,431.8554965704938,13
2024-09-20 13:46:56.949,431.89122087358857,15
2024-09-20 13:46:56.985,431.8118492690635,14
2024-09-20 13:46:57.173,431.92809147644704,1001
2024-09-20 13:46:57.447,431.92090381206026,11
2024-09-20 13:46:57.452,431.9170954258645,95
2024-09-20 13:46:57.500,431.922249221401,14
2024-09-20 13:46:57.553,431.934347221985,104
2024-09-20 13:46:57.919,431.9365138216167,997
2024-09-20 13:46:58.000,431.912761853781,95
2024-09-20 13:46:58.019,431.97809581132174,1004
2024-09-20 13:46:58.070,431.9501409221632,1000
2024-09-20 13:46:58.152,431.90856252576737,102
2024-09-20 13:46:58.190,431.9621176647136,9
2024-09-20 13:46:58.197,431.9103273202446,1003
2024-09-20 13:46:58.205,431.9081930559528,105
2024-09-20 13:46:58.277,431.8992928490896,95
2024-09-20 13:46:58.349,431.9555931022238,105
2024-09-20 13:46:58.357,431.9003512710148,96
2024-09-20 13:46:58.442,431.9287203484095,105
2024-09-20 13:46:58.478,431.90505827698473,95
2024-09-20 13:46:58.528,431.9281646540631,1001
2024-09-20 13:46:58.541,431.9190879370759,1004
2024-09-20 13:46:58.582,431.90821147375567,99
2024-09-20 13:46:58.583,431.9186675065175,1001
2024-09-20 13:46:58.698,431.9825026262522,101
2024-09-20 13:46:58.784,431.9594755761058,12
2024-09-20 13:46:58.816,431.94861839125446,105
2024-09-20 13:46:58.932,431.9013461469606,12
2024-09-20 13:46:58.969,431.9826746546617,997
