Timestamp,Price,Size
2024-09-18 14:09:00.384,414.814170735568,96
2024-09-18 14:09:00.405,414.8157259478908,998
2024-09-18 14:09:00.505,414.80750727660535,99
2024-09-18 14:09:00.519,414.8080144783816,13
2024-09-18 14:09:00.649,414.8279062435549,1004
2024-09-18 14:09:00.671,414.7985232232344,1003
2024-09-18 14:09:00.694,414.8268058961104,103
2024-09-18 14:09:00.699,414.8358972448171,14
2024-09-18 14:09:00.760,414.8352360296264,997
2024-09-18 14:09:00.823,414.8401023375,996
2024-09-18 14:09:00.924,414.8230621904784,100
2024-09-18 14:09:01.047,414.77325903146334,6
2024-09-18 14:09:01.077,414.8034380378789,997
2024-09-18 14:09:01.096,414.7382306103264,97
2024-09-18 14:09:01.145,414.79898833296426,1001
2024-09-18 14:09:01.157,414.7892184089773,15
2024-09-18 14:09:01.205,414.8727378359311,1001
2024-09-18 14:09:01.218,414.8693411170712,103
2024-09-18 14:09:01.220,414.83684758203714,96
2024-09-18 14:09:01.271,414.8488086790785,1003
2024-09-18 14:09:01.297,414.8287166552214,997
2024-09-18 14:09:01.332,414.7575098256511,998
2024-09-18 14:09:01.374,414.829770848781,1004
2024-09-18 14:09:01.377,414.861446136437,1001
2024-09-18 14:09:01.460,414.8599039712491,998
2024-09-18 14:09:01.468,414.8590002117031,997
2024-09-18 14:09:01.566,414.8580423328955,105
2024-09-18 14:09:01.588,414.8698830865341,998
2024-09-18 14:09:01.601,414.8613486413033,1005
2024-09-18 14:09:01.677,414.798357801175,102
2024-09-18 14:09:01.772,414.8620870436061,11
2024-09-18 14:09:01.775,414.7967957205993,100
2024-09-18 14:09:01.832,414.7857993718701,5
2024-09-18 14:09:01.867,414.834656988832,6
2024-09-18 14:09:01.898,414.8195395020464,995
2024-09-18 14:09:01.945,414.7996685032185,998
2024-09-18 14:09:01.962,414.8585797630819,1004
2024-09-18 14:09:01.972,414.8000931914945,97
2024-09-18 14:09:01.981,414.7889394531807,98
2024-09-18 14:09:02.001,414.7663642265572,98
2024-09-18 14:09:02.034,414.6882788681931,97
2024-09-18 14:09:02.069,414.7620415863046,999
2024-09-18 14:09:02.078,414.72162683126254,15
2024-09-18 14:09:02.106,414.7589235120833,99
2024-09-18 14:09:02.166,414.69511843203577,15
2024-09-18 14:09:02.175,414.72100765411545,995
2024-09-18 14:09:02.189,414.7277903920936,1003
2024-09-18 14:09:02.327,414.7307840786093,1002
2024-09-18 14:09:02.514,414.7310694074533,97
2024-09-18 14:09:02.550,414.7543975635779,98
2024-09-18 14:09:02.668,414.7570342095486,99
2024-09-18 14:09:02.745,414.6871669148286,104
2024-09-18 14:09:02.799,414.75341107492295,105
2024-09-18 14:09:02.834,414.71370555658,95
2024-09-18 14:09:02.839,414.73051752806487,11
2024-09-18 14:09:02.854,414.73125309452513,998
2024-09-18 14:09:02.878,414.7606102508711,96
2024-09-18 14:09:02.930,414.7090705358279,14
2024-09-18 14:09:02.956,414.7388153135856,6
2024-09-18 14:09:02.965,414.6864486701253,6
2024-09-18 14:09:03.890,414.68196921199865,997
2024-09-18 14:09:04.031,414.6931543485648,10
2024-09-18 14:09:04.036,414.7459747698352,996
2024-09-18 14:09:04.140,414.728952357709,103
2024-09-18 14:09:04.184,414.702497751,998
2024-09-18 14:09:04.225,414.70529798309656,8
2024-09-18 14:09:04.234,414.6995833224509,1000
2024-09-18 14:09:04.245,414.73555947897256,9
2024-09-18 14:09:04.257,414.6993742355151,104
2024-09-18 14:09:04.350,414.6993961269916,13
2024-09-18 14:09:04.382,414.7527959965374,1003
2024-09-18 14:09:04.414,414.7041278095687,15
2024-09-18 14:09:04.790,414.70835873789554,105
2024-09-18 14:09:04.819,414.688618255496,999
2024-09-18 14:09:04.905,414.7630796342649,1002
2024-09-18 14:09:04.946,414.69964927572767,1004
2024-09-18 14:09:04.980,414.72628471809753,104
2024-09-18 14:09:04.991,414.7143036878677,9
2024-09-18 14:09:05.029,414.8430654061234,8
2024-09-18 14:09:05.092,414.776207982316,995
2024-09-18 14:09:05.111,414.8313510854562,9
2024-09-18 14:09:05.124,414.8390186867928,1004
2024-09-18 14:09:05.147,414.76135718389486,102
2024-09-18 14:09:05.252,414.74774055924007,96
2024-09-18 14:09:05.258,414.71207086106807,11
2024-09-18 14:09:05.264,414.7966324844321,1003
2024-09-18 14:09:05.339,414.840430979764,96
2024-09-18 14:09:05.394,414.754224103736,12
2024-09-18 14:09:05.420,414.7793423166259,13
2024-09-18 14:09:05.445,414.7993736922226,6
2024-09-18 14:09:05.468,414.7935532912167,5
2024-09-18 14:09:05.485,414.78653720561687,10
2024-09-18 14:09:05.573,414.8530384672896,8
2024-09-18 14:09:05.613,414.7165497015407,6
2024-09-18 14:09:05.632,414.79854705208834,1002
2024-09-18 14:09:05.657,414.83660717285136,104
2024-09-18 14:09:05.700,414.8380539121905,12
2024-09-18 14:09:05.720,414.8021208056405,99
2024-09-18 14:09:05.853,414.7515136793569,10
2024-09-18 14:09:05.858,414.8253544606699,105
2024-09-18 14:09:05.934,414.82877834522566,6
2024-09-18 14:09:05.975,414.8308564087456,10
2024-09-18 14:09:06.206,414.8342178751133,105
2024-09-18 14:09:06.356,414.8276435661874,96
2024-09-18 14:09:06.371,414.8341253715176,5
2024-09-18 14:09:06.484,414.8513714309178,12
2024-09-18 14:09:06.582,414.8332089537414,1004
2024-09-18 14:09:06.664,414.8350691431944,99
2024-09-18 14:09:06.776,414.8233283919611,95
2024-09-18 14:09:06.941,414.8259257299316,102
2024-09-18 14:09:07.035,414.8220330285252,1005
2024-09-18 14:09:07.126,414.81895116866366,1004
2024-09-18 14:09:07.138,414.8314966142712,995
2024-09-18 14:09:07.147,414.8425475736072,1000
2024-09-18 14:09:07.187,414.8355783233047,10
2024-09-18 14:09:07.220,414.8285036423021,105
2024-09-18 14:09:07.341,414.88020464972857,1004
2024-09-18 14:09:07.350,414.83536786426856,1003
2024-09-18 14:09:07.417,414.8431877492792,1001
2024-09-18 14:09:07.421,414.8451570643534,995
2024-09-18 14:09:07.442,414.8337210499236,995
2024-09-18 14:09:07.472,414.8369822773288,1001
2024-09-18 14:09:07.490,414.8323517357843,104
2024-09-18 14:09:07.530,414.8293333922982,98
2024-09-18 14:09:07.531,414.8154770910383,995
2024-09-18 14:09:07.575,414.8716020014335,998
2024-09-18 14:09:07.578,414.87356781740016,104
2024-09-18 14:09:07.587,414.8374118959232,105
2024-09-18 14:09:07.613,414.8267567424544,999
2024-09-18 14:09:07.718,414.8634832198536,99
2024-09-18 14:09:07.790,414.79938908102565,7
2024-09-18 14:09:07.807,414.8587817737825,1003
2024-09-18 14:09:07.855,414.8196701917258,102
2024-09-18 14:09:07.869,414.8755068465002,7
2024-09-18 14:09:07.921,41.48214004905121,13
2024-09-18 14:09:07.957,414.84000202125327,99
2024-09-18 14:09:07.958,414.8755999250235,1003
2024-09-18 14:09:07.962,414.8259423159638,98
2024-09-18 14:09:09.060,41.478594478129615,15
2024-09-18 14:09:09.128,414.8109185030863,1001
2024-09-18 14:09:09.420,414.796669602282,7
2024-09-18 14:09:09.452,414.78772306783935,97
2024-09-18 14:09:09.496,414.7987362318977,100
2024-09-18 14:09:09.624,414.8031336849222,14
2024-09-18 14:09:09.946,414.77978510376346,14
2024-09-18 14:09:09.968,414.7974834295998,1003
2024-09-18 14:09:09.987,414.79524321566896,995
2024-09-18 14:09:10.040,414.8138587968381,102
2024-09-18 14:09:10.068,414.7811955832857,1001
2024-09-18 14:09:10.100,414.76510262052966,1005
2024-09-18 14:09:10.125,414.8188253610445,11
2024-09-18 14:09:10.136,414.8232290896448,1005
2024-09-18 14:09:10.152,414.7362007004336,1001
2024-09-18 14:09:10.265,414.784252880698,101
2024-09-18 14:09:10.278,414.74902836844353,10
2024-09-18 14:09:10.297,414.7739024983213,103
2024-09-18 14:09:10.302,,95
2024-09-18 14:09:10.396,414.7955346975019,15
2024-09-18 14:09:10.424,414.8052803197608,97
2024-09-18 14:09:10.438,414.7880710287139,7
2024-09-18 14:09:10.462,414.8007627553821,6
2024-09-18 14:09:10.479,414.7789151614601,102
2024-09-18 14:09:10.498,414.78775706081535,14
2024-09-18 14:09:10.643,414.7536066466356,996
2024-09-18 14:09:10.756,414.7891357400023,105
2024-09-18 14:09:10.761,414.8184289446431,998
2024-09-18 14:09:10.764,414.7899628854033,96
2024-09-18 14:09:10.777,41.47503344589193,996
2024-09-18 14:09:10.891,414.7916647510039,7
2024-09-18 14:09:10.929,414.7912172629973,97
2024-09-18 14:09:10.931,414.793798545494,1003
2024-09-18 14:09:10.944,414.7753895543177,10
2024-09-18 14:09:10.958,414.7908895835831,997
2024-09-18 14:09:10.997,414.7768253962004,104
2024-09-18 14:09:11.117,414.66197896610186,99
2024-09-18 14:09:11.124,414.66611148965137,9
2024-09-18 14:09:11.146,414.6837984948058,103
2024-09-18 14:09:11.178,414.74079139125,103
2024-09-18 14:09:11.191,414.7299760980272,9
2024-09-18 14:09:11.212,414.6941251531488,103
2024-09-18 14:09:11.256,414.7333846829214,99
2024-09-18 14:09:11.293,414.729624975093,995
2024-09-18 14:09:11.375,414.73960870733214,10
2024-09-18 14:09:11.387,414.7381280884029,95
2024-09-18 14:09:11.442,414.7186822889413,1002
2024-09-18 14:09:11.466,414.67978355842905,1002
2024-09-18 14:09:11.491,414.66464636222463,996
2024-09-18 14:09:11.530,414.7403072876781,96
2024-09-18 14:09:11.543,414.7347422488496,998
2024-09-18 14:09:11.578,414.7582394993578,5
2024-09-18 14:09:11.598,414.6658178867637,1000
2024-09-18 14:09:11.598,414.7216426974712,5
2024-09-18 14:09:11.612,414.7505788010953,97
2024-09-18 14:09:11.654,414.7335980882689,1001
2024-09-18 14:09:11.674,414.668663800911,1004
2024-09-18 14:09:11.773,414.7176480224355,97
2024-09-18 14:09:11.902,414.66763502368855,7
2024-09-18 14:09:11.946,414.6958941558421,1004
2024-09-18 14:09:11.964,414.6742691656489,101
2024-09-18 14:09:12.029,414.6471390055742,10
2024-09-18 14:09:12.054,414.615008499518,7
2024-09-18 14:09:12.061,414.6488271623768,104
2024-09-18 14:09:12.213,-414.665331455089,105
2024-09-18 14:09:12.272,414.6631205540278,1000
2024-09-18 14:09:12.370,414.6150855706106,97
2024-09-18 14:09:12.480,414.6159337704663,99
2024-09-18 14:09:12.557,414.60561621192346,99
2024-09-18 14:09:12.616,414.6434145618269,12
2024-09-18 14:09:12.636,414.65389306114827,105
2024-09-18 14:09:12.812,414.6398069412903,11
2024-09-18 14:09:12.819,414.6178212034481,1004
2024-09-18 14:09:12.941,414.6027783931779,1005
2024-09-18 14:09:13.080,414.7045325948945,96
2024-09-18 14:09:13.084,414.72269017098887,104
2024-09-18 14:09:13.154,414.62468766990577,12
2024-09-18 14:09:13.360,414.6610088851374,15
2024-09-18 14:09:13.363,414.6493847156029,999
2024-09-18 14:09:13.392,414.6860238152608,6
2024-09-18 14:09:13.444,414.63586986334826,1005
2024-09-18 14:09:13.444,414.6606310710081,104
2024-09-18 14:09:13.467,414.6383799716001,104
2024-09-18 14:09:13.491,414.681079415957,98
2024-09-18 14:09:13.525,414.650168513825,6
2024-09-18 14:09:13.653,414.6646448887501,104
2024-09-18 14:09:13.667,414.6448053200002,101
2024-09-18 14:09:13.681,414.66533371614514,1004
2024-09-18 14:09:13.917,414.65629531276136,103
2024-09-18 14:09:13.933,414.6434722540199,6
2024-09-18 14:09:13.943,414.6585086770351,10
2024-09-18 14:09:13.946,414.65285299896425,14
2024-09-18 14:09:13.968,414.6715350397702,1000
2024-09-18 14:09:14.047,414.68953182466566,1004
2024-09-18 14:09:14.088,414.6777115550956,1003
2024-09-18 14:09:14.095,414.699218162154,8
2024-09-18 14:09:14.131,414.6904013361722,104
2024-09-18 14:09:14.448,414.6841566200368,103
2024-09-18 14:09:14.488,414.6917108503206,1004
2024-09-18 14:09:14.500,414.7054854272226,1000
2024-09-18 14:09:14.502,414.6956187739464,13
2024-09-18 14:09:14.535,414.6872617808901,1003
2024-09-18 14:09:14.673,414.7053384518523,8
2024-09-18 14:09:14.850,414.681746318396,999
2024-09-18 14:09:14.933,414.6771442170256,1003
2024-09-18 14:09:14.961,414.6844362478576,1000
2024-09-18 14:09:15.082,414.6653469271731,1000
2024-09-18 14:09:15.513,414.6719703483197,100
2024-09-18 14:09:15.719,414.6775218968546,10
2024-09-18 14:09:15.792,414.6987008778643,1002
2024-09-18 14:09:15.877,414.6809928080068,1001
2024-09-18 14:09:15.994,414.6775475934029,12
2024-09-18 14:09:16.035,414.70895704369065,10
2024-09-18 14:09:16.228,414.7072275720888,99
2024-09-18 14:09:16.401,414.70188905636576,97
2024-09-18 14:09:16.507,414.71231323137744,103
2024-09-18 14:09:16.527,414.70383925112014,99
2024-09-18 14:09:16.566,414.69903022866697,102
2024-09-18 14:09:16.595,414.6961235142861,98
2024-09-18 14:09:16.614,414.6992768186397,97
2024-09-18 14:09:16.750,414.7052543728238,1004
2024-09-18 14:09:16.837,41.470971045225866,7
2024-09-18 14:09:16.909,414.7054019100576,999
2024-09-18 14:09:17.001,414.7351843105149,1004
2024-09-18 14:09:17.008,414.75829723359743,96
2024-09-18 14:09:17.012,414.76700617726783,1001
2024-09-18 14:09:17.086,414.7011923443031,1004
2024-09-18 14:09:17.107,414.7245723929154,97
2024-09-18 14:09:17.232,,100
2024-09-18 14:09:17.268,414.7022774665146,97
2024-09-18 14:09:17.300,414.778204505465,1003
2024-09-18 14:09:17.372,414.68975082044943,15
2024-09-18 14:09:17.474,414.7324137458706,11
2024-09-18 14:09:17.476,414.7057184867716,6
2024-09-18 14:09:17.561,414.78644947302513,996
2024-09-18 14:09:17.576,414.7463172422677,8
2024-09-18 14:09:17.614,414.7431576034393,7
2024-09-18 14:09:17.636,414.7099608727558,1000
2024-09-18 14:09:17.759,414.7465824202652,997
2024-09-18 14:09:17.828,414.72891471424913,7
2024-09-18 14:09:17.843,414.69531311125735,996
2024-09-18 14:09:17.857,414.7313474558012,1002
2024-09-18 14:09:17.918,414.73239682035313,102
2024-09-18 14:09:17.935,414.7730896344628,15
2024-09-18 14:09:17.937,414.7721691282532,5
2024-09-18 14:09:17.940,414.7531446724248,6
2024-09-18 14:09:17.986,414.7330704252309,995
2024-09-18 14:09:18.060,414.75776848568415,1003
2024-09-18 14:09:18.090,414.710068609991,5
2024-09-18 14:09:18.092,414.760046993676,10
2024-09-18 14:09:18.102,414.741507852509,14
2024-09-18 14:09:18.197,414.759671167932,13
2024-09-18 14:09:18.228,414.76282092789177,105
2024-09-18 14:09:18.274,414.7438842291338,995
2024-09-18 14:09:18.315,414.7318451631461,999
2024-09-18 14:09:18.350,414.7576303568807,13
2024-09-18 14:09:18.372,414.754712560026,10
2024-09-18 14:09:18.377,414.72430896393473,5
2024-09-18 14:09:18.453,414.7456987875781,1003
2024-09-18 14:09:18.530,414.77626177060046,1004
2024-09-18 14:09:18.536,414.74472818142783,5
2024-09-18 14:09:18.646,414.78226390016937,9
2024-09-18 14:09:18.675,414.7819797359212,102
2024-09-18 14:09:18.734,414.7470707256337,104
2024-09-18 14:09:18.790,41.4749855616753,998
2024-09-18 14:09:18.843,414.76577371796543,99
2024-09-18 14:09:18.867,414.7589313618351,98
2024-09-18 14:09:18.885,414.7799500851538,101
2024-09-18 14:09:19.042,414.7586897980317,100
2024-09-18 14:09:19.122,414.77445706182425,102
2024-09-18 14:09:19.138,414.7558788984333,8
2024-09-18 14:09:19.152,414.7899846661285,101
2024-09-18 14:09:19.217,414.7302653879128,996
2024-09-18 14:09:19.223,414.7804632492492,1005
2024-09-18 14:09:19.300,414.75045043898746,104
2024-09-18 14:09:19.351,414.7424209123424,998
2024-09-18 14:09:19.429,414.7479634838948,14
2024-09-18 14:09:19.541,414.7567313992768,5
2024-09-18 14:09:19.542,414.785627673466,98
2024-09-18 14:09:19.586,414.7809640739308,1005
2024-09-18 14:09:19.618,414.7866784047828,9
2024-09-18 14:09:19.727,414.75032683257626,1001
2024-09-18 14:09:19.729,414.7831603769222,15
2024-09-18 14:09:19.779,414.7661231780919,996
2024-09-18 14:09:19.785,414.76567996507146,11
2024-09-18 14:09:19.885,414.777751177132,104
2024-09-18 14:09:19.933,414.74566493982826,995
2024-09-18 14:09:19.983,414.7518434690877,12
2024-09-18 14:09:20.062,414.6991066159232,105
2024-09-18 14:09:20.480,414.7267720534145,1000
2024-09-18 14:09:20.529,414.7320380368553,99
2024-09-18 14:09:20.631,-414.7036729345436,97
2024-09-18 14:09:20.902,414.7322413317525,12
2024-09-18 14:09:21.001,414.7117330688488,10
2024-09-18 14:09:21.044,414.7101254050512,1004
2024-09-18 14:09:21.084,414.7377862329003,1002
2024-09-18 14:09:21.147,414.7084023317468,98
2024-09-18 14:09:21.386,414.7138974086546,999
2024-09-18 14:09:21.443,414.7253619234439,100
2024-09-18 14:09:21.461,414.7206394743217,1003
2024-09-18 14:09:21.794,414.73088786417793,103
2024-09-18 14:09:21.843,414.7290593311406,9
2024-09-18 14:09:21.895,414.7132875114766,995
2024-09-18 14:09:21.961,414.7252622032243,996
2024-09-18 14:09:22.070,414.7344279046728,9
2024-09-18 14:09:22.131,-414.74421483944775,15
2024-09-18 14:09:22.180,414.74544558281474,10
2024-09-18 14:09:22.477,414.73077569320617,1001
2024-09-18 14:09:22.495,414.7326925401842,1005
2024-09-18 14:09:22.957,414.7342739728813,1004
2024-09-18 14:09:22.990,414.7442160789651,11
2024-09-18 14:09:23.024,414.70871724458055,99
2024-09-18 14:09:23.029,414.7170002372725,998
2024-09-18 14:09:23.035,414.7274840280247,997
2024-09-18 14:09:23.080,-414.7445725370529,99
2024-09-18 14:09:23.080,414.7190218031554,11
2024-09-18 14:09:23.115,414.7616849469962,101
2024-09-18 14:09:23.116,414.7087592223683,6
2024-09-18 14:09:23.129,414.7312605620302,7
2024-09-18 14:09:23.261,414.74070626537406,1003
2024-09-18 14:09:23.316,414.7469055676219,104
2024-09-18 14:09:23.325,414.73318303688905,8
2024-09-18 14:09:23.525,414.72230080644806,14
2024-09-18 14:09:23.527,414.7744349058563,99
2024-09-18 14:09:23.564,414.721414666577,104
2024-09-18 14:09:23.664,414.7389266515125,14
2024-09-18 14:09:23.671,414.7246470205641,8
2024-09-18 14:09:23.745,414.7453859719998,13
2024-09-18 14:09:23.751,414.7099756611853,95
2024-09-18 14:09:23.762,414.73250578335495,10
2024-09-18 14:09:23.764,41.47504828176613,10
2024-09-18 14:09:23.924,414.7224807435576,104
2024-09-18 14:09:24.005,414.7834721768035,1000
2024-09-18 14:09:24.033,414.75639248261103,10
2024-09-18 14:09:24.043,414.7554800652047,7
2024-09-18 14:09:24.106,414.7464649620922,1004
2024-09-18 14:09:24.124,414.73407763443976,15
2024-09-18 14:09:24.132,414.74824248513016,1005
2024-09-18 14:09:24.156,414.7300706696509,10
2024-09-18 14:09:24.211,414.7639960007437,8
2024-09-18 14:09:24.228,414.7577570873904,995
2024-09-18 14:09:24.438,414.7605348946338,1001
2024-09-18 14:09:24.485,414.7501638231636,101
2024-09-18 14:09:24.585,414.7401779913179,97
2024-09-18 14:09:24.589,414.7474213882874,11
2024-09-18 14:09:24.618,414.7579642055256,11
2024-09-18 14:09:24.627,414.7816747997352,12
2024-09-18 14:09:24.652,414.7302503956526,10
2024-09-18 14:09:24.723,414.7296397887525,1004
2024-09-18 14:09:24.741,414.7400844336812,105
2024-09-18 14:09:24.895,414.7661538791946,98
2024-09-18 14:09:24.981,414.74293402370256,11
2024-09-18 14:09:25.014,414.8210214980202,105
2024-09-18 14:09:25.018,414.7862580559235,10
2024-09-18 14:09:25.028,414.7898195150239,96
2024-09-18 14:09:25.095,414.768133540251,100
2024-09-18 14:09:25.097,414.8210763513613,6
2024-09-18 14:09:25.140,414.7716819016277,104
2024-09-18 14:09:25.158,414.7900112083763,10
2024-09-18 14:09:25.182,414.8649647173152,97
2024-09-18 14:09:25.249,414.7704032569369,14
2024-09-18 14:09:25.251,-414.76313612332456,10
2024-09-18 14:09:25.319,414.7515167822343,95
2024-09-18 14:09:25.435,414.8596473211622,103
2024-09-18 14:09:25.459,414.76383115654073,10
2024-09-18 14:09:25.551,414.82286596302896,101
2024-09-18 14:09:25.602,414.7723288585093,9
2024-09-18 14:09:25.645,414.7985596766899,7
2024-09-18 14:09:25.685,414.8418586350056,1002
2024-09-18 14:09:25.718,414.8320174082892,1000
2024-09-18 14:09:25.734,414.8573159340643,105
2024-09-18 14:09:25.752,414.817994215068,8
2024-09-18 14:09:25.778,414.81900394141655,14
2024-09-18 14:09:25.836,414.7675082017026,95
2024-09-18 14:09:25.933,414.7693690796074,1005
2024-09-18 14:09:25.975,414.7728451525127,7
2024-09-18 14:09:25.993,414.7752911945765,7
2024-09-18 14:09:26.357,414.87790317709,11
2024-09-18 14:09:27.061,414.8619819949501,95
2024-09-18 14:09:27.090,414.8552018761212,1000
2024-09-18 14:09:27.288,414.8583661073192,100
2024-09-18 14:09:27.446,414.851800882209,7
2024-09-18 14:09:27.539,414.8598106425408,95
2024-09-18 14:09:27.576,414.8543287605295,99
2024-09-18 14:09:27.596,414.8491992902572,95
2024-09-18 14:09:27.884,414.85517414751575,102
2024-09-18 14:09:27.988,414.8449394487227,95
2024-09-18 14:09:28.132,414.8513845731741,14
2024-09-18 14:09:28.490,414.8406342397428,98
2024-09-18 14:09:28.675,414.8521889888981,15
2024-09-18 14:09:28.866,414.8519488094628,11
2024-09-18 14:09:28.948,,1003
2024-09-18 14:09:29.044,414.8511753734963,999
2024-09-18 14:09:29.115,414.8770017381099,1002
2024-09-18 14:09:29.296,414.855637483225,997
2024-09-18 14:09:29.376,414.891468942051,12
2024-09-18 14:09:29.418,414.89974710887617,95
2024-09-18 14:09:29.423,414.8509285200944,97
2024-09-18 14:09:29.474,414.851127648733,9
2024-09-18 14:09:29.478,414.8594878290469,1005
2024-09-18 14:09:29.526,414.8771651238434,995
2024-09-18 14:09:29.550,414.8790147949987,6
2024-09-18 14:09:29.591,414.85283557018863,8
2024-09-18 14:09:29.818,414.8622457291678,1001
2024-09-18 14:09:29.835,414.8746213212406,14
2024-09-18 14:09:29.916,414.8685395616304,98
2024-09-18 14:09:29.961,414.8479506739149,8
2024-09-18 14:09:30.033,414.8712983257044,1000
2024-09-18 14:09:30.117,414.8909221655121,997
2024-09-18 14:09:30.122,414.8845535923054,6
2024-09-18 14:09:30.130,414.8832357855204,1003
2024-09-18 14:09:30.233,414.8747735647317,1005
2024-09-18 14:09:30.251,414.8711525011741,11
2024-09-18 14:09:30.434,414.8667367638572,9
2024-09-18 14:09:30.508,414.8832257889178,9
2024-09-18 14:09:30.598,414.8856415744005,105
2024-09-18 14:09:31.044,414.9109065262677,1005
2024-09-18 14:09:31.045,414.94190951418057,95
2024-09-18 14:09:31.066,414.9033814141732,997
2024-09-18 14:09:31.194,414.9338523325973,97
2024-09-18 14:09:31.198,414.8953297727958,5
2024-09-18 14:09:31.239,414.91690504791967,5
2024-09-18 14:09:31.322,414.9080590118932,1003
2024-09-18 14:09:31.348,414.9684842736887,1004
2024-09-18 14:09:31.390,414.9229979616531,1001
2024-09-18 14:09:31.405,414.90313796819134,10
2024-09-18 14:09:31.566,414.9263993248761,100
2024-09-18 14:09:31.590,414.92808567090617,95
2024-09-18 14:09:31.725,414.90973378539616,14
2024-09-18 14:09:31.901,414.89647963199394,997
2024-09-18 14:09:32.119,414.92097563135513,98
2024-09-18 14:09:32.152,414.91149611380325,98
2024-09-18 14:09:32.279,414.862056534661,102
2024-09-18 14:09:32.316,414.8809019949297,96
2024-09-18 14:09:32.472,414.9056600251753,102
2024-09-18 14:09:32.518,414.8922534946944,1003
2024-09-18 14:09:32.523,414.9284934361826,12
2024-09-18 14:09:32.535,414.9228257206653,1005
2024-09-18 14:09:32.562,414.8991491538454,14
2024-09-18 14:09:32.565,414.8637371818475,101
2024-09-18 14:09:32.581,414.95141701972807,5
2024-09-18 14:09:32.610,414.9174485071436,1001
2024-09-18 14:09:32.627,414.91844788684193,1004
2024-09-18 14:09:32.706,414.9168601193243,101
2024-09-18 14:09:32.757,414.93329641436407,12
2024-09-18 14:09:32.802,414.972263038942,11
2024-09-18 14:09:32.820,414.8529949956357,98
2024-09-18 14:09:32.842,414.860019846657,996
2024-09-18 14:09:32.943,414.87431818957145,97
2024-09-18 14:09:32.971,414.8530675044555,95
2024-09-18 14:09:33.034,414.87522086783184,13
2024-09-18 14:09:33.103,-414.8716620292698,6
2024-09-18 14:09:33.200,414.87070761637307,99
2024-09-18 14:09:33.226,414.8643648074077,7
2024-09-18 14:09:33.289,414.8654140022304,13
2024-09-18 14:09:33.351,414.8635988278457,14
2024-09-18 14:09:33.400,414.8412873033822,98
2024-09-18 14:09:33.418,414.8491101483545,102
2024-09-18 14:09:33.420,414.87707746021385,10
2024-09-18 14:09:33.501,414.8518532888346,1002
2024-09-18 14:09:33.541,414.8443820474882,995
2024-09-18 14:09:33.673,414.8557823407013,13
2024-09-18 14:09:33.735,414.886736074498,10
2024-09-18 14:09:33.758,414.8848388530188,96
2024-09-18 14:09:33.761,414.8550142026788,1000
2024-09-18 14:09:33.770,414.8433729252233,1000
2024-09-18 14:09:33.803,414.8617607573352,1000
2024-09-18 14:09:33.913,414.88987646826575,998
2024-09-18 14:09:33.990,414.865379401156,101
2024-09-18 14:09:34.164,414.8639410768049,1000
2024-09-18 14:09:34.179,414.8251451465505,998
2024-09-18 14:09:34.203,414.8717996959438,103
2024-09-18 14:09:34.451,414.8780559701533,7
2024-09-18 14:09:34.487,414.8610047191356,995
2024-09-18 14:09:34.623,414.8584122523775,1001
2024-09-18 14:09:34.639,414.8275312360841,15
2024-09-18 14:09:34.844,414.8660075995385,101
2024-09-18 14:09:34.988,414.8304173000896,100
2024-09-18 14:09:35.022,414.8372767536282,103
2024-09-18 14:09:35.161,414.836422416448,995
2024-09-18 14:09:35.201,414.8215902436717,12
2024-09-18 14:09:35.268,414.8316070919831,996
2024-09-18 14:09:35.303,414.8416996733615,101
2024-09-18 14:09:35.495,414.8100170179276,104
2024-09-18 14:09:35.550,414.8370760209608,104
2024-09-18 14:09:35.563,414.8426476213028,101
2024-09-18 14:09:35.629,414.84988344689145,98
2024-09-18 14:09:35.708,414.8333853124385,13
2024-09-18 14:09:36.073,414.9344241616927,105
2024-09-18 14:09:36.208,414.90807342416826,15
2024-09-18 14:09:36.239,414.9067910461269,99
2024-09-18 14:09:36.303,414.9406655645115,1005
2024-09-18 14:09:36.316,414.87231783019297,104
2024-09-18 14:09:36.368,414.9293166551898,13
2024-09-18 14:09:36.371,414.92403483745,997
2024-09-18 14:09:36.385,41.49262509180746,95
2024-09-18 14:09:36.392,414.8610490562161,1000
2024-09-18 14:09:36.502,414.9131224730798,101
2024-09-18 14:09:36.505,414.90630610517735,97
2024-09-18 14:09:36.506,414.9042493596843,1003
2024-09-18 14:09:36.611,414.9295309740911,1005
2024-09-18 14:09:36.642,414.9393058107697,101
2024-09-18 14:09:36.654,414.8616970112511,995
2024-09-18 14:09:36.667,414.8857947615247,1003
2024-09-18 14:09:36.752,414.917306237047,8
2024-09-18 14:09:36.772,414.9461758192115,12
2024-09-18 14:09:36.805,414.93782210819074,1005
2024-09-18 14:09:36.946,41.49227847022427,10
2024-09-18 14:09:37.108,414.8848708358428,105
2024-09-18 14:09:37.133,414.87824936504217,103
2024-09-18 14:09:37.277,414.9251389634121,1002
2024-09-18 14:09:37.281,414.85927100742526,100
2024-09-18 14:09:37.389,414.8859884327726,105
2024-09-18 14:09:37.401,414.86901456641823,100
2024-09-18 14:09:37.513,-414.86315586010335,8
2024-09-18 14:09:37.529,414.9280418083738,7
2024-09-18 14:09:37.538,,999
2024-09-18 14:09:37.569,414.90107761890647,103
2024-09-18 14:09:37.574,414.913254700826,1005
2024-09-18 14:09:37.605,414.90807893223285,10
2024-09-18 14:09:37.607,414.8702598543732,1002
2024-09-18 14:09:37.685,414.86605273316536,105
2024-09-18 14:09:37.737,414.8823954163756,95
2024-09-18 14:09:37.753,414.87026818871806,1005
2024-09-18 14:09:37.797,414.86717511397615,6
2024-09-18 14:09:37.823,414.8656153224712,98
2024-09-18 14:09:37.840,414.8741521312927,14
2024-09-18 14:09:37.909,414.86042394749705,103
2024-09-18 14:09:37.933,414.8683454377136,1005
2024-09-18 14:09:37.939,414.9194681624468,98
2024-09-18 14:09:37.981,414.8507531844632,99
2024-09-18 14:09:37.996,414.9000341743114,1002
2024-09-18 14:09:38.049,414.9185459610204,95
2024-09-18 14:09:38.088,414.916432680168,9
2024-09-18 14:09:38.088,414.91521299913575,10
2024-09-18 14:09:38.203,414.9170149375651,995
2024-09-18 14:09:38.221,414.94621979941417,14
2024-09-18 14:09:38.275,414.9736474174396,998
2024-09-18 14:09:38.329,414.9062400755411,105
2024-09-18 14:09:38.394,414.9290947964578,105
2024-09-18 14:09:38.438,414.9418993884483,105
2024-09-18 14:09:38.528,414.9861636836392,13
2024-09-18 14:09:38.567,414.9092392846549,98
2024-09-18 14:09:38.583,414.9011929393812,998
2024-09-18 14:09:38.589,414.9935176274378,5
2024-09-18 14:09:38.589,414.91583436947377,98
2024-09-18 14:09:38.593,414.926803639557,7
2024-09-18 14:09:38.644,414.927740811048,102
2024-09-18 14:09:38.701,414.9091103780296,96
2024-09-18 14:09:38.768,414.9852927518161,1001
2024-09-18 14:09:38.769,414.9710475992661,11
2024-09-18 14:09:38.781,414.9146459998175,100
2024-09-18 14:09:38.790,414.955366786174,97
2024-09-18 14:09:38.800,414.9835332382967,996
2024-09-18 14:09:38.836,414.96371683122857,997
2024-09-18 14:09:38.854,414.9417500808319,1005
2024-09-18 14:09:38.876,414.9369380840416,99
2024-09-18 14:09:38.937,414.97104496729,102
2024-09-18 14:09:38.949,414.9294915831052,97
2024-09-18 14:09:39.047,414.9686219227919,1001
2024-09-18 14:09:39.176,414.9047529149499,7
2024-09-18 14:09:39.185,414.9017012720996,1001
2024-09-18 14:09:39.202,414.8949861266914,103
2024-09-18 14:09:39.217,414.9829143750538,1005
2024-09-18 14:09:39.318,414.8803283468785,1000
2024-09-18 14:09:39.333,414.8930039273243,10
2024-09-18 14:09:39.362,414.9985695947103,999
2024-09-18 14:09:39.420,414.8909175040534,12
2024-09-18 14:09:39.436,414.9550601113858,96
2024-09-18 14:09:39.550,414.9718094667288,10
2024-09-18 14:09:39.573,414.9724490483877,995
2024-09-18 14:09:39.654,414.9618496086458,1002
2024-09-18 14:09:39.680,414.9730322188329,96
2024-09-18 14:09:39.726,414.9689693882953,101
2024-09-18 14:09:39.751,414.94580530979033,1000
2024-09-18 14:09:39.782,414.9568935706088,102
2024-09-18 14:09:39.791,414.9457348969749,5
2024-09-18 14:09:39.805,414.9824212953313,14
2024-09-18 14:09:39.806,414.8911742417988,1002
2024-09-18 14:09:39.818,414.9359257203435,1000
2024-09-18 14:09:39.840,41.49807417366645,11
2024-09-18 14:09:39.902,414.9910861002532,1004
2024-09-18 14:09:39.914,414.92977624593686,15
2024-09-18 14:09:39.918,414.8892254569918,997
2024-09-18 14:09:39.938,414.898248281597,1001
2024-09-18 14:09:39.979,414.94305704747546,95
2024-09-18 14:09:39.997,414.9763162494377,14
2024-09-18 14:09:40.860,414.9735801258373,1002
2024-09-18 14:09:41.005,414.9389275380968,1003
2024-09-18 14:09:41.020,414.95488811121686,97
2024-09-18 14:09:41.118,415.0330723006616,9
2024-09-18 14:09:41.142,414.9334016852522,105
2024-09-18 14:09:41.270,414.94379595679777,100
2024-09-18 14:09:41.326,414.9219375412482,99
2024-09-18 14:09:41.331,415.02768259950335,97
2024-09-18 14:09:41.426,414.9680124634676,101
2024-09-18 14:09:41.455,414.9738498360953,97
2024-09-18 14:09:41.500,414.93019896511527,104
2024-09-18 14:09:41.524,414.94068296155007,103
2024-09-18 14:09:41.608,414.9288927532365,102
2024-09-18 14:09:41.653,414.94304010190126,6
2024-09-18 14:09:41.746,414.9925864554972,1001
2024-09-18 14:09:41.763,414.9663678307544,999
2024-09-18 14:09:41.809,415.0105701650765,1005
2024-09-18 14:09:41.815,414.9433122641989,999
2024-09-18 14:09:41.874,414.970959395447,998
2024-09-18 14:09:41.968,414.9434240057845,98
2024-09-18 14:09:42.002,415.0547922890452,1003
2024-09-18 14:09:42.037,415.0518331462196,96
2024-09-18 14:09:42.059,414.9868410037976,1005
2024-09-18 14:09:42.064,415.0037775432289,101
2024-09-18 14:09:42.216,415.005786712612,8
2024-09-18 14:09:42.283,415.0510992556427,101
2024-09-18 14:09:42.301,414.9946103761101,102
2024-09-18 14:09:42.323,415.0411323953189,104
2024-09-18 14:09:42.422,415.011915135934,1004
2024-09-18 14:09:42.501,415.0278790620159,99
2024-09-18 14:09:42.506,415.036790402953,98
2024-09-18 14:09:42.531,415.0411521964228,105
2024-09-18 14:09:42.537,414.9673983956059,9
2024-09-18 14:09:42.538,414.9919455380934,98
2024-09-18 14:09:42.676,415.0419305009378,998
2024-09-18 14:09:42.677,414.98825812198703,102
2024-09-18 14:09:42.683,415.05031275897767,99
2024-09-18 14:09:42.687,414.9725381234987,5
2024-09-18 14:09:42.798,415.0342115664636,5
2024-09-18 14:09:42.803,415.0366877250606,11
2024-09-18 14:09:42.803,415.04385471238567,14
2024-09-18 14:09:42.824,415.0105484530744,105
2024-09-18 14:09:42.838,415.0021100455785,999
2024-09-18 14:09:42.846,415.0064912303206,105
2024-09-18 14:09:42.869,415.0454562022312,96
2024-09-18 14:09:42.903,415.0190612350455,997
2024-09-18 14:09:42.913,415.0157716494884,6
2024-09-18 14:09:42.948,415.0281523896704,105
2024-09-18 14:09:42.985,415.0485194871361,1004
2024-09-18 14:09:43.197,415.0245297202496,1005
2024-09-18 14:09:43.249,41.50215668519182,12
2024-09-18 14:09:43.255,415.0264343127303,11
2024-09-18 14:09:43.284,415.029026071286,13
2024-09-18 14:09:43.286,-415.0252186581338,12
2024-09-18 14:09:43.331,415.0272210659728,98
2024-09-18 14:09:43.334,415.0236810673988,11
2024-09-18 14:09:43.383,415.036475519453,1005
2024-09-18 14:09:43.387,415.0377813220738,1004
2024-09-18 14:09:43.449,415.05322462104505,996
2024-09-18 14:09:43.492,415.06561431163993,8
2024-09-18 14:09:43.542,415.01311189984216,9
2024-09-18 14:09:43.563,415.04054280110665,9
2024-09-18 14:09:43.593,415.05378976819935,11
2024-09-18 14:09:43.654,415.03283649110944,1005
2024-09-18 14:09:43.669,415.01468138991,8
2024-09-18 14:09:43.707,415.04720091671095,1001
2024-09-18 14:09:43.715,415.0299453177574,8
2024-09-18 14:09:43.728,415.0361696710077,97
2024-09-18 14:09:43.733,415.0220016521892,1001
2024-09-18 14:09:43.757,415.0237196510397,997
2024-09-18 14:09:43.758,415.02817006234,103
2024-09-18 14:09:43.842,415.0407143071743,1003
2024-09-18 14:09:43.862,415.0413442163047,98
2024-09-18 14:09:43.901,415.0223294000788,100
2024-09-18 14:09:43.997,415.02477531214566,7
2024-09-18 14:09:44.010,415.0259997450753,10
2024-09-18 14:09:44.023,415.0034024221331,101
2024-09-18 14:09:44.104,415.0407179640999,997
2024-09-18 14:09:44.142,415.0081686422168,12
2024-09-18 14:09:44.155,415.0133414893517,13
2024-09-18 14:09:44.180,415.0073095644922,5
2024-09-18 14:09:44.303,415.01785777900216,1002
2024-09-18 14:09:44.346,415.02532136549576,100
2024-09-18 14:09:44.347,415.0112374450935,102
2024-09-18 14:09:44.412,415.0366675565724,9
2024-09-18 14:09:44.472,415.0406820184872,15
2024-09-18 14:09:44.489,415.0207145717413,100
2024-09-18 14:09:44.556,415.0478440296411,996
2024-09-18 14:09:44.588,415.0176881643956,999
2024-09-18 14:09:44.620,415.02524679428126,96
2024-09-18 14:09:44.728,415.01917683852986,14
2024-09-18 14:09:44.767,415.0336667041845,11
2024-09-18 14:09:44.870,415.0173701148483,995
2024-09-18 14:09:44.878,415.00833254704736,100
2024-09-18 14:09:44.895,415.0200468334697,101
2024-09-18 14:09:44.918,,98
2024-09-18 14:09:44.951,415.0224436216632,998
2024-09-18 14:09:44.962,415.0177807063726,998
2024-09-18 14:09:44.992,415.0082359597546,998
2024-09-18 14:09:45.007,415.02187141515947,15
2024-09-18 14:09:45.052,415.0020936197798,96
2024-09-18 14:09:45.054,414.9711916861726,14
2024-09-18 14:09:45.073,414.9762053477054,5
2024-09-18 14:09:45.101,414.99104686310886,95
2024-09-18 14:09:45.179,414.9551373898179,1004
2024-09-18 14:09:45.318,415.02940731886576,8
2024-09-18 14:09:45.328,415.0213925219549,14
2024-09-18 14:09:45.339,415.0254261309384,97
2024-09-18 14:09:45.355,415.00327756738113,102
2024-09-18 14:09:45.361,414.9726964832517,1000
2024-09-18 14:09:45.414,-414.9929316543604,99
2024-09-18 14:09:45.428,415.010091295214,10
2024-09-18 14:09:45.436,415.0048033397312,7
2024-09-18 14:09:45.555,414.9603739751287,13
2024-09-18 14:09:45.601,415.0471760496456,1005
2024-09-18 14:09:45.604,415.01034363722187,997
2024-09-18 14:09:45.671,415.03548948386873,101
2024-09-18 14:09:45.689,415.0645121389106,995
2024-09-18 14:09:45.735,415.0570318869945,14
2024-09-18 14:09:45.758,414.9725746148323,102
2024-09-18 14:09:45.762,415.020502476413,105
2024-09-18 14:09:45.797,-415.0291721839173,103
2024-09-18 14:09:45.919,415.0280155379017,105
2024-09-18 14:09:45.931,415.034634919294,11
2024-09-18 14:09:45.947,415.0490342464126,8
2024-09-18 14:09:45.967,414.9568843873119,9
2024-09-18 14:09:46.160,415.0798826333208,995
2024-09-18 14:09:46.249,415.05581997290494,997
2024-09-18 14:09:46.359,415.02114846299446,999
2024-09-18 14:09:46.435,415.0666510286037,100
2024-09-18 14:09:46.629,415.0535702534361,102
2024-09-18 14:09:46.773,415.0766733229712,1004
2024-09-18 14:09:46.814,415.1121973067424,1001
2024-09-18 14:09:46.926,415.048910536614,1000
2024-09-18 14:09:46.957,415.1222720076284,8
2024-09-18 14:09:47.052,415.0480723719379,6
2024-09-18 14:09:47.096,415.0944515697018,1004
2024-09-18 14:09:47.144,415.0589253963967,11
2024-09-18 14:09:47.179,415.0457107401078,996
2024-09-18 14:09:47.272,415.0954920129945,5
2024-09-18 14:09:47.287,415.0622375177017,996
2024-09-18 14:09:47.325,41.50928721541598,1001
2024-09-18 14:09:47.327,415.0838813057996,7
2024-09-18 14:09:47.379,415.0589839062549,104
2024-09-18 14:09:47.432,415.1100400788563,996
2024-09-18 14:09:47.438,415.0650324545106,6
2024-09-18 14:09:47.438,415.107466986426,14
2024-09-18 14:09:47.513,415.0712234916225,96
2024-09-18 14:09:47.582,415.107501950439,98
2024-09-18 14:09:47.612,415.0972861483379,1003
2024-09-18 14:09:47.612,415.0681056532469,11
2024-09-18 14:09:47.613,415.1007946248129,12
2024-09-18 14:09:47.619,415.10686929285714,999
2024-09-18 14:09:47.624,415.1068726395641,12
2024-09-18 14:09:47.636,415.0860282348988,1004
2024-09-18 14:09:47.648,41.50607278116709,12
2024-09-18 14:09:47.683,415.048788977294,96
2024-09-18 14:09:47.703,415.1004386469249,96
2024-09-18 14:09:47.704,415.0819828939729,96
2024-09-18 14:09:47.773,415.0789340166373,97
2024-09-18 14:09:47.853,415.05510500843786,9
2024-09-18 14:09:47.856,415.0542454831248,996
2024-09-18 14:09:47.911,415.11695804053767,9
2024-09-18 14:09:48.008,415.1366234480867,98
2024-09-18 14:09:48.024,415.1538451622501,997
2024-09-18 14:09:48.039,415.1270582727311,14
2024-09-18 14:09:48.039,415.1297011221996,10
2024-09-18 14:09:48.131,415.15513628042936,1001
2024-09-18 14:09:48.208,415.1792060429202,8
2024-09-18 14:09:48.214,415.131278025861,97
2024-09-18 14:09:48.227,415.13801766253664,7
2024-09-18 14:09:48.272,415.1456537842053,13
2024-09-18 14:09:48.297,415.12847413605294,98
2024-09-18 14:09:48.459,415.0936388183581,1003
2024-09-18 14:09:48.520,415.1498829266517,1001
2024-09-18 14:09:48.540,415.0980412113601,1002
2024-09-18 14:09:48.701,415.1320321913235,104
2024-09-18 14:09:48.788,415.15308849854256,105
2024-09-18 14:09:48.815,415.1493264534273,7
2024-09-18 14:09:48.829,415.1326276913971,12
2024-09-18 14:09:48.899,415.1414797445899,10
2024-09-18 14:09:48.952,415.1207688845101,1001
2024-09-18 14:09:48.967,415.1649788696184,102
2024-09-18 14:09:49.024,415.18518452273815,1000
2024-09-18 14:09:49.134,415.21974888333136,13
2024-09-18 14:09:49.300,415.193206784413,1001
2024-09-18 14:09:49.428,415.2054196296745,1004
2024-09-18 14:09:49.463,415.17549568896135,6
2024-09-18 14:09:49.516,415.2073497338789,99
2024-09-18 14:09:49.580,415.1984531547288,14
2024-09-18 14:09:49.620,415.17794397189823,6
2024-09-18 14:09:49.717,415.1895417331109,1004
2024-09-18 14:09:49.728,415.18207008296616,102
2024-09-18 14:09:49.982,415.179900092414,5
2024-09-18 14:09:50.020,415.17719976328345,13
2024-09-18 14:09:50.034,415.15647738335167,99
2024-09-18 14:09:50.099,415.1607600751097,96
2024-09-18 14:09:50.183,415.1693002684598,100
2024-09-18 14:09:50.338,415.1546549833117,96
2024-09-18 14:09:50.364,415.1821729143638,95
2024-09-18 14:09:50.422,415.1708031205752,13
2024-09-18 14:09:50.635,415.1447575560463,104
2024-09-18 14:09:50.662,415.14960520422414,1001
2024-09-18 14:09:50.670,415.16401268547895,998
2024-09-18 14:09:51.008,415.185738300432,103
2024-09-18 14:09:51.013,415.1872074009297,1001
2024-09-18 14:09:51.041,415.1750893815976,102
2024-09-18 14:09:51.080,415.172006461882,95
2024-09-18 14:09:51.115,415.1763354838312,99
2024-09-18 14:09:51.225,415.17819265114144,15
2024-09-18 14:09:51.244,415.1830712680704,98
2024-09-18 14:09:51.280,415.1570922089465,102
2024-09-18 14:09:51.322,415.1500914954144,1004
2024-09-18 14:09:51.337,415.1917046773644,102
2024-09-18 14:09:51.351,415.1585938450048,7
2024-09-18 14:09:51.516,415.1620137459119,10
2024-09-18 14:09:51.527,415.1799068349306,997
2024-09-18 14:09:51.628,415.1706858356994,12
2024-09-18 14:09:51.756,415.19328720509833,102
2024-09-18 14:09:51.779,415.1701955403783,14
2024-09-18 14:09:51.785,415.1976645048869,96
2024-09-18 14:09:51.875,415.200157524071,15
2024-09-18 14:09:51.882,415.16105910622497,14
2024-09-18 14:09:51.918,415.18163106804633,7
2024-09-18 14:09:51.938,415.1771068740718,5
2024-09-18 14:09:52.107,415.2150809381792,5
2024-09-18 14:09:52.157,415.1957760082317,997
2024-09-18 14:09:52.229,415.1884044240665,9
2024-09-18 14:09:52.336,415.2097034678833,103
2024-09-18 14:09:52.356,415.19053897376574,12
2024-09-18 14:09:52.524,415.1856038997983,6
2024-09-18 14:09:52.554,415.18376553179615,102
2024-09-18 14:09:52.555,415.2025053370832,1004
2024-09-18 14:09:52.561,415.1993307030333,11
2024-09-18 14:09:52.607,415.1859036446193,8
2024-09-18 14:09:52.772,415.1804220091304,13
2024-09-18 14:09:52.838,415.2200696314773,997
2024-09-18 14:09:52.886,415.1887820935552,97
2024-09-18 14:09:52.973,415.17251603667125,999
2024-09-18 14:09:53.039,415.21421136748506,13
2024-09-18 14:09:53.187,415.0987547951136,14
2024-09-18 14:09:53.254,415.2174134782173,1003
2024-09-18 14:09:53.340,415.2069288654981,97
2024-09-18 14:09:53.369,415.1363802729686,6
2024-09-18 14:09:53.401,415.1254012797961,15
2024-09-18 14:09:53.411,415.1973864728121,8
2024-09-18 14:09:53.451,415.11352232082993,1000
2024-09-18 14:09:53.477,415.19332436590594,10
2024-09-18 14:09:53.480,415.2094700463471,98
2024-09-18 14:09:53.487,415.1129404222138,1004
2024-09-18 14:09:53.503,415.2129997639576,10
2024-09-18 14:09:53.555,415.13547122569656,5
2024-09-18 14:09:53.557,415.1545001060617,1005
2024-09-18 14:09:53.627,415.1589591574335,5
2024-09-18 14:09:53.649,415.1420723806547,15
2024-09-18 14:09:53.673,415.21811834912046,5
2024-09-18 14:09:53.722,415.1335887577154,8
2024-09-18 14:09:53.723,415.1271541909781,101
2024-09-18 14:09:53.739,415.2193528861072,1000
2024-09-18 14:09:53.758,415.2082347059465,103
2024-09-18 14:09:53.783,415.10224559077847,95
2024-09-18 14:09:53.864,415.1534033690234,7
2024-09-18 14:09:53.902,415.1306036734276,15
2024-09-18 14:09:53.998,415.1796612966685,995
2024-09-18 14:09:54.014,415.0351121962929,12
2024-09-18 14:09:54.030,415.0725296720674,1002
2024-09-18 14:09:54.071,415.0824845416762,10
2024-09-18 14:09:54.076,415.0507142880308,1003
2024-09-18 14:09:54.135,415.073071006522,5
2024-09-18 14:09:54.161,415.05651915860255,105
2024-09-18 14:09:54.229,415.058332921785,12
2024-09-18 14:09:54.239,415.0520642437137,11
2024-09-18 14:09:54.269,415.0532005321536,95
2024-09-18 14:09:54.272,415.06590588540905,10
2024-09-18 14:09:54.329,415.04861840665257,999
2024-09-18 14:09:54.412,415.0858451572898,104
2024-09-18 14:09:54.421,415.0679068811877,10
2024-09-18 14:09:54.461,415.07603007775657,996
2024-09-18 14:09:54.474,415.0688615954929,103
2024-09-18 14:09:54.549,415.06369210633767,13
2024-09-18 14:09:54.583,415.037964196066,103
2024-09-18 14:09:54.634,415.0565624507075,996
2024-09-18 14:09:54.646,415.0726921615528,100
2024-09-18 14:09:54.675,415.05887576240673,100
2024-09-18 14:09:54.686,415.0663125744218,13
2024-09-18 14:09:54.691,415.03348825461177,101
2024-09-18 14:09:54.752,415.090564890883,8
2024-09-18 14:09:54.778,415.0795694675899,1005
2024-09-18 14:09:54.924,415.0623954663012,96
2024-09-18 14:09:55.329,415.0522261718921,8
2024-09-18 14:09:55.404,415.047397567208,8
2024-09-18 14:09:55.938,415.0367493931869,103
2024-09-18 14:09:56.146,415.0747584156685,5
2024-09-18 14:09:56.172,415.0564080237204,97
2024-09-18 14:09:56.259,415.0740347799263,1004
2024-09-18 14:09:56.642,415.0471711044252,10
2024-09-18 14:09:57.001,415.0748773051126,95
2024-09-18 14:09:57.043,415.06282295654086,101
2024-09-18 14:09:57.075,415.0509983144895,15
2024-09-18 14:09:57.090,415.1063355351717,1001
2024-09-18 14:09:57.097,415.0728613507176,5
2024-09-18 14:09:57.125,415.05510313002645,5
2024-09-18 14:09:57.228,415.05925464919,997
2024-09-18 14:09:57.306,415.0601769502746,999
2024-09-18 14:09:57.338,415.0709120104742,995
2024-09-18 14:09:57.378,415.07280256419824,101
2024-09-18 14:09:57.379,,9
2024-09-18 14:09:57.574,415.0807349540261,999
2024-09-18 14:09:57.574,415.0577006149303,999
2024-09-18 14:09:57.632,415.0678926636744,101
2024-09-18 14:09:57.660,415.0830914114233,10
2024-09-18 14:09:57.729,415.0503695079382,11
2024-09-18 14:09:57.741,415.0480255545096,15
2024-09-18 14:09:57.810,415.04974950765,1000
2024-09-18 14:09:57.862,415.0415661551376,996
2024-09-18 14:09:57.870,415.05557338425353,997
2024-09-18 14:09:57.984,415.05703313022775,996
2024-09-18 14:09:58.054,415.11684905149343,1005
2024-09-18 14:09:58.060,415.12414921016057,102
2024-09-18 14:09:58.096,415.0695339622148,999
2024-09-18 14:09:58.100,415.12494712057696,8
2024-09-18 14:09:58.116,415.1060145112892,11
2024-09-18 14:09:58.132,415.1133127587064,15
2024-09-18 14:09:58.163,415.091666371186,97
2024-09-18 14:09:58.178,415.0738593216669,1005
2024-09-18 14:09:58.222,415.0615231787365,12
2024-09-18 14:09:58.305,415.1340920980055,97
2024-09-18 14:09:58.322,415.0801382164687,995
2024-09-18 14:09:58.400,415.1303612550997,995
2024-09-18 14:09:58.421,415.127725161848,96
2024-09-18 14:09:58.424,415.1157354840322,998
2024-09-18 14:09:58.478,415.0681809649667,95
2024-09-18 14:09:58.537,415.0904491526507,995
2024-09-18 14:09:58.557,415.1235390876735,1000
2024-09-18 14:09:58.686,415.128072849775,995
2024-09-18 14:09:58.707,415.1340086037635,13
2024-09-18 14:09:58.712,415.1274029614375,1003
2024-09-18 14:09:58.739,415.0830279147688,1001
2024-09-18 14:09:58.760,415.07820572791263,100
2024-09-18 14:09:58.761,415.1178882639244,998
2024-09-18 14:09:58.834,415.1165033678885,105
2024-09-18 14:09:58.913,415.12574209631657,995
2024-09-18 14:09:58.915,415.08315263425294,96
2024-09-18 14:09:58.996,415.0851671618592,101
