Timestamp,Price,Size
2024-09-16 11:09:00.000,416.9902784468696,6
2024-09-16 11:09:00.007,416.9409282885893,99
2024-09-16 11:09:00.010,416.9568187117629,6
2024-09-16 11:09:00.018,417.111069039893,96
2024-09-16 11:09:00.019,416.948901455711,1000
2024-09-16 11:09:00.027,417.1021828973069,7
2024-09-16 11:09:00.037,417.04782724889935,13
2024-09-16 11:09:00.060,417.0374688780832,997
2024-09-16 11:09:00.129,416.94729230288624,11
2024-09-16 11:09:00.212,416.98595112940313,95
2024-09-16 11:09:00.287,417.02544903148055,6
2024-09-16 11:09:00.296,416.9864870837041,101
2024-09-16 11:09:00.352,417.07508782561615,96
2024-09-16 11:09:00.354,417.03080354243,1003
2024-09-16 11:09:00.397,,998
2024-09-16 11:09:00.398,416.9788337855383,1002
2024-09-16 11:09:00.426,416.96586358686073,1000
2024-09-16 11:09:00.496,417.0844075284416,1001
2024-09-16 11:09:00.632,417.0569987748478,12
2024-09-16 11:09:00.715,416.9907255805021,101
2024-09-16 11:09:00.717,416.99893972756223,13
2024-09-16 11:09:00.723,416.9816397747169,13
2024-09-16 11:09:00.727,416.9726869098449,14
2024-09-16 11:09:00.760,41.70578379133598,100
2024-09-16 11:09:00.782,417.04724463620784,14
2024-09-16 11:09:00.830,416.9791420097864,95
2024-09-16 11:09:00.844,417.008775229339,14
2024-09-16 11:09:00.845,417.0521090140092,999
2024-09-16 11:09:00.856,417.0901543699147,1004
2024-09-16 11:09:01.016,416.92192625530544,9
2024-09-16 11:09:01.131,416.9134135253245,105
2024-09-16 11:09:01.194,416.8869795705405,98
2024-09-16 11:09:01.215,416.9058119124696,105
2024-09-16 11:09:01.228,416.9079559912361,12
2024-09-16 11:09:01.244,416.92038396873664,96
2024-09-16 11:09:01.252,416.9471734638721,12
2024-09-16 11:09:01.314,416.93893957506833,100
2024-09-16 11:09:01.323,416.9308493700912,95
2024-09-16 11:09:01.555,416.9454413827703,105
2024-09-16 11:09:01.623,416.90624204055246,7
2024-09-16 11:09:01.666,416.906067482192,998
2024-09-16 11:09:01.693,416.91129604072,997
2024-09-16 11:09:01.713,416.9234131273615,1004
2024-09-16 11:09:01.723,416.9164985994933,1002
2024-09-16 11:09:01.734,416.9081226903315,1004
2024-09-16 11:09:01.788,416.899186266504,1003
2024-09-16 11:09:01.841,416.90790885329926,11
2024-09-16 11:09:01.907,416.9316584748306,105
2024-09-16 11:09:01.971,416.9322831381795,12
2024-09-16 11:09:02.078,416.9331850165204,1001
2024-09-16 11:09:03.052,416.9926662512111,1005
2024-09-16 11:09:03.053,416.9894026881464,1000
2024-09-16 11:09:03.058,416.93476515200194,5
2024-09-16 11:09:03.151,417.02447500135895,997
2024-09-16 11:09:03.181,416.9953349501431,96
2024-09-16 11:09:03.254,416.9860002308175,96
2024-09-16 11:09:03.273,416.9453191961306,97
2024-09-16 11:09:03.289,416.99837085672704,8
2024-09-16 11:09:03.300,416.95638659343,997
2024-09-16 11:09:03.305,417.016922960214,13
2024-09-16 11:09:03.305,416.9969457393808,1002
2024-09-16 11:09:03.307,,97
2024-09-16 11:09:03.413,417.01527464197727,996
2024-09-16 11:09:03.435,416.9413688377944,997
2024-09-16 11:09:03.473,416.92753510875616,7
2024-09-16 11:09:03.673,416.9261268783788,102
2024-09-16 11:09:03.754,417.041052426473,1005
2024-09-16 11:09:03.840,416.9565632655064,98
2024-09-16 11:09:03.878,416.9697634836038,6
2024-09-16 11:09:03.896,416.9323588459639,8
2024-09-16 11:09:03.899,417.0036477366678,10
2024-09-16 11:09:04.428,417.03298306105904,102
2024-09-16 11:09:04.749,417.0049366666787,97
2024-09-16 11:09:05.089,417.0263297017717,1004
2024-09-16 11:09:05.390,417.0217162809006,1001
2024-09-16 11:09:05.498,417.0221697718681,11
2024-09-16 11:09:05.749,417.0210171951415,105
2024-09-16 11:09:05.828,417.0297890094848,101
2024-09-16 11:09:06.033,416.98151914237457,1000
2024-09-16 11:09:06.044,417.0098524907133,99
2024-09-16 11:09:06.048,416.9774642612165,1001
2024-09-16 11:09:06.098,417.00679797609104,14
2024-09-16 11:09:06.118,416.9859835891559,105
2024-09-16 11:09:06.138,416.97464080048536,96
2024-09-16 11:09:06.326,,997
2024-09-16 11:09:06.423,416.9921571242009,8
2024-09-16 11:09:06.461,416.9979571069047,1003
2024-09-16 11:09:06.596,416.9981348923202,5
2024-09-16 11:09:06.649,416.9797847719596,104
2024-09-16 11:09:06.748,416.985760420762,102
2024-09-16 11:09:06.940,416.9606912490004,9
2024-09-16 11:09:06.946,416.9930025462592,101
2024-09-16 11:09:07.004,416.97626338812057,997
2024-09-16 11:09:07.021,416.9263595976707,105
2024-09-16 11:09:07.037,416.95348138020006,97
2024-09-16 11:09:07.110,416.93901657173353,1005
2024-09-16 11:09:07.128,416.9285408934014,98
2024-09-16 11:09:07.200,416.9654547925092,101
2024-09-16 11:09:07.231,416.961316998553,96
2024-09-16 11:09:07.340,416.9229086041474,105
2024-09-16 11:09:07.483,416.9728770516574,995
2024-09-16 11:09:07.511,-416.9497346678611,100
2024-09-16 11:09:07.627,416.9258965093173,97
2024-09-16 11:09:07.653,416.938823974877,1003
2024-09-16 11:09:07.654,416.96824988728446,99
2024-09-16 11:09:07.667,416.9761166176178,98
2024-09-16 11:09:07.742,416.9851320247855,97
2024-09-16 11:09:07.808,416.9065847911372,105
2024-09-16 11:09:07.816,416.9241006692987,5
2024-09-16 11:09:07.817,416.9292868379784,10
2024-09-16 11:09:07.824,416.9361464287469,997
2024-09-16 11:09:07.849,416.9377212577153,998
2024-09-16 11:09:07.872,416.9488543998405,6
2024-09-16 11:09:07.872,416.95545318985376,8
2024-09-16 11:09:07.908,416.9296376600781,105
2024-09-16 11:09:07.932,416.9180000064925,996
2024-09-16 11:09:07.957,416.980419938402,100
2024-09-16 11:09:07.990,416.98188909441535,8
2024-09-16 11:09:08.064,416.9997708309322,995
2024-09-16 11:09:08.089,416.9801764271888,999
2024-09-16 11:09:08.168,416.94516022234137,103
2024-09-16 11:09:08.284,416.9580900084597,1001
2024-09-16 11:09:08.437,416.9516939647896,97
2024-09-16 11:09:08.542,416.9939682332688,103
2024-09-16 11:09:08.597,416.9864980648055,105
2024-09-16 11:09:08.824,416.98420506509575,997
2024-09-16 11:09:08.910,416.97978339776375,104
2024-09-16 11:09:09.034,416.9432710141567,98
2024-09-16 11:09:09.203,416.91752118570906,995
2024-09-16 11:09:09.225,416.93923219359056,12
2024-09-16 11:09:09.438,416.93408605090536,103
2024-09-16 11:09:09.474,416.939223531105,998
2024-09-16 11:09:09.544,416.9327809655144,12
2024-09-16 11:09:09.724,416.9258551900236,6
2024-09-16 11:09:09.801,416.941544861893,8
2024-09-16 11:09:11.101,416.9875672931685,1004
2024-09-16 11:09:11.157,416.9935757395976,103
2024-09-16 11:09:11.297,416.9346632797449,96
2024-09-16 11:09:11.342,416.9477775920735,5
2024-09-16 11:09:11.347,416.9907472923689,8
2024-09-16 11:09:11.377,417.0124157849327,13
2024-09-16 11:09:11.500,417.0301329082571,1003
2024-09-16 11:09:11.594,416.9818464086368,1003
2024-09-16 11:09:11.620,417.0017481511368,1004
2024-09-16 11:09:11.730,417.0299670139205,7
2024-09-16 11:09:11.761,417.0107575301853,997
2024-09-16 11:09:11.851,417.002408977859,9
2024-09-16 11:09:11.894,416.9959612101503,103
2024-09-16 11:09:11.903,416.9838504668922,96
2024-09-16 11:09:11.994,417.0164206847093,105
2024-09-16 11:09:12.073,416.9674655703364,104
2024-09-16 11:09:12.269,416.9572801370142,6
2024-09-16 11:09:12.280,416.94826999432337,997
2024-09-16 11:09:12.320,416.9255724609929,9
2024-09-16 11:09:12.681,416.9725305748158,10
2024-09-16 11:09:13.151,416.92580010958073,8
2024-09-16 11:09:13.325,416.91998647997946,996
2024-09-16 11:09:13.344,416.9291358133775,6
2024-09-16 11:09:13.413,416.9210926884175,100
2024-09-16 11:09:13.523,416.9414730932874,1000
2024-09-16 11:09:13.524,416.9182392509237,10
2024-09-16 11:09:13.549,416.8919769425302,995
2024-09-16 11:09:13.584,416.9079350487776,8
2024-09-16 11:09:14.027,416.9282563419485,995
2024-09-16 11:09:14.034,416.9158716233156,999
2024-09-16 11:09:14.108,416.9213142179203,8
2024-09-16 11:09:14.155,417.0269610525896,100
2024-09-16 11:09:14.178,416.9629522487037,996
2024-09-16 11:09:14.203,416.9731010411789,1002
2024-09-16 11:09:14.241,416.9169703198358,7
2024-09-16 11:09:14.277,416.940091889761,1003
2024-09-16 11:09:14.297,416.9231372549417,99
2024-09-16 11:09:14.325,416.9117108295284,5
2024-09-16 11:09:14.342,416.9683854206373,1001
2024-09-16 11:09:14.376,417.0295160177565,1004
2024-09-16 11:09:14.422,417.0273065029765,97
2024-09-16 11:09:14.430,417.039662333501,5
2024-09-16 11:09:14.451,,1002
2024-09-16 11:09:14.463,416.9119464562377,1004
2024-09-16 11:09:14.629,417.0049946828635,997
2024-09-16 11:09:14.632,416.9610189391498,96
2024-09-16 11:09:14.644,416.9047590498481,5
2024-09-16 11:09:14.723,416.9207512713747,8
2024-09-16 11:09:14.787,416.912398876833,14
2024-09-16 11:09:14.819,416.9035016720647,7
2024-09-16 11:09:14.854,416.89843729341663,997
2024-09-16 11:09:14.864,-417.0011560697735,5
2024-09-16 11:09:14.879,417.0518666478013,15
2024-09-16 11:09:14.942,416.99840245553537,1003
2024-09-16 11:09:15.071,417.039692149558,102
2024-09-16 11:09:15.230,417.0449423209451,1005
2024-09-16 11:09:15.251,417.0333123373581,100
2024-09-16 11:09:16.039,416.9879219577879,5
2024-09-16 11:09:16.057,416.9819465543409,96
2024-09-16 11:09:16.075,417.0289673908674,15
2024-09-16 11:09:16.079,416.9981511823906,999
2024-09-16 11:09:16.085,416.97310262905376,5
2024-09-16 11:09:16.168,416.9871216128128,105
2024-09-16 11:09:16.177,416.9691160509437,997
2024-09-16 11:09:16.189,417.019865700244,10
2024-09-16 11:09:16.217,417.0251833828413,97
2024-09-16 11:09:16.245,417.0346183239683,995
2024-09-16 11:09:16.257,416.9754555650257,99
2024-09-16 11:09:16.260,417.01144206788354,97
2024-09-16 11:09:16.290,416.9963345618151,105
2024-09-16 11:09:16.303,417.02389742562127,5
2024-09-16 11:09:16.328,416.9785540138956,14
2024-09-16 11:09:16.433,417.01649503011697,11
2024-09-16 11:09:16.459,417.0169257925117,10
2024-09-16 11:09:16.488,416.9975182469255,14
2024-09-16 11:09:16.583,417.0062390437192,97
2024-09-16 11:09:16.636,417.00815198234585,105
2024-09-16 11:09:16.711,416.97488443255673,1001
2024-09-16 11:09:16.756,416.9681481556837,99
2024-09-16 11:09:16.816,417.0172632912749,12
2024-09-16 11:09:16.859,416.9973005557004,998
2024-09-16 11:09:16.932,417.0190952525041,1001
2024-09-16 11:09:17.020,417.02141962419057,997
2024-09-16 11:09:17.110,416.9634680543263,6
2024-09-16 11:09:17.116,416.96021960087614,95
2024-09-16 11:09:17.134,416.99236640570666,10
2024-09-16 11:09:17.218,417.0032317164383,996
2024-09-16 11:09:17.222,417.0053882731488,10
2024-09-16 11:09:17.288,416.9916749589906,997
2024-09-16 11:09:17.385,417.0235800969222,14
2024-09-16 11:09:17.401,416.9888137293239,1002
2024-09-16 11:09:17.404,416.9806244960377,998
2024-09-16 11:09:17.407,416.9975291629689,95
2024-09-16 11:09:17.461,416.9966264915258,96
2024-09-16 11:09:17.477,417.00233331859647,1004
2024-09-16 11:09:17.512,416.9960762275169,1002
2024-09-16 11:09:17.527,416.999175040558,10
2024-09-16 11:09:17.559,416.98811763088713,1005
2024-09-16 11:09:17.602,416.997210577493,996
2024-09-16 11:09:17.719,416.9905355741145,6
2024-09-16 11:09:17.721,416.9839520848898,1002
2024-09-16 11:09:17.894,416.98646524583376,998
2024-09-16 11:09:17.903,417.0039781973426,14
2024-09-16 11:09:17.921,417.0043561382749,1002
2024-09-16 11:09:17.937,417.0048266405879,9
2024-09-16 11:09:17.954,417.01443463505655,97
2024-09-16 11:09:17.965,417.0145606782515,95
2024-09-16 11:09:17.985,416.9980475922312,1003
2024-09-16 11:09:17.989,416.9762138703772,14
2024-09-16 11:09:18.775,416.9857377208834,12
2024-09-16 11:09:19.014,416.93227562348295,101
2024-09-16 11:09:19.115,416.9168122103201,15
2024-09-16 11:09:19.165,416.9597369390773,1000
2024-09-16 11:09:19.206,416.9565886651022,98
2024-09-16 11:09:19.244,416.9756614898227,99
2024-09-16 11:09:19.275,416.9355597082508,100
2024-09-16 11:09:19.277,416.9452946360224,6
2024-09-16 11:09:19.279,416.92467630410846,99
2024-09-16 11:09:19.371,416.9621730063173,998
2024-09-16 11:09:19.450,-416.9413765258337,7
2024-09-16 11:09:19.491,416.96610293853087,1001
2024-09-16 11:09:19.542,416.9657156076959,7
2024-09-16 11:09:19.549,416.9308616842551,13
2024-09-16 11:09:19.680,416.9569486923452,100
2024-09-16 11:09:19.705,416.93623248038574,995
2024-09-16 11:09:19.717,416.94243667823866,1004
2024-09-16 11:09:19.720,416.9228902867982,11
2024-09-16 11:09:19.839,416.9390745304847,1001
2024-09-16 11:09:19.859,416.9765763050116,1005
2024-09-16 11:09:19.866,416.9348031126247,1002
2024-09-16 11:09:19.868,416.9503755965165,98
2024-09-16 11:09:19.869,416.96559404379417,15
2024-09-16 11:09:19.887,416.9300022564137,5
2024-09-16 11:09:19.897,416.9707263907438,1000
2024-09-16 11:09:19.930,416.9471408438575,13
2024-09-16 11:09:19.955,416.97715920697976,1001
2024-09-16 11:09:19.985,416.9458535238455,7
2024-09-16 11:09:19.990,416.9233695574182,14
2024-09-16 11:09:20.004,416.9365210434164,1000
2024-09-16 11:09:20.513,416.9301144081245,5
2024-09-16 11:09:20.769,416.92357208232926,103
2024-09-16 11:09:22.023,416.9404306917733,97
2024-09-16 11:09:22.036,416.9796343032515,103
2024-09-16 11:09:22.039,416.9643482592799,5
2024-09-16 11:09:22.073,416.9702924164519,14
2024-09-16 11:09:22.098,416.9638220267959,95
2024-09-16 11:09:22.137,416.9549098007906,15
2024-09-16 11:09:22.151,416.9650806721848,1002
2024-09-16 11:09:22.259,416.9535602167304,95
2024-09-16 11:09:22.350,416.9475645893414,100
2024-09-16 11:09:22.397,416.9690361688728,996
2024-09-16 11:09:22.506,416.9702017247143,997
2024-09-16 11:09:22.730,416.9796058105497,10
2024-09-16 11:09:22.793,416.97890498467945,997
2024-09-16 11:09:22.839,416.9613436965227,9
2024-09-16 11:09:22.867,416.969486919958,1002
2024-09-16 11:09:22.907,416.95601789792175,1003
2024-09-16 11:09:22.933,416.9767301062527,96
2024-09-16 11:09:22.985,416.9456411184178,1000
2024-09-16 11:09:23.026,416.961387941996,9
2024-09-16 11:09:23.115,416.9479304067835,105
2024-09-16 11:09:23.127,416.9963958053151,12
2024-09-16 11:09:23.225,417.0416289075068,1005
2024-09-16 11:09:23.269,416.9628839401401,1005
2024-09-16 11:09:23.303,417.0128347424649,1003
2024-09-16 11:09:23.335,416.9971375938727,102
2024-09-16 11:09:23.385,417.0634429404133,6
2024-09-16 11:09:23.386,416.9869273950204,9
2024-09-16 11:09:23.432,416.9797196711076,997
2024-09-16 11:09:23.531,416.9793780542372,997
2024-09-16 11:09:23.533,417.0426061361433,100
2024-09-16 11:09:23.538,416.97284976186415,1005
2024-09-16 11:09:23.577,417.02369717511056,9
2024-09-16 11:09:23.619,416.9857497104467,95
2024-09-16 11:09:23.645,416.9819434078513,10
2024-09-16 11:09:23.688,417.0143600147392,95
2024-09-16 11:09:23.730,417.0653038603574,1001
2024-09-16 11:09:23.789,416.97531415143663,1002
2024-09-16 11:09:23.792,417.0308932378001,95
2024-09-16 11:09:23.794,417.0406336558888,1004
2024-09-16 11:09:23.863,417.0287493776855,1004
2024-09-16 11:09:23.883,416.9505388026722,998
2024-09-16 11:09:23.968,416.9959706708278,97
2024-09-16 11:09:23.968,417.0038061934843,95
2024-09-16 11:09:24.118,417.0221463057648,105
2024-09-16 11:09:24.180,417.0148960724389,1002
2024-09-16 11:09:24.186,417.04311254941,9
2024-09-16 11:09:24.247,416.99388033365625,7
2024-09-16 11:09:24.301,417.01441147530727,11
2024-09-16 11:09:24.340,417.0164225604991,1003
2024-09-16 11:09:24.386,417.0195190346313,104
2024-09-16 11:09:24.388,416.98905458349685,98
2024-09-16 11:09:24.428,,15
2024-09-16 11:09:24.521,417.0025329028157,1004
2024-09-16 11:09:24.526,417.0133774182451,98
2024-09-16 11:09:24.550,417.0177983013981,103
2024-09-16 11:09:24.552,416.98826150614417,6
2024-09-16 11:09:24.666,417.05309898043777,13
2024-09-16 11:09:24.706,416.9692983926762,98
2024-09-16 11:09:24.740,417.0090534559532,6
2024-09-16 11:09:24.751,417.0543852533762,99
2024-09-16 11:09:24.779,417.002936215672,104
2024-09-16 11:09:24.784,417.0207986913852,1005
2024-09-16 11:09:24.843,417.0235206041097,10
2024-09-16 11:09:24.896,417.0307255715617,102
2024-09-16 11:09:24.932,417.0105300020328,105
2024-09-16 11:09:24.949,417.0280745898406,998
2024-09-16 11:09:24.999,417.012767478217,8
2024-09-16 11:09:25.140,416.9631259150298,105
2024-09-16 11:09:25.252,416.98505808598617,1003
2024-09-16 11:09:25.417,416.9899703088927,5
2024-09-16 11:09:25.446,416.9964274792651,13
2024-09-16 11:09:25.465,416.9990925517233,101
2024-09-16 11:09:25.600,416.9740326903589,10
2024-09-16 11:09:25.781,416.9751337874064,104
2024-09-16 11:09:25.852,416.9895022370526,1003
2024-09-16 11:09:25.865,-416.992612301625,97
2024-09-16 11:09:26.098,416.988782386782,1003
2024-09-16 11:09:26.282,416.9828949251303,7
2024-09-16 11:09:26.292,417.0014071577973,103
2024-09-16 11:09:26.295,416.9854710503553,995
2024-09-16 11:09:26.348,417.00094602556175,102
2024-09-16 11:09:26.358,416.9920955102128,98
2024-09-16 11:09:26.479,417.0319821357236,98
2024-09-16 11:09:26.479,417.04006827659225,1004
2024-09-16 11:09:26.493,417.0274068062245,102
2024-09-16 11:09:26.529,417.0291900344077,97
2024-09-16 11:09:26.556,417.0396840035388,8
2024-09-16 11:09:26.611,417.03890917911536,1003
2024-09-16 11:09:26.663,416.9736161658643,12
2024-09-16 11:09:26.671,417.0283636964498,1002
2024-09-16 11:09:26.748,417.0347159207253,104
2024-09-16 11:09:26.759,417.038054948552,997
2024-09-16 11:09:26.811,417.0157028086609,5
2024-09-16 11:09:26.828,417.0015689448045,996
2024-09-16 11:09:26.898,417.03358715141,1002
2024-09-16 11:09:26.898,417.03660110646337,101
2024-09-16 11:09:27.016,,1002
2024-09-16 11:09:27.043,416.93623795944416,100
2024-09-16 11:09:27.133,416.95979854096015,12
2024-09-16 11:09:27.197,416.9477203555699,12
2024-09-16 11:09:27.205,416.93015885667575,15
2024-09-16 11:09:27.231,416.9736586871024,14
2024-09-16 11:09:27.439,416.9550430033045,998
2024-09-16 11:09:27.454,416.9450958015868,10
2024-09-16 11:09:27.637,416.9485615546161,995
2024-09-16 11:09:27.666,416.9257977215903,97
2024-09-16 11:09:27.745,416.9360450222696,995
2024-09-16 11:09:27.931,416.944647205048,11
2024-09-16 11:09:27.956,416.93786053908434,97
2024-09-16 11:09:27.994,416.9660816894059,100
2024-09-16 11:09:28.136,416.9904804170412,13
2024-09-16 11:09:28.144,416.9664626152316,100
2024-09-16 11:09:28.193,416.9412400957133,1000
2024-09-16 11:09:28.219,416.9744156978386,6
2024-09-16 11:09:28.228,416.9397671177718,998
2024-09-16 11:09:28.233,416.972058798304,1002
2024-09-16 11:09:28.294,416.9722025489424,5
2024-09-16 11:09:28.338,416.9677909440757,11
2024-09-16 11:09:28.386,416.9527076992203,101
2024-09-16 11:09:28.418,416.96172420659326,1001
2024-09-16 11:09:28.440,416.9527865970604,7
2024-09-16 11:09:28.443,416.9235803034406,15
2024-09-16 11:09:28.487,416.98174518553554,1000
2024-09-16 11:09:28.511,416.9434797317623,1003
2024-09-16 11:09:28.523,416.9661649642777,13
2024-09-16 11:09:28.546,416.9927034692829,14
2024-09-16 11:09:28.612,416.9480189406429,12
2024-09-16 11:09:28.724,416.9426998686703,995
2024-09-16 11:09:28.737,416.9602349086944,10
2024-09-16 11:09:28.776,416.962075054458,1003
2024-09-16 11:09:28.776,416.97275917468494,8
2024-09-16 11:09:28.834,416.94322601300985,12
2024-09-16 11:09:28.917,416.9462381661525,995
2024-09-16 11:09:28.938,416.9531180004148,95
2024-09-16 11:09:28.982,416.9711197039956,98
2024-09-16 11:09:28.992,416.9684252822914,98
2024-09-16 11:09:29.064,416.9493159305992,96
2024-09-16 11:09:29.110,416.9010470285753,1000
2024-09-16 11:09:29.157,416.9360522349666,5
2024-09-16 11:09:29.164,416.9578473924535,105
2024-09-16 11:09:29.257,416.8855070797101,105
2024-09-16 11:09:29.259,416.913055073659,12
2024-09-16 11:09:29.265,416.9061734077945,96
2024-09-16 11:09:29.335,416.9325128421981,1005
2024-09-16 11:09:29.423,416.89822419694383,8
2024-09-16 11:09:29.488,416.9344281045208,105
2024-09-16 11:09:29.499,416.9385952215948,13
2024-09-16 11:09:29.542,416.92718771380464,1001
2024-09-16 11:09:29.566,416.89380673532605,97
2024-09-16 11:09:29.579,416.89273059801945,15
2024-09-16 11:09:29.584,416.9679968464087,1000
2024-09-16 11:09:29.704,416.9814987813861,104
2024-09-16 11:09:29.721,416.9287982589033,1005
2024-09-16 11:09:29.726,416.9800050543913,11
2024-09-16 11:09:29.738,416.9501178773682,105
2024-09-16 11:09:29.864,416.903409356228,9
2024-09-16 11:09:30.004,416.8876678697744,997
2024-09-16 11:09:30.019,416.9216798954813,1004
2024-09-16 11:09:30.060,-416.93798133026826,11
2024-09-16 11:09:30.134,416.9483566889887,14
2024-09-16 11:09:30.201,416.902483421046,15
2024-09-16 11:09:30.270,416.9238317072499,997
2024-09-16 11:09:30.380,416.960534995842,998
2024-09-16 11:09:30.477,416.9407570492372,97
2024-09-16 11:09:30.484,416.9147799798683,1005
2024-09-16 11:09:30.511,416.9032618216927,5
2024-09-16 11:09:30.518,416.9060072887346,998
2024-09-16 11:09:30.566,416.90624792384415,98
2024-09-16 11:09:30.641,416.8882128333525,1000
2024-09-16 11:09:30.647,416.92070619808186,999
2024-09-16 11:09:30.663,416.94488688840175,12
2024-09-16 11:09:30.749,416.9569378316265,9
2024-09-16 11:09:30.761,416.8923417539303,103
2024-09-16 11:09:30.876,416.9522676493831,95
2024-09-16 11:09:31.002,416.8955533725467,101
2024-09-16 11:09:31.020,416.870124387252,5
2024-09-16 11:09:31.071,416.8760463994831,1001
2024-09-16 11:09:31.076,416.8996015163149,999
2024-09-16 11:09:31.279,416.8687293799711,102
2024-09-16 11:09:31.437,416.8827556743841,102
2024-09-16 11:09:31.564,416.8631616002306,996
2024-09-16 11:09:31.636,416.8730313682886,13
2024-09-16 11:09:31.692,416.89432683312833,97
2024-09-16 11:09:31.830,416.8658065043157,99
2024-09-16 11:09:31.847,416.8688290768454,10
2024-09-16 11:09:31.901,416.8761237543459,100
2024-09-16 11:09:31.909,416.8727912968697,1000
2024-09-16 11:09:31.945,416.8789541636525,105
2024-09-16 11:09:31.973,416.8808516794375,9
2024-09-16 11:09:32.004,416.8524911627579,1003
2024-09-16 11:09:32.043,416.863361343382,100
2024-09-16 11:09:32.066,416.8598705336085,1000
2024-09-16 11:09:32.215,416.88871653587,998
2024-09-16 11:09:32.263,416.8593028626704,1005
2024-09-16 11:09:32.361,416.8359507025885,8
2024-09-16 11:09:32.367,416.87494403254647,99
2024-09-16 11:09:32.417,416.89141101855233,12
2024-09-16 11:09:32.452,416.8500786489779,15
2024-09-16 11:09:32.468,416.8557489036236,104
2024-09-16 11:09:32.469,416.8412796389525,98
2024-09-16 11:09:32.474,416.8746577949304,14
2024-09-16 11:09:32.564,416.8853173618329,99
2024-09-16 11:09:32.609,416.85213996170086,105
2024-09-16 11:09:32.716,416.8616490626725,101
2024-09-16 11:09:32.737,416.8389719719086,99
2024-09-16 11:09:32.793,416.8905300407692,997
2024-09-16 11:09:32.806,416.8849642100566,7
2024-09-16 11:09:32.983,416.88450377608297,5
2024-09-16 11:09:32.988,416.8873172300372,97
2024-09-16 11:09:33.007,416.8339397719608,996
2024-09-16 11:09:33.021,416.84212580673744,100
2024-09-16 11:09:33.021,416.8690918449548,998
2024-09-16 11:09:33.069,416.8750908471014,14
2024-09-16 11:09:33.076,416.86048548019767,998
2024-09-16 11:09:33.086,416.87001277912447,10
2024-09-16 11:09:33.114,41.68759273804204,102
2024-09-16 11:09:33.129,416.9030709487657,14
2024-09-16 11:09:33.133,416.9015764263305,12
2024-09-16 11:09:33.195,416.8513991479328,97
2024-09-16 11:09:33.256,416.8800527246386,1004
2024-09-16 11:09:33.258,416.866103697299,97
2024-09-16 11:09:33.317,416.8815780523219,999
2024-09-16 11:09:33.378,416.8562681743401,8
2024-09-16 11:09:33.419,41.6831292567108,7
2024-09-16 11:09:33.540,416.87078439699343,1004
2024-09-16 11:09:33.606,416.8944381650943,1005
2024-09-16 11:09:33.719,416.853129912222,5
2024-09-16 11:09:33.746,416.86598141482335,13
2024-09-16 11:09:33.749,416.8639894698472,101
2024-09-16 11:09:33.798,416.8622280214688,7
2024-09-16 11:09:33.836,416.9094917088169,1005
2024-09-16 11:09:33.875,416.9081893696637,12
2024-09-16 11:09:33.888,416.8738989927513,1003
2024-09-16 11:09:33.913,416.869408150349,101
2024-09-16 11:09:33.995,416.8484140532767,100
2024-09-16 11:09:34.018,416.9297473427864,95
2024-09-16 11:09:34.048,416.9413754139428,6
2024-09-16 11:09:34.079,416.901056823182,998
2024-09-16 11:09:34.139,416.9090682218465,99
2024-09-16 11:09:34.238,416.95189321397874,102
2024-09-16 11:09:34.280,416.926238133708,13
2024-09-16 11:09:34.288,416.8800417892015,1003
2024-09-16 11:09:34.289,416.9224440907778,8
2024-09-16 11:09:34.398,416.9039551133335,1001
2024-09-16 11:09:34.442,416.8902710538895,7
2024-09-16 11:09:34.537,416.9176439926962,9
2024-09-16 11:09:34.589,416.8793831971366,9
2024-09-16 11:09:34.632,416.928352740755,104
2024-09-16 11:09:34.649,416.9125030822274,99
2024-09-16 11:09:34.703,416.9203436532886,995
2024-09-16 11:09:34.735,416.8786165724203,99
2024-09-16 11:09:34.743,416.96885971747935,104
2024-09-16 11:09:34.796,416.89309219896273,7
2024-09-16 11:09:34.891,416.9344598051197,96
2024-09-16 11:09:34.918,416.8895366864276,995
2024-09-16 11:09:34.941,416.9192414535473,6
2024-09-16 11:09:34.951,416.9048073771457,101
2024-09-16 11:09:34.997,416.87083499738753,1000
2024-09-16 11:09:35.134,416.9783109977485,996
2024-09-16 11:09:35.278,416.9597796415787,995
2024-09-16 11:09:35.339,416.9824037091091,995
2024-09-16 11:09:35.351,,6
2024-09-16 11:09:35.405,416.9308353306054,95
2024-09-16 11:09:35.457,416.95064822718905,1001
2024-09-16 11:09:35.563,416.9326207115857,10
2024-09-16 11:09:35.567,416.9329785902451,8
2024-09-16 11:09:35.638,416.9723274195667,15
2024-09-16 11:09:35.651,416.9527264095613,101
2024-09-16 11:09:35.652,,1005
2024-09-16 11:09:35.702,416.9265666313844,9
2024-09-16 11:09:35.730,416.9636527775974,8
2024-09-16 11:09:35.756,416.92903765282455,11
2024-09-16 11:09:35.833,416.9273563105312,1001
2024-09-16 11:09:35.866,416.9485024634391,1000
2024-09-16 11:09:35.913,416.9527185728622,1004
2024-09-16 11:09:35.931,416.9414434988337,104
2024-09-16 11:09:35.945,416.9292586753541,7
2024-09-16 11:09:35.959,416.9514173064556,98
2024-09-16 11:09:36.078,416.9466881846868,6
2024-09-16 11:09:36.348,416.931404448807,11
2024-09-16 11:09:36.751,416.919371425668,100
2024-09-16 11:09:37.135,416.9181369395896,14
2024-09-16 11:09:38.003,416.96568323636575,999
2024-09-16 11:09:38.027,416.94681651794286,99
2024-09-16 11:09:38.082,416.9146010976583,9
2024-09-16 11:09:38.179,416.9331023296023,995
2024-09-16 11:09:38.192,416.9059090176512,102
2024-09-16 11:09:38.234,416.8982890305461,997
2024-09-16 11:09:38.299,416.9366368075174,999
2024-09-16 11:09:38.352,416.9000205082533,995
2024-09-16 11:09:38.367,416.92942162169527,9
2024-09-16 11:09:38.392,416.8855701144458,15
2024-09-16 11:09:38.406,416.9387779186688,996
2024-09-16 11:09:38.454,416.9147958529476,998
2024-09-16 11:09:38.465,416.9197818685156,1004
2024-09-16 11:09:38.517,416.9377661722099,104
2024-09-16 11:09:38.530,416.8874213196476,14
2024-09-16 11:09:38.557,416.9540996542708,103
2024-09-16 11:09:38.579,416.9059152199756,99
2024-09-16 11:09:38.627,416.92498313195296,996
2024-09-16 11:09:38.652,416.9104814701934,1000
2024-09-16 11:09:38.722,416.9300062978044,1001
2024-09-16 11:09:38.774,416.9234821754248,9
2024-09-16 11:09:38.835,416.91154635005273,1001
2024-09-16 11:09:38.856,416.9004778832596,105
2024-09-16 11:09:38.868,416.8931202733287,998
2024-09-16 11:09:38.889,416.9037510335671,12
2024-09-16 11:09:38.900,416.8999928946014,998
2024-09-16 11:09:38.982,416.9252724470613,104
2024-09-16 11:09:38.988,416.9354133814716,1005
2024-09-16 11:09:39.044,416.9601600416198,1002
2024-09-16 11:09:39.074,416.96563318195007,7
2024-09-16 11:09:39.109,416.97213270014544,105
2024-09-16 11:09:39.137,416.9879445582956,105
2024-09-16 11:09:39.180,416.9739095997576,996
2024-09-16 11:09:39.211,416.96929605503016,1000
2024-09-16 11:09:39.335,417.0057489677993,95
2024-09-16 11:09:39.342,416.9694269567866,997
2024-09-16 11:09:39.344,416.9633219317747,9
2024-09-16 11:09:39.413,416.9840658034797,10
2024-09-16 11:09:39.413,416.9676930410764,14
2024-09-16 11:09:39.440,416.98526602676736,1001
2024-09-16 11:09:39.453,416.9637520832244,101
2024-09-16 11:09:39.479,416.9628293067283,15
2024-09-16 11:09:39.508,416.946599391146,14
2024-09-16 11:09:39.565,416.9337228716902,1001
2024-09-16 11:09:39.573,416.9301237131858,101
2024-09-16 11:09:39.634,416.9953883216742,7
2024-09-16 11:09:39.637,416.9440252114623,10
2024-09-16 11:09:39.729,417.0038143504916,1001
2024-09-16 11:09:39.742,416.9748614187906,9
2024-09-16 11:09:39.746,416.997933081536,1004
2024-09-16 11:09:39.791,416.9464149464353,1002
2024-09-16 11:09:39.825,416.9345100610267,105
2024-09-16 11:09:40.058,416.9711169845158,97
2024-09-16 11:09:40.171,416.939716002248,9
2024-09-16 11:09:40.266,416.9547566116617,1001
2024-09-16 11:09:40.299,416.9770431794345,1000
2024-09-16 11:09:40.384,416.9623894615882,5
2024-09-16 11:09:40.655,416.953346382568,101
2024-09-16 11:09:40.659,416.97751434282895,8
2024-09-16 11:09:40.699,416.9702822958925,996
2024-09-16 11:09:40.715,416.9590446260592,14
2024-09-16 11:09:40.843,416.9622474712014,10
2024-09-16 11:09:40.846,416.9677678151767,8
2024-09-16 11:09:40.895,416.9615237146766,104
2024-09-16 11:09:41.000,416.9839091111931,102
2024-09-16 11:09:41.012,41.698430927278274,104
2024-09-16 11:09:41.038,417.0016455670044,998
2024-09-16 11:09:41.086,416.997826594029,7
2024-09-16 11:09:41.106,416.9861459904866,1002
2024-09-16 11:09:41.140,416.9963676541579,9
2024-09-16 11:09:41.171,416.99942313860697,996
2024-09-16 11:09:41.178,417.0233157217769,104
2024-09-16 11:09:41.183,416.967787514935,8
2024-09-16 11:09:41.189,416.9744352911422,6
2024-09-16 11:09:41.304,417.0260590584968,100
2024-09-16 11:09:41.385,416.99993899744806,1005
2024-09-16 11:09:41.388,416.98449473025954,11
2024-09-16 11:09:41.473,416.968512220711,996
2024-09-16 11:09:41.535,416.9784434234893,9
2024-09-16 11:09:41.594,417.00653482087193,997
2024-09-16 11:09:41.636,417.0004568941448,996
2024-09-16 11:09:41.642,417.00491179384113,999
2024-09-16 11:09:41.687,416.998238362885,996
2024-09-16 11:09:41.775,417.0153906349345,1001
2024-09-16 11:09:41.807,416.99832562040496,97
2024-09-16 11:09:41.863,417.0066078607921,1004
2024-09-16 11:09:41.891,416.97181537288776,95
2024-09-16 11:09:41.939,416.9775983856847,996
2024-09-16 11:09:41.944,417.00336545157217,1005
2024-09-16 11:09:41.970,416.97692136158486,999
2024-09-16 11:09:41.996,417.0183982811066,11
2024-09-16 11:09:43.052,417.0467917941496,98
2024-09-16 11:09:43.068,417.0439260841863,999
2024-09-16 11:09:43.074,417.0814629334202,998
2024-09-16 11:09:43.083,417.0495245753065,103
2024-09-16 11:09:43.134,417.0856545201152,95
2024-09-16 11:09:43.165,417.071521548472,1003
2024-09-16 11:09:43.202,417.0676227317799,96
2024-09-16 11:09:43.476,417.04180134965344,1005
2024-09-16 11:09:43.541,416.9932668017932,997
2024-09-16 11:09:43.675,417.0304537648936,14
2024-09-16 11:09:43.683,417.0177983038698,101
2024-09-16 11:09:43.723,417.0691459833242,96
2024-09-16 11:09:43.762,417.07029819869547,11
2024-09-16 11:09:43.797,417.0480279398842,99
2024-09-16 11:09:43.966,417.0346019836724,9
2024-09-16 11:09:43.987,417.0398660582696,995
2024-09-16 11:09:44.022,417.0320082414336,97
2024-09-16 11:09:44.129,417.0325200739189,9
2024-09-16 11:09:44.151,417.04395001085953,100
2024-09-16 11:09:44.288,417.0707723213242,10
2024-09-16 11:09:44.306,417.04133181917786,15
2024-09-16 11:09:44.393,417.0231472892321,1000
2024-09-16 11:09:44.514,417.0354819994696,15
2024-09-16 11:09:44.562,417.0258638930829,9
2024-09-16 11:09:44.835,417.04037321360056,13
2024-09-16 11:09:44.846,417.0526538516364,1000
2024-09-16 11:09:44.933,41.70429346960716,999
2024-09-16 11:09:44.935,417.0435388950556,96
2024-09-16 11:09:45.041,417.0599704503807,13
2024-09-16 11:09:45.402,417.0568172052071,101
2024-09-16 11:09:45.826,417.06007676629935,95
2024-09-16 11:09:46.127,417.0389994491599,1003
2024-09-16 11:09:46.135,417.043315795002,5
2024-09-16 11:09:46.281,417.0479460404925,6
2024-09-16 11:09:46.337,417.0412648522688,13
2024-09-16 11:09:46.815,417.0401947095877,98
2024-09-16 11:09:46.939,417.0440821993847,102
2024-09-16 11:09:47.031,417.0506338818373,98
2024-09-16 11:09:47.032,417.0526472992152,999
2024-09-16 11:09:47.061,417.04075098578033,13
2024-09-16 11:09:47.072,417.03873661955095,1002
2024-09-16 11:09:47.096,417.0320380374964,6
2024-09-16 11:09:47.168,417.0633538456025,6
2024-09-16 11:09:47.359,417.0384365000262,1003
2024-09-16 11:09:47.394,417.0134401231881,8
2024-09-16 11:09:47.407,417.0587326461933,101
2024-09-16 11:09:47.419,417.05009299779874,15
2024-09-16 11:09:47.464,417.0811630616722,9
2024-09-16 11:09:47.489,417.03498145580863,995
2024-09-16 11:09:47.509,417.02842712183326,1002
2024-09-16 11:09:47.776,417.0484525980432,999
2024-09-16 11:09:47.871,417.0762366758256,1004
2024-09-16 11:09:48.001,417.0592346670153,13
2024-09-16 11:09:48.089,417.0552345054696,997
2024-09-16 11:09:48.193,417.05826909540144,9
2024-09-16 11:09:48.276,417.07736788654256,1005
2024-09-16 11:09:48.342,417.0872579396906,104
2024-09-16 11:09:48.684,417.0459385189649,103
2024-09-16 11:09:48.717,417.06196295813857,13
2024-09-16 11:09:48.928,417.0443326422735,999
2024-09-16 11:09:49.099,417.1112444925511,1000
2024-09-16 11:09:49.661,417.1108028571971,96
2024-09-16 11:09:49.832,417.1257488647813,8
2024-09-16 11:09:50.066,417.070984093167,98
2024-09-16 11:09:50.068,417.10721998610296,997
2024-09-16 11:09:50.279,417.07783298182807,996
2024-09-16 11:09:50.287,417.1151784521383,996
2024-09-16 11:09:50.340,417.1033160163923,1001
2024-09-16 11:09:50.347,417.0917370887142,12
2024-09-16 11:09:50.435,417.1036003380714,998
2024-09-16 11:09:50.504,417.08858766091714,7
2024-09-16 11:09:50.533,417.1026251851263,1004
2024-09-16 11:09:50.580,417.10706316896005,15
2024-09-16 11:09:50.686,417.1038559715696,12
2024-09-16 11:09:50.756,417.071537324382,11
2024-09-16 11:09:50.764,417.0959093317793,98
2024-09-16 11:09:50.920,417.0942227730566,15
2024-09-16 11:09:50.924,417.0972459306996,13
2024-09-16 11:09:50.931,417.0952975223829,9
2024-09-16 11:09:50.975,417.0833063882436,997
2024-09-16 11:09:50.992,417.0888168551899,97
2024-09-16 11:09:52.171,417.1224204381688,98
2024-09-16 11:09:52.266,417.0774070478635,10
2024-09-16 11:09:52.503,417.1064629082265,1004
2024-09-16 11:09:52.572,417.1072201701247,1000
2024-09-16 11:09:52.593,-417.12034951206806,15
2024-09-16 11:09:52.613,417.0926886627721,998
2024-09-16 11:09:52.690,417.1196422923036,1000
2024-09-16 11:09:52.901,417.0800146524047,15
2024-09-16 11:09:52.978,417.097865691839,103
2024-09-16 11:09:53.009,417.11811455871685,1003
2024-09-16 11:09:53.459,417.1235244830319,6
2024-09-16 11:09:53.758,417.1161250422833,96
2024-09-16 11:09:54.177,417.0707704605361,105
2024-09-16 11:09:54.191,417.11067896596205,104
2024-09-16 11:09:54.240,417.1018549750132,96
2024-09-16 11:09:54.260,417.0794709834406,101
2024-09-16 11:09:54.544,417.0864902024724,999
2024-09-16 11:09:54.632,417.08108051980696,12
2024-09-16 11:09:54.782,417.10490364249074,1003
2024-09-16 11:09:54.971,417.1000543249485,14
2024-09-16 11:09:55.043,417.0488913854933,997
2024-09-16 11:09:55.072,417.053491221864,96
2024-09-16 11:09:55.173,417.05027345905296,996
2024-09-16 11:09:55.285,417.06569005517775,1003
2024-09-16 11:09:55.523,417.058723769976,1004
2024-09-16 11:09:55.582,417.0344455753213,100
2024-09-16 11:09:55.609,417.0431027931772,96
2024-09-16 11:09:55.691,417.04585737725927,102
2024-09-16 11:09:55.720,417.0461314376028,97
2024-09-16 11:09:55.778,41.70588805990884,7
2024-09-16 11:09:55.805,417.0643535663748,1004
2024-09-16 11:09:55.896,417.0715604359117,95
2024-09-16 11:09:56.025,417.0583731902711,102
2024-09-16 11:09:56.282,417.0700335027164,103
2024-09-16 11:09:56.294,417.03457231507264,104
2024-09-16 11:09:56.388,417.0267133331424,98
2024-09-16 11:09:56.446,417.0603025048389,105
2024-09-16 11:09:56.484,417.01467493998285,997
2024-09-16 11:09:56.547,417.06536795178766,1004
2024-09-16 11:09:56.712,417.05220933049634,5
2024-09-16 11:09:56.733,-417.0636233751925,999
2024-09-16 11:09:56.763,417.0646101215763,10
2024-09-16 11:09:56.992,417.05499384393215,1002
2024-09-16 11:09:57.051,417.0851588006384,12
2024-09-16 11:09:57.262,417.0829704175507,8
2024-09-16 11:09:57.314,417.0483008846634,98
2024-09-16 11:09:57.322,417.0349958898627,104
2024-09-16 11:09:57.768,417.0937484892699,997
2024-09-16 11:09:57.775,417.0884170500953,14
2024-09-16 11:09:57.827,417.0434075002862,9
2024-09-16 11:09:57.841,417.08106591801817,103
2024-09-16 11:09:57.933,417.0639440891868,103
2024-09-16 11:09:58.033,417.0152690150412,1001
2024-09-16 11:09:58.262,417.036767704146,11
2024-09-16 11:09:58.263,417.0291447891038,5
2024-09-16 11:09:58.380,417.0499898020704,998
2024-09-16 11:09:58.489,417.022834716741,15
2024-09-16 11:09:59.117,417.0291874190152,95
2024-09-16 11:09:59.361,417.03900497296814,8
2024-09-16 11:09:59.372,417.03447921867,105
2024-09-16 11:09:59.415,417.0371594250578,999
2024-09-16 11:09:59.524,417.0258550312301,12
2024-09-16 11:09:59.602,417.03368644490575,1004
2024-09-16 11:09:59.651,417.0121734065287,1005
2024-09-16 11:09:59.679,417.0099911152153,998
2024-09-16 11:09:59.694,417.0416796764228,1004
2024-09-16 11:09:59.735,417.0447809613846,1002
2024-09-16 11:09:59.763,417.0190265771178,101
2024-09-16 11:09:59.809,417.02486092390615,7
2024-09-16 11:09:59.883,417.0362471728512,12
2024-09-16 11:09:59.964,417.0239405157909,995
2024-09-16 11:09:59.969,417.0043378781198,5
