Timestamp,Price,Size
2024-09-17 09:33:00.046,416.6510008405958,9
2024-09-17 09:33:00.073,416.6816835386659,101
2024-09-17 09:33:00.075,416.6367127936857,999
2024-09-17 09:33:00.095,416.6785481056321,995
2024-09-17 09:33:00.179,416.6621492219901,99
2024-09-17 09:33:00.204,416.6542725076144,9
2024-09-17 09:33:00.220,416.653985679132,5
2024-09-17 09:33:00.256,416.66353570936826,1005
2024-09-17 09:33:00.281,416.6587874803614,1002
2024-09-17 09:33:00.304,416.6507425806509,1005
2024-09-17 09:33:00.575,416.67055965519967,1003
2024-09-17 09:33:00.869,416.6686297929592,97
2024-09-17 09:33:00.917,416.660940922088,15
2024-09-17 09:33:00.935,416.6341321996155,98
2024-09-17 09:33:01.001,416.6961034727237,1000
2024-09-17 09:33:01.006,416.69630485144825,13
2024-09-17 09:33:01.047,416.67656236986494,996
2024-09-17 09:33:01.064,416.7211753276765,1004
2024-09-17 09:33:01.091,416.6844306225419,1000
2024-09-17 09:33:01.170,416.70181942461534,104
2024-09-17 09:33:01.199,416.6744890999854,96
2024-09-17 09:33:01.231,,13
2024-09-17 09:33:01.274,416.69860433656487,103
2024-09-17 09:33:01.281,416.731017268897,105
2024-09-17 09:33:01.310,416.6706712871091,995
2024-09-17 09:33:01.435,416.6906916402248,98
2024-09-17 09:33:01.486,416.7329346592463,105
2024-09-17 09:33:01.514,416.6928943376422,996
2024-09-17 09:33:01.571,416.6573806224456,101
2024-09-17 09:33:01.599,416.7212369859335,6
2024-09-17 09:33:01.601,416.6647311516948,1000
2024-09-17 09:33:01.606,416.6912723634038,1003
2024-09-17 09:33:01.881,416.6978628405233,996
2024-09-17 09:33:01.918,416.6732993998024,999
2024-09-17 09:33:01.954,416.6795656054842,105
2024-09-17 09:33:02.005,416.7306566459805,5
2024-09-17 09:33:02.751,416.7380017182679,6
2024-09-17 09:33:02.850,416.7543484653975,1001
2024-09-17 09:33:02.988,416.71382374869125,98
2024-09-17 09:33:03.004,416.79341329491257,9
2024-09-17 09:33:03.039,416.7983171646371,997
2024-09-17 09:33:03.110,41.67946565462397,15
2024-09-17 09:33:03.127,416.7676309255994,101
2024-09-17 09:33:03.129,416.77597098086113,102
2024-09-17 09:33:03.173,416.8053488378456,104
2024-09-17 09:33:03.198,416.7659997081847,7
2024-09-17 09:33:03.258,416.7621913446175,1003
2024-09-17 09:33:03.285,416.76763441188336,96
2024-09-17 09:33:03.286,416.7622510737871,10
2024-09-17 09:33:03.334,-416.7602615281867,997
2024-09-17 09:33:03.417,416.7646340626564,995
2024-09-17 09:33:03.508,416.77176894111,997
2024-09-17 09:33:03.718,416.8063666288637,5
2024-09-17 09:33:03.798,416.7854593978779,1003
2024-09-17 09:33:03.799,416.7645699204342,101
2024-09-17 09:33:03.800,416.7680375792231,14
2024-09-17 09:33:03.958,416.7977137767107,98
2024-09-17 09:33:03.959,416.78601688663576,14
2024-09-17 09:33:04.167,416.7818485212296,102
2024-09-17 09:33:04.215,416.7438623590684,12
2024-09-17 09:33:04.230,416.7595981228418,997
2024-09-17 09:33:04.235,416.7618463645972,997
2024-09-17 09:33:04.237,416.7600464150089,98
2024-09-17 09:33:04.239,416.77661810768905,998
2024-09-17 09:33:04.261,416.7534315528599,1001
2024-09-17 09:33:04.273,416.7736161913856,1003
2024-09-17 09:33:04.395,416.7510433329103,7
2024-09-17 09:33:04.412,416.7379488810441,998
2024-09-17 09:33:04.455,416.7689129239,998
2024-09-17 09:33:04.493,416.7376180329323,11
2024-09-17 09:33:04.640,416.716802236725,105
2024-09-17 09:33:04.644,416.77325081865104,999
2024-09-17 09:33:04.677,416.76048135254695,996
2024-09-17 09:33:04.683,416.74432483731874,99
2024-09-17 09:33:04.702,416.7191728935656,105
2024-09-17 09:33:04.705,416.7465780357726,101
2024-09-17 09:33:04.778,416.7760044165146,13
2024-09-17 09:33:04.797,416.730078288431,98
2024-09-17 09:33:04.824,416.763528976876,5
2024-09-17 09:33:04.876,416.76919887468335,1001
2024-09-17 09:33:04.939,416.7411449296742,8
2024-09-17 09:33:04.998,416.7757963679751,96
2024-09-17 09:33:05.116,416.7762018622697,11
2024-09-17 09:33:05.426,416.786557992818,997
2024-09-17 09:33:05.447,416.78478302102405,1005
2024-09-17 09:33:05.726,416.7889493657905,98
2024-09-17 09:33:05.845,416.7869112583147,12
2024-09-17 09:33:06.010,416.82398550573566,99
2024-09-17 09:33:06.086,416.8148925298874,12
2024-09-17 09:33:06.179,416.8176793084192,996
2024-09-17 09:33:06.879,416.8132627107513,1001
2024-09-17 09:33:06.987,416.8325794312076,98
2024-09-17 09:33:07.032,416.9240749847989,1001
2024-09-17 09:33:07.085,416.8457197056052,995
2024-09-17 09:33:07.088,416.86546976010624,5
2024-09-17 09:33:07.187,416.8806048239391,96
2024-09-17 09:33:07.324,416.8079237672018,6
2024-09-17 09:33:07.332,416.8842246677961,101
2024-09-17 09:33:07.407,416.8653890476004,996
2024-09-17 09:33:07.432,416.8752125089245,1002
2024-09-17 09:33:07.461,416.7971531240694,13
2024-09-17 09:33:07.511,416.8721642387196,104
2024-09-17 09:33:07.520,416.8194251852687,14
2024-09-17 09:33:07.559,416.9005733913365,12
2024-09-17 09:33:07.562,416.8450670030962,999
2024-09-17 09:33:07.715,416.8552195211561,103
2024-09-17 09:33:07.765,-416.89633198699937,105
2024-09-17 09:33:07.906,416.9023225445697,998
2024-09-17 09:33:07.940,416.8512684524099,999
2024-09-17 09:33:08.060,416.94339841654505,97
2024-09-17 09:33:08.257,416.93003889533,995
2024-09-17 09:33:08.557,416.92959344398406,7
2024-09-17 09:33:08.675,416.92199891994994,1000
2024-09-17 09:33:08.817,416.9239110507869,15
2024-09-17 09:33:09.090,416.9345952417955,1002
2024-09-17 09:33:09.201,416.9458819861171,98
2024-09-17 09:33:09.464,,103
2024-09-17 09:33:09.519,416.9536839579618,97
2024-09-17 09:33:09.615,416.9412445150135,8
2024-09-17 09:33:09.931,416.95072404980033,1005
2024-09-17 09:33:10.022,416.9187630694325,99
2024-09-17 09:33:10.038,416.893090902158,102
2024-09-17 09:33:10.054,416.9401273800257,98
2024-09-17 09:33:10.121,416.9047264775128,1001
2024-09-17 09:33:10.158,416.921487071466,7
2024-09-17 09:33:10.190,416.9267579633582,5
2024-09-17 09:33:10.264,416.9087324335092,105
2024-09-17 09:33:10.290,416.9200653277098,97
2024-09-17 09:33:10.401,416.9462849948657,1004
2024-09-17 09:33:10.442,416.93627177220026,105
2024-09-17 09:33:10.501,416.9208745624703,998
2024-09-17 09:33:10.513,-416.9467825169422,997
2024-09-17 09:33:10.607,416.90852188045,5
2024-09-17 09:33:10.612,416.924541465846,996
2024-09-17 09:33:10.631,416.94517537266427,6
2024-09-17 09:33:10.657,416.92186374594695,1001
2024-09-17 09:33:10.679,416.9459717682695,7
2024-09-17 09:33:10.701,416.9300760604059,998
2024-09-17 09:33:10.727,416.9203598908269,11
2024-09-17 09:33:10.731,416.9250289526315,13
2024-09-17 09:33:10.758,416.9446753880948,1000
2024-09-17 09:33:10.939,416.9133509091014,997
2024-09-17 09:33:11.021,416.8878503795664,15
2024-09-17 09:33:11.056,416.8897265521748,99
2024-09-17 09:33:11.058,,98
2024-09-17 09:33:11.149,416.8655662700131,996
2024-09-17 09:33:11.164,416.9024391391336,8
2024-09-17 09:33:11.184,416.94631161167183,11
2024-09-17 09:33:11.186,416.894558010442,996
2024-09-17 09:33:11.216,416.9060935095723,96
2024-09-17 09:33:11.266,416.9114210857581,102
2024-09-17 09:33:11.283,416.9089608510403,998
2024-09-17 09:33:11.354,416.91033247141166,101
2024-09-17 09:33:11.357,416.8743326937259,1000
2024-09-17 09:33:11.382,416.8847610779114,11
2024-09-17 09:33:11.398,416.8571430137118,1000
2024-09-17 09:33:11.418,416.9107840674738,8
2024-09-17 09:33:11.485,416.91664545334726,15
2024-09-17 09:33:11.487,416.8818184900731,96
2024-09-17 09:33:11.610,416.886458913328,8
2024-09-17 09:33:11.632,416.9118843052874,105
2024-09-17 09:33:11.637,416.8992448615215,998
2024-09-17 09:33:11.656,416.8870120169074,99
2024-09-17 09:33:11.674,416.8996577608239,8
2024-09-17 09:33:11.695,416.8942064027817,13
2024-09-17 09:33:11.708,416.90233448519376,104
2024-09-17 09:33:11.726,416.8864436542597,104
2024-09-17 09:33:11.862,416.8848597308585,9
2024-09-17 09:33:11.870,416.9240521877236,7
2024-09-17 09:33:11.922,416.88709497401527,96
2024-09-17 09:33:11.950,416.8903961516384,998
2024-09-17 09:33:11.977,416.8751126252738,1004
2024-09-17 09:33:12.011,416.9534217402913,99
2024-09-17 09:33:12.018,416.9592513580021,12
2024-09-17 09:33:12.027,416.9325384462392,8
2024-09-17 09:33:12.050,416.9650957176668,99
2024-09-17 09:33:12.059,416.96828017423707,1002
2024-09-17 09:33:12.086,416.9071931093083,96
2024-09-17 09:33:12.103,416.9701626201488,11
2024-09-17 09:33:12.152,416.9614567474688,99
2024-09-17 09:33:12.177,416.96621705355767,9
2024-09-17 09:33:12.267,416.97032110654607,97
2024-09-17 09:33:12.346,416.9302699320696,15
2024-09-17 09:33:12.397,416.9634567200571,98
2024-09-17 09:33:12.440,416.9791392402944,96
2024-09-17 09:33:12.450,416.91915251933625,1005
2024-09-17 09:33:12.543,416.9401465265016,104
2024-09-17 09:33:12.564,416.96606641332977,13
2024-09-17 09:33:12.573,416.9771390620567,14
2024-09-17 09:33:12.600,416.91934159750986,97
2024-09-17 09:33:12.608,416.8854893036473,997
2024-09-17 09:33:12.704,416.9608031591258,98
2024-09-17 09:33:12.730,416.9798102424088,996
2024-09-17 09:33:12.812,416.93150898147286,15
2024-09-17 09:33:12.905,416.92929429653,11
2024-09-17 09:33:12.907,416.93977802453946,12
2024-09-17 09:33:12.945,416.96411809500535,1000
2024-09-17 09:33:12.951,416.95592851036855,998
2024-09-17 09:33:12.961,416.9504058473729,101
2024-09-17 09:33:12.975,416.9202519142702,97
2024-09-17 09:33:12.990,416.9701362899372,105
2024-09-17 09:33:13.007,416.9405403900844,996
2024-09-17 09:33:13.019,416.9011896991176,103
2024-09-17 09:33:13.039,417.00082635662113,96
2024-09-17 09:33:13.136,416.9633215896022,999
2024-09-17 09:33:13.223,417.0071455101539,102
2024-09-17 09:33:13.240,417.0075533707227,12
2024-09-17 09:33:13.252,417.01091552769066,1001
2024-09-17 09:33:13.279,417.0058194247529,1002
2024-09-17 09:33:13.287,416.9821191004602,100
2024-09-17 09:33:13.339,417.014791923277,99
2024-09-17 09:33:13.367,416.901759571087,13
2024-09-17 09:33:13.386,417.01513566174856,7
2024-09-17 09:33:13.445,416.9164547742279,997
2024-09-17 09:33:13.521,416.91579099351446,1002
2024-09-17 09:33:13.557,416.914110372216,998
2024-09-17 09:33:13.560,416.91974055001685,102
2024-09-17 09:33:13.617,417.008205812688,12
2024-09-17 09:33:13.731,416.93430172376014,9
2024-09-17 09:33:13.797,417.02196441617104,1005
2024-09-17 09:33:13.875,416.9948693462297,99
2024-09-17 09:33:13.971,416.90487944843903,1003
2024-09-17 09:33:13.986,416.916215275852,13
2024-09-17 09:33:13.986,416.9924905128791,9
2024-09-17 09:33:14.066,417.0421813254576,5
2024-09-17 09:33:14.106,417.0258359263046,13
2024-09-17 09:33:14.140,417.0229241927556,15
2024-09-17 09:33:14.232,417.0105850052113,102
2024-09-17 09:33:14.302,417.0425894490217,104
2024-09-17 09:33:14.502,417.0311091882452,1001
2024-09-17 09:33:14.544,417.0213417074693,96
2024-09-17 09:33:14.556,417.014948700472,996
2024-09-17 09:33:14.631,417.0261270402437,12
2024-09-17 09:33:14.809,417.0156074948069,11
2024-09-17 09:33:14.834,417.0056371633519,6
2024-09-17 09:33:14.836,417.02769279767193,101
2024-09-17 09:33:14.910,417.0556591523964,11
2024-09-17 09:33:14.951,417.0179170312402,10
2024-09-17 09:33:14.967,417.0206771288025,105
2024-09-17 09:33:15.242,417.0034117043048,13
2024-09-17 09:33:15.380,417.030386762788,11
2024-09-17 09:33:15.643,417.04006298843154,10
2024-09-17 09:33:15.735,417.0367152433617,14
2024-09-17 09:33:15.766,417.0483175522884,998
2024-09-17 09:33:15.834,417.0321764214,10
2024-09-17 09:33:15.866,417.023294077661,998
2024-09-17 09:33:15.900,417.0331764696261,1003
2024-09-17 09:33:16.004,417.038004348073,99
2024-09-17 09:33:16.061,416.9774882240067,105
2024-09-17 09:33:16.078,417.0473829456116,996
2024-09-17 09:33:16.148,417.0259637262939,98
2024-09-17 09:33:16.182,417.0448105928968,1005
2024-09-17 09:33:16.201,417.0323637274,100
2024-09-17 09:33:16.280,416.9663343710272,1003
2024-09-17 09:33:16.280,417.0301882920532,996
2024-09-17 09:33:16.287,417.04113488792086,101
2024-09-17 09:33:16.333,417.0309969111857,96
2024-09-17 09:33:16.372,417.04231185880695,100
2024-09-17 09:33:16.419,416.9959702910737,101
2024-09-17 09:33:16.426,417.0311094124005,1000
2024-09-17 09:33:16.458,417.0310176131411,14
2024-09-17 09:33:16.678,417.0442828576928,997
2024-09-17 09:33:16.686,417.0542909346544,5
2024-09-17 09:33:16.708,417.0342551739317,7
2024-09-17 09:33:16.794,417.0500681440277,13
2024-09-17 09:33:16.862,417.0553410093791,1005
2024-09-17 09:33:16.890,417.0154977221098,99
2024-09-17 09:33:16.915,416.99482425187153,996
2024-09-17 09:33:16.939,-416.99379672127617,15
2024-09-17 09:33:16.957,416.978526473975,12
2024-09-17 09:33:16.959,416.9868250642394,6
2024-09-17 09:33:17.246,416.9680809948988,102
2024-09-17 09:33:17.257,416.9285819810243,995
2024-09-17 09:33:17.320,416.9345413933133,11
2024-09-17 09:33:17.328,416.9569158014604,12
2024-09-17 09:33:17.371,417.00178322683456,98
2024-09-17 09:33:17.380,416.9905474716293,96
2024-09-17 09:33:17.467,416.98375980026987,103
2024-09-17 09:33:17.500,416.9962671864317,101
2024-09-17 09:33:17.528,416.9748291051596,98
2024-09-17 09:33:17.528,416.9799992451246,12
2024-09-17 09:33:17.529,416.9337930288507,105
2024-09-17 09:33:17.533,416.9796082537264,103
2024-09-17 09:33:17.539,416.9728309652367,15
2024-09-17 09:33:17.571,417.0440658694709,999
2024-09-17 09:33:17.591,416.9969023633943,12
2024-09-17 09:33:17.704,416.9511867583936,13
2024-09-17 09:33:17.729,416.9668134940648,8
2024-09-17 09:33:17.743,417.0559374063393,996
2024-09-17 09:33:17.756,416.9408945932792,8
2024-09-17 09:33:17.772,416.93405319509645,9
2024-09-17 09:33:17.789,416.95316630336873,100
2024-09-17 09:33:17.796,417.0154194389634,998
2024-09-17 09:33:17.837,416.9370151150149,996
2024-09-17 09:33:17.893,416.9990700840078,996
2024-09-17 09:33:17.976,416.94907207786406,96
2024-09-17 09:33:17.989,416.9613697929423,5
2024-09-17 09:33:18.110,416.93135044423127,997
2024-09-17 09:33:18.114,416.8996978109479,105
2024-09-17 09:33:18.125,416.8982044187809,1004
2024-09-17 09:33:18.134,416.8902608549104,105
2024-09-17 09:33:18.145,416.90477234284975,8
2024-09-17 09:33:18.204,416.9015180059805,5
2024-09-17 09:33:18.384,416.894833547115,1003
2024-09-17 09:33:18.687,416.88574807174894,98
2024-09-17 09:33:18.778,416.9120494635199,95
2024-09-17 09:33:18.829,416.9061998129599,99
2024-09-17 09:33:18.901,416.88365430894765,11
2024-09-17 09:33:18.953,416.9005790517495,13
2024-09-17 09:33:19.021,416.8556617746425,8
2024-09-17 09:33:19.051,416.83642798892873,996
2024-09-17 09:33:19.290,416.8509215494502,1005
2024-09-17 09:33:19.321,416.8447514467297,11
2024-09-17 09:33:19.457,416.864772255538,1002
2024-09-17 09:33:19.471,416.8558931205856,10
2024-09-17 09:33:19.499,416.85239174096046,1003
2024-09-17 09:33:19.557,416.8758527194616,5
2024-09-17 09:33:19.718,416.8408973807979,8
2024-09-17 09:33:19.855,416.8785896674697,10
2024-09-17 09:33:19.925,416.8808323046265,102
2024-09-17 09:33:20.091,416.9535658790757,996
2024-09-17 09:33:20.098,416.9487143344365,10
2024-09-17 09:33:20.139,416.9334574699774,98
2024-09-17 09:33:20.214,416.94591682995485,101
2024-09-17 09:33:20.245,416.8940335271709,96
2024-09-17 09:33:20.272,416.94759803251526,6
2024-09-17 09:33:20.280,416.9426310696219,1003
2024-09-17 09:33:20.319,416.9306659602216,12
2024-09-17 09:33:20.324,416.9088220037676,96
2024-09-17 09:33:20.413,416.9247620656376,95
2024-09-17 09:33:20.421,416.9315660603251,7
2024-09-17 09:33:20.449,416.9291856058361,96
2024-09-17 09:33:20.611,416.94563341134153,14
2024-09-17 09:33:20.622,416.9148977858353,996
2024-09-17 09:33:20.759,416.9365687582447,13
2024-09-17 09:33:20.816,416.91375281726056,102
2024-09-17 09:33:20.933,416.8778524539493,1000
2024-09-17 09:33:20.934,416.9268450542039,999
2024-09-17 09:33:21.073,416.9339383456972,997
2024-09-17 09:33:21.073,416.91697943045045,13
2024-09-17 09:33:21.139,416.9228027190287,11
2024-09-17 09:33:21.180,416.8814279985447,100
2024-09-17 09:33:21.213,416.9168736207723,1005
2024-09-17 09:33:21.220,416.9027155437117,104
2024-09-17 09:33:21.316,416.9184048186101,11
2024-09-17 09:33:21.317,416.9310207232756,8
2024-09-17 09:33:21.332,416.92843296578747,10
2024-09-17 09:33:21.340,416.92760602314297,98
2024-09-17 09:33:21.345,416.9344451114394,995
2024-09-17 09:33:21.421,416.8874856749249,103
2024-09-17 09:33:21.463,416.941952822502,101
2024-09-17 09:33:21.503,416.9335361142106,11
2024-09-17 09:33:21.504,416.9323646130672,98
2024-09-17 09:33:21.652,416.9432549285425,12
2024-09-17 09:33:21.661,416.9031397755305,104
2024-09-17 09:33:21.686,416.89091336767865,8
2024-09-17 09:33:21.700,-416.9107793367062,100
2024-09-17 09:33:21.884,416.9008404982298,5
2024-09-17 09:33:21.904,416.88270944643534,98
2024-09-17 09:33:21.906,416.9013476328297,13
2024-09-17 09:33:21.932,416.8894568145769,1003
2024-09-17 09:33:21.979,416.88331543123,103
2024-09-17 09:33:21.987,416.870565154625,102
2024-09-17 09:33:22.058,416.9196339424648,96
2024-09-17 09:33:22.098,416.94182525507824,1002
2024-09-17 09:33:22.113,416.93369044123295,104
2024-09-17 09:33:22.113,416.9290395341756,9
2024-09-17 09:33:22.129,416.9283628954611,1001
2024-09-17 09:33:22.129,416.9292265407138,104
2024-09-17 09:33:22.132,416.9673461744927,10
2024-09-17 09:33:22.133,416.9376432149164,1004
2024-09-17 09:33:22.145,416.9181808770373,104
2024-09-17 09:33:22.151,416.9107739125207,11
2024-09-17 09:33:22.163,416.97683878597513,7
2024-09-17 09:33:22.168,416.9775161383525,15
2024-09-17 09:33:22.175,416.91477898062334,5
2024-09-17 09:33:22.190,416.9196987125046,100
2024-09-17 09:33:22.202,416.95100722888566,96
2024-09-17 09:33:22.302,416.9572186014092,996
2024-09-17 09:33:22.309,416.9131020580362,97
2024-09-17 09:33:22.323,416.9308406311817,13
2024-09-17 09:33:22.461,416.949807496478,104
2024-09-17 09:33:22.482,416.9351630853544,102
2024-09-17 09:33:22.500,416.95744593059067,14
2024-09-17 09:33:22.559,416.8952374917397,12
2024-09-17 09:33:22.571,416.93585737954135,96
2024-09-17 09:33:22.581,416.94673977733225,1002
2024-09-17 09:33:22.614,416.9782242708719,97
2024-09-17 09:33:22.852,416.9299332914508,102
2024-09-17 09:33:22.856,416.92826724545193,99
2024-09-17 09:33:22.877,416.9266980282886,14
2024-09-17 09:33:22.932,416.9149026085082,999
2024-09-17 09:33:22.997,416.9821939783863,999
2024-09-17 09:33:23.082,416.99826518708375,105
2024-09-17 09:33:23.086,416.9697743619544,97
2024-09-17 09:33:23.091,416.9412369135453,1004
2024-09-17 09:33:23.176,417.00206295032257,6
2024-09-17 09:33:23.191,416.99155194063263,5
2024-09-17 09:33:23.218,417.008581702026,1002
2024-09-17 09:33:23.308,417.0606165269117,103
2024-09-17 09:33:23.339,-416.9963294002811,9
2024-09-17 09:33:23.406,416.9562320764408,98
2024-09-17 09:33:23.431,416.9891667962553,11
2024-09-17 09:33:23.431,416.995087618212,103
2024-09-17 09:33:23.470,416.93346107097307,15
2024-09-17 09:33:23.533,416.9690449530672,103
2024-09-17 09:33:23.586,417.0044699206105,6
2024-09-17 09:33:23.618,416.9955393165,1005
2024-09-17 09:33:23.670,417.051088596618,999
2024-09-17 09:33:23.707,416.99147491826,13
2024-09-17 09:33:23.836,417.01308534943706,96
2024-09-17 09:33:23.901,417.0064471061294,10
2024-09-17 09:33:23.920,416.9912292681773,11
2024-09-17 09:33:23.985,416.9403610728615,97
2024-09-17 09:33:24.042,417.0619850939901,1000
2024-09-17 09:33:24.228,417.0168517779828,1000
2024-09-17 09:33:24.258,417.0437478677025,95
2024-09-17 09:33:24.300,417.0517374138878,5
2024-09-17 09:33:24.323,417.0446175336332,995
2024-09-17 09:33:24.445,417.0152456895025,95
2024-09-17 09:33:24.483,417.02975808043885,98
2024-09-17 09:33:24.484,417.044161492576,1005
2024-09-17 09:33:24.496,417.0757081395017,13
2024-09-17 09:33:24.497,417.055242036597,999
2024-09-17 09:33:24.511,417.0164365189604,6
2024-09-17 09:33:24.525,41.70442411412449,12
2024-09-17 09:33:24.613,-417.0293795463063,104
2024-09-17 09:33:24.616,417.0106875572226,13
2024-09-17 09:33:24.634,417.0392052573462,104
2024-09-17 09:33:24.653,417.0489403713525,1003
2024-09-17 09:33:24.824,417.0398437612631,100
2024-09-17 09:33:24.857,417.0592626987812,97
2024-09-17 09:33:24.898,417.0590886777354,99
2024-09-17 09:33:24.903,417.0486668763529,14
2024-09-17 09:33:24.943,417.0347440492757,5
2024-09-17 09:33:24.972,417.0194258361775,9
2024-09-17 09:33:26.057,417.0128041983442,999
2024-09-17 09:33:26.158,417.0316367436347,1001
2024-09-17 09:33:26.603,417.05044120521006,15
2024-09-17 09:33:26.782,417.0125525999084,8
2024-09-17 09:33:26.807,417.03421067734575,999
2024-09-17 09:33:26.844,417.05017921464633,11
2024-09-17 09:33:26.921,417.0468078290188,104
2024-09-17 09:33:27.071,416.94141227695,997
2024-09-17 09:33:27.102,416.9460776402536,104
2024-09-17 09:33:27.117,416.92900943210446,13
2024-09-17 09:33:27.148,416.9936762012162,102
2024-09-17 09:33:27.160,416.9805124644497,99
2024-09-17 09:33:27.170,416.9053925450582,98
2024-09-17 09:33:27.171,417.00094891552834,14
2024-09-17 09:33:27.232,416.9920651984072,105
2024-09-17 09:33:27.232,416.9403242902284,14
2024-09-17 09:33:27.240,416.96734920359086,15
2024-09-17 09:33:27.258,416.9922744560996,8
2024-09-17 09:33:27.345,416.971524465108,13
2024-09-17 09:33:27.431,416.9452177742776,1005
2024-09-17 09:33:27.560,416.9953055458888,1001
2024-09-17 09:33:27.616,416.95944791056087,95
2024-09-17 09:33:27.636,416.9116922018177,1002
2024-09-17 09:33:27.645,416.9149659854154,1004
2024-09-17 09:33:27.675,417.0080351802664,999
2024-09-17 09:33:27.702,416.9974777136397,1003
2024-09-17 09:33:27.775,417.00681248247633,1000
2024-09-17 09:33:27.776,416.9767486793559,1003
2024-09-17 09:33:27.785,416.9382856933904,1001
2024-09-17 09:33:27.815,417.0004463248896,105
2024-09-17 09:33:27.824,416.9265175098016,1000
2024-09-17 09:33:27.836,416.9769289477002,14
2024-09-17 09:33:27.891,416.947447848771,995
2024-09-17 09:33:27.897,416.9667362926828,100
2024-09-17 09:33:27.908,416.9594874316836,999
2024-09-17 09:33:27.921,417.0133819354509,995
2024-09-17 09:33:27.986,416.9868241302222,97
2024-09-17 09:33:28.323,416.9201087024802,1000
2024-09-17 09:33:28.921,416.9189785491489,1003
2024-09-17 09:33:28.943,416.9169003687124,102
2024-09-17 09:33:29.037,416.8604866026539,8
2024-09-17 09:33:29.061,416.8484190741672,95
2024-09-17 09:33:29.211,416.8389634055943,997
2024-09-17 09:33:29.222,416.8768685746085,100
2024-09-17 09:33:29.241,416.83275212981385,99
2024-09-17 09:33:29.253,416.8492718683293,12
2024-09-17 09:33:29.256,416.8617123226394,15
2024-09-17 09:33:29.309,416.9021279615305,999
2024-09-17 09:33:29.330,-416.89688682573205,13
2024-09-17 09:33:29.378,416.8703470572409,95
2024-09-17 09:33:29.412,416.91338025738594,8
2024-09-17 09:33:29.524,416.889996409874,101
2024-09-17 09:33:29.601,416.8915048018292,12
2024-09-17 09:33:29.684,416.8898077144498,7
2024-09-17 09:33:29.696,416.8329907702278,15
2024-09-17 09:33:29.701,416.8302298825146,12
2024-09-17 09:33:29.789,416.8851001143904,1004
2024-09-17 09:33:29.793,416.85075766825895,1000
2024-09-17 09:33:29.882,416.87469761926553,7
2024-09-17 09:33:30.081,416.8301139898215,6
2024-09-17 09:33:30.168,416.8638992113725,6
2024-09-17 09:33:30.176,416.86856044377953,1004
2024-09-17 09:33:30.238,416.85958555399696,10
2024-09-17 09:33:30.315,416.8550180506022,1003
2024-09-17 09:33:30.375,416.842073958647,996
2024-09-17 09:33:30.375,416.869825647551,9
2024-09-17 09:33:30.379,416.8638953880746,1001
2024-09-17 09:33:30.380,416.8761304574576,101
2024-09-17 09:33:30.468,416.83539901107423,104
2024-09-17 09:33:30.475,416.86127500610377,103
2024-09-17 09:33:30.503,416.8423602209513,997
2024-09-17 09:33:30.589,416.8522511805685,7
2024-09-17 09:33:30.593,416.8471134124562,10
2024-09-17 09:33:30.601,416.857178997072,8
2024-09-17 09:33:30.609,416.8357129156464,1000
2024-09-17 09:33:30.619,416.8662047857841,996
2024-09-17 09:33:30.621,416.87480957200336,998
2024-09-17 09:33:30.629,416.82766092808544,998
2024-09-17 09:33:30.637,416.852532890581,15
2024-09-17 09:33:30.678,416.8253864807237,997
2024-09-17 09:33:30.809,416.8712173579803,1003
2024-09-17 09:33:30.832,416.85907250406206,1003
2024-09-17 09:33:30.849,416.83360054082834,97
2024-09-17 09:33:30.925,416.8706104896359,13
2024-09-17 09:33:30.927,416.8558278095721,104
2024-09-17 09:33:30.941,416.8400455908723,6
2024-09-17 09:33:30.988,416.8252227328019,1002
2024-09-17 09:33:31.058,416.8205403142543,98
2024-09-17 09:33:31.071,416.8568806614942,998
2024-09-17 09:33:31.074,416.8155546671339,98
2024-09-17 09:33:31.094,416.8629371256511,995
2024-09-17 09:33:31.113,416.8698132003015,997
2024-09-17 09:33:31.217,416.81965840332725,8
2024-09-17 09:33:31.292,416.8233996414836,6
2024-09-17 09:33:31.432,416.8385178644918,1000
2024-09-17 09:33:31.504,416.8737905101095,99
2024-09-17 09:33:31.564,416.8418559351432,100
2024-09-17 09:33:31.583,416.8851310217198,6
2024-09-17 09:33:31.658,416.87154368240857,100
2024-09-17 09:33:31.718,416.8816482109871,11
2024-09-17 09:33:31.747,416.86458976703767,5
2024-09-17 09:33:31.848,416.8489978698796,97
2024-09-17 09:33:31.897,416.8541360195612,996
2024-09-17 09:33:31.941,416.8607541715547,12
2024-09-17 09:33:31.975,416.8747200277526,7
2024-09-17 09:33:32.063,416.9488509997111,8
2024-09-17 09:33:32.066,416.9223009273802,995
2024-09-17 09:33:32.141,416.9427236633812,1004
2024-09-17 09:33:32.398,416.8915482349866,102
2024-09-17 09:33:32.412,416.891630625574,101
2024-09-17 09:33:32.467,416.96917582036383,14
2024-09-17 09:33:32.545,416.9364082760611,96
2024-09-17 09:33:32.556,416.95449641534685,100
2024-09-17 09:33:32.630,416.9398774350675,104
2024-09-17 09:33:32.652,416.89322329303695,10
2024-09-17 09:33:32.689,416.91716895864056,996
2024-09-17 09:33:32.722,416.927278698312,7
2024-09-17 09:33:32.728,416.8772658719356,14
2024-09-17 09:33:32.757,416.8967560794396,13
2024-09-17 09:33:32.796,416.9257426900031,100
2024-09-17 09:33:32.876,416.9106280999965,9
2024-09-17 09:33:32.958,,995
2024-09-17 09:33:32.980,416.976742037705,997
2024-09-17 09:33:33.001,416.8854300647507,101
2024-09-17 09:33:33.041,416.8882267860107,97
2024-09-17 09:33:33.158,416.8529084435988,8
2024-09-17 09:33:33.171,41.68617184270651,14
2024-09-17 09:33:33.207,416.8941000813788,11
2024-09-17 09:33:33.270,416.8427908395013,997
2024-09-17 09:33:33.299,416.85246666303226,1001
2024-09-17 09:33:33.350,416.8389334591295,995
2024-09-17 09:33:33.400,416.8999740534349,1000
2024-09-17 09:33:33.413,416.85191656602166,99
2024-09-17 09:33:33.514,416.82809042648125,103
2024-09-17 09:33:33.546,416.9019643679528,6
2024-09-17 09:33:33.612,-416.87546450602247,12
2024-09-17 09:33:33.719,-416.8696546252816,101
2024-09-17 09:33:33.767,416.8516101273444,1000
2024-09-17 09:33:33.830,416.8920706403545,1002
2024-09-17 09:33:33.833,416.8354858347217,14
2024-09-17 09:33:33.891,416.8571116423712,98
2024-09-17 09:33:33.911,416.9061454496383,8
2024-09-17 09:33:33.988,416.8679142115583,1000
2024-09-17 09:33:34.012,416.8946920157858,14
2024-09-17 09:33:34.060,416.960920544564,995
2024-09-17 09:33:34.071,417.0462271452769,97
2024-09-17 09:33:34.087,416.9461614295962,103
2024-09-17 09:33:34.095,417.037859657895,999
2024-09-17 09:33:34.128,416.9757352268734,996
2024-09-17 09:33:34.242,416.9742314011125,99
2024-09-17 09:33:34.323,417.0518267444641,96
2024-09-17 09:33:34.330,416.9118181538497,96
2024-09-17 09:33:34.400,416.917749309885,1000
2024-09-17 09:33:34.430,416.89673471016766,15
2024-09-17 09:33:34.442,417.050364293864,96
2024-09-17 09:33:34.485,416.97396599106486,105
2024-09-17 09:33:34.586,417.03294263784113,7
2024-09-17 09:33:34.618,417.0197010697103,999
2024-09-17 09:33:34.628,416.9403092183501,9
2024-09-17 09:33:34.637,416.95796044115326,102
2024-09-17 09:33:34.675,-416.98788073465744,101
2024-09-17 09:33:34.739,416.9513355694265,14
2024-09-17 09:33:34.740,416.9015587753241,7
2024-09-17 09:33:34.750,417.0118962848118,12
2024-09-17 09:33:34.764,416.8892440237432,9
2024-09-17 09:33:34.820,416.8971483466358,100
2024-09-17 09:33:34.889,416.9555335418435,1004
2024-09-17 09:33:34.978,416.9772677799831,1002
2024-09-17 09:33:35.281,417.061764594849,996
2024-09-17 09:33:35.531,417.0638764830052,95
2024-09-17 09:33:35.690,-417.052626245988,5
2024-09-17 09:33:35.832,417.0625608764674,100
2024-09-17 09:33:36.058,417.0386767687663,997
2024-09-17 09:33:36.082,417.070277949389,996
2024-09-17 09:33:36.091,417.0510373626492,10
2024-09-17 09:33:36.154,417.1040537112497,1002
2024-09-17 09:33:36.186,417.07607819905024,11
2024-09-17 09:33:36.197,417.0685138961473,99
2024-09-17 09:33:36.472,417.0672674815294,8
2024-09-17 09:33:36.486,417.080720872916,1001
2024-09-17 09:33:36.493,417.07443709111817,103
2024-09-17 09:33:36.599,417.0898616059237,95
2024-09-17 09:33:36.631,417.0737013409763,95
2024-09-17 09:33:36.754,417.0716134630657,96
2024-09-17 09:33:36.764,417.0721775623373,103
2024-09-17 09:33:36.778,417.0663117378474,15
2024-09-17 09:33:36.916,417.0388477904667,5
2024-09-17 09:33:36.938,417.05095766493736,103
2024-09-17 09:33:37.189,417.0726278302121,101
2024-09-17 09:33:37.514,417.0596637828163,1002
2024-09-17 09:33:38.031,417.06822169552817,8
2024-09-17 09:33:38.139,417.0705747607981,95
2024-09-17 09:33:38.140,417.05438115294646,102
2024-09-17 09:33:38.219,-417.074307799666,96
2024-09-17 09:33:38.244,417.0819949933964,102
2024-09-17 09:33:38.258,417.0659918477368,104
2024-09-17 09:33:38.337,417.0934820154052,11
2024-09-17 09:33:38.455,417.0557072049715,100
2024-09-17 09:33:38.467,417.08146842911606,102
2024-09-17 09:33:38.469,417.08126505796696,105
2024-09-17 09:33:38.546,,96
2024-09-17 09:33:38.554,417.04869355006,7
2024-09-17 09:33:38.554,417.057638398092,998
2024-09-17 09:33:38.583,417.09313705997744,10
2024-09-17 09:33:38.628,417.0612777876638,97
2024-09-17 09:33:38.678,417.0461891225895,997
2024-09-17 09:33:38.727,417.0410100676328,102
2024-09-17 09:33:38.910,417.0562893090156,997
2024-09-17 09:33:40.028,417.138892309441,103
2024-09-17 09:33:40.039,417.17446602376737,5
2024-09-17 09:33:40.186,417.1336898348225,100
2024-09-17 09:33:40.201,417.1903268269591,1000
2024-09-17 09:33:40.205,417.11565263981583,1003
2024-09-17 09:33:40.228,417.1660647607912,6
2024-09-17 09:33:40.241,417.1229983855272,103
2024-09-17 09:33:40.242,417.1697797004,1003
2024-09-17 09:33:40.417,417.1432633750448,97
2024-09-17 09:33:40.494,417.1269576055346,100
2024-09-17 09:33:40.502,417.17830804347176,5
2024-09-17 09:33:40.527,417.1543236908631,1003
2024-09-17 09:33:40.556,417.1673787950066,10
2024-09-17 09:33:40.593,417.141992760963,8
2024-09-17 09:33:40.594,417.1726542623365,14
2024-09-17 09:33:40.650,417.1304751014756,14
2024-09-17 09:33:40.673,417.1415158134408,998
2024-09-17 09:33:40.736,417.1642952916509,997
2024-09-17 09:33:40.751,417.16432474008855,9
2024-09-17 09:33:40.810,417.176793940566,995
2024-09-17 09:33:40.828,417.15674776746914,101
2024-09-17 09:33:40.877,417.1914468791313,101
2024-09-17 09:33:40.903,417.1828899460493,997
2024-09-17 09:33:40.956,417.12381284236585,98
2024-09-17 09:33:40.958,417.11179009679154,10
2024-09-17 09:33:40.990,417.1738530637829,998
2024-09-17 09:33:40.991,417.16534583136416,96
2024-09-17 09:33:40.998,417.1436098454076,5
2024-09-17 09:33:41.037,417.1635222768651,97
2024-09-17 09:33:41.048,-417.1517129844179,7
2024-09-17 09:33:41.073,417.1899421784215,104
2024-09-17 09:33:41.279,417.2162087781167,10
2024-09-17 09:33:41.350,417.1914994437401,98
2024-09-17 09:33:41.375,417.1922286956259,14
2024-09-17 09:33:41.396,417.1803168026712,15
2024-09-17 09:33:41.437,,1000
2024-09-17 09:33:41.562,417.2112488687668,12
2024-09-17 09:33:41.564,417.2082995711359,1000
2024-09-17 09:33:41.623,417.1786737585344,8
2024-09-17 09:33:41.635,417.1922306239299,105
2024-09-17 09:33:41.658,417.1744206715837,11
2024-09-17 09:33:41.667,417.1720089043711,104
2024-09-17 09:33:41.738,417.191971008492,996
2024-09-17 09:33:41.748,417.1888283033156,104
2024-09-17 09:33:41.824,417.1641243104468,14
2024-09-17 09:33:41.833,417.166984132573,1005
2024-09-17 09:33:41.887,417.21537332992574,99
2024-09-17 09:33:41.940,417.2323050690224,104
2024-09-17 09:33:41.952,417.1731736210767,6
2024-09-17 09:33:41.987,417.2015535178195,101
2024-09-17 09:33:43.167,417.1323724450185,8
2024-09-17 09:33:43.191,417.1398410149996,8
2024-09-17 09:33:43.203,417.1271823545469,1005
2024-09-17 09:33:43.221,417.1488948015952,10
2024-09-17 09:33:43.230,417.1460567495087,98
2024-09-17 09:33:43.259,417.11255248725126,104
2024-09-17 09:33:43.327,417.1531726682264,14
2024-09-17 09:33:43.376,417.1377156043076,105
2024-09-17 09:33:43.430,417.1471071981732,10
2024-09-17 09:33:43.447,417.113031818498,98
2024-09-17 09:33:43.447,417.1145780911366,103
2024-09-17 09:33:43.483,417.1305085713175,1003
2024-09-17 09:33:43.494,417.1471082049114,104
2024-09-17 09:33:43.604,417.13422208441216,1003
2024-09-17 09:33:43.674,417.1532664029263,99
2024-09-17 09:33:43.762,417.12903755023,104
2024-09-17 09:33:43.858,417.1328675580858,1000
2024-09-17 09:33:43.895,417.1484912351031,1001
2024-09-17 09:33:43.938,417.146778696428,1004
2024-09-17 09:33:43.939,417.1404883467112,104
2024-09-17 09:33:43.965,417.1405243476399,98
2024-09-17 09:33:44.029,417.12005345281926,10
2024-09-17 09:33:44.045,417.1070455364363,1001
2024-09-17 09:33:44.105,417.1260977718537,1004
2024-09-17 09:33:44.202,417.0686948536034,14
2024-09-17 09:33:44.231,417.084657799309,14
2024-09-17 09:33:44.268,417.0466607659076,9
2024-09-17 09:33:44.271,417.11398934034,15
2024-09-17 09:33:44.290,417.0969433043808,999
2024-09-17 09:33:44.311,417.0937654633462,98
2024-09-17 09:33:44.335,417.1359364525456,995
2024-09-17 09:33:44.513,417.0830582481506,10
2024-09-17 09:33:44.526,417.11527902494703,1005
2024-09-17 09:33:44.592,41.712102467750185,12
2024-09-17 09:33:44.743,417.1020369856264,100
2024-09-17 09:33:44.782,41.70891639514944,10
2024-09-17 09:33:44.812,417.1104304938354,103
2024-09-17 09:33:44.872,417.1024851817467,995
2024-09-17 09:33:44.893,417.0975469459089,11
2024-09-17 09:33:45.307,417.0565284120711,1002
2024-09-17 09:33:45.402,417.02156021113313,1004
2024-09-17 09:33:45.447,417.0858838975757,97
2024-09-17 09:33:45.608,417.0739181534861,103
2024-09-17 09:33:45.785,417.0232856729283,103
2024-09-17 09:33:45.826,417.0277763795148,95
2024-09-17 09:33:45.908,417.05239413544194,100
2024-09-17 09:33:45.924,417.0418395956116,13
2024-09-17 09:33:46.039,417.0974816557184,999
2024-09-17 09:33:46.052,417.1054751232059,96
2024-09-17 09:33:46.130,417.1170593878306,5
2024-09-17 09:33:46.139,417.10716211191993,105
2024-09-17 09:33:46.165,417.1014156534249,104
2024-09-17 09:33:46.165,417.1023671309167,998
2024-09-17 09:33:46.229,417.0964446447573,95
2024-09-17 09:33:46.294,417.0907118337374,15
2024-09-17 09:33:46.332,417.0878170348584,998
2024-09-17 09:33:46.357,417.1066418452257,9
2024-09-17 09:33:46.427,417.08014349157617,996
2024-09-17 09:33:46.468,417.1080078256893,99
2024-09-17 09:33:46.573,417.08868964751207,11
2024-09-17 09:33:46.636,417.1036268559253,96
2024-09-17 09:33:46.648,417.0887356395304,13
2024-09-17 09:33:46.666,417.0938130142954,11
2024-09-17 09:33:46.708,417.108486143223,11
2024-09-17 09:33:46.712,417.0882907896532,5
2024-09-17 09:33:46.747,417.0874114733936,999
2024-09-17 09:33:46.749,417.1020153613995,1005
2024-09-17 09:33:46.929,417.1050229596437,995
2024-09-17 09:33:47.539,417.074882333172,1001
2024-09-17 09:33:47.647,417.08670635464847,1002
2024-09-17 09:33:47.759,417.09823691865074,101
2024-09-17 09:33:47.771,417.097867412044,96
2024-09-17 09:33:48.339,417.0925219609943,99
2024-09-17 09:33:48.352,417.0893784430511,15
2024-09-17 09:33:48.586,417.0946562856628,1005
2024-09-17 09:33:48.753,417.08589283019313,1005
2024-09-17 09:33:48.853,417.10321704581656,15
2024-09-17 09:33:48.957,417.1049540925598,97
2024-09-17 09:33:49.020,417.0607088960414,100
2024-09-17 09:33:49.032,417.1437382388373,999
2024-09-17 09:33:49.067,417.0205720086588,102
2024-09-17 09:33:49.171,417.0351843535013,103
2024-09-17 09:33:49.223,417.095724468919,102
2024-09-17 09:33:49.228,417.1208472403423,15
2024-09-17 09:33:49.262,417.1635799996902,14
2024-09-17 09:33:49.276,417.05790386685993,995
2024-09-17 09:33:49.286,417.0530135751858,95
2024-09-17 09:33:49.295,417.09019459726113,1005
2024-09-17 09:33:49.310,417.1147676700226,101
2024-09-17 09:33:49.359,417.1144624612307,98
2024-09-17 09:33:49.393,417.117717145209,996
2024-09-17 09:33:49.439,417.0373485924987,11
2024-09-17 09:33:49.462,417.1122491949557,8
2024-09-17 09:33:49.614,417.1276598235626,1005
2024-09-17 09:33:49.641,417.1367481222826,998
2024-09-17 09:33:49.699,417.09671482425546,15
2024-09-17 09:33:49.704,417.0555454201387,996
2024-09-17 09:33:49.715,417.046357732131,12
2024-09-17 09:33:49.802,417.1014287030928,13
2024-09-17 09:33:49.953,417.0805579801004,998
2024-09-17 09:33:49.955,417.1240612187472,996
2024-09-17 09:33:49.960,-417.0761044748188,97
2024-09-17 09:33:50.069,417.0371761512485,98
2024-09-17 09:33:50.086,417.1005925470436,8
2024-09-17 09:33:50.124,417.0410470217752,999
2024-09-17 09:33:50.152,417.0577182389564,100
2024-09-17 09:33:50.175,417.06332690707137,9
2024-09-17 09:33:50.208,417.05196795388304,101
2024-09-17 09:33:50.247,417.0777670848679,996
2024-09-17 09:33:50.278,417.0572723619602,14
2024-09-17 09:33:50.282,417.0541307356692,1004
2024-09-17 09:33:50.339,417.0523438502919,102
2024-09-17 09:33:50.385,417.06094578129273,100
2024-09-17 09:33:50.408,-417.03828307670426,5
2024-09-17 09:33:50.448,417.0395599926806,1002
2024-09-17 09:33:50.491,417.0596032716791,995
2024-09-17 09:33:50.526,417.0666794288354,9
2024-09-17 09:33:50.579,417.0673203044432,9
2024-09-17 09:33:50.638,417.0391638782796,6
2024-09-17 09:33:50.652,417.0714402348079,1004
2024-09-17 09:33:50.688,417.048989617695,101
2024-09-17 09:33:50.819,417.0540682531012,13
2024-09-17 09:33:50.860,417.09266894222975,104
2024-09-17 09:33:50.876,417.0353481816645,9
2024-09-17 09:33:50.930,417.07988011445536,997
2024-09-17 09:33:50.999,417.0547036640216,100
2024-09-17 09:33:51.397,417.0628802754933,102
2024-09-17 09:33:51.552,417.0537520470615,1004
2024-09-17 09:33:51.602,417.0625161358821,101
2024-09-17 09:33:51.604,417.0511548859844,996
2024-09-17 09:33:51.737,417.066935117588,102
2024-09-17 09:33:52.037,417.0908761583975,11
2024-09-17 09:33:52.062,417.0571708848268,1003
2024-09-17 09:33:52.079,417.0917444732932,14
2024-09-17 09:33:52.081,417.099041346104,96
2024-09-17 09:33:52.146,417.08484862038654,99
2024-09-17 09:33:52.151,417.08082955701184,995
2024-09-17 09:33:52.218,417.0669707984864,995
2024-09-17 09:33:52.394,417.0945065435533,1004
2024-09-17 09:33:52.421,417.1075263499644,6
2024-09-17 09:33:52.477,,996
2024-09-17 09:33:52.582,417.0624692957069,101
2024-09-17 09:33:52.622,417.1011835921293,998
2024-09-17 09:33:52.626,417.05516677587286,998
2024-09-17 09:33:52.638,417.0883543912006,100
2024-09-17 09:33:52.645,417.095500842551,6
2024-09-17 09:33:53.040,417.0291279852337,7
2024-09-17 09:33:53.080,417.031583036426,96
2024-09-17 09:33:53.248,417.05035858337015,5
2024-09-17 09:33:53.251,417.05193478959615,102
2024-09-17 09:33:53.315,417.0576611881364,998
2024-09-17 09:33:53.367,417.0399600068659,1001
2024-09-17 09:33:53.386,417.0700757740113,995
2024-09-17 09:33:53.406,417.0488787918574,1000
2024-09-17 09:33:53.420,417.0526273733373,13
2024-09-17 09:33:53.428,417.06584584910735,104
2024-09-17 09:33:53.446,417.0447594504526,103
2024-09-17 09:33:53.462,417.06590859725486,95
2024-09-17 09:33:53.480,417.0925938097079,103
2024-09-17 09:33:53.501,417.0594327657735,1005
2024-09-17 09:33:53.533,-417.0315604560819,12
2024-09-17 09:33:53.548,417.0206562255822,105
2024-09-17 09:33:53.549,417.040066643997,97
2024-09-17 09:33:53.599,417.0547183517307,1003
2024-09-17 09:33:53.759,417.0513940602432,1004
2024-09-17 09:33:53.832,417.0322921007817,8
2024-09-17 09:33:53.858,417.0796507103413,103
2024-09-17 09:33:54.182,417.03547978518776,5
2024-09-17 09:33:54.214,417.0614135752016,96
2024-09-17 09:33:54.230,417.0732016863472,1001
2024-09-17 09:33:54.354,417.04328625962665,12
2024-09-17 09:33:54.372,417.0395155064038,996
2024-09-17 09:33:54.422,417.0238547933091,997
2024-09-17 09:33:54.504,417.026077079646,6
2024-09-17 09:33:54.511,417.0551178734145,996
2024-09-17 09:33:54.527,417.0121013927717,9
2024-09-17 09:33:54.554,417.0544146240719,103
2024-09-17 09:33:54.556,417.05400850534846,95
2024-09-17 09:33:54.574,417.0671004216924,997
2024-09-17 09:33:54.624,417.0366687524502,101
2024-09-17 09:33:54.636,417.05115628956537,102
2024-09-17 09:33:54.711,417.0491822801016,7
2024-09-17 09:33:54.755,417.01192160556457,999
2024-09-17 09:33:55.073,417.0436008071184,104
2024-09-17 09:33:55.075,417.1142400634857,14
2024-09-17 09:33:55.097,417.0976544439519,101
2024-09-17 09:33:55.265,417.0227035765658,98
2024-09-17 09:33:55.388,417.0401325549927,13
2024-09-17 09:33:55.413,417.07342192812223,7
2024-09-17 09:33:55.441,417.0912976295917,997
2024-09-17 09:33:55.531,417.0359184725921,1003
2024-09-17 09:33:55.533,417.0642257647149,997
2024-09-17 09:33:55.663,417.12890472956326,1001
2024-09-17 09:33:55.853,417.03232279228274,6
2024-09-17 09:33:55.972,417.03041375091465,5
2024-09-17 09:33:56.083,417.12589676681927,996
2024-09-17 09:33:56.093,417.0738831330278,9
2024-09-17 09:33:56.123,417.09468425066655,8
2024-09-17 09:33:56.254,417.1215937734109,103
2024-09-17 09:33:56.442,417.087008747328,9
2024-09-17 09:33:56.448,417.1019377632065,12
2024-09-17 09:33:56.689,417.123971639164,996
2024-09-17 09:33:56.758,417.123306421437,995
2024-09-17 09:33:56.841,417.0771556053882,102
2024-09-17 09:33:56.999,417.0871653629092,105
2024-09-17 09:33:57.369,417.05806888859576,102
2024-09-17 09:33:57.608,417.056041609428,998
2024-09-17 09:33:57.839,417.0279168807671,103
2024-09-17 09:33:58.013,417.0466361760887,9
2024-09-17 09:33:58.046,417.0376391360242,1005
2024-09-17 09:33:58.056,416.9967468563825,100
2024-09-17 09:33:58.130,417.0133095788282,998
2024-09-17 09:33:58.170,417.0177059550521,95
2024-09-17 09:33:58.200,417.0312953604202,97
2024-09-17 09:33:58.245,417.0114668819122,13
2024-09-17 09:33:58.249,417.03651956202486,12
2024-09-17 09:33:58.302,417.0521197739957,995
2024-09-17 09:33:58.350,417.0155533894914,1002
2024-09-17 09:33:58.353,417.0273200931607,101
2024-09-17 09:33:58.471,417.0456851814381,96
2024-09-17 09:33:58.475,417.0438678713456,1002
2024-09-17 09:33:58.496,417.0383564276469,97
2024-09-17 09:33:58.502,417.0486865721828,995
2024-09-17 09:33:58.529,417.0368022891839,10
2024-09-17 09:33:58.535,417.03649000085386,996
2024-09-17 09:33:58.545,417.0339568253811,6
2024-09-17 09:33:58.591,417.032146234344,98
2024-09-17 09:33:58.684,417.0264864797049,102
2024-09-17 09:33:58.688,417.0092644587454,998
2024-09-17 09:33:58.735,417.0473120328842,12
2024-09-17 09:33:58.737,417.03927121905184,998
2024-09-17 09:33:58.857,417.0266564618494,996
2024-09-17 09:33:58.859,417.03042788102624,96
2024-09-17 09:33:58.886,417.0032388514382,104
2024-09-17 09:33:58.933,417.0049938293798,1003
2024-09-17 09:33:58.939,417.0335083318553,9
2024-09-17 09:33:58.990,417.0397693550226,95
2024-09-17 09:33:59.210,416.96556734152784,13
2024-09-17 09:33:59.413,416.9506117387168,96
2024-09-17 09:33:59.515,416.9702694416546,99
2024-09-17 09:33:59.562,416.9897701428688,1004
2024-09-17 09:33:59.569,416.9640069814568,101
2024-09-17 09:33:59.732,416.9509518374133,8
2024-09-17 09:33:59.887,416.9934714340821,15
