Timestamp,Price,Size
2024-09-18 10:01:00.023,408.316552312021,101
2024-09-18 10:01:00.141,408.2954538434666,104
2024-09-18 10:01:00.176,408.2933165802575,13
2024-09-18 10:01:00.205,408.29387466277393,10
2024-09-18 10:01:00.222,408.30578541146446,13
2024-09-18 10:01:00.241,408.2992495105908,98
2024-09-18 10:01:00.335,408.3205670239386,15
2024-09-18 10:01:00.368,408.3405347554232,98
2024-09-18 10:01:00.368,408.2989916200242,1004
2024-09-18 10:01:00.432,408.31839899695416,101
2024-09-18 10:01:00.443,408.3136851399042,10
2024-09-18 10:01:00.502,408.2975055623433,11
2024-09-18 10:01:00.525,408.3208521383511,6
2024-09-18 10:01:00.589,408.3179268394858,995
2024-09-18 10:01:00.626,408.29352851514,103
2024-09-18 10:01:00.718,408.3347701957653,102
2024-09-18 10:01:00.779,408.2941236876853,7
2024-09-18 10:01:00.786,408.30104147742526,7
2024-09-18 10:01:00.847,408.3018908889121,995
2024-09-18 10:01:00.875,408.2913255771299,7
2024-09-18 10:01:00.913,408.3347435780328,100
2024-09-18 10:01:00.974,408.3058332284839,5
2024-09-18 10:01:00.974,408.326418532794,10
2024-09-18 10:01:01.019,408.311319826406,101
2024-09-18 10:01:01.040,408.3331360023921,103
2024-09-18 10:01:01.171,408.3150766776429,999
2024-09-18 10:01:01.195,408.29660690199614,10
2024-09-18 10:01:01.408,408.295412448617,6
2024-09-18 10:01:01.436,408.33138694813033,999
2024-09-18 10:01:01.491,408.31944050577096,97
2024-09-18 10:01:01.582,408.33172100036256,95
2024-09-18 10:01:01.605,408.2775416822096,1004
2024-09-18 10:01:01.612,408.31774848734506,999
2024-09-18 10:01:01.716,408.33508061213496,998
2024-09-18 10:01:01.838,408.327716932306,13
2024-09-18 10:01:01.895,408.3304511689332,98
2024-09-18 10:01:01.933,408.33666470825847,1001
2024-09-18 10:01:01.947,408.33132114000193,13
2024-09-18 10:01:01.988,408.3091790873754,999
2024-09-18 10:01:02.032,408.3521969075119,5
2024-09-18 10:01:02.088,408.3429678806501,95
2024-09-18 10:01:02.181,408.3355953604277,103
2024-09-18 10:01:02.188,408.3433538888696,8
2024-09-18 10:01:02.192,408.3624781215237,14
2024-09-18 10:01:02.225,408.3537979869179,99
2024-09-18 10:01:02.231,408.3135206934066,103
2024-09-18 10:01:02.271,408.3575708444179,997
2024-09-18 10:01:02.300,408.35022785799055,13
2024-09-18 10:01:02.315,408.3422315852053,14
2024-09-18 10:01:02.381,408.34454191851626,104
2024-09-18 10:01:02.398,408.3528079968525,12
2024-09-18 10:01:02.404,408.3220895640683,999
2024-09-18 10:01:02.409,408.3175598654625,8
2024-09-18 10:01:02.492,408.3467616993349,97
2024-09-18 10:01:02.515,408.3676208934835,13
2024-09-18 10:01:02.590,408.3619469654717,105
2024-09-18 10:01:02.627,408.3178951426365,999
2024-09-18 10:01:02.639,408.3366742920941,102
2024-09-18 10:01:02.696,408.3175479095386,1002
2024-09-18 10:01:02.763,408.321382988338,99
2024-09-18 10:01:02.778,408.3697601455151,96
2024-09-18 10:01:02.786,408.3474309756906,98
2024-09-18 10:01:02.831,408.348492272914,95
2024-09-18 10:01:02.886,408.3404433956144,999
2024-09-18 10:01:02.891,408.3507499715394,97
2024-09-18 10:01:02.914,408.339914172612,13
2024-09-18 10:01:02.993,408.3533342922412,14
2024-09-18 10:01:03.106,408.32215378535096,1003
2024-09-18 10:01:03.143,408.3417608784379,996
2024-09-18 10:01:03.219,408.36025947350566,100
2024-09-18 10:01:03.281,408.3227395785623,1000
2024-09-18 10:01:03.384,408.32489191527407,6
2024-09-18 10:01:03.422,408.319562339536,101
2024-09-18 10:01:03.432,408.3226620912477,104
2024-09-18 10:01:03.453,408.3134334687499,10
2024-09-18 10:01:03.599,408.3313212243333,104
2024-09-18 10:01:03.666,408.3297660238672,8
2024-09-18 10:01:03.686,-408.3200594053884,1001
2024-09-18 10:01:03.816,408.3389582565792,9
2024-09-18 10:01:03.936,408.317726433535,103
2024-09-18 10:01:03.988,408.3151193013172,99
2024-09-18 10:01:04.024,408.3084421793802,97
2024-09-18 10:01:04.030,408.3257218822136,100
2024-09-18 10:01:04.122,408.29271094872433,98
2024-09-18 10:01:04.274,408.28801132197685,8
2024-09-18 10:01:04.312,408.2962497717712,15
2024-09-18 10:01:04.325,408.2722774955942,998
2024-09-18 10:01:04.326,408.2789421777186,11
2024-09-18 10:01:04.342,408.3139380083816,105
2024-09-18 10:01:04.352,408.3187292652625,995
2024-09-18 10:01:04.355,408.2997665174466,15
2024-09-18 10:01:04.378,408.32420235460745,13
2024-09-18 10:01:04.415,408.30472180662537,97
2024-09-18 10:01:04.421,408.3452687827326,105
2024-09-18 10:01:04.490,408.2997853877357,104
2024-09-18 10:01:04.504,408.3001550773578,97
2024-09-18 10:01:04.569,408.2916190011125,100
2024-09-18 10:01:04.589,408.34923183167086,999
2024-09-18 10:01:04.596,408.3380545788026,102
2024-09-18 10:01:04.667,408.2996177454847,14
2024-09-18 10:01:04.935,408.3010593005907,9
2024-09-18 10:01:04.940,408.2982850593491,14
2024-09-18 10:01:05.018,408.2539676282096,999
2024-09-18 10:01:05.023,,10
2024-09-18 10:01:05.054,408.3117325673932,101
2024-09-18 10:01:05.106,408.26068024127073,8
2024-09-18 10:01:05.235,408.2881980225636,1002
2024-09-18 10:01:05.348,408.2833397010364,99
2024-09-18 10:01:05.361,408.3120342202568,999
2024-09-18 10:01:05.425,408.28026954501365,12
2024-09-18 10:01:05.448,408.2852246105386,100
2024-09-18 10:01:05.611,408.29332507321527,105
2024-09-18 10:01:05.797,408.2997131317854,13
2024-09-18 10:01:05.825,408.2572568399276,99
2024-09-18 10:01:05.833,408.3000172103853,105
2024-09-18 10:01:05.858,408.3190643282449,997
2024-09-18 10:01:05.891,408.269091766486,997
2024-09-18 10:01:05.944,408.26758938002615,96
2024-09-18 10:01:06.014,408.2974181750636,1000
2024-09-18 10:01:06.418,408.32979010095954,100
2024-09-18 10:01:06.446,408.3320521058828,105
2024-09-18 10:01:06.656,408.34615511792015,8
2024-09-18 10:01:06.891,408.3220828467875,97
2024-09-18 10:01:06.908,408.33302261506174,11
2024-09-18 10:01:07.000,408.30321583170127,12
2024-09-18 10:01:07.261,408.3127747520285,1005
2024-09-18 10:01:07.278,408.2576122963041,5
2024-09-18 10:01:07.317,408.34602354836034,996
2024-09-18 10:01:07.383,408.2512053553867,1000
2024-09-18 10:01:07.395,408.3272945443616,997
2024-09-18 10:01:07.442,408.341483292101,1001
2024-09-18 10:01:07.606,408.27223732089607,101
2024-09-18 10:01:07.663,408.2737358893331,14
2024-09-18 10:01:07.747,408.3127114749463,102
2024-09-18 10:01:07.962,408.3430877177567,101
2024-09-18 10:01:07.995,408.3287840536347,103
2024-09-18 10:01:08.010,408.2727993453284,102
2024-09-18 10:01:08.012,408.24624175594806,1000
2024-09-18 10:01:08.032,408.2728452925884,12
2024-09-18 10:01:08.297,408.2809482728737,1005
2024-09-18 10:01:08.304,408.2907102706726,9
2024-09-18 10:01:08.356,408.2645172639048,995
2024-09-18 10:01:08.364,408.2852053812141,1004
2024-09-18 10:01:08.368,408.2615854409751,1003
2024-09-18 10:01:08.472,408.2690665353348,13
2024-09-18 10:01:08.617,408.2610137159993,998
2024-09-18 10:01:08.625,408.2562431163238,6
2024-09-18 10:01:08.788,408.2896294934576,8
2024-09-18 10:01:08.794,408.2736215619048,104
2024-09-18 10:01:08.855,408.2633791979783,103
2024-09-18 10:01:08.942,408.2311553555483,1000
2024-09-18 10:01:08.959,408.2402203914352,1003
2024-09-18 10:01:08.996,408.2767135186351,103
2024-09-18 10:01:09.023,408.1697565471536,1000
2024-09-18 10:01:09.176,408.1589024012582,5
2024-09-18 10:01:09.197,408.2301866600059,10
2024-09-18 10:01:09.246,408.1868007014507,1003
2024-09-18 10:01:09.310,408.1928659029183,1002
2024-09-18 10:01:09.374,408.1876419330053,995
2024-09-18 10:01:09.413,408.1813844378551,12
2024-09-18 10:01:09.525,408.2072759466803,99
2024-09-18 10:01:09.567,408.2403444300549,104
2024-09-18 10:01:09.596,408.1681989200914,6
2024-09-18 10:01:09.670,408.21380877709305,997
2024-09-18 10:01:09.815,408.2341069185654,98
2024-09-18 10:01:09.904,408.1668724950436,103
2024-09-18 10:01:09.948,408.2447263937685,1000
2024-09-18 10:01:09.973,408.1679124322768,10
2024-09-18 10:01:10.102,408.1696909846967,5
2024-09-18 10:01:10.270,408.1868205404105,11
2024-09-18 10:01:10.280,408.196344447428,102
2024-09-18 10:01:10.462,408.17987436716015,9
2024-09-18 10:01:10.504,408.1838087772156,14
2024-09-18 10:01:10.527,408.179756707819,996
2024-09-18 10:01:10.655,408.16544759851513,103
2024-09-18 10:01:10.778,408.216469415198,9
2024-09-18 10:01:10.841,408.1917862850975,100
2024-09-18 10:01:10.845,408.1682167669151,1005
2024-09-18 10:01:11.240,408.1783944728547,8
2024-09-18 10:01:11.356,408.1826204267889,998
2024-09-18 10:01:11.357,408.1584628311128,998
2024-09-18 10:01:11.413,408.1555529337352,103
2024-09-18 10:01:11.414,408.18432391739833,103
2024-09-18 10:01:11.430,408.1666367351723,14
2024-09-18 10:01:11.452,408.1625210803007,995
2024-09-18 10:01:11.459,-408.18176578082847,95
2024-09-18 10:01:11.504,408.1727536904245,1004
2024-09-18 10:01:11.541,408.1527640416019,97
2024-09-18 10:01:11.558,408.1874767269824,8
2024-09-18 10:01:11.595,408.1832673369829,95
2024-09-18 10:01:11.689,,104
2024-09-18 10:01:11.705,40.81777088771255,96
2024-09-18 10:01:11.734,408.15566170496425,1004
2024-09-18 10:01:11.756,408.1790979777046,1000
2024-09-18 10:01:11.763,408.1706487506711,1004
2024-09-18 10:01:11.767,408.1648607908821,100
2024-09-18 10:01:11.830,408.18128440958577,1002
2024-09-18 10:01:11.844,408.16720786846673,1002
2024-09-18 10:01:11.854,408.1659743340871,99
2024-09-18 10:01:11.929,408.1760759524074,100
2024-09-18 10:01:11.971,408.157517318716,995
2024-09-18 10:01:11.971,408.1813182946836,11
2024-09-18 10:01:11.988,408.1433733116173,97
2024-09-18 10:01:12.068,408.1708242980428,997
2024-09-18 10:01:12.414,408.1701103904044,99
2024-09-18 10:01:12.574,408.15548801818016,995
2024-09-18 10:01:12.645,408.16647051489394,1005
2024-09-18 10:01:13.028,408.1252644686509,101
2024-09-18 10:01:13.050,408.1412198531172,11
2024-09-18 10:01:13.080,408.1175865500437,1002
2024-09-18 10:01:13.096,408.12500759874007,100
2024-09-18 10:01:13.139,408.0952780924129,105
2024-09-18 10:01:13.228,,101
2024-09-18 10:01:13.243,408.1341833913754,996
2024-09-18 10:01:13.256,408.10116380185656,997
2024-09-18 10:01:13.310,408.1291358593468,96
2024-09-18 10:01:13.348,408.1069494396947,12
2024-09-18 10:01:13.358,408.1160166155803,13
2024-09-18 10:01:13.372,408.146261395776,103
2024-09-18 10:01:13.377,408.1267538920004,11
2024-09-18 10:01:13.401,408.1354128385816,999
2024-09-18 10:01:13.446,408.151181661265,10
2024-09-18 10:01:13.558,408.1397230550772,11
2024-09-18 10:01:13.642,408.1427661494191,997
2024-09-18 10:01:13.662,408.1739834603312,5
2024-09-18 10:01:13.690,408.12671249015455,1000
2024-09-18 10:01:13.706,408.1188999654171,8
2024-09-18 10:01:13.707,-408.1552773730172,1001
2024-09-18 10:01:13.734,408.1303947478147,7
2024-09-18 10:01:13.762,408.14805330348617,105
2024-09-18 10:01:13.872,408.130405761554,14
2024-09-18 10:01:13.952,408.1756900746001,1000
2024-09-18 10:01:14.867,408.1907591392504,104
2024-09-18 10:01:16.052,408.20759610633735,12
2024-09-18 10:01:16.055,408.1810900311688,997
2024-09-18 10:01:16.088,408.20451730909446,12
2024-09-18 10:01:16.162,408.1973519606724,1001
2024-09-18 10:01:16.260,408.2052380406108,8
2024-09-18 10:01:16.266,408.19845100396617,996
2024-09-18 10:01:16.272,408.2068606111035,104
2024-09-18 10:01:16.273,408.19614615031,7
2024-09-18 10:01:16.383,408.2130907393374,10
2024-09-18 10:01:16.433,408.2146420216899,14
2024-09-18 10:01:16.571,408.2003912696784,96
2024-09-18 10:01:16.648,,10
2024-09-18 10:01:16.654,408.2152395014115,1004
2024-09-18 10:01:16.737,408.1996290331667,1000
2024-09-18 10:01:17.080,408.21420975263794,15
2024-09-18 10:01:17.210,408.2083275907649,1001
2024-09-18 10:01:17.826,408.20764702124336,99
2024-09-18 10:01:17.984,408.1985794392761,99
2024-09-18 10:01:18.001,408.1298613057002,100
2024-09-18 10:01:18.019,408.1560731565255,1005
2024-09-18 10:01:18.084,408.13611502866286,1001
2024-09-18 10:01:18.085,408.13861626580086,1002
2024-09-18 10:01:18.206,408.1650164159383,12
2024-09-18 10:01:18.242,408.1421565829506,1004
2024-09-18 10:01:18.352,408.13662460545794,8
2024-09-18 10:01:18.388,408.1406822880015,1001
2024-09-18 10:01:18.394,408.15293069559857,11
2024-09-18 10:01:18.446,408.2019884811608,998
2024-09-18 10:01:18.461,408.15096402866186,1004
2024-09-18 10:01:18.485,408.1777175596364,997
2024-09-18 10:01:18.516,,999
2024-09-18 10:01:18.613,408.1685017798035,12
2024-09-18 10:01:18.658,40.81039261205769,96
2024-09-18 10:01:18.724,408.1816637558643,104
2024-09-18 10:01:18.799,408.20730037350586,11
2024-09-18 10:01:18.855,408.1563313078556,14
2024-09-18 10:01:18.870,408.1845735364679,13
2024-09-18 10:01:18.872,408.1516520864026,102
2024-09-18 10:01:18.872,408.1333192196292,10
2024-09-18 10:01:18.895,408.1716377696519,14
2024-09-18 10:01:18.979,408.1244059060428,999
2024-09-18 10:01:19.000,408.1228731761204,998
2024-09-18 10:01:19.074,408.132607701523,100
2024-09-18 10:01:19.131,408.1210823003482,1000
2024-09-18 10:01:19.150,408.1190407471804,1002
2024-09-18 10:01:19.196,408.11653171668576,97
2024-09-18 10:01:19.200,408.1179243031015,98
2024-09-18 10:01:19.222,408.1242643016094,101
2024-09-18 10:01:19.250,408.1196849244705,14
2024-09-18 10:01:19.278,408.10632573205,999
2024-09-18 10:01:19.283,408.1311468857053,103
2024-09-18 10:01:19.392,408.1219918327095,12
2024-09-18 10:01:19.443,408.1109497670116,96
2024-09-18 10:01:19.471,408.0775222865669,103
2024-09-18 10:01:19.502,408.1007812023669,14
2024-09-18 10:01:19.556,408.1181549757198,103
2024-09-18 10:01:19.649,408.0984306086993,8
2024-09-18 10:01:19.662,408.0937631324786,998
2024-09-18 10:01:19.681,408.11642583048194,14
2024-09-18 10:01:19.705,408.1019797920415,104
2024-09-18 10:01:19.731,408.08038056245766,12
2024-09-18 10:01:19.757,408.0888688046992,13
2024-09-18 10:01:19.871,408.1091612307143,999
2024-09-18 10:01:19.890,408.1229842923632,101
2024-09-18 10:01:19.898,408.1041161074001,9
2024-09-18 10:01:19.915,408.10883420219614,7
2024-09-18 10:01:19.923,408.10579846299805,995
2024-09-18 10:01:19.933,408.1256189047955,99
2024-09-18 10:01:19.944,408.0840370929754,996
2024-09-18 10:01:19.950,408.1287461734466,1004
2024-09-18 10:01:19.959,408.08102245318815,5
2024-09-18 10:01:20.023,408.1005610373791,104
2024-09-18 10:01:20.042,408.1305062965104,95
2024-09-18 10:01:20.044,408.1741775946912,8
2024-09-18 10:01:20.081,408.0954839117011,995
2024-09-18 10:01:20.116,408.1233732267639,8
2024-09-18 10:01:20.180,408.08123446355626,104
2024-09-18 10:01:20.195,408.1303902036557,998
2024-09-18 10:01:20.253,408.1204500895868,104
2024-09-18 10:01:20.294,408.09193764773215,1002
2024-09-18 10:01:20.501,408.148647196169,12
2024-09-18 10:01:20.550,408.0976049531824,95
2024-09-18 10:01:20.567,408.0907197334383,9
2024-09-18 10:01:20.657,408.1084001669703,96
2024-09-18 10:01:20.705,408.1000275455276,8
2024-09-18 10:01:20.747,408.1191721611193,8
2024-09-18 10:01:20.767,408.1556263991704,1005
2024-09-18 10:01:20.852,408.0984321440956,8
2024-09-18 10:01:20.860,408.0950424231455,997
2024-09-18 10:01:20.862,408.1409052827007,101
2024-09-18 10:01:20.868,408.09278721148223,105
2024-09-18 10:01:20.875,408.16962103574696,14
2024-09-18 10:01:20.887,408.1209478927191,15
2024-09-18 10:01:20.903,408.09077744615865,6
2024-09-18 10:01:20.926,408.1314279726437,95
2024-09-18 10:01:21.202,408.1076516059911,96
2024-09-18 10:01:21.598,408.1192937558885,5
2024-09-18 10:01:21.729,408.0880832835543,105
2024-09-18 10:01:21.758,408.1286510063389,100
2024-09-18 10:01:21.773,408.1105459246541,14
2024-09-18 10:01:21.807,408.1572686766459,1005
2024-09-18 10:01:22.008,408.1045683995976,7
2024-09-18 10:01:22.021,408.131470167367,15
2024-09-18 10:01:22.152,408.1685869628547,5
2024-09-18 10:01:22.154,408.0873312491297,13
2024-09-18 10:01:22.166,408.15674444511615,999
2024-09-18 10:01:22.172,408.1689265921462,10
2024-09-18 10:01:22.173,408.1446666213391,997
2024-09-18 10:01:22.189,408.1474862400092,12
2024-09-18 10:01:22.243,408.1606442261674,12
2024-09-18 10:01:22.276,408.1496915547961,997
2024-09-18 10:01:22.373,408.1378768787377,995
2024-09-18 10:01:22.374,408.1694975731261,1001
2024-09-18 10:01:22.416,408.1583877628849,995
2024-09-18 10:01:22.493,408.1484605640391,102
2024-09-18 10:01:22.497,408.1369990900561,6
2024-09-18 10:01:22.576,408.1002649438457,14
2024-09-18 10:01:22.580,408.1537026582313,104
2024-09-18 10:01:22.608,408.1487646298241,104
2024-09-18 10:01:22.642,408.1574340120474,1003
2024-09-18 10:01:22.737,408.1115565036294,998
2024-09-18 10:01:22.746,40.81338112266223,15
2024-09-18 10:01:22.755,408.1501966290257,7
2024-09-18 10:01:22.782,408.1638681010356,105
2024-09-18 10:01:22.891,408.0906046522238,96
2024-09-18 10:01:22.905,408.156755988229,101
2024-09-18 10:01:22.908,408.1424275376789,1004
2024-09-18 10:01:22.928,408.1405301966608,997
2024-09-18 10:01:22.966,408.1641414789933,1003
2024-09-18 10:01:22.975,408.1071175211745,102
2024-09-18 10:01:23.083,408.1842158806723,6
2024-09-18 10:01:23.103,408.1592133445444,103
2024-09-18 10:01:23.173,408.1847258128973,8
2024-09-18 10:01:23.185,408.1888725783786,102
2024-09-18 10:01:23.220,408.1813883941048,997
2024-09-18 10:01:23.228,408.18074892467,13
2024-09-18 10:01:23.285,408.1619050417849,997
2024-09-18 10:01:23.778,408.1912820725237,11
2024-09-18 10:01:24.067,408.1741502844676,10
2024-09-18 10:01:24.204,408.1843912405871,996
2024-09-18 10:01:25.026,408.2179206426852,11
2024-09-18 10:01:25.039,408.2213363478692,101
2024-09-18 10:01:25.076,408.2581574194268,15
2024-09-18 10:01:25.105,408.23909580519296,103
2024-09-18 10:01:25.133,408.2049624546803,99
2024-09-18 10:01:25.199,408.2497856128748,997
2024-09-18 10:01:25.331,408.2658198147346,100
2024-09-18 10:01:25.386,408.2326545279467,1004
2024-09-18 10:01:25.419,408.25764870165176,6
2024-09-18 10:01:25.448,408.2377589009809,1005
2024-09-18 10:01:25.612,408.2304711700655,1002
2024-09-18 10:01:25.709,408.2418000600669,99
2024-09-18 10:01:25.716,408.2571546823612,11
2024-09-18 10:01:25.764,408.2345129642697,97
2024-09-18 10:01:25.890,408.2128486593744,14
2024-09-18 10:01:25.944,408.2153653040769,102
2024-09-18 10:01:25.948,408.2289314261865,100
2024-09-18 10:01:25.959,408.2432847556088,9
2024-09-18 10:01:26.035,408.2032582451047,96
2024-09-18 10:01:26.042,408.1625500749069,996
2024-09-18 10:01:26.071,408.1727389118013,5
2024-09-18 10:01:26.145,408.1663966429632,1004
2024-09-18 10:01:26.164,408.21344833388986,98
2024-09-18 10:01:26.165,408.1773306173504,14
2024-09-18 10:01:26.335,408.1559928192529,11
2024-09-18 10:01:26.365,408.1636123347483,1005
2024-09-18 10:01:26.373,408.1819678869088,999
2024-09-18 10:01:26.380,408.1620878368469,13
2024-09-18 10:01:26.418,408.1778496820024,10
2024-09-18 10:01:26.430,408.2111632892957,8
2024-09-18 10:01:26.490,408.181592714604,105
2024-09-18 10:01:26.638,408.1763505001268,999
2024-09-18 10:01:26.669,408.1802110209304,101
2024-09-18 10:01:26.699,408.1656487265501,101
2024-09-18 10:01:26.730,408.2177088686884,102
2024-09-18 10:01:26.780,408.172842448492,1001
2024-09-18 10:01:26.799,408.1697618971395,95
2024-09-18 10:01:26.864,408.1583406853043,1002
2024-09-18 10:01:26.899,408.1641695955563,1004
2024-09-18 10:01:26.939,408.1584092886061,103
2024-09-18 10:01:26.943,408.2115065835493,96
2024-09-18 10:01:26.965,408.2057514203945,1005
2024-09-18 10:01:27.014,408.2060779775172,11
2024-09-18 10:01:27.077,408.1530488782015,5
2024-09-18 10:01:27.100,408.14469483516746,9
2024-09-18 10:01:27.218,408.2429958986378,15
2024-09-18 10:01:27.253,408.1544014401924,15
2024-09-18 10:01:27.255,408.1518496266807,14
2024-09-18 10:01:27.306,408.2505117773685,9
2024-09-18 10:01:27.374,408.2360136012754,14
2024-09-18 10:01:27.422,408.1882226045125,105
2024-09-18 10:01:27.464,408.2395143698461,103
2024-09-18 10:01:27.480,408.2360413522818,7
2024-09-18 10:01:27.521,408.2043752254103,96
2024-09-18 10:01:27.647,408.24061099474704,95
2024-09-18 10:01:27.748,408.16898569249423,999
2024-09-18 10:01:27.777,408.1514307919553,105
2024-09-18 10:01:27.811,408.19731645799135,6
2024-09-18 10:01:27.882,408.1786525659306,995
2024-09-18 10:01:27.887,408.1926795619228,1005
2024-09-18 10:01:27.937,408.1917175408879,998
2024-09-18 10:01:28.034,408.22308652962937,1005
2024-09-18 10:01:28.057,408.1821041441085,12
2024-09-18 10:01:28.107,408.1960044669578,105
2024-09-18 10:01:28.109,408.1851067810964,6
2024-09-18 10:01:28.187,408.22109335013545,102
2024-09-18 10:01:28.375,408.2089802767282,98
2024-09-18 10:01:28.433,408.176650201481,5
2024-09-18 10:01:28.611,408.1845236742792,100
2024-09-18 10:01:28.767,408.23604583363766,6
2024-09-18 10:01:28.776,408.2070082900963,104
2024-09-18 10:01:28.847,408.1932575727695,999
2024-09-18 10:01:28.882,408.1771408961072,96
2024-09-18 10:01:28.959,408.19736786109456,1001
2024-09-18 10:01:28.989,408.2046259366096,12
2024-09-18 10:01:29.031,408.2429603768217,1001
2024-09-18 10:01:29.061,408.2302236584125,97
2024-09-18 10:01:29.296,408.2091762670198,996
2024-09-18 10:01:29.343,408.2036539144866,102
2024-09-18 10:01:29.379,408.2594471000761,11
2024-09-18 10:01:29.732,408.2064414318907,996
2024-09-18 10:01:30.053,408.34086785517,5
2024-09-18 10:01:30.055,408.29820735770096,5
2024-09-18 10:01:30.097,408.2934580205695,100
2024-09-18 10:01:30.099,408.3156980551463,101
2024-09-18 10:01:30.219,408.30063166459536,997
2024-09-18 10:01:30.295,408.30812147982624,102
2024-09-18 10:01:30.314,408.3119722404543,95
2024-09-18 10:01:30.356,408.2744191786873,1002
2024-09-18 10:01:30.460,408.26137298526265,104
2024-09-18 10:01:30.553,408.3056508445128,103
2024-09-18 10:01:30.638,408.2929944854072,6
2024-09-18 10:01:30.677,408.2896459861572,1001
2024-09-18 10:01:30.711,408.3309449825167,101
2024-09-18 10:01:30.729,408.28859231939214,104
2024-09-18 10:01:30.759,408.3012119990088,7
2024-09-18 10:01:30.866,408.3232596040624,105
2024-09-18 10:01:30.877,408.30602517113977,998
2024-09-18 10:01:30.890,408.2980910415087,997
2024-09-18 10:01:30.903,408.3086099958855,1000
2024-09-18 10:01:30.920,408.3304815603419,99
2024-09-18 10:01:30.999,408.2876338147109,6
2024-09-18 10:01:30.999,408.3443452237676,101
2024-09-18 10:01:31.069,408.3409251076823,100
2024-09-18 10:01:31.080,408.30317951528247,102
2024-09-18 10:01:31.162,408.2799828182741,12
2024-09-18 10:01:31.235,408.299778357729,101
2024-09-18 10:01:31.376,,12
2024-09-18 10:01:31.426,408.304309473866,8
2024-09-18 10:01:31.457,408.3302312287785,97
2024-09-18 10:01:31.506,408.3053731004944,5
2024-09-18 10:01:31.507,408.33157397984615,102
2024-09-18 10:01:31.517,408.3263745518785,102
2024-09-18 10:01:31.641,408.34470668448586,99
2024-09-18 10:01:31.674,408.3440630902067,15
2024-09-18 10:01:31.734,408.3161863416253,100
2024-09-18 10:01:31.756,408.3070104130728,1000
2024-09-18 10:01:31.861,408.3607498376617,1002
2024-09-18 10:01:31.911,408.3305909617901,998
2024-09-18 10:01:31.919,408.35021823487705,97
2024-09-18 10:01:32.169,408.3434070367471,12
2024-09-18 10:01:32.377,408.3350593037125,995
2024-09-18 10:01:32.737,408.3230863005272,12
2024-09-18 10:01:32.933,408.338882404629,1000
2024-09-18 10:01:33.000,408.3195637760789,101
2024-09-18 10:01:33.081,408.3180930950868,97
2024-09-18 10:01:33.098,408.3092265942945,9
2024-09-18 10:01:33.223,408.3095591906139,13
2024-09-18 10:01:33.228,408.3160118666885,1002
2024-09-18 10:01:33.230,408.3053075471751,10
2024-09-18 10:01:33.268,408.318865524825,96
2024-09-18 10:01:33.281,408.3273471937163,103
2024-09-18 10:01:33.317,408.3182591114453,15
2024-09-18 10:01:33.444,408.3134041932791,11
2024-09-18 10:01:33.483,408.3249878836238,13
2024-09-18 10:01:33.499,408.2976340569065,15
2024-09-18 10:01:33.570,408.3247158086869,6
2024-09-18 10:01:33.581,408.29779981776886,1000
2024-09-18 10:01:33.592,408.3249850230289,97
2024-09-18 10:01:33.653,408.32145759274215,96
2024-09-18 10:01:33.802,408.3232096242664,999
2024-09-18 10:01:33.818,408.3488680854238,10
2024-09-18 10:01:33.830,408.2918524889213,1001
2024-09-18 10:01:33.839,408.3246726023805,11
2024-09-18 10:01:34.009,408.2689566872789,13
2024-09-18 10:01:34.078,408.2663780247638,1005
2024-09-18 10:01:34.090,408.2758457136827,105
2024-09-18 10:01:34.097,408.2761464705289,95
2024-09-18 10:01:34.159,408.3001989903274,103
2024-09-18 10:01:34.280,408.2744243434984,1005
2024-09-18 10:01:34.302,408.28125285598094,5
2024-09-18 10:01:34.304,408.3129838960314,996
2024-09-18 10:01:34.325,408.2985820664964,10
2024-09-18 10:01:34.328,408.26835433714433,7
2024-09-18 10:01:34.329,408.2745825841138,102
2024-09-18 10:01:34.336,408.3007575828531,8
2024-09-18 10:01:34.401,408.26920097746967,103
2024-09-18 10:01:34.413,408.2612001497596,102
2024-09-18 10:01:34.471,408.2589075682332,999
2024-09-18 10:01:34.497,408.3025877492276,8
2024-09-18 10:01:34.587,408.2719652144223,996
2024-09-18 10:01:34.632,408.276100395675,1002
2024-09-18 10:01:34.651,408.2619736228682,97
2024-09-18 10:01:34.710,408.2518650195651,9
2024-09-18 10:01:34.725,40.82943114148714,5
2024-09-18 10:01:34.821,408.2982915965409,996
2024-09-18 10:01:34.849,408.3003705634935,101
2024-09-18 10:01:34.867,408.2870976874908,1004
2024-09-18 10:01:34.886,408.2810712940148,1003
2024-09-18 10:01:34.910,408.2905046429861,96
2024-09-18 10:01:34.932,408.25607431070847,1000
2024-09-18 10:01:34.966,408.29984136338425,99
2024-09-18 10:01:35.005,408.23004130282783,14
2024-09-18 10:01:35.028,408.197149238521,996
2024-09-18 10:01:35.050,408.2614251264615,998
2024-09-18 10:01:35.101,408.2390771446167,96
2024-09-18 10:01:35.162,408.1970037609274,1003
2024-09-18 10:01:35.225,408.201310795492,104
2024-09-18 10:01:35.228,408.2378122643711,98
2024-09-18 10:01:35.412,408.26029649011446,1004
2024-09-18 10:01:35.426,408.18066693150575,102
2024-09-18 10:01:35.454,408.17589115760745,99
2024-09-18 10:01:35.466,408.198873443181,96
2024-09-18 10:01:35.506,408.2231305063476,98
2024-09-18 10:01:35.526,408.1982169600693,98
2024-09-18 10:01:35.605,408.2251446401795,5
2024-09-18 10:01:35.605,408.2571744173991,100
2024-09-18 10:01:35.624,408.2685440332052,998
2024-09-18 10:01:35.635,408.1897745276196,99
2024-09-18 10:01:35.658,408.2340725259608,96
2024-09-18 10:01:35.790,408.2561017153267,1002
2024-09-18 10:01:35.832,408.2461525309631,1005
2024-09-18 10:01:35.923,408.2499968461364,10
2024-09-18 10:01:35.928,408.2544263714887,100
2024-09-18 10:01:35.993,408.184021062138,9
2024-09-18 10:01:36.025,408.10198074664953,11
2024-09-18 10:01:36.038,408.0874856511667,96
2024-09-18 10:01:36.044,408.09169741562704,98
2024-09-18 10:01:36.099,408.0771694587061,99
2024-09-18 10:01:36.116,408.05613921293104,14
2024-09-18 10:01:36.118,408.1254020996239,100
2024-09-18 10:01:36.206,408.1063852255066,100
2024-09-18 10:01:36.209,408.1300998466385,104
2024-09-18 10:01:36.230,408.1364672927693,1005
2024-09-18 10:01:36.342,408.1470597605172,101
2024-09-18 10:01:36.362,408.1676644974372,100
2024-09-18 10:01:36.423,408.101889558113,997
2024-09-18 10:01:36.442,408.1384735182024,101
2024-09-18 10:01:36.465,408.1151379810117,1000
2024-09-18 10:01:36.516,408.1144777461999,105
2024-09-18 10:01:36.597,408.1101774090784,99
2024-09-18 10:01:36.597,408.1872603366168,997
2024-09-18 10:01:36.614,408.1177937885751,95
2024-09-18 10:01:36.626,408.1611451115897,15
2024-09-18 10:01:36.663,408.1231012228595,98
2024-09-18 10:01:36.668,408.0860566967224,14
2024-09-18 10:01:36.813,408.0676289251772,97
2024-09-18 10:01:36.843,408.0858476855104,996
2024-09-18 10:01:36.844,408.1283198066832,99
2024-09-18 10:01:36.881,408.1161826758453,15
2024-09-18 10:01:36.888,408.13312263518776,997
2024-09-18 10:01:36.900,408.1256590453221,95
2024-09-18 10:01:36.970,408.1721169269248,6
2024-09-18 10:01:37.014,408.0279273416428,9
2024-09-18 10:01:37.034,408.0412113835456,1000
2024-09-18 10:01:37.069,408.0029189131624,10
2024-09-18 10:01:37.238,408.0377126622449,14
2024-09-18 10:01:37.258,407.9250478281221,101
2024-09-18 10:01:37.280,407.93456798219137,995
2024-09-18 10:01:37.318,407.97935177042535,1001
2024-09-18 10:01:37.331,-408.0403778875372,1000
2024-09-18 10:01:37.352,407.9437822692846,8
2024-09-18 10:01:37.388,407.9568856726506,99
2024-09-18 10:01:37.390,40.79507258059717,6
2024-09-18 10:01:37.423,408.0393523763449,997
2024-09-18 10:01:37.437,408.01504936738377,95
2024-09-18 10:01:37.444,408.0196151685791,104
2024-09-18 10:01:37.558,407.94789417867565,6
2024-09-18 10:01:37.594,407.94441042484937,7
2024-09-18 10:01:37.606,408.0749130810212,102
2024-09-18 10:01:37.606,407.9538934763716,1004
2024-09-18 10:01:37.619,408.0855057512037,97
2024-09-18 10:01:37.630,407.9296671983623,12
2024-09-18 10:01:37.661,407.9383016829065,999
2024-09-18 10:01:37.709,408.081844996566,15
2024-09-18 10:01:37.729,407.96780487593855,6
2024-09-18 10:01:37.774,407.9421453262313,103
2024-09-18 10:01:37.863,408.00155238593976,5
2024-09-18 10:01:37.910,407.9243459577246,14
2024-09-18 10:01:37.914,408.0795794944901,1000
2024-09-18 10:01:37.939,408.0248387000734,104
2024-09-18 10:01:38.006,407.9128873993345,99
2024-09-18 10:01:38.015,407.9082011091491,105
2024-09-18 10:01:38.117,407.9228418499788,13
2024-09-18 10:01:38.133,407.92694982819086,99
2024-09-18 10:01:38.165,407.9072727690875,998
2024-09-18 10:01:38.192,407.9389776046287,99
2024-09-18 10:01:38.227,407.9454142974061,1005
2024-09-18 10:01:38.239,407.9234210153151,5
2024-09-18 10:01:38.277,407.93880664133417,998
2024-09-18 10:01:38.322,407.9392945554315,1003
2024-09-18 10:01:38.334,407.9085041853367,1005
2024-09-18 10:01:38.392,407.8888496313389,996
2024-09-18 10:01:38.460,407.9237546571607,11
2024-09-18 10:01:38.503,407.9309567335028,98
2024-09-18 10:01:38.546,-407.9213559165193,995
2024-09-18 10:01:38.644,407.9316937188729,1002
2024-09-18 10:01:38.651,407.918128574221,1000
2024-09-18 10:01:38.751,407.9189182861612,1000
2024-09-18 10:01:38.753,407.9266962449888,103
2024-09-18 10:01:38.764,407.9076082266239,12
2024-09-18 10:01:38.776,407.8982575291959,1004
2024-09-18 10:01:38.823,407.9333232341573,14
2024-09-18 10:01:38.831,407.9120848274446,103
2024-09-18 10:01:38.835,407.8792833458463,7
2024-09-18 10:01:38.843,407.9413138782968,1005
2024-09-18 10:01:38.847,407.9185065950749,103
2024-09-18 10:01:38.864,407.9186412602713,101
2024-09-18 10:01:38.892,407.88928393816326,105
2024-09-18 10:01:38.895,407.94422623927335,9
2024-09-18 10:01:38.990,407.91868085057416,99
2024-09-18 10:01:39.152,407.93403705132,1005
2024-09-18 10:01:39.177,407.9238669689664,998
2024-09-18 10:01:39.202,407.876994905652,13
2024-09-18 10:01:39.244,407.908449732019,1003
2024-09-18 10:01:39.297,407.8985750758394,101
2024-09-18 10:01:39.362,407.9163356138766,98
2024-09-18 10:01:39.369,407.90690899710495,98
2024-09-18 10:01:39.510,407.9070058447696,12
2024-09-18 10:01:39.723,407.8938657154826,996
2024-09-18 10:01:39.779,407.9077158845096,104
2024-09-18 10:01:39.902,407.920435874186,997
2024-09-18 10:01:39.964,407.9054915022635,11
2024-09-18 10:01:40.073,407.8738201011562,9
2024-09-18 10:01:40.931,407.8619570593544,996
2024-09-18 10:01:41.107,407.85537066208826,7
2024-09-18 10:01:41.107,407.8812181662005,97
2024-09-18 10:01:41.142,407.8523551167973,15
2024-09-18 10:01:41.176,407.8419507796284,95
2024-09-18 10:01:41.236,407.8420184645111,105
2024-09-18 10:01:41.265,407.8503151098867,14
2024-09-18 10:01:41.287,407.8184646514683,1005
2024-09-18 10:01:41.318,407.8595523617769,10
2024-09-18 10:01:41.371,407.82860210525934,98
2024-09-18 10:01:41.375,407.84781562307455,104
2024-09-18 10:01:41.389,407.8414513816696,99
2024-09-18 10:01:41.423,407.8529738734646,995
2024-09-18 10:01:41.443,407.8487726896244,8
2024-09-18 10:01:41.473,407.8264056686831,995
2024-09-18 10:01:41.499,407.87139076684224,95
2024-09-18 10:01:41.542,407.8408319434696,95
2024-09-18 10:01:41.582,407.83708346090543,5
2024-09-18 10:01:41.626,407.85439696723904,11
2024-09-18 10:01:41.639,407.8457787151322,8
2024-09-18 10:01:41.639,407.8303238253831,998
2024-09-18 10:01:41.661,407.8485273975745,14
2024-09-18 10:01:41.687,407.8513804224376,9
2024-09-18 10:01:41.719,407.85278372926894,997
2024-09-18 10:01:41.772,407.82427051157794,998
2024-09-18 10:01:41.862,407.8723834740269,97
2024-09-18 10:01:41.998,407.8422065752064,7
2024-09-18 10:01:41.999,407.8473312285834,12
2024-09-18 10:01:42.116,407.8220163569501,999
2024-09-18 10:01:42.122,407.8403239033749,1001
2024-09-18 10:01:42.183,407.8372154773968,1000
2024-09-18 10:01:42.416,407.824405618412,95
2024-09-18 10:01:42.993,407.8441894572069,997
2024-09-18 10:01:43.052,407.84918285392615,101
2024-09-18 10:01:43.065,407.8432862285383,999
2024-09-18 10:01:43.066,407.8188820423781,103
2024-09-18 10:01:43.073,407.8787443855817,998
2024-09-18 10:01:43.082,407.8345008305728,7
2024-09-18 10:01:43.083,407.86296783501047,6
2024-09-18 10:01:43.135,407.84951508834985,13
2024-09-18 10:01:43.158,407.8357927677029,99
2024-09-18 10:01:43.259,407.8579480746507,104
2024-09-18 10:01:43.308,407.8320597229911,1002
2024-09-18 10:01:43.321,407.8763147800376,9
2024-09-18 10:01:43.394,407.8460855239523,7
2024-09-18 10:01:43.426,407.8269118424727,102
2024-09-18 10:01:43.509,407.8616575525446,995
2024-09-18 10:01:43.520,407.849172118542,103
2024-09-18 10:01:43.544,407.8560796177552,1001
2024-09-18 10:01:43.572,407.8396732895142,1001
2024-09-18 10:01:43.687,407.8417697225957,1002
2024-09-18 10:01:43.709,407.8663206835967,1001
2024-09-18 10:01:43.722,407.8741700815312,5
2024-09-18 10:01:43.754,407.8243243894919,103
2024-09-18 10:01:43.756,407.8815746532059,6
2024-09-18 10:01:43.821,407.842422913252,998
2024-09-18 10:01:43.826,407.8723616776596,13
2024-09-18 10:01:43.826,407.8220777570812,102
2024-09-18 10:01:43.836,407.8276368109758,95
2024-09-18 10:01:43.841,407.8208039228108,10
2024-09-18 10:01:43.859,407.8713583950032,99
2024-09-18 10:01:43.919,407.8549467507301,102
2024-09-18 10:01:43.972,407.8251900121698,8
2024-09-18 10:01:44.039,407.871334033887,9
2024-09-18 10:01:44.088,407.8368418119844,104
2024-09-18 10:01:44.116,407.8080436686284,96
2024-09-18 10:01:44.220,407.8666553311788,15
2024-09-18 10:01:44.230,407.8587268184118,100
2024-09-18 10:01:44.230,407.8392608685519,98
2024-09-18 10:01:44.268,407.8656809113074,999
2024-09-18 10:01:44.312,407.857070257614,1000
2024-09-18 10:01:44.377,407.8115495334068,102
2024-09-18 10:01:44.385,407.8452656903012,104
2024-09-18 10:01:44.465,407.79837318466497,105
2024-09-18 10:01:44.467,407.84138653829353,97
2024-09-18 10:01:44.522,407.8564771600278,96
2024-09-18 10:01:44.532,407.8519760039422,13
2024-09-18 10:01:44.557,407.8523284902175,10
2024-09-18 10:01:44.587,407.7882258813384,996
2024-09-18 10:01:44.618,407.8115685217795,998
2024-09-18 10:01:44.719,407.8519132228657,8
2024-09-18 10:01:44.748,407.81522702458,95
2024-09-18 10:01:44.845,407.8315400920112,1001
2024-09-18 10:01:44.894,407.8545192488045,998
2024-09-18 10:01:44.942,407.85752409964726,997
2024-09-18 10:01:44.962,407.8057764508856,12
2024-09-18 10:01:44.994,407.8495657258799,13
2024-09-18 10:01:45.056,407.7292093169792,14
2024-09-18 10:01:45.066,407.75946252883057,11
2024-09-18 10:01:45.119,407.7618503912082,15
2024-09-18 10:01:45.197,407.7492792638661,998
2024-09-18 10:01:45.235,407.7592391022778,1001
2024-09-18 10:01:45.240,407.76069318235176,14
2024-09-18 10:01:45.378,407.7581835990821,997
2024-09-18 10:01:45.634,407.73749182689977,1004
2024-09-18 10:01:45.765,407.765712893862,5
2024-09-18 10:01:45.896,407.7748932892367,1000
2024-09-18 10:01:45.922,407.74847467340845,1001
2024-09-18 10:01:46.132,407.7521322267895,101
2024-09-18 10:01:46.143,407.7688611375437,999
2024-09-18 10:01:46.208,407.7363410351312,11
2024-09-18 10:01:46.227,407.7776034674854,96
2024-09-18 10:01:46.230,407.7293852123044,102
2024-09-18 10:01:46.429,40.77190333782067,95
2024-09-18 10:01:46.473,407.7507412360285,100
2024-09-18 10:01:46.474,407.738348730512,999
2024-09-18 10:01:46.507,407.7680576854049,102
2024-09-18 10:01:46.538,407.7360208663054,105
2024-09-18 10:01:46.640,407.7347957053351,998
2024-09-18 10:01:46.753,407.755929845452,5
2024-09-18 10:01:46.804,407.7395597219726,1001
2024-09-18 10:01:46.861,407.7459078522248,996
2024-09-18 10:01:46.886,407.7185216571749,10
2024-09-18 10:01:46.887,407.7466255778871,96
2024-09-18 10:01:46.940,407.74740257093214,104
2024-09-18 10:01:46.942,407.7244083319824,15
2024-09-18 10:01:46.954,407.767930500502,12
2024-09-18 10:01:47.045,407.71086534584833,105
2024-09-18 10:01:47.083,407.7443830231019,997
2024-09-18 10:01:47.125,-407.7249676523816,7
2024-09-18 10:01:47.141,407.7247973363948,1001
2024-09-18 10:01:47.208,407.72473260331554,95
2024-09-18 10:01:47.256,407.7478935182918,97
2024-09-18 10:01:47.420,407.7186211664488,15
2024-09-18 10:01:47.533,407.72747732941787,12
2024-09-18 10:01:47.578,407.725741662319,11
2024-09-18 10:01:47.606,407.7150726730077,1002
2024-09-18 10:01:47.713,407.7335762206055,13
2024-09-18 10:01:47.718,407.71006715900586,100
2024-09-18 10:01:47.719,407.733735552637,999
2024-09-18 10:01:47.819,407.7251347142001,95
2024-09-18 10:01:47.891,407.7444329721909,15
2024-09-18 10:01:47.958,407.73924217611966,104
2024-09-18 10:01:47.986,407.7316402905256,1000
2024-09-18 10:01:48.127,407.7203478595336,1005
2024-09-18 10:01:48.132,407.6842229680541,11
2024-09-18 10:01:48.136,407.6810791902074,1003
2024-09-18 10:01:48.155,407.68269234087575,14
2024-09-18 10:01:48.310,407.7182411151881,100
2024-09-18 10:01:48.316,407.67140492586304,998
2024-09-18 10:01:48.326,407.7012920211513,11
2024-09-18 10:01:48.347,407.68212053195913,1002
2024-09-18 10:01:48.460,407.6874825551625,7
2024-09-18 10:01:48.496,407.70895174148006,104
2024-09-18 10:01:48.708,407.6935774808195,999
2024-09-18 10:01:48.802,407.6854137008128,12
2024-09-18 10:01:48.809,407.6822555387416,12
2024-09-18 10:01:48.871,407.6954025468021,1003
2024-09-18 10:01:48.871,407.6934322540762,1002
2024-09-18 10:01:48.914,407.7126406042101,1003
2024-09-18 10:01:48.951,407.6907804761987,101
2024-09-18 10:01:49.044,407.7019064489025,8
2024-09-18 10:01:49.335,407.6894801377795,11
2024-09-18 10:01:49.703,407.7215074994495,8
2024-09-18 10:01:50.039,407.6610648510596,1000
2024-09-18 10:01:50.044,407.7130090513667,5
2024-09-18 10:01:50.047,407.6443613353032,999
2024-09-18 10:01:50.049,407.7282313110466,96
2024-09-18 10:01:50.098,407.7158491010754,995
2024-09-18 10:01:50.098,407.6744431357709,1005
2024-09-18 10:01:50.117,407.74842862283873,995
2024-09-18 10:01:50.150,407.63902430289176,14
2024-09-18 10:01:50.168,407.6397351808271,13
2024-09-18 10:01:50.232,407.6809382941864,1005
2024-09-18 10:01:50.266,407.7286786330321,15
2024-09-18 10:01:50.315,407.67455453232975,102
2024-09-18 10:01:50.410,407.7058385283654,105
2024-09-18 10:01:50.474,407.67091991224623,10
2024-09-18 10:01:50.551,407.6520991083861,1005
2024-09-18 10:01:50.557,407.64930220512775,7
2024-09-18 10:01:50.588,407.6681511250702,97
2024-09-18 10:01:50.666,407.6739769791891,6
2024-09-18 10:01:50.698,407.6397781262212,996
2024-09-18 10:01:50.728,407.6885398016004,1002
2024-09-18 10:01:50.749,,101
2024-09-18 10:01:50.807,407.70379085687296,98
2024-09-18 10:01:50.834,407.731440923444,997
2024-09-18 10:01:50.865,407.63172523026,995
2024-09-18 10:01:50.882,407.662244434161,100
2024-09-18 10:01:50.907,407.65623887449016,1002
2024-09-18 10:01:50.914,407.7327904061498,11
2024-09-18 10:01:51.037,407.6099539260612,98
2024-09-18 10:01:51.094,407.60428207710527,9
2024-09-18 10:01:51.168,407.59138971913086,103
2024-09-18 10:01:51.199,407.6035114989873,104
2024-09-18 10:01:51.202,407.6032921932612,99
2024-09-18 10:01:51.210,407.59662457917904,97
2024-09-18 10:01:51.332,407.6298728043488,100
2024-09-18 10:01:51.335,407.60580761897,1002
2024-09-18 10:01:51.445,407.61822049026927,95
2024-09-18 10:01:51.473,407.607228384976,1003
2024-09-18 10:01:51.498,407.6098401935036,95
2024-09-18 10:01:51.555,407.6204547548141,997
2024-09-18 10:01:51.555,407.5985747792808,11
2024-09-18 10:01:51.576,407.6051579595096,1002
2024-09-18 10:01:51.598,407.6236553420203,1000
2024-09-18 10:01:51.716,407.5947183992057,103
2024-09-18 10:01:51.813,407.6178736034289,101
2024-09-18 10:01:51.856,407.6083971375388,1001
2024-09-18 10:01:52.036,407.6393937455624,103
2024-09-18 10:01:52.064,407.6383294543299,102
2024-09-18 10:01:52.124,407.6207865557778,1004
2024-09-18 10:01:52.131,407.6403320744203,8
2024-09-18 10:01:52.136,407.6105691860501,95
2024-09-18 10:01:52.225,407.6129925376332,99
2024-09-18 10:01:52.243,407.6072935607935,9
2024-09-18 10:01:52.257,407.6424847335757,10
2024-09-18 10:01:52.260,407.63651500684864,98
2024-09-18 10:01:52.262,407.6035675507286,12
2024-09-18 10:01:52.307,407.60970563217575,101
2024-09-18 10:01:52.319,407.6108168943206,12
2024-09-18 10:01:52.363,407.63048461729153,1000
2024-09-18 10:01:52.381,407.6362914632769,104
2024-09-18 10:01:52.410,407.6093281504571,1002
2024-09-18 10:01:52.432,40.76316583903108,1001
2024-09-18 10:01:52.469,407.640894416228,97
2024-09-18 10:01:52.526,407.633978938685,8
2024-09-18 10:01:52.526,407.6179906235975,6
2024-09-18 10:01:52.526,407.6378683480432,96
2024-09-18 10:01:52.561,407.650454009165,100
2024-09-18 10:01:52.597,407.65068713828686,98
2024-09-18 10:01:52.608,407.6116197694098,103
2024-09-18 10:01:52.652,407.62572260631856,102
2024-09-18 10:01:52.803,407.6452219733276,999
2024-09-18 10:01:52.819,407.6429903916434,14
2024-09-18 10:01:52.831,,96
2024-09-18 10:01:52.870,407.61787597677073,15
2024-09-18 10:01:52.959,407.6590411595252,96
2024-09-18 10:01:52.962,407.6220346944421,13
2024-09-18 10:01:53.100,407.62431792914407,1000
2024-09-18 10:01:53.126,407.64452305535656,100
2024-09-18 10:01:53.218,407.62314809664247,11
2024-09-18 10:01:53.238,407.5885454213507,100
2024-09-18 10:01:53.259,407.6209540973736,100
2024-09-18 10:01:53.391,407.598334512808,14
2024-09-18 10:01:53.404,407.64314892770665,13
2024-09-18 10:01:53.470,407.607626125922,7
2024-09-18 10:01:53.500,407.6079661168218,102
2024-09-18 10:01:53.574,407.6417208193883,101
2024-09-18 10:01:53.610,-407.5947717745295,100
2024-09-18 10:01:53.727,407.6121966986397,13
2024-09-18 10:01:53.739,40.76310004608384,14
2024-09-18 10:01:53.746,407.6374271139152,99
2024-09-18 10:01:53.759,407.60354135323627,1002
2024-09-18 10:01:53.827,407.6314499145532,102
2024-09-18 10:01:53.830,407.6228882553618,99
2024-09-18 10:01:53.832,407.6478715175972,7
2024-09-18 10:01:53.838,407.6066199810969,997
2024-09-18 10:01:53.899,407.64927875732025,95
2024-09-18 10:01:53.953,407.6070880125042,103
2024-09-18 10:01:53.988,407.62690588567057,100
2024-09-18 10:01:54.128,407.6021948401586,9
2024-09-18 10:01:54.184,407.6116652632712,5
2024-09-18 10:01:54.359,407.613506275902,9
2024-09-18 10:01:54.475,407.61963049549456,8
2024-09-18 10:01:54.485,407.5986430968205,98
2024-09-18 10:01:54.541,407.6117046270196,999
2024-09-18 10:01:54.560,407.60494951802025,1001
2024-09-18 10:01:54.607,407.6197712506943,1000
2024-09-18 10:01:54.798,407.5994259286208,6
2024-09-18 10:01:54.802,407.6053674819661,96
2024-09-18 10:01:54.843,407.5950911239934,99
2024-09-18 10:01:54.897,407.6137558568052,6
2024-09-18 10:01:54.910,407.5979869102152,6
2024-09-18 10:01:55.018,407.6442798656278,14
2024-09-18 10:01:55.028,407.6115109488665,104
2024-09-18 10:01:55.071,-407.6094240760337,95
2024-09-18 10:01:55.131,407.64058651683433,11
2024-09-18 10:01:55.192,407.598144665541,15
2024-09-18 10:01:55.201,407.58544776076366,8
2024-09-18 10:01:55.203,407.60525796067446,1004
2024-09-18 10:01:55.231,407.6108387263189,1003
2024-09-18 10:01:55.332,407.6374171597576,999
2024-09-18 10:01:55.355,407.5998632534544,105
2024-09-18 10:01:55.381,407.5828701269669,12
2024-09-18 10:01:55.466,407.6421896748437,6
2024-09-18 10:01:55.518,407.60521199894265,10
2024-09-18 10:01:55.540,407.6309971798105,9
2024-09-18 10:01:55.580,407.62607246732847,999
2024-09-18 10:01:55.600,407.5863602145809,95
2024-09-18 10:01:55.640,407.59395865313866,998
2024-09-18 10:01:55.674,407.62570755149926,14
2024-09-18 10:01:55.684,407.5913736328768,105
2024-09-18 10:01:55.704,407.6049847022763,5
2024-09-18 10:01:55.710,407.53913096465465,96
2024-09-18 10:01:55.843,407.57072110439367,6
2024-09-18 10:01:55.886,407.5400582450448,1005
2024-09-18 10:01:55.929,,11
2024-09-18 10:01:55.993,407.6367000568744,105
2024-09-18 10:01:55.993,407.6528931183384,98
2024-09-18 10:01:55.993,407.5924185570912,105
2024-09-18 10:01:56.065,407.52125163036,996
2024-09-18 10:01:56.244,407.5346342272046,9
2024-09-18 10:01:56.266,407.5280350766809,995
2024-09-18 10:01:56.341,407.5201656355736,1005
2024-09-18 10:01:56.395,407.52844366638567,13
2024-09-18 10:01:56.537,407.5259129124023,5
2024-09-18 10:01:56.556,407.5171355476148,5
2024-09-18 10:01:56.587,407.5268630781036,998
2024-09-18 10:01:56.590,-407.5370358245098,100
2024-09-18 10:01:56.602,407.53155180821216,1003
2024-09-18 10:01:56.673,407.5329112378068,98
2024-09-18 10:01:56.767,407.510977085625,99
2024-09-18 10:01:56.866,407.5141383279817,7
2024-09-18 10:01:58.084,407.55283266575947,1005
2024-09-18 10:01:58.097,407.5416408499542,100
2024-09-18 10:01:58.191,407.5260584448277,10
2024-09-18 10:01:58.241,407.5482505926428,12
2024-09-18 10:01:58.293,407.546291393014,12
2024-09-18 10:01:58.476,407.5474347308991,9
2024-09-18 10:01:58.676,407.5158938987501,1005
2024-09-18 10:01:58.858,40.75464190732544,98
2024-09-18 10:01:58.948,-407.5469861392194,12
2024-09-18 10:01:58.975,407.5462688593764,95
2024-09-18 10:01:59.032,407.61300219845526,1002
2024-09-18 10:01:59.071,407.6302741776512,104
2024-09-18 10:01:59.137,407.61440874844686,1000
2024-09-18 10:01:59.176,407.6136121185714,8
2024-09-18 10:01:59.211,407.54559271588175,97
2024-09-18 10:01:59.396,407.6307510786715,103
2024-09-18 10:01:59.406,407.64987195201184,95
2024-09-18 10:01:59.414,407.6162301969793,1002
2024-09-18 10:01:59.437,407.5502852856246,97
2024-09-18 10:01:59.447,407.6374852965812,14
2024-09-18 10:01:59.466,40.76293182424024,996
2024-09-18 10:01:59.469,407.62748178657154,13
2024-09-18 10:01:59.553,407.6075018598352,96
2024-09-18 10:01:59.583,407.53894618992274,100
2024-09-18 10:01:59.630,407.5716424818594,10
2024-09-18 10:01:59.633,407.6013052780135,5
2024-09-18 10:01:59.670,407.5854054031399,996
2024-09-18 10:01:59.686,407.53753026601146,5
2024-09-18 10:01:59.755,407.6322928580231,1005
2024-09-18 10:01:59.811,407.6316980523226,102
2024-09-18 10:01:59.876,407.53635443825146,9
