Timestamp,Price,Size
2024-09-19 14:59:00.039,419.5541276603579,14
2024-09-19 14:59:00.118,419.6465599156521,1002
2024-09-19 14:59:00.130,419.6332502749552,995
2024-09-19 14:59:00.200,419.5469886824099,13
2024-09-19 14:59:00.220,419.6210590760509,99
2024-09-19 14:59:00.267,419.5874105513089,12
2024-09-19 14:59:00.300,419.5337063588509,7
2024-09-19 14:59:00.384,419.6391054307748,1005
2024-09-19 14:59:00.462,419.585297483208,95
2024-09-19 14:59:00.477,419.6405289059238,5
2024-09-19 14:59:00.512,419.6520074648735,104
2024-09-19 14:59:00.552,419.6500850907929,13
2024-09-19 14:59:00.555,419.6329987425863,1001
2024-09-19 14:59:00.567,419.65125738522966,13
2024-09-19 14:59:00.568,419.5767242772087,8
2024-09-19 14:59:00.570,419.6231206285855,1001
2024-09-19 14:59:00.632,419.6616919140593,104
2024-09-19 14:59:00.635,419.6594084733397,11
2024-09-19 14:59:00.661,419.5758498702453,1002
2024-09-19 14:59:00.767,419.58638765093616,103
2024-09-19 14:59:00.867,419.63562648166464,14
2024-09-19 14:59:00.913,419.6667083374909,97
2024-09-19 14:59:00.919,419.5956857062936,102
2024-09-19 14:59:00.933,419.5969538510013,8
2024-09-19 14:59:00.957,419.5447376598439,995
2024-09-19 14:59:01.211,419.65940017693936,100
2024-09-19 14:59:01.237,419.61531062000114,99
2024-09-19 14:59:01.290,419.6398208880573,15
2024-09-19 14:59:01.312,419.6085160615249,1004
2024-09-19 14:59:01.382,419.632371963763,101
2024-09-19 14:59:01.386,419.6112383473525,6
2024-09-19 14:59:01.528,419.6550008229651,100
2024-09-19 14:59:01.531,419.6367208158312,103
2024-09-19 14:59:01.644,419.6404089485008,105
2024-09-19 14:59:01.662,419.6398042913802,15
2024-09-19 14:59:01.746,419.6755297077231,101
2024-09-19 14:59:01.760,419.6509181618011,105
2024-09-19 14:59:01.792,419.634182841192,10
2024-09-19 14:59:01.806,419.6447456412977,9
2024-09-19 14:59:01.988,419.60849657804977,1004
2024-09-19 14:59:02.022,419.61204737441005,14
2024-09-19 14:59:02.028,419.6505848963415,10
2024-09-19 14:59:02.040,419.6266990101484,95
2024-09-19 14:59:02.153,419.6288566004947,105
2024-09-19 14:59:02.158,419.6263231686011,8
2024-09-19 14:59:02.184,419.6313885258696,98
2024-09-19 14:59:02.315,419.6245728796293,10
2024-09-19 14:59:02.318,419.6418895812292,11
2024-09-19 14:59:02.363,419.64651277270855,1003
2024-09-19 14:59:02.366,419.63475306472907,997
2024-09-19 14:59:02.452,419.6323482980886,102
2024-09-19 14:59:02.478,419.6067581274709,105
2024-09-19 14:59:02.509,419.6256436905956,99
2024-09-19 14:59:02.511,419.6202351806688,10
2024-09-19 14:59:02.555,419.61721268458206,98
2024-09-19 14:59:02.557,419.6221058060855,11
2024-09-19 14:59:02.570,419.6099359836694,101
2024-09-19 14:59:02.616,419.6414778551735,96
2024-09-19 14:59:02.660,419.6150854168455,1002
2024-09-19 14:59:02.677,419.63305156927817,1000
2024-09-19 14:59:02.718,419.6459316297533,15
2024-09-19 14:59:02.773,419.64154434218864,995
2024-09-19 14:59:02.805,419.6387990568506,999
2024-09-19 14:59:02.809,419.6236831320816,11
2024-09-19 14:59:02.812,419.631332152873,8
2024-09-19 14:59:02.821,419.6132231353132,98
2024-09-19 14:59:02.902,419.6097443641565,95
2024-09-19 14:59:02.924,419.6324008232341,1001
2024-09-19 14:59:02.951,419.61451649098353,997
2024-09-19 14:59:03.121,414.94114833273255,96
2024-09-19 14:59:03.234,419.6562424918246,96
2024-09-19 14:59:03.265,419.67987566120553,8
2024-09-19 14:59:03.577,419.6639341395252,997
2024-09-19 14:59:03.669,419.67571419476735,998
2024-09-19 14:59:03.897,419.6703199415473,105
2024-09-19 14:59:03.911,419.6923800845,999
2024-09-19 14:59:04.168,419.6764388999273,1003
2024-09-19 14:59:04.192,419.6111841308037,102
2024-09-19 14:59:04.302,419.60228343017775,101
2024-09-19 14:59:04.309,-419.6879525713647,1005
2024-09-19 14:59:04.346,419.5865961464875,7
2024-09-19 14:59:04.401,419.6793389161473,101
2024-09-19 14:59:04.542,419.6201233253524,995
2024-09-19 14:59:04.627,419.6000035605134,13
2024-09-19 14:59:04.794,419.6162760322552,1004
2024-09-19 14:59:04.800,419.6507585503209,101
2024-09-19 14:59:04.901,419.6878234374494,97
2024-09-19 14:59:05.026,419.5528306834377,102
2024-09-19 14:59:05.140,419.6117536869733,8
2024-09-19 14:59:05.150,419.5558145962042,1000
2024-09-19 14:59:05.172,419.6291702662383,1005
2024-09-19 14:59:05.179,419.5808504587077,12
2024-09-19 14:59:05.200,419.6035764456213,1002
2024-09-19 14:59:05.352,419.5533049785764,1002
2024-09-19 14:59:05.365,419.5832947647348,1004
2024-09-19 14:59:05.531,419.6021399332888,101
2024-09-19 14:59:05.556,419.5893974410535,1001
2024-09-19 14:59:05.604,419.6077070004013,1001
2024-09-19 14:59:05.652,419.5885772492032,10
2024-09-19 14:59:05.764,419.54207002880565,10
2024-09-19 14:59:05.883,419.5980555432452,1004
2024-09-19 14:59:05.983,419.5613169678259,997
2024-09-19 14:59:06.066,419.5688638850569,104
2024-09-19 14:59:06.439,419.58546016078407,1001
2024-09-19 14:59:06.658,419.55048896479,1000
2024-09-19 14:59:06.681,419.58674803738535,8
2024-09-19 14:59:07.133,419.61226432894193,1004
2024-09-19 14:59:07.184,419.60994925315816,996
2024-09-19 14:59:07.220,419.59321971419627,15
2024-09-19 14:59:07.319,419.56811393224905,1003
2024-09-19 14:59:07.333,419.5755176117632,1004
2024-09-19 14:59:07.594,419.6046788237484,15
2024-09-19 14:59:07.604,419.6125280785538,998
2024-09-19 14:59:08.007,419.59668410686913,1003
2024-09-19 14:59:08.104,419.7197909411437,1005
2024-09-19 14:59:08.195,419.68778028910793,8
2024-09-19 14:59:08.227,419.63870300794144,105
2024-09-19 14:59:08.318,419.6014953065103,998
2024-09-19 14:59:08.351,419.6268545089458,13
2024-09-19 14:59:08.374,419.5766971980599,7
2024-09-19 14:59:08.433,419.5819665184317,996
2024-09-19 14:59:08.490,419.7181282271984,1004
2024-09-19 14:59:08.499,419.6741965776405,14
2024-09-19 14:59:08.514,419.6014549092965,999
2024-09-19 14:59:08.628,419.6117200262031,10
2024-09-19 14:59:08.677,419.5762642539648,14
2024-09-19 14:59:08.729,419.72447482954175,1005
2024-09-19 14:59:08.799,419.6053039798405,1000
2024-09-19 14:59:08.825,419.7246967779092,5
2024-09-19 14:59:08.857,419.5920050995313,995
2024-09-19 14:59:08.919,419.6119235611762,1003
2024-09-19 14:59:08.977,419.68058020312566,10
2024-09-19 14:59:09.150,419.6991859344175,7
2024-09-19 14:59:09.171,419.7202641842324,1004
2024-09-19 14:59:09.223,419.7047644716308,1003
2024-09-19 14:59:09.759,414.8142409809345,105
2024-09-19 14:59:09.964,419.6960539851772,95
2024-09-19 14:59:10.048,419.69145863834535,101
2024-09-19 14:59:10.153,419.7054748391084,96
2024-09-19 14:59:10.268,419.7009036999015,95
2024-09-19 14:59:10.402,419.7113185971826,95
2024-09-19 14:59:10.514,419.72036194491375,6
2024-09-19 14:59:10.743,419.713418345421,105
2024-09-19 14:59:10.829,419.6996958353426,10
2024-09-19 14:59:10.958,419.6821210411948,104
2024-09-19 14:59:10.971,419.6797298161678,8
2024-09-19 14:59:11.010,419.6914787943939,9
2024-09-19 14:59:11.084,419.73917003083136,1001
2024-09-19 14:59:11.108,419.727198742488,95
2024-09-19 14:59:11.165,419.6906222180485,102
2024-09-19 14:59:11.179,419.7320265056691,999
2024-09-19 14:59:11.204,419.7445784524048,999
2024-09-19 14:59:11.211,419.7390974239052,10
2024-09-19 14:59:11.293,419.68840987150793,1002
2024-09-19 14:59:11.359,419.6818741448028,95
2024-09-19 14:59:11.369,419.72248192777073,999
2024-09-19 14:59:11.372,419.7154259089594,9
2024-09-19 14:59:11.377,419.73524877920966,7
2024-09-19 14:59:11.412,419.7297009449179,996
2024-09-19 14:59:11.468,419.6793985548392,5
2024-09-19 14:59:11.488,419.74818356821226,105
2024-09-19 14:59:11.505,419.6646310843747,103
2024-09-19 14:59:11.518,419.71292381014655,15
2024-09-19 14:59:11.524,419.7074406631997,1000
2024-09-19 14:59:11.545,419.7362627818542,99
2024-09-19 14:59:11.579,419.73080212612297,1004
2024-09-19 14:59:11.615,419.72055546621687,995
2024-09-19 14:59:11.649,419.6919701879712,1005
2024-09-19 14:59:11.739,419.7270628720959,101
2024-09-19 14:59:11.795,419.6975380115758,5
2024-09-19 14:59:11.939,419.6989005643479,999
2024-09-19 14:59:12.032,419.74583616335576,14
2024-09-19 14:59:12.048,419.7620564500359,997
2024-09-19 14:59:12.099,419.77954780056615,1001
2024-09-19 14:59:12.161,419.8147101132764,996
2024-09-19 14:59:12.198,419.7533096933328,998
2024-09-19 14:59:12.204,419.80845760248747,1000
2024-09-19 14:59:12.226,419.79678177877696,7
2024-09-19 14:59:12.347,419.7462123786084,104
2024-09-19 14:59:12.386,419.76869943897,101
2024-09-19 14:59:12.462,419.7421731426274,101
2024-09-19 14:59:12.557,419.7819161388799,1000
2024-09-19 14:59:12.633,-419.77525033515366,105
2024-09-19 14:59:12.700,419.78203076616114,995
2024-09-19 14:59:12.750,419.7733588004451,14
2024-09-19 14:59:12.753,419.7804164396542,1003
2024-09-19 14:59:12.767,419.7704017408424,14
2024-09-19 14:59:12.775,419.7854855987976,9
2024-09-19 14:59:12.779,419.7776872411917,1004
2024-09-19 14:59:12.791,419.7214636005996,105
2024-09-19 14:59:12.803,419.7665293111919,13
2024-09-19 14:59:12.891,419.7789455850157,997
2024-09-19 14:59:12.900,419.758062210128,101
2024-09-19 14:59:12.905,419.74402620018816,1005
2024-09-19 14:59:12.915,419.7747088137696,5
2024-09-19 14:59:12.921,419.7934977370054,102
2024-09-19 14:59:12.979,419.7222908521098,1003
2024-09-19 14:59:13.011,419.8216704750861,1005
2024-09-19 14:59:13.196,419.8037107726057,998
2024-09-19 14:59:13.201,419.8338819899315,1003
2024-09-19 14:59:13.447,419.8541851150878,15
2024-09-19 14:59:13.460,419.8200109190983,999
2024-09-19 14:59:13.519,41.98464913112923,104
2024-09-19 14:59:13.525,419.8332878684562,103
2024-09-19 14:59:13.531,419.78035587731966,997
2024-09-19 14:59:13.543,419.8437411091931,996
2024-09-19 14:59:13.633,419.7866357390373,97
2024-09-19 14:59:13.685,419.8396843119512,997
2024-09-19 14:59:13.686,419.7791452670985,8
2024-09-19 14:59:13.703,419.8502542884837,1004
2024-09-19 14:59:13.712,419.8496330505718,13
2024-09-19 14:59:13.782,419.8167749347684,13
2024-09-19 14:59:13.827,419.8273928051116,99
2024-09-19 14:59:13.837,419.8290723851381,5
2024-09-19 14:59:13.848,419.7937230582498,104
2024-09-19 14:59:14.003,419.8731698710328,999
2024-09-19 14:59:14.045,419.8528126143184,102
2024-09-19 14:59:14.049,419.856466759139,1003
2024-09-19 14:59:14.102,419.8389540238469,998
2024-09-19 14:59:14.113,419.8292414354627,101
2024-09-19 14:59:14.206,419.8660802770105,96
2024-09-19 14:59:14.261,419.8674297684867,996
2024-09-19 14:59:14.266,419.8559207605135,104
2024-09-19 14:59:14.274,414.7792159866929,8
2024-09-19 14:59:14.325,419.8444712211559,104
2024-09-19 14:59:14.348,419.8369980698626,1004
2024-09-19 14:59:14.358,419.8534385371258,996
2024-09-19 14:59:14.366,419.8263593054554,13
2024-09-19 14:59:14.519,419.8657098000145,97
2024-09-19 14:59:14.575,419.86712181470153,101
2024-09-19 14:59:14.601,419.8277741636601,101
2024-09-19 14:59:14.723,419.8710001158455,96
2024-09-19 14:59:14.775,419.8595982031598,104
2024-09-19 14:59:14.781,419.8678087256313,100
2024-09-19 14:59:14.976,419.8413412153749,96
2024-09-19 14:59:14.995,419.8676261882272,105
2024-09-19 14:59:15.005,419.862871699938,995
2024-09-19 14:59:15.010,419.7506915571011,105
2024-09-19 14:59:15.030,419.8015639445657,95
2024-09-19 14:59:15.036,419.8468586093867,996
2024-09-19 14:59:15.051,419.8117013011154,8
2024-09-19 14:59:15.068,419.8241644416804,99
2024-09-19 14:59:15.073,419.8257010347918,996
2024-09-19 14:59:15.086,419.7381833179626,5
2024-09-19 14:59:15.092,419.7567848416726,996
2024-09-19 14:59:15.160,419.8406007043992,1004
2024-09-19 14:59:15.225,419.8026982429664,101
2024-09-19 14:59:15.261,419.8352484872173,6
2024-09-19 14:59:15.328,419.8337396362172,9
2024-09-19 14:59:15.356,419.7920790245822,1001
2024-09-19 14:59:15.369,419.8273055522971,12
2024-09-19 14:59:15.476,419.7986842934235,103
2024-09-19 14:59:15.494,419.7863318392416,8
2024-09-19 14:59:15.640,419.7598600587619,104
2024-09-19 14:59:15.644,419.8039309890272,96
2024-09-19 14:59:15.674,419.86624035616046,11
2024-09-19 14:59:15.721,419.7454775901479,102
2024-09-19 14:59:15.745,419.80068580996726,9
2024-09-19 14:59:15.797,419.8380032021165,103
2024-09-19 14:59:15.877,419.8726563519528,96
2024-09-19 14:59:15.890,419.75452025176384,996
2024-09-19 14:59:15.902,419.8451703248011,10
2024-09-19 14:59:16.109,419.6821574551665,1002
2024-09-19 14:59:16.159,419.7223879004345,9
2024-09-19 14:59:16.255,419.6684991311213,9
2024-09-19 14:59:16.312,419.736927763921,6
2024-09-19 14:59:16.345,419.7300193057019,1002
2024-09-19 14:59:16.374,419.68951772235306,101
2024-09-19 14:59:16.376,419.7028425762825,13
2024-09-19 14:59:16.411,419.73037462837925,12
2024-09-19 14:59:16.456,419.7040285941416,95
2024-09-19 14:59:16.519,419.670336642774,105
2024-09-19 14:59:16.549,419.7472961936831,996
2024-09-19 14:59:16.599,419.6769740525796,100
2024-09-19 14:59:16.631,419.77210502115975,96
2024-09-19 14:59:16.705,419.6877790979783,98
2024-09-19 14:59:16.721,419.7024794537095,996
2024-09-19 14:59:16.728,419.691130851044,13
2024-09-19 14:59:16.873,419.7532350651223,5
2024-09-19 14:59:17.027,414.87430468826346,105
2024-09-19 14:59:17.061,419.6579078937484,102
2024-09-19 14:59:17.669,419.62242024459294,1005
2024-09-19 14:59:17.954,419.6539396353822,1002
2024-09-19 14:59:18.218,419.59820261949335,13
2024-09-19 14:59:18.413,419.59683508376713,103
2024-09-19 14:59:18.480,419.5975064237229,15
2024-09-19 14:59:18.492,419.5911924230822,996
2024-09-19 14:59:18.596,419.6021625351736,15
2024-09-19 14:59:18.822,419.6014323804999,11
2024-09-19 14:59:18.868,419.5822636856453,5
2024-09-19 14:59:18.874,419.5905912025923,100
2024-09-19 14:59:18.875,419.5936685945115,1000
2024-09-19 14:59:18.947,419.6229385592607,8
2024-09-19 14:59:19.005,419.64094940073727,1001
2024-09-19 14:59:19.010,419.6474821938189,9
2024-09-19 14:59:19.016,419.60326341166007,100
2024-09-19 14:59:19.032,419.63805911636,10
2024-09-19 14:59:19.088,419.6481020640156,97
2024-09-19 14:59:19.120,419.6139919261338,11
2024-09-19 14:59:19.143,419.6559674213077,995
2024-09-19 14:59:19.160,419.6228746836653,6
2024-09-19 14:59:19.168,419.61281161748815,7
2024-09-19 14:59:19.321,419.6434602309393,15
2024-09-19 14:59:19.413,419.614658414972,998
2024-09-19 14:59:19.447,419.6064982095791,95
2024-09-19 14:59:19.523,419.6506839251628,97
2024-09-19 14:59:19.546,419.6078182052968,14
2024-09-19 14:59:19.672,419.6309932091709,998
2024-09-19 14:59:19.725,41.96136420559319,105
2024-09-19 14:59:19.743,419.6304044588564,1000
2024-09-19 14:59:19.895,419.59819578051065,999
2024-09-19 14:59:20.129,419.57944993862736,12
2024-09-19 14:59:20.290,419.6030888601373,999
2024-09-19 14:59:20.484,419.5975806058288,1001
2024-09-19 14:59:20.793,419.6107354502702,7
2024-09-19 14:59:21.254,419.5768606536633,995
2024-09-19 14:59:22.012,419.6370572839524,12
2024-09-19 14:59:22.082,419.544134646817,10
2024-09-19 14:59:22.097,419.5716531676705,10
2024-09-19 14:59:22.182,419.5555876404752,1000
2024-09-19 14:59:22.183,419.5404485107459,1005
2024-09-19 14:59:22.217,419.5747708853004,9
2024-09-19 14:59:22.364,419.54142533630267,1001
2024-09-19 14:59:22.376,419.65947341085183,6
2024-09-19 14:59:22.392,419.570946122758,11
2024-09-19 14:59:22.455,419.6257485743062,6
2024-09-19 14:59:22.455,419.5604468152908,101
2024-09-19 14:59:22.475,419.60906763999486,995
2024-09-19 14:59:22.572,419.6724946325773,1004
2024-09-19 14:59:22.592,419.5559472794756,101
2024-09-19 14:59:22.593,419.60133891343713,96
2024-09-19 14:59:22.634,419.6352985271236,97
2024-09-19 14:59:22.656,419.6767082852821,998
2024-09-19 14:59:22.710,419.5470821157663,11
2024-09-19 14:59:22.724,419.67710487356186,100
2024-09-19 14:59:22.731,419.5532784524029,998
2024-09-19 14:59:22.765,419.65234234406176,1004
2024-09-19 14:59:22.810,419.5774038864472,996
2024-09-19 14:59:22.895,419.5455436111732,996
2024-09-19 14:59:22.896,419.6630504536248,99
2024-09-19 14:59:23.006,419.7041983530548,9
2024-09-19 14:59:23.028,419.679737406115,9
2024-09-19 14:59:23.079,419.6942762896243,95
2024-09-19 14:59:23.096,419.6627396941396,102
2024-09-19 14:59:23.191,419.70465454473214,15
2024-09-19 14:59:23.219,419.6647081916451,10
2024-09-19 14:59:23.254,419.6789458929693,96
2024-09-19 14:59:23.342,419.7011774374861,97
2024-09-19 14:59:23.350,419.6756357046357,95
2024-09-19 14:59:23.380,419.69904586006857,6
2024-09-19 14:59:23.444,419.68614035430494,10
2024-09-19 14:59:23.473,419.7014741262219,104
2024-09-19 14:59:23.583,419.69391818579953,1000
2024-09-19 14:59:23.609,419.6972613300039,103
2024-09-19 14:59:23.738,419.6823135472719,14
2024-09-19 14:59:23.901,419.6930195257823,13
2024-09-19 14:59:23.930,419.68518357646536,14
2024-09-19 14:59:23.994,419.69016414671376,1003
2024-09-19 14:59:24.010,419.6112142233597,15
2024-09-19 14:59:24.017,419.6327317192436,996
2024-09-19 14:59:24.062,419.6402532557951,1003
2024-09-19 14:59:24.120,419.6480704942266,995
2024-09-19 14:59:24.132,419.5938723696714,1003
2024-09-19 14:59:24.138,419.6577412917194,99
2024-09-19 14:59:24.357,419.6447384926502,1001
2024-09-19 14:59:24.417,419.6208658905476,1005
2024-09-19 14:59:24.450,419.65888960025774,999
2024-09-19 14:59:24.513,419.6295578499191,1004
2024-09-19 14:59:24.524,419.63247315392,996
2024-09-19 14:59:24.550,419.6533516687662,102
2024-09-19 14:59:24.595,419.601606263504,1000
2024-09-19 14:59:24.619,419.62009844064846,100
2024-09-19 14:59:24.655,419.60498912289455,999
2024-09-19 14:59:24.686,419.6728935632601,97
2024-09-19 14:59:24.693,419.65151117547015,97
2024-09-19 14:59:24.715,419.6160318938202,998
2024-09-19 14:59:24.736,419.6221210476646,5
2024-09-19 14:59:24.758,419.67011289461897,105
2024-09-19 14:59:24.806,419.64019419575686,101
2024-09-19 14:59:24.814,419.601326810891,102
2024-09-19 14:59:24.860,419.6253154888802,1005
2024-09-19 14:59:24.896,419.6190691584456,998
2024-09-19 14:59:24.931,419.6599899645966,14
2024-09-19 14:59:25.004,419.6395838116004,7
2024-09-19 14:59:25.017,419.6791467185417,1005
2024-09-19 14:59:25.107,419.67807626657145,104
2024-09-19 14:59:25.151,419.7012121113413,10
2024-09-19 14:59:25.170,419.72787685997537,1000
2024-09-19 14:59:25.188,419.6860663938861,95
2024-09-19 14:59:25.199,419.7188380149513,15
2024-09-19 14:59:25.275,419.7280182176568,1005
2024-09-19 14:59:25.287,419.67879467407226,8
2024-09-19 14:59:25.362,419.6691450538905,5
2024-09-19 14:59:25.389,419.6630476286591,1003
2024-09-19 14:59:25.451,419.68640222689504,997
2024-09-19 14:59:25.453,419.705781088885,101
2024-09-19 14:59:25.457,419.6225559989224,1000
2024-09-19 14:59:25.549,419.7269708270503,998
2024-09-19 14:59:25.630,419.6842769498152,99
2024-09-19 14:59:25.645,419.6934211409272,100
2024-09-19 14:59:25.658,419.73263177114654,11
2024-09-19 14:59:25.661,,101
2024-09-19 14:59:25.668,419.6653293939464,14
2024-09-19 14:59:25.678,419.6714884014324,100
2024-09-19 14:59:25.743,419.6806280868678,6
2024-09-19 14:59:25.776,419.7026783472766,15
2024-09-19 14:59:25.790,419.669056612989,100
2024-09-19 14:59:25.799,419.736392615618,10
2024-09-19 14:59:25.814,419.6767058262876,14
2024-09-19 14:59:25.880,419.7037723408942,104
2024-09-19 14:59:25.950,419.6734329768513,103
2024-09-19 14:59:25.956,419.6687863493288,100
2024-09-19 14:59:26.037,419.78018062963673,1003
2024-09-19 14:59:26.096,419.70866998475753,1001
2024-09-19 14:59:26.185,419.7237926760532,1005
2024-09-19 14:59:26.211,419.7401415902072,96
2024-09-19 14:59:26.291,419.7198312211449,7
2024-09-19 14:59:26.333,419.7085642418455,10
2024-09-19 14:59:26.475,419.72268820040006,8
2024-09-19 14:59:26.540,419.7301648286183,100
2024-09-19 14:59:26.565,419.73348784143735,14
2024-09-19 14:59:26.626,419.7379261879473,101
2024-09-19 14:59:26.754,419.720828014,1005
2024-09-19 14:59:26.776,419.70555256493566,14
2024-09-19 14:59:26.829,419.7209416181872,1005
2024-09-19 14:59:26.854,-419.7155719766422,101
2024-09-19 14:59:26.863,419.7463619431328,100
2024-09-19 14:59:26.981,419.730379354253,7
2024-09-19 14:59:27.061,419.81521181808296,98
2024-09-19 14:59:27.089,419.7797154822869,7
2024-09-19 14:59:27.154,419.8853798373192,13
2024-09-19 14:59:27.157,419.8022156868844,998
2024-09-19 14:59:27.177,419.8021259756764,6
2024-09-19 14:59:27.196,419.8910013320888,1001
2024-09-19 14:59:27.211,419.8932112503037,100
2024-09-19 14:59:27.213,419.7914986650383,1002
2024-09-19 14:59:27.226,419.8871725851189,102
2024-09-19 14:59:27.258,419.7741061802584,10
2024-09-19 14:59:27.389,419.8959714647943,6
2024-09-19 14:59:27.392,419.7782298182588,8
2024-09-19 14:59:27.511,419.7818963263091,1002
2024-09-19 14:59:27.599,419.84881984330354,15
2024-09-19 14:59:27.599,419.8554081549764,9
2024-09-19 14:59:27.630,415.0528299038872,9
2024-09-19 14:59:27.636,419.8237722549383,101
2024-09-19 14:59:27.638,419.85221899183045,1004
2024-09-19 14:59:27.807,419.7916331885685,995
2024-09-19 14:59:27.810,419.84705678316976,105
2024-09-19 14:59:27.826,419.89113090114216,14
2024-09-19 14:59:28.022,419.8864455394488,1002
2024-09-19 14:59:28.063,419.9221489117395,998
2024-09-19 14:59:28.259,419.8983950449655,10
2024-09-19 14:59:28.345,419.9371178782258,104
2024-09-19 14:59:28.391,419.90692205114624,9
2024-09-19 14:59:28.435,419.88534597730825,99
2024-09-19 14:59:28.443,419.9273692765207,13
2024-09-19 14:59:28.478,419.8833950416969,998
2024-09-19 14:59:28.527,419.87930313749393,10
2024-09-19 14:59:28.547,419.9057856350704,998
2024-09-19 14:59:28.582,419.9280862836531,1003
2024-09-19 14:59:28.592,419.9023445405701,995
2024-09-19 14:59:28.595,419.90130368986297,100
2024-09-19 14:59:28.612,419.9292881482856,95
2024-09-19 14:59:28.708,419.8874108272675,1004
2024-09-19 14:59:28.892,419.9241031736127,104
2024-09-19 14:59:28.957,419.93347449881367,997
2024-09-19 14:59:28.963,419.93642984844575,998
2024-09-19 14:59:29.163,419.8907723836733,98
2024-09-19 14:59:29.253,419.909391628215,103
2024-09-19 14:59:29.261,419.8918944033501,95
2024-09-19 14:59:29.305,419.9265752338442,996
2024-09-19 14:59:29.419,419.91483487725486,1005
2024-09-19 14:59:29.435,419.90518245899096,998
2024-09-19 14:59:29.461,419.8927733156368,15
2024-09-19 14:59:29.605,419.88332833886346,95
2024-09-19 14:59:29.611,419.8828935345832,999
2024-09-19 14:59:29.629,419.9085841170418,998
2024-09-19 14:59:29.680,419.8969697851364,1004
2024-09-19 14:59:29.681,419.90141744557576,998
2024-09-19 14:59:29.873,419.90265709971294,6
2024-09-19 14:59:29.881,419.880042002449,95
2024-09-19 14:59:29.889,419.8727215925392,104
2024-09-19 14:59:29.971,419.88844443071446,9
2024-09-19 14:59:29.987,419.8997900023334,15
2024-09-19 14:59:30.091,419.9225696834334,1005
2024-09-19 14:59:30.136,419.9029955638529,12
2024-09-19 14:59:30.371,419.9379930504477,101
2024-09-19 14:59:30.485,419.9223753578778,13
2024-09-19 14:59:30.546,419.9076449798787,9
2024-09-19 14:59:30.651,419.9182850983991,996
2024-09-19 14:59:30.657,419.9232928729638,95
2024-09-19 14:59:30.669,419.9279393616828,12
2024-09-19 14:59:30.687,419.92802325354506,1004
2024-09-19 14:59:30.750,419.9311678226544,999
2024-09-19 14:59:30.807,419.9119293210106,11
2024-09-19 14:59:30.817,419.91082111072905,996
2024-09-19 14:59:30.843,419.9445050876389,100
2024-09-19 14:59:30.972,419.93334736644175,9
2024-09-19 14:59:31.020,419.8845970080719,95
2024-09-19 14:59:31.154,419.8669482774565,998
2024-09-19 14:59:31.177,419.85019747515184,99
2024-09-19 14:59:31.187,419.8899325269936,13
2024-09-19 14:59:31.192,419.85039116526775,9
2024-09-19 14:59:31.227,419.8539257461446,98
2024-09-19 14:59:31.470,419.84602987414695,998
2024-09-19 14:59:31.471,419.8595148056301,11
2024-09-19 14:59:31.513,419.8411313775522,101
2024-09-19 14:59:31.660,419.8996131464981,15
2024-09-19 14:59:31.713,419.8972908486525,1005
2024-09-19 14:59:31.769,419.89701360221983,101
2024-09-19 14:59:31.847,419.8442703777784,5
2024-09-19 14:59:31.859,419.8980271248692,12
2024-09-19 14:59:31.935,419.9019299041099,13
2024-09-19 14:59:32.039,419.86167034774064,12
2024-09-19 14:59:32.170,419.8824188517123,97
2024-09-19 14:59:32.209,419.8602950710828,997
2024-09-19 14:59:32.211,419.8823747285043,1004
2024-09-19 14:59:32.221,419.8683475592147,95
2024-09-19 14:59:32.288,419.90071245343455,1005
2024-09-19 14:59:32.298,419.8724437878349,1000
2024-09-19 14:59:32.368,419.8471543190208,998
2024-09-19 14:59:32.373,419.8861872804874,10
2024-09-19 14:59:32.383,419.87974526965536,102
2024-09-19 14:59:32.461,419.8808398793245,5
2024-09-19 14:59:32.471,419.879600339799,104
2024-09-19 14:59:32.480,419.9119331634416,102
2024-09-19 14:59:32.483,419.8764567229259,5
2024-09-19 14:59:32.492,419.92330345046815,1002
2024-09-19 14:59:32.517,419.86568104028106,997
2024-09-19 14:59:32.546,419.8644499125882,1004
2024-09-19 14:59:32.643,419.8865406470268,101
2024-09-19 14:59:32.774,419.871447967382,103
2024-09-19 14:59:32.780,419.89205382859865,96
2024-09-19 14:59:32.801,419.9031698137821,1003
2024-09-19 14:59:32.806,419.87957827999446,5
2024-09-19 14:59:32.864,419.85621606874025,5
2024-09-19 14:59:32.866,419.8999391767914,1005
2024-09-19 14:59:32.904,419.8664293020962,1002
2024-09-19 14:59:32.967,419.8871862704384,995
2024-09-19 14:59:32.997,419.8730269449688,7
2024-09-19 14:59:33.091,419.9397122977055,1000
2024-09-19 14:59:33.224,419.9331709592322,99
2024-09-19 14:59:33.268,419.9336262295445,1003
2024-09-19 14:59:33.273,419.9571630141333,10
2024-09-19 14:59:33.294,419.9295293235804,10
2024-09-19 14:59:33.580,419.9450514285477,99
2024-09-19 14:59:33.604,419.9487417147176,1005
2024-09-19 14:59:33.609,419.9332394510235,1005
2024-09-19 14:59:33.665,419.9390523320727,96
2024-09-19 14:59:33.796,419.9437782654316,11
2024-09-19 14:59:33.820,419.9297361949895,96
2024-09-19 14:59:34.056,419.9101843489674,995
2024-09-19 14:59:34.210,419.901298577455,999
2024-09-19 14:59:34.216,419.90788596883465,997
2024-09-19 14:59:34.232,419.8962824308043,999
2024-09-19 14:59:34.706,419.92834404999377,11
2024-09-19 14:59:34.850,419.89402927241775,101
2024-09-19 14:59:34.950,419.91761072245714,995
2024-09-19 14:59:35.020,419.8711893290583,105
2024-09-19 14:59:35.089,419.90402015386337,999
2024-09-19 14:59:35.099,-419.87941888520993,101
2024-09-19 14:59:35.208,419.912631327869,98
2024-09-19 14:59:35.217,419.90688171427377,9
2024-09-19 14:59:35.229,419.842266168677,6
2024-09-19 14:59:35.239,419.8733618759736,1001
2024-09-19 14:59:35.245,419.8417501307438,15
2024-09-19 14:59:35.292,419.889562385984,8
2024-09-19 14:59:35.303,419.9073253814005,14
2024-09-19 14:59:35.331,-419.89820590804527,995
2024-09-19 14:59:35.351,419.8432206888248,997
2024-09-19 14:59:35.376,419.8676397994724,996
2024-09-19 14:59:35.387,419.9108551033392,9
2024-09-19 14:59:35.446,419.91269402269216,14
2024-09-19 14:59:35.477,419.8735759686121,11
2024-09-19 14:59:35.550,419.8933298401928,6
2024-09-19 14:59:35.573,419.873613676906,1002
2024-09-19 14:59:35.609,419.8690383245356,14
2024-09-19 14:59:35.627,419.8758333814755,1001
2024-09-19 14:59:35.789,419.885515672098,999
2024-09-19 14:59:35.856,419.9015990336008,13
2024-09-19 14:59:35.910,419.8610675339613,1001
2024-09-19 14:59:35.946,419.8987393692088,7
2024-09-19 14:59:36.076,419.8642234455708,10
2024-09-19 14:59:36.247,419.8630269708988,11
2024-09-19 14:59:36.481,419.8792708081514,5
2024-09-19 14:59:36.705,419.8954027789314,15
2024-09-19 14:59:36.741,419.87340050819375,15
2024-09-19 14:59:37.013,419.7572127230361,98
2024-09-19 14:59:37.049,419.7979106709895,11
2024-09-19 14:59:37.082,419.8783513720901,1004
2024-09-19 14:59:37.082,419.8296958666894,97
2024-09-19 14:59:37.111,419.7814852127024,10
2024-09-19 14:59:37.281,419.7919025292778,103
2024-09-19 14:59:37.294,419.76251384275855,999
2024-09-19 14:59:37.383,419.8508775757249,999
2024-09-19 14:59:37.433,419.8440387334037,14
2024-09-19 14:59:37.462,419.8049227546864,996
2024-09-19 14:59:37.479,419.8129887398755,15
2024-09-19 14:59:37.484,419.7469866627788,103
2024-09-19 14:59:37.544,419.8950935723733,98
2024-09-19 14:59:37.557,419.7528276146861,1000
2024-09-19 14:59:37.656,419.8544706023541,13
2024-09-19 14:59:37.658,419.7689399282824,11
2024-09-19 14:59:37.694,419.8036728675601,10
2024-09-19 14:59:37.735,419.76724592241374,104
2024-09-19 14:59:37.736,419.8636464910979,95
2024-09-19 14:59:37.776,419.8587536233725,103
2024-09-19 14:59:37.809,419.763672394983,9
2024-09-19 14:59:37.846,419.82769018375245,999
2024-09-19 14:59:37.893,419.7886656839533,9
2024-09-19 14:59:38.028,419.7180945476279,101
2024-09-19 14:59:38.052,419.72984887680815,1003
2024-09-19 14:59:38.092,419.7400967498969,999
2024-09-19 14:59:38.110,419.7387659513604,103
2024-09-19 14:59:38.300,419.7624870562218,97
2024-09-19 14:59:38.306,419.7155977891321,103
2024-09-19 14:59:38.447,419.7316587214707,11
2024-09-19 14:59:38.519,419.7363397977828,1001
2024-09-19 14:59:38.621,419.706833863186,100
2024-09-19 14:59:38.659,419.780229989636,11
2024-09-19 14:59:38.659,419.7220014701175,11
2024-09-19 14:59:38.706,419.7285530960907,1002
2024-09-19 14:59:38.839,419.7311684296267,101
2024-09-19 14:59:38.856,419.7440563630188,9
2024-09-19 14:59:38.868,419.77536070549553,1001
2024-09-19 14:59:38.931,419.752552124064,102
2024-09-19 14:59:38.981,419.7310890071503,10
2024-09-19 14:59:39.048,419.7437074221372,9
2024-09-19 14:59:39.131,419.73736007127854,8
2024-09-19 14:59:39.183,419.77317077721193,102
2024-09-19 14:59:39.230,419.7276232606663,1004
2024-09-19 14:59:39.239,419.7589569380247,997
2024-09-19 14:59:39.284,419.7555947032278,99
2024-09-19 14:59:39.340,419.744622481786,15
2024-09-19 14:59:39.551,419.769929722788,99
2024-09-19 14:59:39.606,419.7432911871523,95
2024-09-19 14:59:39.995,419.726824063938,6
2024-09-19 14:59:40.258,419.8058031624761,996
2024-09-19 14:59:40.455,419.842888355032,9
2024-09-19 14:59:40.506,419.8024791460545,96
2024-09-19 14:59:40.815,419.8231864085443,12
2024-09-19 14:59:40.922,419.8039019517904,996
2024-09-19 14:59:41.034,419.8385872078136,999
2024-09-19 14:59:41.265,419.7241707816885,103
2024-09-19 14:59:41.377,419.77564464734473,8
2024-09-19 14:59:41.534,419.85644838325146,996
2024-09-19 14:59:41.577,419.81711758941896,6
2024-09-19 14:59:41.581,419.8494131720446,8
2024-09-19 14:59:41.621,419.7776115901542,11
2024-09-19 14:59:41.627,419.7323896270939,998
2024-09-19 14:59:41.823,419.7538634737699,6
2024-09-19 14:59:41.859,419.8486470856422,104
2024-09-19 14:59:41.864,419.7405102294301,99
2024-09-19 14:59:41.879,419.8703479403953,100
2024-09-19 14:59:41.886,419.72792365050265,1002
2024-09-19 14:59:41.942,419.8634811545616,1004
2024-09-19 14:59:41.971,419.8139506927198,104
2024-09-19 14:59:42.105,419.7357277843865,996
2024-09-19 14:59:42.217,419.7790327629321,1004
2024-09-19 14:59:42.218,419.7597649792484,96
2024-09-19 14:59:42.276,419.75156223421135,11
2024-09-19 14:59:42.284,419.7527618258174,12
2024-09-19 14:59:42.523,419.7625201909053,8
2024-09-19 14:59:42.610,419.7496893498975,1001
2024-09-19 14:59:42.733,419.7304457733927,1003
2024-09-19 14:59:42.745,419.76597064603936,103
2024-09-19 14:59:43.039,419.68776580205866,6
2024-09-19 14:59:43.112,419.7101027068197,10
2024-09-19 14:59:43.196,419.7029818184647,8
2024-09-19 14:59:43.225,415.0557476590998,98
2024-09-19 14:59:43.265,419.7155095016245,998
2024-09-19 14:59:43.296,419.7093602651223,12
2024-09-19 14:59:43.303,419.68059408105495,99
2024-09-19 14:59:43.382,419.6324890647505,99
2024-09-19 14:59:43.470,419.7136880862693,5
2024-09-19 14:59:43.493,419.6428955041691,100
2024-09-19 14:59:43.574,419.6339198334011,1003
2024-09-19 14:59:43.576,419.6709292398226,98
2024-09-19 14:59:43.607,419.6052669680429,996
2024-09-19 14:59:43.646,419.7118910724458,6
2024-09-19 14:59:43.797,419.6431193041402,1005
2024-09-19 14:59:43.849,419.7079902538781,1000
2024-09-19 14:59:43.957,419.7180398726945,1005
2024-09-19 14:59:43.973,419.7276986150516,11
2024-09-19 14:59:43.986,419.72586493951127,5
2024-09-19 14:59:44.033,419.6691565195685,996
2024-09-19 14:59:44.145,419.6484789370837,105
2024-09-19 14:59:44.227,419.6595845996778,13
2024-09-19 14:59:44.305,419.65792515537447,104
2024-09-19 14:59:44.324,419.63283150118326,96
2024-09-19 14:59:44.517,419.6734166645554,101
2024-09-19 14:59:44.593,419.626297369027,101
2024-09-19 14:59:44.709,419.6400848525904,1001
2024-09-19 14:59:44.760,419.6883958711558,105
2024-09-19 14:59:44.764,419.7061493324436,997
2024-09-19 14:59:44.856,419.6303983078732,1005
2024-09-19 14:59:44.907,419.6270146179857,5
2024-09-19 14:59:44.923,419.6632849309529,1005
2024-09-19 14:59:44.992,419.63329179638,100
2024-09-19 14:59:45.012,419.70093204540393,13
2024-09-19 14:59:45.129,419.7093038958049,5
2024-09-19 14:59:45.263,419.7136346025645,96
2024-09-19 14:59:45.360,419.71408478287,96
2024-09-19 14:59:45.361,419.6961014795909,1001
2024-09-19 14:59:45.442,415.13074498586377,1003
2024-09-19 14:59:45.481,419.6764492963363,5
2024-09-19 14:59:45.543,419.7182583969583,5
2024-09-19 14:59:45.676,419.71898884438286,100
2024-09-19 14:59:45.703,419.7053754105846,7
2024-09-19 14:59:45.731,419.6961811649014,95
2024-09-19 14:59:45.870,419.7128712685446,10
2024-09-19 14:59:45.897,419.7011562668926,102
2024-09-19 14:59:45.939,419.6719996467797,8
2024-09-19 14:59:45.972,419.6885857186592,1000
2024-09-19 14:59:45.983,419.7081300088156,6
2024-09-19 14:59:46.067,419.70827964041376,10
2024-09-19 14:59:46.109,419.7218381926189,1003
2024-09-19 14:59:46.204,419.7369867303806,102
2024-09-19 14:59:46.314,419.7272436646992,14
2024-09-19 14:59:46.328,419.7017863518679,103
2024-09-19 14:59:46.354,419.7335961307274,105
2024-09-19 14:59:46.477,41.97292538001461,104
2024-09-19 14:59:46.499,419.7339169080337,96
2024-09-19 14:59:46.508,419.72163635788775,95
2024-09-19 14:59:46.528,419.7351781592498,102
2024-09-19 14:59:46.561,419.70884162124855,98
2024-09-19 14:59:46.718,419.7340556393991,13
2024-09-19 14:59:46.732,419.7368586597271,11
2024-09-19 14:59:46.774,419.7087244305721,97
2024-09-19 14:59:46.802,419.7341248709026,999
2024-09-19 14:59:46.855,419.70587467119833,5
2024-09-19 14:59:46.882,419.7382993529174,14
2024-09-19 14:59:46.915,419.7359841920591,96
2024-09-19 14:59:46.934,419.7029126618847,12
2024-09-19 14:59:46.939,419.7481280947708,12
2024-09-19 14:59:46.957,,1000
2024-09-19 14:59:46.992,419.7166385510474,5
2024-09-19 14:59:47.045,419.7320910142847,98
2024-09-19 14:59:47.098,419.7503149268308,10
2024-09-19 14:59:47.113,419.7610305230612,98
2024-09-19 14:59:47.134,419.765990956509,996
2024-09-19 14:59:47.295,419.7369161406261,997
2024-09-19 14:59:47.298,419.6945540583498,1001
2024-09-19 14:59:47.299,419.7587529877608,10
2024-09-19 14:59:47.361,419.74553318985454,1004
2024-09-19 14:59:47.378,419.7292074879196,1002
2024-09-19 14:59:47.388,419.7123981474545,5
2024-09-19 14:59:47.445,419.7582391579754,8
2024-09-19 14:59:47.447,419.7381066551003,100
2024-09-19 14:59:47.473,41.97123200514049,95
2024-09-19 14:59:47.518,419.7791403066954,998
2024-09-19 14:59:47.540,419.7403392070312,995
2024-09-19 14:59:47.562,419.7583582574941,13
2024-09-19 14:59:47.615,419.7658872030897,1003
2024-09-19 14:59:47.634,419.7478807067092,998
2024-09-19 14:59:47.654,419.74515399419647,996
2024-09-19 14:59:47.735,419.76229520010907,100
2024-09-19 14:59:47.782,419.7310923684764,105
2024-09-19 14:59:47.785,419.7494125577867,9
2024-09-19 14:59:47.820,419.7530713267326,101
2024-09-19 14:59:47.890,419.765956315973,105
2024-09-19 14:59:47.891,419.751487610304,1000
2024-09-19 14:59:47.901,419.77065139195065,102
2024-09-19 14:59:47.949,419.7585586421829,15
2024-09-19 14:59:48.030,419.7072865347865,9
2024-09-19 14:59:48.096,419.7495257366002,5
2024-09-19 14:59:48.097,419.7438832306552,103
2024-09-19 14:59:48.105,419.7651911688403,14
2024-09-19 14:59:48.136,419.7160588520755,7
2024-09-19 14:59:48.141,419.74549724044994,101
2024-09-19 14:59:48.150,419.7408700268803,996
2024-09-19 14:59:48.252,419.7423014716972,996
2024-09-19 14:59:48.315,419.74469648317057,8
2024-09-19 14:59:48.370,419.7427214504877,997
2024-09-19 14:59:48.408,419.7421892684891,95
2024-09-19 14:59:48.436,419.72831872587255,1005
2024-09-19 14:59:48.473,419.73732790884594,997
2024-09-19 14:59:48.537,,996
2024-09-19 14:59:48.625,419.73891966034296,1004
2024-09-19 14:59:48.740,419.7321648848077,1005
2024-09-19 14:59:48.752,-419.71681675111074,999
2024-09-19 14:59:48.761,419.7506213211742,101
2024-09-19 14:59:48.774,419.7480805080209,995
2024-09-19 14:59:48.778,419.7508968657076,9
2024-09-19 14:59:48.788,419.74513415648215,105
2024-09-19 14:59:48.822,419.7640791935506,100
2024-09-19 14:59:48.838,419.7390209656935,99
2024-09-19 14:59:48.857,419.761722402427,1001
2024-09-19 14:59:48.861,419.7741682285061,1001
2024-09-19 14:59:48.940,419.7751985712332,98
2024-09-19 14:59:48.973,419.736114862606,999
2024-09-19 14:59:48.977,419.7169056123393,100
2024-09-19 14:59:49.041,419.81415334879097,10
2024-09-19 14:59:49.206,419.7671070402853,5
2024-09-19 14:59:49.216,419.81235550945786,1000
2024-09-19 14:59:49.321,419.7894313118697,95
2024-09-19 14:59:49.333,419.8031665331481,996
2024-09-19 14:59:49.337,419.7330488913393,1005
2024-09-19 14:59:49.341,419.7364317496344,98
2024-09-19 14:59:49.351,419.7379938390736,95
2024-09-19 14:59:49.374,419.7217291947712,101
2024-09-19 14:59:49.387,419.8077877587074,98
2024-09-19 14:59:49.499,419.7415944458079,96
2024-09-19 14:59:49.531,419.738977492269,1000
2024-09-19 14:59:49.544,419.73361671442126,9
2024-09-19 14:59:49.578,419.7369245351147,14
2024-09-19 14:59:49.588,419.8122100985012,98
2024-09-19 14:59:49.603,419.8034090244176,1002
2024-09-19 14:59:49.622,419.75517423783776,12
2024-09-19 14:59:49.664,419.7522705329635,11
2024-09-19 14:59:49.666,41.975575149186064,6
2024-09-19 14:59:49.675,419.7322437444407,11
2024-09-19 14:59:49.683,419.7566697621842,12
2024-09-19 14:59:49.699,419.8097415966247,1002
2024-09-19 14:59:49.811,419.7642502442538,104
2024-09-19 14:59:49.836,419.7330099103035,14
2024-09-19 14:59:49.845,419.7972634275099,997
2024-09-19 14:59:49.864,419.759879931596,6
2024-09-19 14:59:49.947,419.7662812978497,996
2024-09-19 14:59:49.988,419.80948099718887,104
2024-09-19 14:59:50.082,419.8080779576304,105
2024-09-19 14:59:50.133,419.8084599003416,102
2024-09-19 14:59:50.176,419.8002326373701,1005
2024-09-19 14:59:50.251,419.82345056222215,12
2024-09-19 14:59:50.328,419.8453234081002,5
2024-09-19 14:59:50.387,419.7969001049871,102
2024-09-19 14:59:50.516,419.8288033543599,995
2024-09-19 14:59:50.577,419.8057997290375,1001
2024-09-19 14:59:50.637,419.8569576802182,7
2024-09-19 14:59:50.644,419.823257225186,995
2024-09-19 14:59:50.682,419.8212523766976,8
2024-09-19 14:59:50.692,419.8018281716821,13
2024-09-19 14:59:50.718,419.8299443852129,96
2024-09-19 14:59:50.745,419.8346853531395,1003
2024-09-19 14:59:50.809,419.8063828160911,13
2024-09-19 14:59:50.961,419.8553185385507,12
2024-09-19 14:59:51.037,419.83626986460433,997
2024-09-19 14:59:51.194,-419.8325104396992,999
2024-09-19 14:59:51.206,419.8306797286283,7
2024-09-19 14:59:51.237,419.8630197509355,105
2024-09-19 14:59:51.320,419.828540919498,995
2024-09-19 14:59:51.329,419.8286589751113,1004
2024-09-19 14:59:51.345,419.78041903971416,1004
2024-09-19 14:59:51.360,419.83855435648775,1000
2024-09-19 14:59:51.401,419.8569075120405,996
2024-09-19 14:59:51.438,419.8337573121249,1001
2024-09-19 14:59:51.506,419.8353299846168,1003
2024-09-19 14:59:51.507,419.8507986111651,999
2024-09-19 14:59:51.525,419.82240698690896,1000
2024-09-19 14:59:51.526,419.8197976112066,1000
2024-09-19 14:59:51.549,419.8263808130312,104
2024-09-19 14:59:51.621,419.78305574013257,1002
2024-09-19 14:59:51.656,419.8339361959824,999
2024-09-19 14:59:51.708,419.8321947011909,15
2024-09-19 14:59:51.772,419.7823625808858,96
2024-09-19 14:59:51.915,419.8135170201241,105
2024-09-19 14:59:51.957,419.8681962041712,997
2024-09-19 14:59:52.074,419.8151454645145,997
2024-09-19 14:59:52.439,419.8374592964676,1004
2024-09-19 14:59:52.521,419.8394459561345,104
2024-09-19 14:59:52.601,419.8386198186027,9
2024-09-19 14:59:52.773,419.8462162815111,99
2024-09-19 14:59:52.896,419.8199569535131,102
2024-09-19 14:59:53.131,419.865068197751,998
2024-09-19 14:59:53.194,419.8724509624759,103
2024-09-19 14:59:53.282,419.8082170490644,98
2024-09-19 14:59:53.339,419.8321769431352,100
2024-09-19 14:59:53.361,419.8759131623668,14
2024-09-19 14:59:53.390,419.8394879234864,96
2024-09-19 14:59:53.490,419.82446790589336,12
2024-09-19 14:59:53.502,419.823304035095,103
2024-09-19 14:59:53.627,419.8091104204969,99
2024-09-19 14:59:53.636,419.8398335533416,100
2024-09-19 14:59:53.639,419.84741072202667,8
2024-09-19 14:59:53.687,419.80307767150674,9
2024-09-19 14:59:53.712,419.8301888636866,104
2024-09-19 14:59:53.730,419.8321149225881,104
2024-09-19 14:59:53.742,419.8023104429873,97
2024-09-19 14:59:53.758,419.8183647048832,999
2024-09-19 14:59:53.906,419.81623605586,11
2024-09-19 14:59:53.934,419.8291256429742,9
2024-09-19 14:59:54.019,419.95666074494767,998
2024-09-19 14:59:54.030,419.8851431516607,5
2024-09-19 14:59:54.105,419.92688662719,999
2024-09-19 14:59:54.110,419.9289562840624,8
2024-09-19 14:59:54.125,419.9308584234713,997
2024-09-19 14:59:54.160,419.9268147175131,9
2024-09-19 14:59:54.161,419.9346150674178,105
2024-09-19 14:59:54.233,419.9175500961831,96
2024-09-19 14:59:54.268,419.93340406356776,96
2024-09-19 14:59:54.283,419.919362290448,100
2024-09-19 14:59:54.328,419.9118475011331,14
2024-09-19 14:59:54.336,419.926567566544,13
2024-09-19 14:59:54.400,419.9163554293982,7
2024-09-19 14:59:54.468,419.8869659235677,995
2024-09-19 14:59:54.519,419.9475624980058,14
2024-09-19 14:59:54.526,419.9321557388956,99
2024-09-19 14:59:54.569,419.92905434005655,97
2024-09-19 14:59:54.655,419.9344610077487,97
2024-09-19 14:59:54.713,419.92700806837695,11
2024-09-19 14:59:54.729,419.898193690708,101
2024-09-19 14:59:54.832,419.9445268185942,8
2024-09-19 14:59:54.879,419.95120878535386,5
2024-09-19 14:59:54.888,419.9617040192854,1000
2024-09-19 14:59:54.891,419.961125204933,998
2024-09-19 14:59:54.941,419.9282357353424,1001
2024-09-19 14:59:54.945,419.9379607557197,999
2024-09-19 14:59:55.066,419.94823978972073,8
2024-09-19 14:59:55.236,419.9210133201384,997
2024-09-19 14:59:55.625,419.9198723869383,96
2024-09-19 14:59:55.724,419.9021389340177,999
2024-09-19 14:59:55.876,419.9107595516729,103
2024-09-19 14:59:55.976,419.9180606243678,99
2024-09-19 14:59:55.976,419.9339478571421,1000
2024-09-19 14:59:56.047,419.90627461064736,10
2024-09-19 14:59:56.281,419.9589487989321,1005
2024-09-19 14:59:56.307,419.9834658883273,12
2024-09-19 14:59:56.331,419.991404771958,1003
2024-09-19 14:59:56.331,419.9277218011823,10
2024-09-19 14:59:56.713,419.9472740287819,103
2024-09-19 14:59:56.880,419.93626191901865,1001
2024-09-19 14:59:57.123,419.9067974990032,1005
2024-09-19 14:59:57.656,419.90667189973607,103
2024-09-19 14:59:57.822,419.9110525693065,98
2024-09-19 14:59:57.913,419.8794549544243,1004
2024-09-19 14:59:58.170,419.8792881294521,15
2024-09-19 14:59:58.262,419.91633684728833,103
2024-09-19 14:59:58.351,419.8671302825323,101
2024-09-19 14:59:58.498,419.8964073323985,99
2024-09-19 14:59:58.519,419.9159388279871,997
2024-09-19 14:59:58.604,419.8749219817234,8
2024-09-19 14:59:58.641,419.8674873181077,9
2024-09-19 14:59:58.732,419.8751540977151,7
2024-09-19 14:59:58.859,419.87966478698695,999
2024-09-19 14:59:58.920,419.8866627452832,14
2024-09-19 14:59:59.139,419.91037994723695,99
2024-09-19 14:59:59.932,415.5204339166305,995
