Timestamp,Price,Size
2024-09-17 14:57:00.120,408.263601921572,105
2024-09-17 14:57:00.329,408.3070555361102,1002
2024-09-17 14:57:00.382,408.2860957215148,1001
2024-09-17 14:57:00.443,408.2695734655591,95
2024-09-17 14:57:00.468,408.3153227838153,1000
2024-09-17 14:57:00.579,408.2614426032397,995
2024-09-17 14:57:00.651,408.3138266852519,8
2024-09-17 14:57:00.684,408.2681034027153,98
2024-09-17 14:57:00.722,408.2634641971927,998
2024-09-17 14:57:00.788,408.2625007283692,1003
2024-09-17 14:57:00.826,408.2834953153711,1001
2024-09-17 14:57:01.008,408.2336886648948,12
2024-09-17 14:57:01.072,408.2893759702597,103
2024-09-17 14:57:01.114,408.288794722043,101
2024-09-17 14:57:01.149,408.291088547185,100
2024-09-17 14:57:01.151,408.2922970456656,14
2024-09-17 14:57:01.158,408.2526435299004,1005
2024-09-17 14:57:01.183,408.2772091362218,1000
2024-09-17 14:57:01.198,408.27862008161696,99
2024-09-17 14:57:01.198,408.2491050215621,7
2024-09-17 14:57:01.204,408.2678537223042,1001
2024-09-17 14:57:01.241,408.2281807174383,6
2024-09-17 14:57:01.251,408.2455413157388,98
2024-09-17 14:57:01.335,408.2815109126795,10
2024-09-17 14:57:01.339,408.2896670650235,999
2024-09-17 14:57:01.381,408.2941656946382,11
2024-09-17 14:57:01.402,408.28967297562616,12
2024-09-17 14:57:01.451,408.2839576107995,14
2024-09-17 14:57:01.457,408.2397100543366,8
2024-09-17 14:57:01.486,408.2892724080424,13
2024-09-17 14:57:01.492,408.2408270509514,998
2024-09-17 14:57:01.493,408.26660171671193,12
2024-09-17 14:57:01.502,408.2346456571266,95
2024-09-17 14:57:01.604,408.26282163793735,7
2024-09-17 14:57:01.624,408.2965682998849,105
2024-09-17 14:57:01.788,,998
2024-09-17 14:57:01.829,408.3048864257606,6
2024-09-17 14:57:01.893,408.28286214372,1000
2024-09-17 14:57:01.940,408.2602432050578,6
2024-09-17 14:57:02.001,408.33386873863736,98
2024-09-17 14:57:02.081,408.3602436276497,95
2024-09-17 14:57:02.090,408.345517959131,13
2024-09-17 14:57:02.118,408.3752871601571,8
2024-09-17 14:57:02.165,408.34539999504847,98
2024-09-17 14:57:02.196,,102
2024-09-17 14:57:02.206,408.34517838545474,13
2024-09-17 14:57:02.210,408.361571992792,97
2024-09-17 14:57:02.277,408.3860259636844,7
2024-09-17 14:57:02.325,408.3265951971068,995
2024-09-17 14:57:02.329,408.3359551053628,9
2024-09-17 14:57:02.397,408.3298181887014,1001
2024-09-17 14:57:02.480,408.3432207742686,95
2024-09-17 14:57:02.530,408.34476162186667,10
2024-09-17 14:57:02.565,408.3189338211504,14
2024-09-17 14:57:02.630,408.3380988475428,997
2024-09-17 14:57:02.649,408.3667068465842,14
2024-09-17 14:57:02.665,408.3607710270842,12
2024-09-17 14:57:02.733,408.3661378030472,95
2024-09-17 14:57:02.769,408.3692332472467,95
2024-09-17 14:57:02.770,408.3710709365111,996
2024-09-17 14:57:02.865,408.3483418787435,995
2024-09-17 14:57:02.976,408.3100133944261,105
2024-09-17 14:57:03.176,408.34038905795296,999
2024-09-17 14:57:03.194,408.3538258880478,103
2024-09-17 14:57:03.230,408.3548030063944,9
2024-09-17 14:57:03.269,408.3407003884755,1000
2024-09-17 14:57:03.322,408.343950528646,10
2024-09-17 14:57:03.374,408.3431518686455,96
2024-09-17 14:57:03.598,40.8371103513294,999
2024-09-17 14:57:03.627,408.3483273998221,1005
2024-09-17 14:57:03.628,408.3489439244063,998
2024-09-17 14:57:03.785,408.3369682519749,99
2024-09-17 14:57:03.819,408.3116396640627,13
2024-09-17 14:57:03.884,408.3526187668692,10
2024-09-17 14:57:04.030,408.3412195681344,105
2024-09-17 14:57:04.053,408.3133201997203,95
2024-09-17 14:57:04.210,40.83846581620372,14
2024-09-17 14:57:04.288,408.2927124326046,1005
2024-09-17 14:57:04.379,408.26652113566286,104
2024-09-17 14:57:04.472,408.2735096135333,10
2024-09-17 14:57:04.703,408.325867253588,999
2024-09-17 14:57:04.706,408.3646036537449,1000
2024-09-17 14:57:04.814,408.3156896710776,9
2024-09-17 14:57:04.978,408.28045013466624,97
2024-09-17 14:57:05.004,408.19684300478735,104
2024-09-17 14:57:05.051,408.21708996326527,6
2024-09-17 14:57:05.284,408.25274504529335,1005
2024-09-17 14:57:05.300,408.19252075019017,1004
2024-09-17 14:57:05.412,408.24377632896056,15
2024-09-17 14:57:05.423,408.2350943086911,15
2024-09-17 14:57:05.465,408.20656018014336,995
2024-09-17 14:57:05.494,408.18772582053424,8
2024-09-17 14:57:05.529,408.2130620157918,13
2024-09-17 14:57:05.563,408.24572525395007,6
2024-09-17 14:57:05.648,408.2699507294825,1000
2024-09-17 14:57:05.770,408.2391212084896,103
2024-09-17 14:57:05.848,408.2108674485763,104
2024-09-17 14:57:05.913,408.1873335712747,103
2024-09-17 14:57:06.221,408.2017219694162,98
2024-09-17 14:57:06.245,408.1832029689529,96
2024-09-17 14:57:06.296,408.1874000830679,5
2024-09-17 14:57:06.497,408.18722447259614,98
2024-09-17 14:57:06.615,408.1968465112881,1005
2024-09-17 14:57:06.662,408.1935545953864,100
2024-09-17 14:57:06.819,408.1851105687133,7
2024-09-17 14:57:06.869,408.19618638089145,1000
2024-09-17 14:57:06.993,408.1785393856208,97
2024-09-17 14:57:07.149,408.2182985595056,1000
2024-09-17 14:57:07.337,40.81960926683643,997
2024-09-17 14:57:07.587,408.200826800185,104
2024-09-17 14:57:07.649,408.1912106836425,15
2024-09-17 14:57:07.747,408.21069903049255,97
2024-09-17 14:57:07.752,408.1861178208552,15
2024-09-17 14:57:07.816,408.2193075058162,1004
2024-09-17 14:57:07.858,408.186827273368,9
2024-09-17 14:57:07.896,408.1960972577265,1005
2024-09-17 14:57:08.317,408.16475331918815,97
2024-09-17 14:57:08.401,408.1324662465,102
2024-09-17 14:57:08.470,408.1383488999054,5
2024-09-17 14:57:08.622,408.1614221413309,999
2024-09-17 14:57:08.631,408.16182035049593,99
2024-09-17 14:57:08.742,408.1807500250031,102
2024-09-17 14:57:08.898,408.1540702434065,104
2024-09-17 14:57:08.989,408.1801065878706,996
2024-09-17 14:57:09.011,408.2253265345312,1004
2024-09-17 14:57:09.020,408.1999487323569,104
2024-09-17 14:57:09.167,408.2844180045997,6
2024-09-17 14:57:09.200,408.24729613205824,103
2024-09-17 14:57:09.215,408.2710209837776,103
2024-09-17 14:57:09.296,408.237982436385,11
2024-09-17 14:57:09.356,408.2553582777357,100
2024-09-17 14:57:09.370,408.2266103384485,12
2024-09-17 14:57:09.437,408.2116236319932,1000
2024-09-17 14:57:09.440,408.2569558399904,95
2024-09-17 14:57:09.492,408.23212425102633,1000
2024-09-17 14:57:09.530,408.2900241996669,7
2024-09-17 14:57:09.541,414.7190192331064,8
2024-09-17 14:57:09.626,408.18687049689913,104
2024-09-17 14:57:09.662,408.2863130729568,99
2024-09-17 14:57:09.691,408.2332875486922,101
2024-09-17 14:57:09.697,408.3099461811266,997
2024-09-17 14:57:09.708,408.2946251521017,101
2024-09-17 14:57:09.725,408.27533755801335,13
2024-09-17 14:57:09.747,408.2366007219281,7
2024-09-17 14:57:09.779,408.2782829891466,102
2024-09-17 14:57:09.815,408.2047114335738,12
2024-09-17 14:57:09.836,408.2600032728655,99
2024-09-17 14:57:09.841,408.2097031270271,100
2024-09-17 14:57:09.912,408.29844260694654,996
2024-09-17 14:57:10.019,408.2499517590607,1000
2024-09-17 14:57:10.122,,14
2024-09-17 14:57:10.128,408.2677787175871,1005
2024-09-17 14:57:10.131,408.3047617729784,995
2024-09-17 14:57:10.169,408.3188442315263,95
2024-09-17 14:57:10.384,408.2841871620823,999
2024-09-17 14:57:10.387,408.2637252082712,99
2024-09-17 14:57:10.428,408.3057889072155,103
2024-09-17 14:57:10.504,408.2878358383508,8
2024-09-17 14:57:10.514,-408.2849856943438,995
2024-09-17 14:57:10.555,408.2881247297093,1004
2024-09-17 14:57:10.601,408.308763145737,98
2024-09-17 14:57:10.615,408.293059994096,10
2024-09-17 14:57:10.619,408.33076847999536,101
2024-09-17 14:57:10.659,408.271242034658,9
2024-09-17 14:57:10.686,408.3093815140109,999
2024-09-17 14:57:10.713,408.2750199942361,12
2024-09-17 14:57:10.724,408.30691914159576,105
2024-09-17 14:57:10.784,408.3027938056933,998
2024-09-17 14:57:10.825,408.27825016344775,997
2024-09-17 14:57:10.912,408.2768869277082,96
2024-09-17 14:57:10.924,408.2987417131044,11
2024-09-17 14:57:10.937,408.2989221672472,13
2024-09-17 14:57:11.265,408.2733379165761,998
2024-09-17 14:57:11.639,408.27169925709353,8
2024-09-17 14:57:12.001,408.1935824790721,1000
2024-09-17 14:57:12.057,408.19110977639286,99
2024-09-17 14:57:12.132,408.1939073933193,996
2024-09-17 14:57:12.133,408.2062866328071,12
2024-09-17 14:57:12.140,408.213903911536,14
2024-09-17 14:57:12.168,408.2182341170666,95
2024-09-17 14:57:12.209,408.224947322776,15
2024-09-17 14:57:12.269,408.22256049123513,105
2024-09-17 14:57:12.292,408.2621008814641,100
2024-09-17 14:57:12.298,408.2331905590036,998
2024-09-17 14:57:12.391,408.20860653633065,103
2024-09-17 14:57:12.422,408.2186554407998,1002
2024-09-17 14:57:12.475,408.1936914545511,6
2024-09-17 14:57:12.560,408.2288579782221,1004
2024-09-17 14:57:12.576,408.1933608138125,14
2024-09-17 14:57:12.578,408.2257410205437,5
2024-09-17 14:57:12.631,408.20981498720215,14
2024-09-17 14:57:12.695,408.2306302979584,100
2024-09-17 14:57:12.697,408.2115607133492,999
2024-09-17 14:57:12.712,408.2569738624913,96
2024-09-17 14:57:12.885,408.1938819157581,11
2024-09-17 14:57:12.939,408.2053835353767,10
2024-09-17 14:57:13.057,408.23105445501454,6
2024-09-17 14:57:13.138,408.2321831156784,12
2024-09-17 14:57:13.263,408.2429362684405,1003
2024-09-17 14:57:13.325,408.2376674351274,12
2024-09-17 14:57:13.410,408.246365515051,995
2024-09-17 14:57:13.442,408.26110676303534,996
2024-09-17 14:57:13.465,408.2307259779078,1004
2024-09-17 14:57:13.552,408.25913201112326,1004
2024-09-17 14:57:13.570,408.2295232509984,13
2024-09-17 14:57:13.577,408.2374210255696,100
2024-09-17 14:57:13.680,408.2149057036408,11
2024-09-17 14:57:13.695,408.2512769244231,5
2024-09-17 14:57:13.824,408.25759113152657,15
2024-09-17 14:57:13.912,408.2462190015455,8
2024-09-17 14:57:13.971,408.2484049161185,995
2024-09-17 14:57:14.083,408.2435892037664,97
2024-09-17 14:57:14.091,414.78745452392695,99
2024-09-17 14:57:14.153,408.2717945111303,5
2024-09-17 14:57:14.164,408.2592773887265,96
2024-09-17 14:57:14.189,408.253795665034,1003
2024-09-17 14:57:14.207,408.2598241407526,14
2024-09-17 14:57:14.228,408.2582133903667,12
2024-09-17 14:57:14.405,408.2588339868884,105
2024-09-17 14:57:14.640,408.2448730432097,8
2024-09-17 14:57:14.739,408.2560154678574,999
2024-09-17 14:57:14.811,408.2525505698401,1000
2024-09-17 14:57:15.021,408.2330870921933,10
2024-09-17 14:57:15.082,408.23271017093566,102
2024-09-17 14:57:15.194,408.2171001479052,1003
2024-09-17 14:57:15.201,408.2418160616476,9
2024-09-17 14:57:15.270,408.2267303363834,14
2024-09-17 14:57:15.318,408.2306190046371,97
2024-09-17 14:57:15.376,408.2147826617267,99
2024-09-17 14:57:15.420,408.225392143487,96
2024-09-17 14:57:15.468,408.2241986098067,99
2024-09-17 14:57:15.503,414.7590888563048,103
2024-09-17 14:57:15.545,408.2722988514082,1005
2024-09-17 14:57:15.546,408.2198690110245,5
2024-09-17 14:57:15.698,408.2160576278607,105
2024-09-17 14:57:15.781,408.2311086968644,7
2024-09-17 14:57:15.788,408.2592055380917,999
2024-09-17 14:57:15.856,408.2525543361873,1004
2024-09-17 14:57:15.992,408.2432144959176,1004
2024-09-17 14:57:16.000,408.2514174127186,8
2024-09-17 14:57:16.005,408.2652721118944,996
2024-09-17 14:57:16.078,408.2227420339763,996
2024-09-17 14:57:16.172,408.25735719731927,15
2024-09-17 14:57:16.201,408.2199539373484,1003
2024-09-17 14:57:16.201,408.25531069928,10
2024-09-17 14:57:16.217,408.23151487446165,5
2024-09-17 14:57:16.296,408.2452507732544,99
2024-09-17 14:57:16.344,408.2379864207587,1001
2024-09-17 14:57:16.389,408.2485395765619,5
2024-09-17 14:57:16.521,408.2607244872525,102
2024-09-17 14:57:16.548,408.2337433429024,15
2024-09-17 14:57:16.630,408.2392446731584,996
2024-09-17 14:57:16.673,408.2478409803022,9
2024-09-17 14:57:16.695,408.2390474299327,995
2024-09-17 14:57:16.726,408.25059960066926,995
2024-09-17 14:57:16.729,408.2603238502351,998
2024-09-17 14:57:16.770,408.2690611520602,95
2024-09-17 14:57:16.863,408.2444556193125,10
2024-09-17 14:57:16.870,40.82313059897052,7
2024-09-17 14:57:16.876,408.2644988633744,101
2024-09-17 14:57:16.906,408.22321645342953,8
2024-09-17 14:57:16.929,408.2536396291412,7
2024-09-17 14:57:16.986,408.2630270561659,103
2024-09-17 14:57:17.067,408.2774338916754,104
2024-09-17 14:57:17.074,408.293602734089,998
2024-09-17 14:57:17.092,408.262364255579,12
2024-09-17 14:57:17.096,408.225235790172,1001
2024-09-17 14:57:17.121,408.28007445526106,10
2024-09-17 14:57:17.126,408.272811671308,9
2024-09-17 14:57:17.186,408.2614498825311,995
2024-09-17 14:57:17.220,408.2736541034344,97
2024-09-17 14:57:17.233,408.29272702612445,105
2024-09-17 14:57:17.238,408.2283777177644,10
2024-09-17 14:57:17.245,408.2611199641552,5
2024-09-17 14:57:17.246,408.2560044708254,999
2024-09-17 14:57:17.309,408.2585369421192,999
2024-09-17 14:57:17.367,408.2756446649269,999
2024-09-17 14:57:17.390,408.28080873783375,1001
2024-09-17 14:57:17.407,408.3058281967599,13
2024-09-17 14:57:17.412,408.2925545481442,97
2024-09-17 14:57:17.445,408.2645998961964,1000
2024-09-17 14:57:17.494,408.2430705148563,99
2024-09-17 14:57:17.496,408.2461418695935,1004
2024-09-17 14:57:17.500,408.2733551881513,99
2024-09-17 14:57:17.570,408.2798984871766,11
2024-09-17 14:57:17.592,408.2801042982807,8
2024-09-17 14:57:17.812,408.2327412669109,9
2024-09-17 14:57:17.822,408.28418755578167,104
2024-09-17 14:57:17.833,408.24319249257184,997
2024-09-17 14:57:17.957,408.27671573133887,995
2024-09-17 14:57:17.982,408.27294869456966,103
2024-09-17 14:57:18.000,-408.2819215829685,9
2024-09-17 14:57:18.261,408.2747296691041,12
2024-09-17 14:57:18.430,408.2969080519285,1002
2024-09-17 14:57:18.503,408.2747049839001,998
2024-09-17 14:57:18.527,408.2927730622675,8
2024-09-17 14:57:18.546,408.2720123540759,100
2024-09-17 14:57:18.549,408.270255268311,15
2024-09-17 14:57:18.564,408.2831591216729,11
2024-09-17 14:57:18.641,408.269563030704,998
2024-09-17 14:57:18.679,408.26796600522704,995
2024-09-17 14:57:18.757,408.2994444955465,1004
2024-09-17 14:57:18.761,408.2726092815073,9
2024-09-17 14:57:18.835,408.2838373718538,100
2024-09-17 14:57:18.932,408.2752843625128,1002
2024-09-17 14:57:19.006,408.3637422148453,1003
2024-09-17 14:57:19.032,408.36847794123713,995
2024-09-17 14:57:19.079,408.373581894648,997
2024-09-17 14:57:19.125,,998
2024-09-17 14:57:19.135,408.4110112548668,98
2024-09-17 14:57:19.158,408.3020700135822,1003
2024-09-17 14:57:19.163,408.367858159908,1000
2024-09-17 14:57:19.195,408.2956914966914,98
2024-09-17 14:57:19.203,408.38115388460926,998
2024-09-17 14:57:19.298,408.3980503733285,9
2024-09-17 14:57:19.298,408.3981896999618,105
2024-09-17 14:57:19.498,408.3617272237688,98
2024-09-17 14:57:19.499,408.2906423675441,999
2024-09-17 14:57:19.542,408.2760085984389,1002
2024-09-17 14:57:19.609,408.33287159166406,12
2024-09-17 14:57:19.643,408.3647231612709,10
2024-09-17 14:57:19.706,408.3135973843216,5
2024-09-17 14:57:19.768,408.4100879649199,10
2024-09-17 14:57:19.841,408.28426513093285,104
2024-09-17 14:57:19.879,408.3669583519484,98
2024-09-17 14:57:19.882,408.3927320351549,97
2024-09-17 14:57:19.907,408.38983473118543,10
2024-09-17 14:57:19.911,408.3373996808261,996
2024-09-17 14:57:19.977,408.39301060960247,12
2024-09-17 14:57:20.033,408.4052626320688,5
2024-09-17 14:57:20.195,414.8879292604714,1000
2024-09-17 14:57:20.970,408.4017517510617,14
2024-09-17 14:57:21.135,408.40826061074273,12
2024-09-17 14:57:21.231,408.3834914023379,12
2024-09-17 14:57:21.604,408.3950449038424,97
2024-09-17 14:57:21.641,408.3927698955729,1001
2024-09-17 14:57:22.003,408.3721531413237,102
2024-09-17 14:57:22.063,408.3832673340109,15
2024-09-17 14:57:22.067,408.3820279979385,95
2024-09-17 14:57:22.111,408.3737985673677,11
2024-09-17 14:57:22.129,408.3806568996071,14
2024-09-17 14:57:22.332,408.3664556188802,104
2024-09-17 14:57:22.357,408.409338040682,96
2024-09-17 14:57:22.476,408.3938956887576,999
2024-09-17 14:57:22.539,408.3781965057961,98
2024-09-17 14:57:22.562,408.3741595844343,13
2024-09-17 14:57:22.564,408.3909100888834,97
2024-09-17 14:57:22.589,408.4116834801684,98
2024-09-17 14:57:22.608,408.3649865557666,99
2024-09-17 14:57:22.613,408.3403093121218,96
2024-09-17 14:57:22.643,408.3716615953232,100
2024-09-17 14:57:22.647,408.3813384063469,999
2024-09-17 14:57:22.653,408.3725210877119,98
2024-09-17 14:57:22.682,-408.4120717508552,7
2024-09-17 14:57:22.685,408.43213707157,999
2024-09-17 14:57:22.723,408.3554270687509,997
2024-09-17 14:57:22.800,408.3833019884714,1005
2024-09-17 14:57:22.809,408.3726784024815,995
2024-09-17 14:57:22.812,408.3713695358984,997
2024-09-17 14:57:22.837,408.3575339918585,10
2024-09-17 14:57:22.923,408.41670500086815,996
2024-09-17 14:57:22.939,408.3792510940351,12
2024-09-17 14:57:22.956,408.3466087575375,14
2024-09-17 14:57:23.034,408.4444251027687,1003
2024-09-17 14:57:23.159,408.4232256034936,8
2024-09-17 14:57:23.274,408.4264599637549,999
2024-09-17 14:57:23.286,408.4288174744438,6
2024-09-17 14:57:23.328,408.42968757643945,95
2024-09-17 14:57:23.344,408.43343341580254,996
2024-09-17 14:57:23.394,408.4478945442706,97
2024-09-17 14:57:23.528,408.4435673517581,97
2024-09-17 14:57:23.577,408.4264080823161,100
2024-09-17 14:57:23.746,408.4608483201031,99
2024-09-17 14:57:23.870,,1004
2024-09-17 14:57:23.992,408.4423406865686,8
2024-09-17 14:57:24.033,408.42634237746927,997
2024-09-17 14:57:24.065,408.4453054227711,102
2024-09-17 14:57:24.089,408.398997619669,1003
2024-09-17 14:57:24.152,408.4257937133996,1004
2024-09-17 14:57:24.167,408.39725034971366,13
2024-09-17 14:57:24.199,408.42753695959647,101
2024-09-17 14:57:24.255,408.43519393711256,1000
2024-09-17 14:57:24.259,408.40981076297845,95
2024-09-17 14:57:24.280,408.4526177403878,13
2024-09-17 14:57:24.282,408.4200582475896,995
2024-09-17 14:57:24.311,408.4298310794452,5
2024-09-17 14:57:24.438,408.4273381713255,11
2024-09-17 14:57:24.458,408.4433047738364,1001
2024-09-17 14:57:24.468,408.4162804019949,999
2024-09-17 14:57:24.500,408.3914405843735,5
2024-09-17 14:57:24.545,408.4374467090624,1000
2024-09-17 14:57:24.609,408.44156324953326,10
2024-09-17 14:57:24.704,408.37848199448257,101
2024-09-17 14:57:24.736,408.429984318753,104
2024-09-17 14:57:24.761,408.4318228364348,102
2024-09-17 14:57:24.849,408.4581645038296,105
2024-09-17 14:57:24.897,408.4333633363346,1005
2024-09-17 14:57:25.145,408.43879631461135,95
2024-09-17 14:57:25.740,408.4233198710691,8
2024-09-17 14:57:25.743,408.4140810331061,100
2024-09-17 14:57:25.813,408.4295201713591,101
2024-09-17 14:57:25.827,408.433007353589,1002
2024-09-17 14:57:26.070,408.343437034624,103
2024-09-17 14:57:26.075,408.3805164596351,995
2024-09-17 14:57:26.112,408.3767107628466,1004
2024-09-17 14:57:26.132,408.3824866968221,11
2024-09-17 14:57:26.162,408.3868617532998,104
2024-09-17 14:57:26.225,408.3835541174548,97
2024-09-17 14:57:26.257,408.3397209404238,998
2024-09-17 14:57:26.265,408.40360523892815,13
2024-09-17 14:57:26.273,408.4123058698241,1005
2024-09-17 14:57:26.288,408.3996966299632,1002
2024-09-17 14:57:26.378,408.38456791819954,6
2024-09-17 14:57:26.497,408.3919616988058,104
2024-09-17 14:57:26.554,408.417852507751,1000
2024-09-17 14:57:26.557,408.4102271972534,1000
2024-09-17 14:57:26.569,408.365821441554,11
2024-09-17 14:57:26.763,408.3869556756216,10
2024-09-17 14:57:26.767,408.381554584013,99
2024-09-17 14:57:26.777,408.3925206229552,997
2024-09-17 14:57:26.800,408.3727283912544,9
2024-09-17 14:57:26.827,408.4010493887201,95
2024-09-17 14:57:26.848,408.3732627197617,96
2024-09-17 14:57:26.856,408.3796838063221,8
2024-09-17 14:57:26.866,408.39728919398135,1002
2024-09-17 14:57:26.921,408.391539699732,6
2024-09-17 14:57:26.943,408.34993262672594,104
2024-09-17 14:57:27.004,408.2934368510896,13
2024-09-17 14:57:27.039,408.2678703964138,995
2024-09-17 14:57:27.095,408.2754243759164,6
2024-09-17 14:57:27.110,408.27340795721926,9
2024-09-17 14:57:27.201,408.2520670303447,998
2024-09-17 14:57:27.228,408.24772485852736,9
2024-09-17 14:57:27.233,40.82917595221156,96
2024-09-17 14:57:27.243,408.2702602931536,14
2024-09-17 14:57:27.269,408.2950307408543,998
2024-09-17 14:57:27.325,408.245175288282,14
2024-09-17 14:57:27.374,408.26793032009647,95
2024-09-17 14:57:27.492,408.2642731321039,97
2024-09-17 14:57:27.501,408.2479771376111,1003
2024-09-17 14:57:27.552,408.2630831424961,11
2024-09-17 14:57:27.652,408.2743999596856,12
2024-09-17 14:57:27.655,408.2874597624352,1004
2024-09-17 14:57:27.739,408.3062621104229,97
2024-09-17 14:57:27.748,408.2793819421878,998
2024-09-17 14:57:27.752,408.3149775208019,1003
2024-09-17 14:57:27.872,408.2628586156519,996
2024-09-17 14:57:27.898,408.29232417697153,5
2024-09-17 14:57:27.915,408.3098874798071,1004
2024-09-17 14:57:27.953,408.2863000889783,100
2024-09-17 14:57:27.959,408.2614196404091,999
2024-09-17 14:57:27.983,408.33765227994616,12
2024-09-17 14:57:28.231,408.30930170785433,96
2024-09-17 14:57:28.276,408.2868019936795,995
2024-09-17 14:57:28.372,408.3218422441336,997
2024-09-17 14:57:28.410,408.3138856392167,101
2024-09-17 14:57:28.575,-408.3052844769968,99
2024-09-17 14:57:28.610,40.83198013844209,5
2024-09-17 14:57:28.784,408.2986174089829,996
2024-09-17 14:57:28.923,408.3208131510692,1001
2024-09-17 14:57:29.004,408.2373849069176,15
2024-09-17 14:57:29.037,408.2494368480112,101
2024-09-17 14:57:29.039,414.51343478628417,104
2024-09-17 14:57:29.103,408.2517697916613,99
2024-09-17 14:57:29.122,408.2683368706229,96
2024-09-17 14:57:29.160,408.2283768707201,5
2024-09-17 14:57:29.164,408.2236985956764,13
2024-09-17 14:57:29.167,408.2348794187758,95
2024-09-17 14:57:29.244,408.2421125182013,11
2024-09-17 14:57:29.252,408.2616696870547,11
2024-09-17 14:57:29.255,408.2471549519386,105
2024-09-17 14:57:29.255,408.2411995881,8
2024-09-17 14:57:29.430,408.2290117586589,7
2024-09-17 14:57:29.463,408.22805703179216,99
2024-09-17 14:57:29.473,40.82499004276515,1000
2024-09-17 14:57:29.516,408.2238370764916,998
2024-09-17 14:57:29.552,408.2237987665629,999
2024-09-17 14:57:29.572,408.2856778468035,6
2024-09-17 14:57:29.582,408.245949856778,105
2024-09-17 14:57:29.585,408.2564213441248,12
2024-09-17 14:57:29.597,408.26780340354856,1005
2024-09-17 14:57:29.710,408.23582691863567,101
2024-09-17 14:57:29.753,408.2399222770072,103
2024-09-17 14:57:29.818,408.2666238885625,1002
2024-09-17 14:57:29.820,408.2806250738809,5
2024-09-17 14:57:29.843,408.265959661503,1005
2024-09-17 14:57:29.881,408.2802187506285,99
2024-09-17 14:57:29.882,408.2696895158275,98
2024-09-17 14:57:29.996,408.2366645812516,98
2024-09-17 14:57:30.101,408.2049516329016,1004
2024-09-17 14:57:30.130,408.2235413009904,12
2024-09-17 14:57:30.135,408.3371922902914,100
2024-09-17 14:57:30.155,408.245861443312,104
2024-09-17 14:57:30.183,408.3224482548147,12
2024-09-17 14:57:30.186,408.22558527956073,1004
2024-09-17 14:57:30.194,408.3307395060484,1001
2024-09-17 14:57:30.194,408.21107442152174,96
2024-09-17 14:57:30.225,408.20667168215175,15
2024-09-17 14:57:30.236,,96
2024-09-17 14:57:30.259,408.23237359587375,100
2024-09-17 14:57:30.278,408.3296323743456,99
2024-09-17 14:57:30.334,408.3298351230026,95
2024-09-17 14:57:30.494,408.3264762233133,1000
2024-09-17 14:57:30.535,408.2223499387632,101
2024-09-17 14:57:30.554,408.2897803321013,1003
2024-09-17 14:57:30.562,408.22456100532816,104
2024-09-17 14:57:30.605,408.3128061746149,104
2024-09-17 14:57:30.681,408.3022848012662,13
2024-09-17 14:57:30.696,408.3570240785045,1005
2024-09-17 14:57:30.705,408.326412502521,99
2024-09-17 14:57:30.715,408.2752517461381,1000
2024-09-17 14:57:30.779,408.24550542966114,1000
2024-09-17 14:57:30.786,408.2183241345444,6
2024-09-17 14:57:30.812,408.2269761090929,999
2024-09-17 14:57:30.835,408.2673084260774,11
2024-09-17 14:57:30.960,408.32206063440987,100
2024-09-17 14:57:31.043,408.164015472783,1005
2024-09-17 14:57:31.048,40.817452188854325,95
2024-09-17 14:57:31.051,408.1557238641181,100
2024-09-17 14:57:31.130,408.1816294838905,6
2024-09-17 14:57:31.148,408.1867951932715,996
2024-09-17 14:57:31.234,408.1662389948133,1005
2024-09-17 14:57:31.273,408.15753682712335,1004
2024-09-17 14:57:31.285,408.19231330018965,103
2024-09-17 14:57:31.308,408.17410724927447,102
2024-09-17 14:57:31.314,408.1848570287349,14
2024-09-17 14:57:31.381,408.1834069991521,1001
2024-09-17 14:57:31.406,408.1699932544774,997
2024-09-17 14:57:31.788,408.2093729069247,1005
2024-09-17 14:57:31.822,408.1997244246422,7
2024-09-17 14:57:31.840,408.1836829123063,996
2024-09-17 14:57:31.886,408.1769639554079,999
2024-09-17 14:57:31.892,408.1843254269038,1001
2024-09-17 14:57:32.082,408.2000679990538,95
2024-09-17 14:57:32.095,408.1695183794183,1005
2024-09-17 14:57:32.106,408.1305890026773,9
2024-09-17 14:57:32.193,408.16767066792966,1003
2024-09-17 14:57:32.276,408.085204959101,104
2024-09-17 14:57:32.312,408.10420572107694,8
2024-09-17 14:57:32.312,408.1718814599725,997
2024-09-17 14:57:32.350,408.1771475014151,1004
2024-09-17 14:57:32.356,408.1631639279328,100
2024-09-17 14:57:32.421,408.1734208293444,1004
2024-09-17 14:57:32.445,408.1617397671664,1005
2024-09-17 14:57:32.482,408.17235949710346,995
2024-09-17 14:57:32.489,408.19457887991655,101
2024-09-17 14:57:32.589,408.1700345938016,8
2024-09-17 14:57:32.626,408.20111607407136,6
2024-09-17 14:57:32.636,408.08369249666976,999
2024-09-17 14:57:32.638,408.1608244562128,103
2024-09-17 14:57:32.688,408.0938148572529,1005
2024-09-17 14:57:32.704,408.1762590873753,1001
2024-09-17 14:57:32.775,,96
2024-09-17 14:57:32.778,408.116498818313,101
2024-09-17 14:57:32.910,408.0782034655805,99
2024-09-17 14:57:32.917,408.1771390623718,14
2024-09-17 14:57:32.930,408.1247008436927,13
2024-09-17 14:57:32.953,408.1572239564052,1003
2024-09-17 14:57:32.992,408.1263276317725,1005
2024-09-17 14:57:33.270,408.1207497738968,12
2024-09-17 14:57:33.348,408.1177948343673,10
2024-09-17 14:57:33.741,408.10980426387806,103
2024-09-17 14:57:33.804,408.1330091045262,100
2024-09-17 14:57:33.918,408.0979134928515,13
2024-09-17 14:57:33.979,408.1232126010128,1003
2024-09-17 14:57:34.122,408.1513036755692,7
2024-09-17 14:57:34.173,408.1347318363993,100
2024-09-17 14:57:34.178,408.1694213703303,1000
2024-09-17 14:57:34.262,408.1385472244978,13
2024-09-17 14:57:34.279,408.1528932678328,1001
2024-09-17 14:57:34.305,408.12790807534,99
2024-09-17 14:57:34.329,408.1359870828724,999
2024-09-17 14:57:34.364,408.12306578324825,9
2024-09-17 14:57:34.399,408.1360921117585,1002
2024-09-17 14:57:34.604,408.1541311656405,14
2024-09-17 14:57:34.691,408.123165713017,13
2024-09-17 14:57:34.965,408.135664926426,105
2024-09-17 14:57:35.003,408.1057976779681,104
2024-09-17 14:57:35.082,408.1320461078778,101
2024-09-17 14:57:35.123,408.10384857267934,998
2024-09-17 14:57:35.133,408.1345728788199,97
2024-09-17 14:57:35.144,408.1242569758628,11
2024-09-17 14:57:35.154,408.1040741694285,98
2024-09-17 14:57:35.271,408.1445646385963,1000
2024-09-17 14:57:35.302,408.1308137184548,1003
2024-09-17 14:57:35.332,408.10569844239575,99
2024-09-17 14:57:35.344,408.1257430546668,998
2024-09-17 14:57:35.358,408.1421939193475,1000
2024-09-17 14:57:35.407,408.07612222109015,95
2024-09-17 14:57:35.485,408.1219406695677,999
2024-09-17 14:57:35.535,408.1006799513157,996
2024-09-17 14:57:35.641,408.1257788898888,7
2024-09-17 14:57:35.655,408.0955502140141,8
2024-09-17 14:57:35.658,408.076181479528,1003
2024-09-17 14:57:35.734,408.0841121012721,999
2024-09-17 14:57:35.865,408.09572337853456,8
2024-09-17 14:57:35.931,408.08382711740506,5
2024-09-17 14:57:35.956,408.1110876026758,99
2024-09-17 14:57:36.032,408.0833193338079,105
2024-09-17 14:57:36.085,408.1016663586364,103
2024-09-17 14:57:36.104,408.0968111462258,13
2024-09-17 14:57:36.105,408.0287108830882,97
2024-09-17 14:57:36.208,408.0688297474571,15
2024-09-17 14:57:36.263,408.0344753737193,11
2024-09-17 14:57:36.417,408.0261665115912,999
2024-09-17 14:57:36.420,408.0911553898164,100
2024-09-17 14:57:36.422,408.0459799176589,8
2024-09-17 14:57:36.445,408.03473739210347,1000
2024-09-17 14:57:36.460,408.07905607316735,105
2024-09-17 14:57:36.493,408.04531231007775,1005
2024-09-17 14:57:36.550,408.0906678539016,6
2024-09-17 14:57:36.560,408.0832823360214,105
2024-09-17 14:57:36.572,408.0346655881893,997
2024-09-17 14:57:36.610,408.02011913960433,6
2024-09-17 14:57:36.642,408.0407118572191,13
2024-09-17 14:57:36.743,408.054793346528,13
2024-09-17 14:57:36.770,408.0295468764222,97
2024-09-17 14:57:36.772,408.08837584369,10
2024-09-17 14:57:36.784,408.0474625092143,103
2024-09-17 14:57:36.787,408.01175590763233,7
2024-09-17 14:57:36.854,408.0239263831778,6
2024-09-17 14:57:36.857,408.0878510907444,998
2024-09-17 14:57:36.882,408.0784648318154,1003
2024-09-17 14:57:36.889,408.0438650456713,1000
2024-09-17 14:57:36.891,408.0407663306062,14
2024-09-17 14:57:36.932,408.0916681064896,998
2024-09-17 14:57:36.999,408.0811560250543,1000
2024-09-17 14:57:37.005,408.0572090865428,5
2024-09-17 14:57:37.019,408.0603732692829,102
2024-09-17 14:57:37.031,408.0472645342948,13
2024-09-17 14:57:37.032,408.0746350073318,1000
2024-09-17 14:57:37.107,408.0290573151761,100
2024-09-17 14:57:37.139,408.00595497777897,98
2024-09-17 14:57:37.205,408.0582503959503,13
2024-09-17 14:57:37.299,408.07033549490507,104
2024-09-17 14:57:37.300,408.03203802237465,104
2024-09-17 14:57:37.309,408.0555786349268,98
2024-09-17 14:57:37.314,408.0597683814968,12
2024-09-17 14:57:37.333,408.05821462764754,95
2024-09-17 14:57:37.370,408.0718608667792,99
2024-09-17 14:57:37.381,408.0469932899136,97
2024-09-17 14:57:37.400,408.05392114833376,13
2024-09-17 14:57:37.460,408.046607054734,995
2024-09-17 14:57:37.557,408.0198287444083,997
2024-09-17 14:57:37.582,408.0335224450093,1000
2024-09-17 14:57:37.610,408.04790353846056,1003
2024-09-17 14:57:37.648,408.0426245108925,103
2024-09-17 14:57:37.776,408.02791001318354,11
2024-09-17 14:57:37.803,408.0227801772571,1003
2024-09-17 14:57:37.831,408.0393025413488,6
2024-09-17 14:57:37.834,408.0343917559706,1001
2024-09-17 14:57:37.837,408.0596031554052,10
2024-09-17 14:57:37.895,408.0310964588572,102
2024-09-17 14:57:37.916,408.0691622790477,14
2024-09-17 14:57:37.935,408.0429787810514,9
2024-09-17 14:57:37.973,408.0253860120264,99
2024-09-17 14:57:37.973,408.0491687836502,12
2024-09-17 14:57:38.180,408.0463037269105,102
2024-09-17 14:57:38.557,408.0596524947946,1005
2024-09-17 14:57:38.801,408.0705252946989,13
2024-09-17 14:57:38.940,-408.0371979274073,1000
2024-09-17 14:57:39.045,414.7725131725744,996
2024-09-17 14:57:39.081,408.09577215617537,95
2024-09-17 14:57:39.084,408.0451121027965,97
2024-09-17 14:57:39.179,408.1431074599393,104
2024-09-17 14:57:39.276,408.0942478395967,13
2024-09-17 14:57:39.317,408.1391874222726,15
2024-09-17 14:57:39.373,408.1244334119051,9
2024-09-17 14:57:39.388,408.0357205013815,9
2024-09-17 14:57:39.488,408.15852954463554,96
2024-09-17 14:57:39.531,408.0740976436561,1001
2024-09-17 14:57:39.561,408.1559883323762,1002
2024-09-17 14:57:39.698,408.0495303415148,95
2024-09-17 14:57:39.715,408.0847550593484,8
2024-09-17 14:57:39.756,408.093764231772,13
2024-09-17 14:57:39.893,408.140875637289,98
2024-09-17 14:57:39.923,408.07822991440736,1005
2024-09-17 14:57:40.127,408.15111702562274,13
2024-09-17 14:57:40.142,408.15406676709046,15
2024-09-17 14:57:40.631,408.1510719069328,1000
2024-09-17 14:57:41.089,408.16435511256793,1003
2024-09-17 14:57:41.335,408.1715807245796,6
2024-09-17 14:57:41.453,408.1574174123529,97
2024-09-17 14:57:41.987,408.1634086620782,10
2024-09-17 14:57:42.053,408.162448052459,1000
2024-09-17 14:57:42.063,408.1069578922448,11
2024-09-17 14:57:42.084,408.1194150028175,98
2024-09-17 14:57:42.094,408.1420863519938,997
2024-09-17 14:57:42.124,408.07908643231775,14
2024-09-17 14:57:42.215,408.0980453393798,995
2024-09-17 14:57:42.266,408.1018068917436,15
2024-09-17 14:57:42.305,408.1203045692878,101
2024-09-17 14:57:42.332,408.07613589324615,1004
2024-09-17 14:57:42.338,408.1753414442108,10
2024-09-17 14:57:42.443,408.0979568780953,103
2024-09-17 14:57:42.455,408.170932645078,103
2024-09-17 14:57:42.468,408.1735378038483,105
2024-09-17 14:57:42.493,414.7914627859495,103
2024-09-17 14:57:42.524,408.1191267194593,1000
2024-09-17 14:57:42.549,408.1350882387325,8
2024-09-17 14:57:42.590,408.1074352994281,102
2024-09-17 14:57:42.601,-408.1736766851215,9
2024-09-17 14:57:42.607,408.0770447248717,6
2024-09-17 14:57:42.644,408.11873948023407,104
2024-09-17 14:57:42.700,408.1831149972371,100
2024-09-17 14:57:42.735,408.0757514173892,5
2024-09-17 14:57:42.786,408.1647635588053,6
2024-09-17 14:57:42.803,408.1144050757672,13
2024-09-17 14:57:42.814,408.10049907041855,12
2024-09-17 14:57:42.842,408.1426658258815,9
2024-09-17 14:57:42.858,408.17719045174863,100
2024-09-17 14:57:42.865,408.1310927074279,1001
2024-09-17 14:57:42.970,408.0988294728681,12
2024-09-17 14:57:43.006,408.05484773798406,7
2024-09-17 14:57:43.031,408.0258361206828,10
2024-09-17 14:57:43.158,408.0448929273328,104
2024-09-17 14:57:43.182,408.0412759969095,8
2024-09-17 14:57:43.287,408.01742567320025,1000
2024-09-17 14:57:43.378,408.07950479540654,998
2024-09-17 14:57:43.520,408.044109918158,104
2024-09-17 14:57:43.550,408.0523753796834,1004
2024-09-17 14:57:43.575,408.02981804090894,96
2024-09-17 14:57:43.596,408.05341407516994,13
2024-09-17 14:57:43.604,408.0330246322176,998
2024-09-17 14:57:43.604,408.0318587347698,1005
2024-09-17 14:57:43.641,408.06807917212274,995
2024-09-17 14:57:43.671,408.02537968595504,998
2024-09-17 14:57:43.731,408.0319869790033,12
2024-09-17 14:57:43.737,408.0458938387537,1001
2024-09-17 14:57:43.765,408.0220780785721,995
2024-09-17 14:57:43.927,408.0337929692938,102
2024-09-17 14:57:43.943,408.02475783354726,5
2024-09-17 14:57:44.008,408.1210382512908,13
2024-09-17 14:57:44.060,408.1356506416355,10
2024-09-17 14:57:44.178,408.1207621012215,998
2024-09-17 14:57:44.286,408.0939177317623,8
2024-09-17 14:57:44.341,408.135851021735,100
2024-09-17 14:57:44.405,408.1238232426368,104
2024-09-17 14:57:44.424,408.1246211534816,6
2024-09-17 14:57:44.470,408.15212242589325,8
2024-09-17 14:57:44.481,408.0635493444699,8
2024-09-17 14:57:44.552,408.11519887044057,7
2024-09-17 14:57:44.582,408.1466270389193,104
2024-09-17 14:57:44.700,408.0641311620335,9
2024-09-17 14:57:44.719,408.13697978807454,995
2024-09-17 14:57:44.750,408.0897304040681,8
2024-09-17 14:57:44.795,408.0680972002276,98
2024-09-17 14:57:44.882,408.1439650814813,995
2024-09-17 14:57:44.941,408.129492481516,104
2024-09-17 14:57:44.947,408.05627047047216,100
2024-09-17 14:57:45.010,-408.20953449649096,1005
2024-09-17 14:57:45.030,408.20017335591626,97
2024-09-17 14:57:45.046,408.2165574552175,95
2024-09-17 14:57:45.086,408.2101010818329,7
2024-09-17 14:57:45.091,408.2024404936664,105
2024-09-17 14:57:45.146,408.1979302466626,10
2024-09-17 14:57:45.215,408.21617892476536,99
2024-09-17 14:57:45.242,408.20952210050575,5
2024-09-17 14:57:45.414,414.79730142334415,104
2024-09-17 14:57:45.527,408.22606048085584,1004
2024-09-17 14:57:45.540,408.20502522444,1000
2024-09-17 14:57:45.554,408.2112188871694,100
2024-09-17 14:57:45.636,408.2136590624647,1003
2024-09-17 14:57:45.810,408.2093963532169,12
2024-09-17 14:57:45.813,408.22335484635255,105
2024-09-17 14:57:45.834,408.2177409217259,7
2024-09-17 14:57:45.901,408.20578042777566,104
2024-09-17 14:57:45.912,408.1991302761227,1001
2024-09-17 14:57:45.936,408.2285112719907,8
2024-09-17 14:57:45.941,408.21078813095767,5
2024-09-17 14:57:45.959,408.2212826872952,14
2024-09-17 14:57:45.966,408.159708044267,13
2024-09-17 14:57:45.972,408.1997876280068,6
2024-09-17 14:57:46.046,408.20898501890815,998
2024-09-17 14:57:46.322,408.229740601269,1004
2024-09-17 14:57:46.817,408.2071658588277,5
2024-09-17 14:57:46.931,408.2132326475945,105
2024-09-17 14:57:46.955,408.2261699017164,6
2024-09-17 14:57:47.196,408.2269483568834,100
2024-09-17 14:57:47.221,408.2239468673434,1005
2024-09-17 14:57:47.926,408.2260481196737,100
2024-09-17 14:57:48.087,408.2534008960132,12
2024-09-17 14:57:48.089,408.2043997536525,12
2024-09-17 14:57:48.119,408.27637313513833,1000
2024-09-17 14:57:48.120,408.21463795780414,14
2024-09-17 14:57:48.143,408.2473510105394,1005
2024-09-17 14:57:48.160,408.2982636674197,105
2024-09-17 14:57:48.184,408.23694435942303,1003
2024-09-17 14:57:48.199,408.23298375574586,7
2024-09-17 14:57:48.297,408.2067595670417,99
2024-09-17 14:57:48.300,408.225352291961,103
2024-09-17 14:57:48.463,408.2587383907414,8
2024-09-17 14:57:48.467,408.21162169542737,1002
2024-09-17 14:57:48.468,408.28102821697007,7
2024-09-17 14:57:48.507,408.3013736472546,997
2024-09-17 14:57:48.518,408.31032931441104,100
2024-09-17 14:57:48.699,408.1949095088989,997
2024-09-17 14:57:48.713,408.300325849345,1002
2024-09-17 14:57:48.737,408.2389950199123,1005
2024-09-17 14:57:48.741,408.2847069599578,14
2024-09-17 14:57:48.797,408.2391387383544,1004
2024-09-17 14:57:48.800,408.2966620591784,11
2024-09-17 14:57:48.823,408.2981680461356,15
2024-09-17 14:57:48.900,408.2857160031717,103
2024-09-17 14:57:48.920,408.2861447336976,995
2024-09-17 14:57:50.029,408.3432886769313,1003
2024-09-17 14:57:50.041,408.3287196413316,100
2024-09-17 14:57:50.054,408.3318068875702,14
2024-09-17 14:57:50.074,408.34012383177975,6
2024-09-17 14:57:50.084,40.831714028646914,13
2024-09-17 14:57:50.190,408.3362426095835,11
2024-09-17 14:57:50.198,408.3212577609932,100
2024-09-17 14:57:50.215,408.3251385627156,998
2024-09-17 14:57:50.220,408.3399752484387,999
2024-09-17 14:57:50.274,408.3353868424037,999
2024-09-17 14:57:50.328,408.3365046169956,8
2024-09-17 14:57:50.342,408.3297511791861,13
2024-09-17 14:57:50.427,408.3229147406934,1001
2024-09-17 14:57:50.520,408.3470099627493,9
2024-09-17 14:57:50.527,408.33051308717927,1004
2024-09-17 14:57:50.689,408.3298303058264,11
2024-09-17 14:57:51.069,408.33023928770285,11
2024-09-17 14:57:51.183,408.30638994551214,5
2024-09-17 14:57:51.210,408.3681245643445,1005
2024-09-17 14:57:51.443,408.3620021922072,997
2024-09-17 14:57:51.586,414.831827793562,14
2024-09-17 14:57:51.804,408.3562153769246,13
2024-09-17 14:57:51.806,408.36100668564654,9
2024-09-17 14:57:51.813,408.3668714402193,8
2024-09-17 14:57:51.932,408.3258910149383,999
2024-09-17 14:57:52.065,408.2952280652025,12
2024-09-17 14:57:52.108,408.3189455973,1001
2024-09-17 14:57:52.126,408.3996374850968,100
2024-09-17 14:57:52.145,408.37774832525247,1003
2024-09-17 14:57:52.176,408.2628247542033,105
2024-09-17 14:57:52.295,408.3187752505571,1003
2024-09-17 14:57:52.521,408.3818121965106,98
2024-09-17 14:57:52.526,408.3426128649471,102
2024-09-17 14:57:52.531,408.3566118818167,1003
2024-09-17 14:57:52.593,408.3825657590083,102
2024-09-17 14:57:52.759,408.3945677207921,8
2024-09-17 14:57:52.825,-408.3841189118376,1004
2024-09-17 14:57:52.873,408.286793585127,102
2024-09-17 14:57:52.874,408.36049296047975,100
2024-09-17 14:57:52.918,408.2700507581855,98
2024-09-17 14:57:53.011,408.2489943795031,999
2024-09-17 14:57:53.019,408.2406587061295,12
2024-09-17 14:57:53.076,408.29849144684135,998
2024-09-17 14:57:53.127,408.2257511400935,15
2024-09-17 14:57:53.218,408.2413812889307,12
2024-09-17 14:57:53.281,408.25728687308447,100
2024-09-17 14:57:53.285,408.2646604676793,1002
2024-09-17 14:57:53.314,408.2534712209375,5
2024-09-17 14:57:53.398,-408.3016246619183,7
2024-09-17 14:57:53.435,408.2767309157174,996
2024-09-17 14:57:53.515,408.27368373539065,105
2024-09-17 14:57:53.532,408.2531696075982,995
2024-09-17 14:57:53.557,408.2929366591581,105
2024-09-17 14:57:53.659,408.22368562746334,12
2024-09-17 14:57:53.668,408.2659870725943,9
2024-09-17 14:57:53.759,408.2812425599906,96
2024-09-17 14:57:53.852,408.25609013794383,9
2024-09-17 14:57:53.858,408.2550543435303,14
2024-09-17 14:57:53.858,408.2214407347608,1001
2024-09-17 14:57:53.925,408.2270032997318,996
2024-09-17 14:57:53.982,,96
2024-09-17 14:57:53.986,408.2410937260888,1002
2024-09-17 14:57:54.978,408.2547074739904,96
2024-09-17 14:57:55.072,408.2604026440824,7
2024-09-17 14:57:55.108,408.2628363051471,999
2024-09-17 14:57:55.132,408.2617920577271,99
2024-09-17 14:57:55.311,408.2544506551013,997
2024-09-17 14:57:55.559,408.2499196955434,101
2024-09-17 14:57:55.562,408.266679534988,100
2024-09-17 14:57:55.655,408.2496900154045,1005
2024-09-17 14:57:55.714,408.25690725163525,102
2024-09-17 14:57:55.830,408.2585502170619,99
2024-09-17 14:57:55.875,408.2534439384035,1005
2024-09-17 14:57:56.052,408.2779160873644,6
2024-09-17 14:57:56.153,408.2441588956118,1003
2024-09-17 14:57:56.242,408.2350573413378,999
2024-09-17 14:57:56.242,408.2795742891424,98
2024-09-17 14:57:56.243,408.2840776476663,98
2024-09-17 14:57:56.310,408.2790791122116,101
2024-09-17 14:57:56.323,408.26440911929086,13
2024-09-17 14:57:56.335,408.2740281562919,1000
2024-09-17 14:57:56.359,408.2837237640159,95
2024-09-17 14:57:56.374,408.2685212902484,1000
2024-09-17 14:57:56.385,408.2502309304797,997
2024-09-17 14:57:56.458,408.2562749365164,995
2024-09-17 14:57:56.480,408.2797929834684,13
2024-09-17 14:57:56.525,408.2747538232391,10
2024-09-17 14:57:56.609,408.28036363062,105
2024-09-17 14:57:56.614,408.2664457485846,1003
2024-09-17 14:57:56.650,408.2758489039454,11
2024-09-17 14:57:56.656,408.2784430943215,105
2024-09-17 14:57:56.731,408.2405698167668,996
2024-09-17 14:57:56.742,408.2690164635605,12
2024-09-17 14:57:56.746,408.2384708733967,100
2024-09-17 14:57:56.779,408.2709771135888,999
2024-09-17 14:57:56.861,408.2731196810377,996
2024-09-17 14:57:56.939,408.2564354252281,1001
2024-09-17 14:57:56.988,,12
2024-09-17 14:57:57.355,408.2380407053435,13
2024-09-17 14:57:57.594,408.2373375394383,1004
2024-09-17 14:57:57.737,408.2536849064035,12
2024-09-17 14:57:57.779,408.2401174518206,10
2024-09-17 14:57:58.063,408.24352950835936,996
2024-09-17 14:57:58.087,408.2382280351149,103
2024-09-17 14:57:58.149,408.2941477061421,103
2024-09-17 14:57:58.346,408.2528504658447,6
2024-09-17 14:57:58.454,415.0150401263703,1001
2024-09-17 14:57:58.475,408.2524156054457,15
2024-09-17 14:57:58.530,408.28307738755313,15
2024-09-17 14:57:58.575,408.215592446111,101
2024-09-17 14:57:58.668,408.2292441158151,10
2024-09-17 14:57:58.716,408.2349740991952,98
2024-09-17 14:57:58.747,408.2275529640124,1005
2024-09-17 14:57:58.819,408.2716915834935,1002
2024-09-17 14:57:58.855,408.23516803714887,1001
2024-09-17 14:57:59.126,408.3115405203105,7
2024-09-17 14:57:59.152,408.3049697105369,1000
2024-09-17 14:57:59.195,408.3072266436199,98
2024-09-17 14:57:59.227,408.2590250686472,997
2024-09-17 14:57:59.311,408.27436776893455,104
2024-09-17 14:57:59.314,408.31076586882034,6
2024-09-17 14:57:59.346,408.2749246863787,5
2024-09-17 14:57:59.413,408.2782426631647,15
2024-09-17 14:57:59.474,408.3097583344606,1001
2024-09-17 14:57:59.484,408.2812999934738,105
2024-09-17 14:57:59.555,408.27025784099294,1000
2024-09-17 14:57:59.665,408.2827041868702,9
2024-09-17 14:57:59.678,408.3082123330484,97
2024-09-17 14:57:59.680,408.2705712995785,996
2024-09-17 14:57:59.804,408.2680944228675,6
2024-09-17 14:57:59.868,408.2838545471046,13
2024-09-17 14:57:59.880,408.2692404339178,8
2024-09-17 14:57:59.948,408.2839500949755,998
2024-09-17 14:57:59.951,408.3094441273702,95
