Timestamp,Price,Size
2024-09-17 10:13:00.016,414.70754935460207,11
2024-09-17 10:13:00.106,414.6658575587274,104
2024-09-17 10:13:00.118,414.6705285088745,1003
2024-09-17 10:13:00.169,414.7280113693782,997
2024-09-17 10:13:00.274,414.67930988695,997
2024-09-17 10:13:00.374,414.6889462679383,1001
2024-09-17 10:13:00.381,414.6800499095677,7
2024-09-17 10:13:00.422,414.63799545991145,103
2024-09-17 10:13:00.477,414.6606061330584,14
2024-09-17 10:13:00.485,414.6755495694324,95
2024-09-17 10:13:00.512,414.6676529040935,996
2024-09-17 10:13:00.530,414.687295855735,97
2024-09-17 10:13:00.547,414.6601075558737,103
2024-09-17 10:13:00.558,414.64726039608746,6
2024-09-17 10:13:00.577,414.66947965291575,102
2024-09-17 10:13:00.712,414.7131811298456,96
2024-09-17 10:13:00.730,414.6526191313759,14
2024-09-17 10:13:00.741,414.7079050373876,1000
2024-09-17 10:13:00.886,414.68826572603945,98
2024-09-17 10:13:00.889,414.66613404824864,102
2024-09-17 10:13:00.897,414.6781434267404,997
2024-09-17 10:13:00.905,414.7081195484775,95
2024-09-17 10:13:00.919,414.6908612744653,6
2024-09-17 10:13:00.935,414.720701287996,13
2024-09-17 10:13:00.961,414.72284131011327,99
2024-09-17 10:13:01.048,414.692224384534,103
2024-09-17 10:13:01.699,414.6947042074258,995
2024-09-17 10:13:01.900,414.6855847830465,98
2024-09-17 10:13:02.598,-414.6732273193979,105
2024-09-17 10:13:02.830,414.6604769448681,1005
2024-09-17 10:13:02.893,414.661885670354,1001
2024-09-17 10:13:03.030,414.71352949132296,100
2024-09-17 10:13:03.051,414.7096597958202,1004
2024-09-17 10:13:03.052,414.7158618480453,5
2024-09-17 10:13:03.110,414.705851331328,105
2024-09-17 10:13:03.137,414.7100996554802,103
2024-09-17 10:13:03.147,414.7041530863476,996
2024-09-17 10:13:03.148,414.6876637089448,102
2024-09-17 10:13:03.172,414.7234846773717,998
2024-09-17 10:13:03.241,414.7036745312144,998
2024-09-17 10:13:03.285,414.7027522164863,100
2024-09-17 10:13:03.348,414.684795314855,1002
2024-09-17 10:13:03.466,414.6858429083708,998
2024-09-17 10:13:03.473,414.69238719688536,14
2024-09-17 10:13:03.486,414.7207588139038,15
2024-09-17 10:13:03.540,414.7190095788584,98
2024-09-17 10:13:03.643,414.72030980583537,995
2024-09-17 10:13:03.744,414.7062018819026,1004
2024-09-17 10:13:03.804,414.71552612649504,999
2024-09-17 10:13:03.840,414.66760766505456,1001
2024-09-17 10:13:03.887,414.6855885312822,96
2024-09-17 10:13:03.918,414.7033137973913,103
2024-09-17 10:13:03.926,414.7139493382032,998
2024-09-17 10:13:05.018,414.6185904277406,14
2024-09-17 10:13:05.081,414.53602007424513,1005
2024-09-17 10:13:05.096,414.5846945414312,8
2024-09-17 10:13:05.099,414.6796864832167,997
2024-09-17 10:13:05.131,414.6449242623352,12
2024-09-17 10:13:05.148,414.6032607919993,7
2024-09-17 10:13:05.156,414.5952771767752,103
2024-09-17 10:13:05.156,414.67445489893936,102
2024-09-17 10:13:05.162,414.5821513727213,1005
2024-09-17 10:13:05.272,414.6938679359857,15
2024-09-17 10:13:05.284,414.5905691446786,14
2024-09-17 10:13:05.296,414.55083127528405,105
2024-09-17 10:13:05.335,414.5461162279168,101
2024-09-17 10:13:05.340,414.62497136926174,13
2024-09-17 10:13:05.354,414.6668687879404,97
2024-09-17 10:13:05.378,414.5305397109581,97
2024-09-17 10:13:05.435,414.6118988627736,996
2024-09-17 10:13:05.599,414.562077191644,10
2024-09-17 10:13:05.666,414.6161136157489,1001
2024-09-17 10:13:05.682,414.66516901761247,997
2024-09-17 10:13:05.753,414.6221786980522,10
2024-09-17 10:13:05.767,414.5479338521436,1003
2024-09-17 10:13:05.848,414.5598110165132,1003
2024-09-17 10:13:05.959,414.6979300220488,995
2024-09-17 10:13:05.983,414.6666731633167,1002
2024-09-17 10:13:06.088,414.5867689963539,1004
2024-09-17 10:13:06.523,414.5890667219699,11
2024-09-17 10:13:06.541,414.5610958021768,1002
2024-09-17 10:13:06.608,414.5788316939784,1002
2024-09-17 10:13:06.630,414.5781294576341,99
2024-09-17 10:13:06.678,414.5780584393103,96
2024-09-17 10:13:06.697,414.5737722660976,11
2024-09-17 10:13:06.764,414.5711077479041,1004
2024-09-17 10:13:06.852,414.5557634920989,1002
2024-09-17 10:13:06.925,414.591152967058,97
2024-09-17 10:13:06.989,414.57056949664735,1000
2024-09-17 10:13:07.081,414.4986613455863,8
2024-09-17 10:13:07.091,414.5119966432372,95
2024-09-17 10:13:07.095,414.4975067092776,12
2024-09-17 10:13:07.108,414.50008317041886,99
2024-09-17 10:13:07.114,414.4935025856021,11
2024-09-17 10:13:07.435,414.5292594747992,7
2024-09-17 10:13:07.481,414.4875030687878,1004
2024-09-17 10:13:07.488,41.450506845445965,12
2024-09-17 10:13:07.493,414.4937387840046,997
2024-09-17 10:13:07.532,414.4891244390458,14
2024-09-17 10:13:07.541,414.5685452881527,6
2024-09-17 10:13:07.568,414.5293430077093,12
2024-09-17 10:13:07.599,414.50484384429376,1004
2024-09-17 10:13:07.621,414.52006682586887,998
2024-09-17 10:13:07.623,414.5070902927759,104
2024-09-17 10:13:07.763,414.4984024350035,1002
2024-09-17 10:13:07.828,414.514590157376,98
2024-09-17 10:13:07.844,414.4979636041455,1002
2024-09-17 10:13:07.846,414.518205076792,1005
2024-09-17 10:13:07.867,414.52854348181535,996
2024-09-17 10:13:07.881,414.4994611332372,12
2024-09-17 10:13:07.936,414.494977534418,99
2024-09-17 10:13:07.941,414.567825893299,13
2024-09-17 10:13:07.956,414.54431640274834,15
2024-09-17 10:13:08.958,414.5045571970893,95
2024-09-17 10:13:09.046,414.46590791068223,11
2024-09-17 10:13:09.046,414.492526027924,5
2024-09-17 10:13:09.137,414.49557680912807,13
2024-09-17 10:13:09.233,414.4766898108155,10
2024-09-17 10:13:09.312,414.48395981567234,10
2024-09-17 10:13:09.406,414.4863327953445,98
2024-09-17 10:13:09.567,414.49762421799846,15
2024-09-17 10:13:09.567,414.4824484304065,1002
2024-09-17 10:13:09.769,414.50011513863217,105
2024-09-17 10:13:09.780,414.5045985947888,995
2024-09-17 10:13:09.808,414.4998928772964,100
2024-09-17 10:13:09.832,414.4836522133459,11
2024-09-17 10:13:09.897,414.5050786002647,995
2024-09-17 10:13:09.961,414.4874174545245,995
2024-09-17 10:13:10.124,414.5133450644416,103
2024-09-17 10:13:10.175,414.5210461779552,999
2024-09-17 10:13:10.206,414.5098841304374,995
2024-09-17 10:13:10.332,414.4991911021759,105
2024-09-17 10:13:10.333,414.473704289951,7
2024-09-17 10:13:10.472,414.50038231499127,1002
2024-09-17 10:13:10.475,414.5100599173976,5
2024-09-17 10:13:10.482,414.49953049649247,9
2024-09-17 10:13:10.552,414.4957915318083,105
2024-09-17 10:13:10.688,-414.48072132100776,998
2024-09-17 10:13:10.753,414.51347231940025,9
2024-09-17 10:13:10.838,414.47471078354056,996
2024-09-17 10:13:10.903,414.5126034642309,1004
2024-09-17 10:13:10.912,414.51188599146514,12
2024-09-17 10:13:10.917,414.4620594237024,1003
2024-09-17 10:13:10.932,414.49333656218784,97
2024-09-17 10:13:11.224,414.4781359424238,99
2024-09-17 10:13:11.323,414.47491221908575,995
2024-09-17 10:13:11.413,414.4474618912199,997
2024-09-17 10:13:11.420,414.45357229537865,103
2024-09-17 10:13:11.465,414.48013189254607,10
2024-09-17 10:13:11.507,414.4540875354047,102
2024-09-17 10:13:12.140,414.4500093833505,104
2024-09-17 10:13:12.499,414.4336312728471,1005
2024-09-17 10:13:12.719,414.4500111431947,997
2024-09-17 10:13:12.786,414.42434010250633,15
2024-09-17 10:13:12.953,414.4294088580492,13
2024-09-17 10:13:13.048,414.4684848977835,1003
2024-09-17 10:13:13.163,414.4253925526919,10
2024-09-17 10:13:13.218,414.4632175025151,5
2024-09-17 10:13:13.345,41.44355855681441,98
2024-09-17 10:13:13.463,414.4399072239692,6
2024-09-17 10:13:13.478,414.4299084935377,105
2024-09-17 10:13:13.685,414.4556871331093,102
2024-09-17 10:13:13.813,414.44571239612463,101
2024-09-17 10:13:13.849,414.4690582780094,96
2024-09-17 10:13:13.957,414.4247363224842,1003
2024-09-17 10:13:13.986,414.43699214625616,100
2024-09-17 10:13:14.023,414.35063270242136,1005
2024-09-17 10:13:14.046,414.3743362497773,1002
2024-09-17 10:13:14.049,414.3780189808734,13
2024-09-17 10:13:14.062,414.31377017930544,997
2024-09-17 10:13:14.144,414.3287735401552,1000
2024-09-17 10:13:14.236,414.430530167569,97
2024-09-17 10:13:14.358,414.4295366865854,8
2024-09-17 10:13:14.513,414.39568441396347,101
2024-09-17 10:13:14.534,414.36731775686815,1001
2024-09-17 10:13:14.621,414.38837547727263,999
2024-09-17 10:13:14.645,414.3435905418956,12
2024-09-17 10:13:14.705,414.4237715715054,103
2024-09-17 10:13:14.706,414.3496374047371,998
2024-09-17 10:13:14.731,414.4074992488939,103
2024-09-17 10:13:14.800,414.41755564637066,104
2024-09-17 10:13:14.855,414.35590543608754,102
2024-09-17 10:13:14.937,414.3565922045833,103
2024-09-17 10:13:14.975,414.3447644831269,997
2024-09-17 10:13:16.020,414.376014047352,995
2024-09-17 10:13:16.041,414.37042212605,13
2024-09-17 10:13:16.043,414.38734850169527,1000
2024-09-17 10:13:16.082,414.3850965059212,95
2024-09-17 10:13:16.083,414.3772260501336,99
2024-09-17 10:13:16.202,414.3796823193398,1004
2024-09-17 10:13:16.302,414.3928601023669,15
2024-09-17 10:13:16.334,414.4221196291818,98
2024-09-17 10:13:16.371,414.4204760727065,100
2024-09-17 10:13:16.373,414.3339834201802,11
2024-09-17 10:13:16.392,414.3738245416386,15
2024-09-17 10:13:16.404,414.4065163021447,103
2024-09-17 10:13:16.459,414.4093352442394,100
2024-09-17 10:13:16.527,414.3749223367197,100
2024-09-17 10:13:16.572,414.3813456494042,996
2024-09-17 10:13:16.597,414.4134425739696,105
2024-09-17 10:13:16.655,414.36968444413856,6
2024-09-17 10:13:16.735,414.35882208468223,95
2024-09-17 10:13:16.783,,105
2024-09-17 10:13:16.796,414.36203189862925,999
2024-09-17 10:13:16.819,414.3901136879635,14
2024-09-17 10:13:16.834,414.3823282257723,9
2024-09-17 10:13:16.907,414.3702834285775,1000
2024-09-17 10:13:16.945,414.3601292575837,98
2024-09-17 10:13:16.961,414.3806883234794,98
2024-09-17 10:13:16.963,414.4177446591776,996
2024-09-17 10:13:17.014,414.3224980623861,103
2024-09-17 10:13:17.044,414.3237175299409,1001
2024-09-17 10:13:17.053,414.3037583673773,14
2024-09-17 10:13:17.132,414.34863154255686,95
2024-09-17 10:13:17.146,414.30326982687376,995
2024-09-17 10:13:17.175,,105
2024-09-17 10:13:17.200,414.3061400031306,7
2024-09-17 10:13:17.205,414.3052082641268,8
2024-09-17 10:13:17.209,414.3289591950776,11
2024-09-17 10:13:17.226,414.3436526748872,1005
2024-09-17 10:13:17.332,414.335890194496,1000
2024-09-17 10:13:17.387,414.3205689173405,15
2024-09-17 10:13:17.400,414.3196421216942,96
2024-09-17 10:13:17.530,414.2996361107753,102
2024-09-17 10:13:17.629,414.3521298632292,8
2024-09-17 10:13:17.683,414.3160553796874,998
2024-09-17 10:13:17.739,-414.3221928605951,98
2024-09-17 10:13:17.765,414.3245397666998,13
2024-09-17 10:13:17.893,414.3178117603871,96
2024-09-17 10:13:17.994,414.3350927965972,7
2024-09-17 10:13:18.018,414.2613641721871,6
2024-09-17 10:13:18.100,414.3345021353229,101
2024-09-17 10:13:18.168,414.2175794652891,97
2024-09-17 10:13:18.246,414.2274540103139,98
2024-09-17 10:13:18.253,414.3290926848785,104
2024-09-17 10:13:18.275,414.35593666634736,9
2024-09-17 10:13:18.333,414.2654962565518,1001
2024-09-17 10:13:18.355,414.2989921853748,996
2024-09-17 10:13:18.397,414.3015425944832,104
2024-09-17 10:13:18.402,414.32802239417697,1005
2024-09-17 10:13:18.406,414.3032264168635,8
2024-09-17 10:13:18.464,414.333709165691,7
2024-09-17 10:13:18.486,414.33001431683215,7
2024-09-17 10:13:18.496,414.3427918506737,15
2024-09-17 10:13:18.544,414.23749680457183,1000
2024-09-17 10:13:18.572,414.3649056400084,14
2024-09-17 10:13:18.593,414.2233296004116,1005
2024-09-17 10:13:18.593,414.31429038782505,1002
2024-09-17 10:13:18.646,414.2836184077995,11
2024-09-17 10:13:18.676,414.3336956877248,1000
2024-09-17 10:13:18.692,414.3424780890202,1001
2024-09-17 10:13:18.707,414.3687517176925,5
2024-09-17 10:13:18.785,414.3428718108557,1003
2024-09-17 10:13:18.913,414.3540331561134,105
2024-09-17 10:13:18.914,414.3172083435586,96
2024-09-17 10:13:19.103,414.1957011155199,13
2024-09-17 10:13:19.104,414.2023512558704,5
2024-09-17 10:13:19.136,414.205058846914,97
2024-09-17 10:13:19.155,414.2237211539713,98
2024-09-17 10:13:19.198,414.20602437537286,100
2024-09-17 10:13:19.296,414.20328087318,15
2024-09-17 10:13:19.307,414.2074114229516,11
2024-09-17 10:13:19.351,414.2011157781095,13
2024-09-17 10:13:19.522,414.2068206750192,8
2024-09-17 10:13:19.555,414.2119387966056,96
2024-09-17 10:13:19.762,414.20581962168507,996
2024-09-17 10:13:19.922,414.2237593595994,101
2024-09-17 10:13:19.985,,995
2024-09-17 10:13:20.386,414.23681821791297,102
2024-09-17 10:13:20.412,414.24294920808313,998
2024-09-17 10:13:20.967,414.21858110077255,9
2024-09-17 10:13:21.073,414.2421023332673,99
2024-09-17 10:13:21.165,414.22996618297447,998
2024-09-17 10:13:21.436,414.2483652940703,104
2024-09-17 10:13:21.969,-414.2462552761373,15
2024-09-17 10:13:24.052,414.3328937915591,97
2024-09-17 10:13:24.164,414.2665629566954,11
2024-09-17 10:13:24.223,414.23056726601,997
2024-09-17 10:13:24.234,414.275538774642,95
2024-09-17 10:13:24.472,414.29982364018935,102
2024-09-17 10:13:24.495,414.3119660213688,1003
2024-09-17 10:13:24.662,414.3279245460936,7
2024-09-17 10:13:24.690,414.1835625027079,1004
2024-09-17 10:13:24.728,414.2318151267593,101
2024-09-17 10:13:24.742,414.31624986046006,103
2024-09-17 10:13:24.745,414.3033254880419,10
2024-09-17 10:13:24.812,414.3041847155587,101
2024-09-17 10:13:24.847,,97
2024-09-17 10:13:24.860,414.2138730691864,15
2024-09-17 10:13:24.873,414.2092545192116,1005
2024-09-17 10:13:24.879,414.3377900085905,15
2024-09-17 10:13:24.884,414.33108179313217,14
2024-09-17 10:13:24.943,414.2400875469813,997
2024-09-17 10:13:24.960,414.30777156685616,1005
2024-09-17 10:13:24.999,414.29123809861966,6
2024-09-17 10:13:25.026,414.2791214061184,97
2024-09-17 10:13:25.071,414.2785493078738,103
2024-09-17 10:13:25.382,414.2753957135546,14
2024-09-17 10:13:25.502,414.28206100177607,7
2024-09-17 10:13:25.670,414.2875287909498,995
2024-09-17 10:13:26.155,414.2505914638882,8
2024-09-17 10:13:26.557,414.2666402129113,95
2024-09-17 10:13:26.588,414.27460354317407,13
2024-09-17 10:13:26.824,414.2627141970065,101
2024-09-17 10:13:27.002,414.2497527681151,14
2024-09-17 10:13:28.074,414.2616636700792,7
2024-09-17 10:13:28.091,414.2666725540216,14
2024-09-17 10:13:28.129,414.2480586249546,103
2024-09-17 10:13:28.167,414.2885112648213,10
2024-09-17 10:13:28.213,414.2884135593328,1005
2024-09-17 10:13:28.230,414.27103171398255,13
2024-09-17 10:13:28.330,414.2636216698961,5
2024-09-17 10:13:28.372,414.28150953676646,97
2024-09-17 10:13:28.377,414.2609529840566,998
2024-09-17 10:13:28.422,414.2314315888439,99
2024-09-17 10:13:28.471,414.253268510774,15
2024-09-17 10:13:28.539,414.2528012361916,15
2024-09-17 10:13:28.615,414.2819583409229,98
2024-09-17 10:13:28.694,414.2632140256859,101
2024-09-17 10:13:28.716,414.2438766839507,996
2024-09-17 10:13:28.765,414.2490251521121,102
2024-09-17 10:13:28.791,414.2754548707353,8
2024-09-17 10:13:28.797,414.2886364258959,13
2024-09-17 10:13:28.865,414.2571162761772,98
2024-09-17 10:13:28.873,414.25618283247593,998
2024-09-17 10:13:28.964,414.2391609277015,11
2024-09-17 10:13:28.969,414.2370126812388,998
2024-09-17 10:13:28.987,414.2630846762255,997
2024-09-17 10:13:28.990,414.2806111045353,14
2024-09-17 10:13:29.006,414.2761457275952,9
2024-09-17 10:13:29.018,414.32415496382913,995
2024-09-17 10:13:29.093,414.35205127109305,104
2024-09-17 10:13:29.189,414.3404441495535,14
2024-09-17 10:13:29.235,414.2764324256229,998
2024-09-17 10:13:29.254,414.3471065307916,95
2024-09-17 10:13:29.300,414.3089565725764,12
2024-09-17 10:13:29.372,414.3416331785474,100
2024-09-17 10:13:29.373,414.2733451563904,1005
2024-09-17 10:13:29.393,414.3176071002219,6
2024-09-17 10:13:29.426,414.3375022657903,12
2024-09-17 10:13:29.444,414.2977823204854,100
2024-09-17 10:13:29.554,414.3472755859148,6
2024-09-17 10:13:29.590,414.3084871846433,96
2024-09-17 10:13:29.684,414.30240140414736,7
2024-09-17 10:13:29.725,414.3089363107172,96
2024-09-17 10:13:29.733,414.2659802544832,13
2024-09-17 10:13:29.872,414.3241294634998,9
2024-09-17 10:13:29.908,414.3007145151902,10
2024-09-17 10:13:29.913,414.32393919735455,105
2024-09-17 10:13:30.060,414.36882766612,104
2024-09-17 10:13:30.069,414.36676695263526,95
2024-09-17 10:13:30.085,414.37355014575184,995
2024-09-17 10:13:30.087,414.362203068134,96
2024-09-17 10:13:30.165,414.3544479656923,10
2024-09-17 10:13:30.170,414.3450377955732,1002
2024-09-17 10:13:30.193,414.3614331682166,99
2024-09-17 10:13:30.211,414.3433665630844,998
2024-09-17 10:13:30.241,414.34921321863214,1003
2024-09-17 10:13:30.264,414.3464271381823,1000
2024-09-17 10:13:30.308,414.3773008726545,6
2024-09-17 10:13:30.312,414.36917198313625,1003
2024-09-17 10:13:30.392,414.334680193164,6
2024-09-17 10:13:30.424,414.34229925017166,101
2024-09-17 10:13:30.537,414.3458583788587,105
2024-09-17 10:13:30.570,414.3505754705346,15
2024-09-17 10:13:30.650,414.3560583396258,102
2024-09-17 10:13:30.700,414.3318977988532,96
2024-09-17 10:13:30.848,414.3502216514804,1003
2024-09-17 10:13:30.852,414.36471569702326,996
2024-09-17 10:13:30.863,414.3658406965223,7
2024-09-17 10:13:30.865,414.34167474941137,103
2024-09-17 10:13:30.933,414.3421440203267,10
2024-09-17 10:13:30.939,414.33633863818727,9
2024-09-17 10:13:30.983,414.3372885077883,95
2024-09-17 10:13:30.994,414.3615721628865,1002
2024-09-17 10:13:31.048,41.43800335759953,995
2024-09-17 10:13:31.063,414.3807558795508,102
2024-09-17 10:13:31.201,414.3603037583756,14
2024-09-17 10:13:31.239,414.3688521751047,105
2024-09-17 10:13:31.268,414.3751403587786,999
2024-09-17 10:13:31.330,414.3214129642342,101
2024-09-17 10:13:31.369,414.3764414683373,99
2024-09-17 10:13:31.376,414.36640487422,5
2024-09-17 10:13:31.386,414.3723490348832,97
2024-09-17 10:13:31.413,414.3799194745056,104
2024-09-17 10:13:31.424,414.3634051175775,104
2024-09-17 10:13:31.465,414.3771186673055,6
2024-09-17 10:13:31.473,414.3360643840698,997
2024-09-17 10:13:31.577,414.3685059300088,14
2024-09-17 10:13:31.642,414.3460354382949,105
2024-09-17 10:13:31.679,414.37384591500256,100
2024-09-17 10:13:31.700,414.3888131817676,996
2024-09-17 10:13:31.810,414.345954483909,5
2024-09-17 10:13:31.810,414.3843115836949,998
2024-09-17 10:13:31.829,414.3570219119933,1000
2024-09-17 10:13:31.844,414.3868156477069,5
2024-09-17 10:13:31.862,414.3705712162072,11
2024-09-17 10:13:31.888,414.3785289803234,99
2024-09-17 10:13:31.935,414.3980397494719,1000
2024-09-17 10:13:31.951,414.36852390337214,998
2024-09-17 10:13:31.973,414.3537819722287,15
2024-09-17 10:13:32.285,414.362554367877,999
2024-09-17 10:13:32.419,414.3918201137855,14
2024-09-17 10:13:32.692,,998
2024-09-17 10:13:32.851,414.39649903400806,1001
2024-09-17 10:13:33.038,414.3604560076267,11
2024-09-17 10:13:33.086,414.28756872740496,1000
2024-09-17 10:13:33.093,414.33625122570027,10
2024-09-17 10:13:33.142,414.27854877214565,13
2024-09-17 10:13:33.217,414.3133725275467,996
2024-09-17 10:13:33.224,414.26243764837926,5
2024-09-17 10:13:33.243,414.35646551477214,1002
2024-09-17 10:13:33.307,414.3209965650592,97
2024-09-17 10:13:33.388,414.3042596698549,997
2024-09-17 10:13:33.409,414.34355328305503,14
2024-09-17 10:13:33.435,414.2916348172909,12
2024-09-17 10:13:33.440,414.30161231271467,15
2024-09-17 10:13:33.480,414.2948585391873,100
2024-09-17 10:13:33.535,414.3412877647804,1004
2024-09-17 10:13:33.541,414.3580952920333,1004
2024-09-17 10:13:33.613,414.3050692553767,98
2024-09-17 10:13:33.625,414.319741720294,5
2024-09-17 10:13:33.701,414.3204426096264,14
2024-09-17 10:13:33.710,414.2729605194365,1000
2024-09-17 10:13:33.805,414.3578809326048,1005
2024-09-17 10:13:33.814,414.3060837157112,10
2024-09-17 10:13:33.859,414.3518885703533,104
2024-09-17 10:13:33.882,414.3496272973147,997
2024-09-17 10:13:33.947,414.2694068289371,11
2024-09-17 10:13:34.159,414.3721840068069,12
2024-09-17 10:13:34.243,414.39462057885686,103
2024-09-17 10:13:34.436,414.3326987694337,11
2024-09-17 10:13:34.493,414.30568490372383,97
2024-09-17 10:13:34.567,414.336456113292,105
2024-09-17 10:13:34.586,414.3882781480024,999
2024-09-17 10:13:34.701,414.3603244010317,9
2024-09-17 10:13:34.876,414.3087727879867,1000
2024-09-17 10:13:35.073,414.4459661613884,1004
2024-09-17 10:13:35.083,414.4169816329973,10
2024-09-17 10:13:35.121,414.4369412051243,1003
2024-09-17 10:13:35.175,414.4011939977163,1000
2024-09-17 10:13:35.207,41.44190260218977,102
2024-09-17 10:13:35.291,414.4509463250657,15
2024-09-17 10:13:35.292,414.4480108179348,15
2024-09-17 10:13:35.417,414.4185597289287,95
2024-09-17 10:13:35.502,414.4135909161951,104
2024-09-17 10:13:35.547,414.4174362662983,1002
2024-09-17 10:13:35.621,414.4235628890453,101
2024-09-17 10:13:35.688,414.43621658055935,11
2024-09-17 10:13:35.777,414.4471320273646,99
2024-09-17 10:13:35.822,414.4015092304229,11
2024-09-17 10:13:35.833,414.4341834265026,996
2024-09-17 10:13:35.922,414.4502874758377,6
2024-09-17 10:13:35.954,414.41446879876736,5
2024-09-17 10:13:36.186,414.5086519551993,1002
2024-09-17 10:13:36.303,414.5201519957382,104
2024-09-17 10:13:36.311,414.4812164861084,10
2024-09-17 10:13:36.319,414.46146134174,104
2024-09-17 10:13:36.326,414.5096067562865,101
2024-09-17 10:13:36.351,414.5052786920152,1004
2024-09-17 10:13:36.438,414.4575798299397,6
2024-09-17 10:13:36.511,414.44096652515367,100
2024-09-17 10:13:36.606,414.4941796484253,97
2024-09-17 10:13:36.650,414.4376565922444,95
2024-09-17 10:13:36.658,414.5313872620394,11
2024-09-17 10:13:36.710,414.4433875806295,11
2024-09-17 10:13:36.757,414.4511265953836,14
2024-09-17 10:13:36.843,414.4755195478752,9
2024-09-17 10:13:36.878,414.4926414552264,8
2024-09-17 10:13:36.888,414.4620246614992,12
2024-09-17 10:13:36.919,414.4738390453466,1003
2024-09-17 10:13:36.920,414.4607849816532,998
2024-09-17 10:13:36.952,414.4482291202108,9
2024-09-17 10:13:37.000,41.44759743848414,996
2024-09-17 10:13:37.123,414.5076071647144,95
2024-09-17 10:13:37.136,414.46524836998736,95
2024-09-17 10:13:37.285,414.4846990457703,8
2024-09-17 10:13:37.318,414.4815466186436,101
2024-09-17 10:13:37.381,414.4860212966983,104
2024-09-17 10:13:37.387,414.4893625656753,1000
2024-09-17 10:13:37.393,414.4677204545815,9
2024-09-17 10:13:37.395,414.47886087339936,997
2024-09-17 10:13:37.443,414.4945611471529,1002
2024-09-17 10:13:37.551,414.5107413602073,95
2024-09-17 10:13:37.643,414.47564893584087,997
2024-09-17 10:13:37.718,414.485181861031,15
2024-09-17 10:13:37.915,414.4701919183012,105
2024-09-17 10:13:38.118,414.47953832762505,103
2024-09-17 10:13:38.274,414.4633787311808,996
2024-09-17 10:13:38.428,414.4938612409948,100
2024-09-17 10:13:38.598,414.4860194779848,15
2024-09-17 10:13:38.648,414.5102183671471,105
2024-09-17 10:13:38.694,414.457520451156,996
2024-09-17 10:13:38.792,414.4974808863449,5
2024-09-17 10:13:38.856,414.49678310191103,10
2024-09-17 10:13:38.897,414.45586879165313,10
2024-09-17 10:13:38.916,414.4839713199764,8
2024-09-17 10:13:38.975,414.4986462852132,7
2024-09-17 10:13:39.059,414.45931897895855,6
2024-09-17 10:13:39.221,414.43868663635214,99
2024-09-17 10:13:39.289,414.4747744556333,1002
2024-09-17 10:13:39.295,414.3984403276902,10
2024-09-17 10:13:39.332,414.40416393164,6
2024-09-17 10:13:39.701,414.41060991830574,995
2024-09-17 10:13:39.704,414.41237565114886,9
2024-09-17 10:13:39.872,414.41366579966257,1002
2024-09-17 10:13:39.905,414.4692665485294,102
2024-09-17 10:13:39.907,414.46962389497696,105
2024-09-17 10:13:39.947,,5
2024-09-17 10:13:40.036,414.39802792326606,105
2024-09-17 10:13:40.334,414.3622046542472,96
2024-09-17 10:13:40.712,414.3983973506362,995
2024-09-17 10:13:40.859,414.3902074337566,15
2024-09-17 10:13:41.525,414.3712729364888,11
2024-09-17 10:13:42.008,414.3085313696562,103
2024-09-17 10:13:42.036,414.3479029677027,1004
2024-09-17 10:13:42.038,414.3788020219636,9
2024-09-17 10:13:42.067,414.33952538505696,10
2024-09-17 10:13:42.070,414.37089787274937,98
2024-09-17 10:13:42.075,414.3118357831616,997
2024-09-17 10:13:42.085,414.303446046942,15
2024-09-17 10:13:42.119,414.3424032078528,995
2024-09-17 10:13:42.186,414.37151175318553,103
2024-09-17 10:13:42.229,414.2988027484597,103
2024-09-17 10:13:42.264,414.33272717800935,1004
2024-09-17 10:13:42.279,414.29304990334833,13
2024-09-17 10:13:42.285,414.35924470833527,96
2024-09-17 10:13:42.298,414.3041294997184,15
2024-09-17 10:13:42.356,414.3631329608709,1005
2024-09-17 10:13:42.408,414.28781854524095,15
2024-09-17 10:13:42.501,414.37879861283454,101
2024-09-17 10:13:42.515,414.3532798975286,6
2024-09-17 10:13:42.607,414.373740768253,11
2024-09-17 10:13:42.739,414.3256779552275,1004
2024-09-17 10:13:42.748,414.31903024223016,102
2024-09-17 10:13:42.832,414.350393400189,996
2024-09-17 10:13:42.847,414.34548919979824,98
2024-09-17 10:13:42.912,-414.3271519324601,99
2024-09-17 10:13:42.918,414.33446990046775,8
2024-09-17 10:13:42.968,414.29785989664106,98
2024-09-17 10:13:43.092,414.270761256114,98
2024-09-17 10:13:43.298,414.29136765742913,105
2024-09-17 10:13:43.605,414.2898971786586,96
2024-09-17 10:13:44.027,414.2786089312032,11
2024-09-17 10:13:44.062,414.2427639426676,8
2024-09-17 10:13:44.121,414.2776284404609,999
2024-09-17 10:13:44.147,414.28957820069786,1000
2024-09-17 10:13:44.200,414.26732696262,102
2024-09-17 10:13:44.247,414.2570271423073,995
2024-09-17 10:13:44.266,414.2667747134778,12
2024-09-17 10:13:44.313,414.2695153607788,99
2024-09-17 10:13:44.314,414.2827725685891,997
2024-09-17 10:13:44.353,414.2827372692962,8
2024-09-17 10:13:44.452,41.42626668558799,8
2024-09-17 10:13:44.535,414.2656830189154,1003
2024-09-17 10:13:44.536,414.2764612638495,98
2024-09-17 10:13:44.585,414.28355121413466,7
2024-09-17 10:13:44.592,414.29582329143193,100
2024-09-17 10:13:44.592,414.2402362486861,103
2024-09-17 10:13:44.595,414.29001677173335,1001
2024-09-17 10:13:44.612,414.2732494969079,100
2024-09-17 10:13:44.623,414.2946959831857,97
2024-09-17 10:13:44.669,414.2620248821954,997
2024-09-17 10:13:44.684,414.28558245869294,7
2024-09-17 10:13:44.774,414.27434759415365,8
2024-09-17 10:13:44.913,414.29114740968487,96
2024-09-17 10:13:44.918,414.30409371039406,5
2024-09-17 10:13:44.957,414.2821543812906,10
2024-09-17 10:13:44.965,414.2366204078589,15
2024-09-17 10:13:45.013,414.23845167273424,1000
2024-09-17 10:13:45.053,414.1996479906564,14
2024-09-17 10:13:45.076,414.171973518119,7
2024-09-17 10:13:45.128,414.180138945094,98
2024-09-17 10:13:45.132,414.1761050135755,999
2024-09-17 10:13:45.170,414.1894277817828,1003
2024-09-17 10:13:45.251,414.1861042522571,101
2024-09-17 10:13:45.264,414.2227971157933,997
2024-09-17 10:13:45.272,414.2315625551312,95
2024-09-17 10:13:45.287,414.161130695743,1004
2024-09-17 10:13:45.293,414.1983499351824,104
2024-09-17 10:13:45.313,414.1802918589657,95
2024-09-17 10:13:45.382,414.1968927573221,8
2024-09-17 10:13:45.484,414.196119880384,1001
2024-09-17 10:13:45.491,414.1909894521053,6
2024-09-17 10:13:45.528,414.1889156304707,103
2024-09-17 10:13:45.537,414.21629455704687,102
2024-09-17 10:13:45.618,414.1932814416187,101
2024-09-17 10:13:45.653,41.41983321301845,1003
2024-09-17 10:13:45.726,414.20356212355045,996
2024-09-17 10:13:45.767,414.2036946616337,996
2024-09-17 10:13:45.791,414.2117627359996,1001
2024-09-17 10:13:45.826,414.17477782413664,1005
2024-09-17 10:13:45.830,414.1934060512166,105
2024-09-17 10:13:45.866,414.20229592536026,8
2024-09-17 10:13:45.938,414.1788315725778,9
2024-09-17 10:13:46.006,414.1432555495914,1004
2024-09-17 10:13:46.153,414.1043043162881,5
2024-09-17 10:13:46.164,414.0980159729857,995
2024-09-17 10:13:46.197,414.1040304962163,97
2024-09-17 10:13:46.300,414.1050195887688,100
2024-09-17 10:13:46.376,414.1580792028206,1000
2024-09-17 10:13:46.441,414.1130532799361,999
2024-09-17 10:13:46.497,414.10558774995786,105
2024-09-17 10:13:46.552,414.1280340811696,998
2024-09-17 10:13:46.662,414.1164305993651,100
2024-09-17 10:13:46.707,414.1044854496208,8
2024-09-17 10:13:46.834,414.1469260195447,7
2024-09-17 10:13:46.879,414.13780050499054,97
2024-09-17 10:13:46.889,414.1399460507049,96
2024-09-17 10:13:46.912,414.1503359567655,996
2024-09-17 10:13:46.932,414.1138776714704,13
2024-09-17 10:13:46.995,414.1329533225121,95
2024-09-17 10:13:47.084,414.13416974898666,98
2024-09-17 10:13:47.181,414.129514024386,14
2024-09-17 10:13:47.280,414.1533017808776,1000
2024-09-17 10:13:47.317,414.1200938870408,103
2024-09-17 10:13:47.381,414.1426923323473,100
2024-09-17 10:13:47.418,414.1453111435707,98
2024-09-17 10:13:47.469,414.1347208712592,15
2024-09-17 10:13:47.483,414.16189483475335,996
2024-09-17 10:13:47.506,414.1404833432072,1000
2024-09-17 10:13:47.522,414.1527289816709,102
2024-09-17 10:13:47.580,414.1288958841092,6
2024-09-17 10:13:47.604,414.1149526524147,996
2024-09-17 10:13:47.611,414.1585055225215,101
2024-09-17 10:13:47.633,41.41469588645128,997
2024-09-17 10:13:47.726,414.13950763017584,1003
2024-09-17 10:13:47.789,414.16167141145,100
2024-09-17 10:13:47.801,414.1394105713541,6
2024-09-17 10:13:47.929,414.13988426149103,1001
2024-09-17 10:13:47.944,414.1761532034336,13
2024-09-17 10:13:47.970,414.140409884255,6
2024-09-17 10:13:48.080,414.1985522761407,11
2024-09-17 10:13:48.095,414.19032811356846,101
2024-09-17 10:13:48.166,414.2174199041465,11
2024-09-17 10:13:48.178,414.2028686714597,996
2024-09-17 10:13:48.276,414.188116687279,101
2024-09-17 10:13:48.406,414.19342472919067,103
2024-09-17 10:13:48.508,414.1921797204687,1001
2024-09-17 10:13:48.698,414.18482755358326,11
2024-09-17 10:13:49.028,414.179568673655,1000
2024-09-17 10:13:49.055,414.1483752539267,1004
2024-09-17 10:13:49.382,414.14466071608734,102
2024-09-17 10:13:49.387,414.1863183568349,1000
2024-09-17 10:13:49.490,414.1820423748248,98
2024-09-17 10:13:49.492,414.1448981031224,1000
2024-09-17 10:13:49.523,414.1633914499695,105
2024-09-17 10:13:49.552,414.168092687873,15
2024-09-17 10:13:49.645,414.14631470430845,96
2024-09-17 10:13:49.728,414.1488990517265,9
2024-09-17 10:13:49.808,414.14289698769113,12
2024-09-17 10:13:49.994,414.1449539520757,996
2024-09-17 10:13:50.157,414.1588625617443,1004
2024-09-17 10:13:50.240,414.18712183316666,1004
2024-09-17 10:13:50.317,414.14520793091776,103
2024-09-17 10:13:50.390,414.1766898493947,104
2024-09-17 10:13:50.401,414.180480184938,996
2024-09-17 10:13:50.430,414.2037509818592,104
2024-09-17 10:13:50.508,414.199882830757,104
2024-09-17 10:13:50.796,414.1699409853612,103
2024-09-17 10:13:50.856,414.1394999919887,5
2024-09-17 10:13:50.886,414.1983579146409,1000
2024-09-17 10:13:50.976,414.1869915159948,98
2024-09-17 10:13:51.968,414.14743573897726,999
2024-09-17 10:13:52.010,414.1698408916792,97
2024-09-17 10:13:52.028,414.1764010435388,9
2024-09-17 10:13:52.036,414.16647422022487,14
2024-09-17 10:13:52.049,414.197681030776,998
2024-09-17 10:13:52.197,414.2050184606249,103
2024-09-17 10:13:52.236,414.1975614327306,95
2024-09-17 10:13:52.280,414.1728011634463,11
2024-09-17 10:13:52.282,414.1778105633709,996
2024-09-17 10:13:52.303,414.2184962277395,999
2024-09-17 10:13:52.370,414.191151945009,102
2024-09-17 10:13:52.584,414.1673945745442,103
2024-09-17 10:13:52.593,414.1843496751602,996
2024-09-17 10:13:52.627,414.199747699621,6
2024-09-17 10:13:52.649,414.2201081284887,999
2024-09-17 10:13:52.655,414.23970272405614,1002
2024-09-17 10:13:52.670,414.1798939106995,97
2024-09-17 10:13:52.720,414.1985779945867,1005
2024-09-17 10:13:52.723,414.2278920298514,1000
2024-09-17 10:13:52.766,414.1877142491745,996
2024-09-17 10:13:52.826,414.2081482374489,995
2024-09-17 10:13:52.857,414.1892399488999,104
2024-09-17 10:13:52.892,414.1972665038176,104
2024-09-17 10:13:52.915,414.1798120747312,6
2024-09-17 10:13:52.925,414.1733121255905,6
2024-09-17 10:13:52.950,414.2554795762032,105
2024-09-17 10:13:53.010,414.1980172561684,8
2024-09-17 10:13:53.060,414.1834940029827,1005
2024-09-17 10:13:53.395,414.2024161052558,95
2024-09-17 10:13:53.451,414.1997779510372,9
2024-09-17 10:13:53.503,414.1927485480548,99
2024-09-17 10:13:53.585,414.1833755642314,1005
2024-09-17 10:13:53.596,414.2214582594512,12
2024-09-17 10:13:53.655,414.1950102748411,99
2024-09-17 10:13:53.686,414.20760988499006,97
2024-09-17 10:13:53.773,414.2052211184774,1004
2024-09-17 10:13:53.865,414.2096548594721,11
2024-09-17 10:13:53.891,414.19478662274656,999
2024-09-17 10:13:53.963,414.204691159948,11
2024-09-17 10:13:53.981,414.2190424220714,997
2024-09-17 10:13:54.026,414.22251219834055,1005
2024-09-17 10:13:54.223,414.2182302095621,99
2024-09-17 10:13:54.235,414.21888029816864,1005
2024-09-17 10:13:54.242,414.2125514815166,1003
2024-09-17 10:13:54.246,414.2114873858453,15
2024-09-17 10:13:54.343,414.1912140237997,5
2024-09-17 10:13:54.431,414.2065008393374,9
2024-09-17 10:13:54.441,414.1959787450667,998
2024-09-17 10:13:54.495,414.1944314571687,996
2024-09-17 10:13:54.527,414.2034204610912,8
2024-09-17 10:13:54.587,414.217688775452,95
2024-09-17 10:13:54.974,414.22533512329966,997
2024-09-17 10:13:54.997,414.22161339165007,13
2024-09-17 10:13:55.008,414.214340673448,1003
2024-09-17 10:13:55.021,414.2277499649104,13
2024-09-17 10:13:55.109,414.2082947134752,14
2024-09-17 10:13:55.141,414.2260372702656,101
2024-09-17 10:13:55.188,414.2141181310104,10
2024-09-17 10:13:55.194,414.2230082589183,8
2024-09-17 10:13:55.218,414.2199893906677,997
2024-09-17 10:13:55.375,414.2174677870171,100
2024-09-17 10:13:55.392,414.23624870320185,15
2024-09-17 10:13:55.394,414.2348544804244,103
2024-09-17 10:13:55.397,414.2073412562369,1002
2024-09-17 10:13:55.402,414.2193964864461,1001
2024-09-17 10:13:55.440,414.2277158035871,8
2024-09-17 10:13:55.474,414.2512898018553,102
2024-09-17 10:13:55.485,414.2249918266697,95
2024-09-17 10:13:55.503,414.2174714249983,996
2024-09-17 10:13:55.617,414.2336615587549,104
2024-09-17 10:13:55.645,414.2248457870035,996
2024-09-17 10:13:55.669,414.22886350226185,8
2024-09-17 10:13:55.695,414.2195202541312,102
2024-09-17 10:13:55.755,414.21739185379454,996
2024-09-17 10:13:55.777,414.2307679749113,97
2024-09-17 10:13:55.828,414.2260387253616,95
2024-09-17 10:13:55.858,414.2253354820706,995
2024-09-17 10:13:56.056,414.2487647700183,102
2024-09-17 10:13:56.060,414.2546470857996,13
2024-09-17 10:13:56.212,414.27441683002377,1005
2024-09-17 10:13:56.281,414.2398344608837,1005
2024-09-17 10:13:56.332,414.2297039564977,999
2024-09-17 10:13:56.347,414.2478305531336,102
2024-09-17 10:13:56.421,414.2488996663829,999
2024-09-17 10:13:56.476,414.2640388369343,105
2024-09-17 10:13:56.951,414.24505073618366,100
2024-09-17 10:13:57.006,414.19673404317655,1005
2024-09-17 10:13:57.035,414.1862120256414,95
2024-09-17 10:13:57.089,414.1919951883257,998
2024-09-17 10:13:57.111,414.1978416374847,1001
2024-09-17 10:13:57.177,414.23491559898713,1005
2024-09-17 10:13:57.272,414.23724783819495,8
2024-09-17 10:13:57.290,414.21024272478337,102
2024-09-17 10:13:57.415,414.202344154834,15
2024-09-17 10:13:57.453,414.2059993842894,102
2024-09-17 10:13:57.462,414.2076897800416,8
2024-09-17 10:13:57.561,-414.2030467699749,105
2024-09-17 10:13:57.567,414.22137177295485,998
2024-09-17 10:13:57.639,414.1977416793771,7
2024-09-17 10:13:57.641,,13
2024-09-17 10:13:57.843,414.2518898811745,995
2024-09-17 10:13:57.852,414.19820893880495,10
2024-09-17 10:13:57.918,414.2832327487964,105
2024-09-17 10:13:57.919,414.2698593272122,998
2024-09-17 10:13:57.928,414.19993116360007,102
2024-09-17 10:13:57.933,414.2100182653527,15
2024-09-17 10:13:57.957,414.2705574774286,998
2024-09-17 10:13:58.061,414.2005284301985,99
2024-09-17 10:13:58.365,414.18922482687367,12
2024-09-17 10:13:58.559,414.1937034636697,1001
2024-09-17 10:13:58.593,414.1942110079282,8
2024-09-17 10:13:58.659,414.1582114036468,1001
2024-09-17 10:13:58.826,414.20756301304834,1003
2024-09-17 10:13:58.849,414.1789075401023,7
2024-09-17 10:13:59.027,414.1252200078107,5
2024-09-17 10:13:59.051,414.1289631309071,6
2024-09-17 10:13:59.062,414.159355375062,96
2024-09-17 10:13:59.074,414.190936668688,1000
2024-09-17 10:13:59.087,414.1594533622181,1003
2024-09-17 10:13:59.092,414.1811302821101,103
2024-09-17 10:13:59.231,414.1574848922531,98
2024-09-17 10:13:59.239,414.14789558742245,96
2024-09-17 10:13:59.300,414.1318915580917,1005
2024-09-17 10:13:59.393,414.16614500758646,11
2024-09-17 10:13:59.457,414.17908453986473,12
2024-09-17 10:13:59.463,,101
2024-09-17 10:13:59.577,414.1720644171347,100
2024-09-17 10:13:59.674,414.1452390295384,100
2024-09-17 10:13:59.682,414.1321957727985,13
2024-09-17 10:13:59.720,414.16374160097234,100
2024-09-17 10:13:59.721,414.12665863319546,5
2024-09-17 10:13:59.761,414.17330207027993,7
2024-09-17 10:13:59.767,414.1545134991583,1002
2024-09-17 10:13:59.803,414.12521711440303,1000
2024-09-17 10:13:59.848,414.1632692770163,104
2024-09-17 10:13:59.855,414.152060295786,6
2024-09-17 10:13:59.907,414.1327725606619,103
2024-09-17 10:13:59.992,414.1364409333492,1002
