Timestamp,Price,Size
2024-09-20 14:29:00.215,431.38681754370185,998
2024-09-20 14:29:00.333,431.3567093070545,5
2024-09-20 14:29:00.355,431.37347164172775,996
2024-09-20 14:29:00.368,431.37055417721655,13
2024-09-20 14:29:00.389,431.38752062998935,998
2024-09-20 14:29:00.396,431.3929204482508,102
2024-09-20 14:29:00.445,431.3870880388794,6
2024-09-20 14:29:00.457,431.3904186859805,95
2024-09-20 14:29:00.482,431.3814504708033,8
2024-09-20 14:29:00.514,431.4075562920571,1004
2024-09-20 14:29:00.548,431.3720793473215,996
2024-09-20 14:29:00.751,431.3965128671772,1001
2024-09-20 14:29:00.794,431.3542930878663,1002
2024-09-20 14:29:00.995,431.36367833133625,5
2024-09-20 14:29:01.126,431.45520215617,997
2024-09-20 14:29:01.217,431.4164086246949,98
2024-09-20 14:29:01.245,431.4277648085217,95
2024-09-20 14:29:01.258,431.4433793532299,7
2024-09-20 14:29:01.336,431.4683026566737,9
2024-09-20 14:29:01.397,431.4243326874215,8
2024-09-20 14:29:01.416,,97
2024-09-20 14:29:01.451,431.44541145989456,1005
2024-09-20 14:29:01.498,431.4379148069044,1001
2024-09-20 14:29:01.568,431.4014880812907,103
2024-09-20 14:29:01.582,431.4335067286835,104
2024-09-20 14:29:01.638,431.42473621451086,997
2024-09-20 14:29:01.652,431.3923866624088,1000
2024-09-20 14:29:01.705,431.4212281683731,102
2024-09-20 14:29:01.764,431.4060962943719,101
2024-09-20 14:29:01.785,431.4188344454356,96
2024-09-20 14:29:01.849,431.420029322653,1003
2024-09-20 14:29:01.931,431.3898847224988,101
2024-09-20 14:29:02.030,431.4465857434254,99
2024-09-20 14:29:02.047,431.4280398028318,995
2024-09-20 14:29:02.065,431.45683189724,8
2024-09-20 14:29:02.081,431.450996708391,99
2024-09-20 14:29:02.128,431.4456267190008,1001
2024-09-20 14:29:02.221,431.4460758098284,999
2024-09-20 14:29:02.270,431.4424235896985,8
2024-09-20 14:29:02.312,431.4272696331361,1000
2024-09-20 14:29:02.365,431.44009450644353,10
2024-09-20 14:29:02.392,431.4289486620537,1004
2024-09-20 14:29:02.454,43.142029902256205,5
2024-09-20 14:29:02.463,431.423163520186,96
2024-09-20 14:29:02.473,431.4684470866724,5
2024-09-20 14:29:02.529,431.4264595331138,1003
2024-09-20 14:29:02.563,431.4315427707954,10
2024-09-20 14:29:02.575,431.42170212567487,7
2024-09-20 14:29:02.604,431.445140276873,98
2024-09-20 14:29:02.781,431.4269756415461,101
2024-09-20 14:29:02.830,431.4437788627503,96
2024-09-20 14:29:02.836,431.4510111815848,101
2024-09-20 14:29:02.844,431.4351905620768,98
2024-09-20 14:29:02.886,431.4217202890459,1002
2024-09-20 14:29:02.961,431.41341355717697,98
2024-09-20 14:29:03.054,431.45635668553257,995
2024-09-20 14:29:03.119,431.4625040060141,1000
2024-09-20 14:29:03.128,431.4584933453201,999
2024-09-20 14:29:03.146,431.45259547092974,101
2024-09-20 14:29:03.219,431.4816498653428,1000
2024-09-20 14:29:03.323,431.4801643616577,12
2024-09-20 14:29:03.412,431.4814684870335,995
2024-09-20 14:29:03.412,431.479012842362,999
2024-09-20 14:29:03.436,431.439117694656,100
2024-09-20 14:29:03.466,431.467523449467,1002
2024-09-20 14:29:03.514,431.456433451953,998
2024-09-20 14:29:03.600,431.47705117423766,8
2024-09-20 14:29:03.633,431.44156928902265,999
2024-09-20 14:29:03.659,431.4601243090486,11
2024-09-20 14:29:03.702,431.4749825330198,997
2024-09-20 14:29:03.712,431.4809246575546,1002
2024-09-20 14:29:03.746,431.4707892594541,996
2024-09-20 14:29:03.801,431.47919495726455,102
2024-09-20 14:29:04.039,431.5079838108024,101
2024-09-20 14:29:04.044,431.4776142665569,12
2024-09-20 14:29:04.138,431.47826704069416,13
2024-09-20 14:29:04.189,431.4930036390497,8
2024-09-20 14:29:04.343,431.5198085887019,11
2024-09-20 14:29:04.346,431.49731438386056,5
2024-09-20 14:29:04.548,431.4749207528486,1002
2024-09-20 14:29:04.566,431.50556007682815,1002
2024-09-20 14:29:04.566,431.4604410542595,1000
2024-09-20 14:29:04.569,431.5051548927217,8
2024-09-20 14:29:04.656,431.4706049688318,95
2024-09-20 14:29:04.659,431.4989790026812,104
2024-09-20 14:29:04.696,431.4868594604264,1001
2024-09-20 14:29:04.696,431.46678385077,995
2024-09-20 14:29:04.714,431.4697494984549,998
2024-09-20 14:29:04.728,431.489529130995,7
2024-09-20 14:29:04.734,431.51381746945685,996
2024-09-20 14:29:04.805,431.52254228842895,998
2024-09-20 14:29:04.849,431.4614636064384,999
2024-09-20 14:29:04.884,431.4828250087523,1001
2024-09-20 14:29:04.909,431.4679752645556,103
2024-09-20 14:29:04.919,431.4661760759464,998
2024-09-20 14:29:05.278,431.4801245859595,11
2024-09-20 14:29:05.540,431.4589177539252,996
2024-09-20 14:29:05.633,431.4625281424352,1004
2024-09-20 14:29:05.925,431.47584556554864,1002
2024-09-20 14:29:05.969,431.4740805740725,10
2024-09-20 14:29:06.047,431.4419961455075,100
2024-09-20 14:29:06.085,431.4212515397148,999
2024-09-20 14:29:06.117,431.40381661957394,8
2024-09-20 14:29:06.149,431.4268212252055,14
2024-09-20 14:29:06.165,431.39014000010064,1004
2024-09-20 14:29:06.289,-431.39496013234736,10
2024-09-20 14:29:06.318,431.455687820588,997
2024-09-20 14:29:06.370,431.42690076332906,102
2024-09-20 14:29:06.376,431.424328616986,996
2024-09-20 14:29:06.384,431.3888130592031,14
2024-09-20 14:29:06.457,431.443543925562,96
2024-09-20 14:29:06.470,431.41045349630383,1000
2024-09-20 14:29:06.584,431.4306182308947,1001
2024-09-20 14:29:06.658,431.44831764293735,11
2024-09-20 14:29:06.712,431.4455171495957,997
2024-09-20 14:29:06.776,431.3834706723263,1001
2024-09-20 14:29:06.820,431.438873342944,1000
2024-09-20 14:29:06.827,431.4250854534414,105
2024-09-20 14:29:06.831,431.4525108319589,101
2024-09-20 14:29:06.882,431.43863690703967,1002
2024-09-20 14:29:06.884,431.43634884456856,1003
2024-09-20 14:29:06.911,431.42168172231936,1003
2024-09-20 14:29:06.969,431.44043279748456,97
2024-09-20 14:29:06.985,431.41736791828976,11
2024-09-20 14:29:07.049,431.45665805291486,1000
2024-09-20 14:29:07.105,431.4629558993785,9
2024-09-20 14:29:07.106,431.469902030346,99
2024-09-20 14:29:07.109,431.4573030443573,1002
2024-09-20 14:29:07.282,431.4710384848163,8
2024-09-20 14:29:07.301,431.4173505482834,105
2024-09-20 14:29:07.331,431.46958181083096,8
2024-09-20 14:29:07.395,431.43665331987705,995
2024-09-20 14:29:07.573,431.4319813026029,102
2024-09-20 14:29:07.625,431.4571638967561,103
2024-09-20 14:29:07.664,431.4418838067819,96
2024-09-20 14:29:07.678,431.4555725559018,11
2024-09-20 14:29:07.717,431.4430427589094,1003
2024-09-20 14:29:07.734,431.42966162285,8
2024-09-20 14:29:07.745,431.456769702728,98
2024-09-20 14:29:07.767,431.4359616347841,97
2024-09-20 14:29:07.773,431.44045022636186,13
2024-09-20 14:29:07.816,431.4545621471313,996
2024-09-20 14:29:07.817,431.4553118108251,997
2024-09-20 14:29:07.960,431.458381838366,1004
2024-09-20 14:29:07.995,431.4367489653511,103
2024-09-20 14:29:08.049,431.5315324784448,101
2024-09-20 14:29:08.122,431.5471189858239,102
2024-09-20 14:29:08.138,431.5302110131619,996
2024-09-20 14:29:08.200,431.563475901873,998
2024-09-20 14:29:08.310,431.4628375160677,6
2024-09-20 14:29:08.518,431.491393698449,105
2024-09-20 14:29:08.524,431.4454578435391,104
2024-09-20 14:29:08.575,431.5477117502977,9
2024-09-20 14:29:08.593,431.480509545129,9
2024-09-20 14:29:08.593,431.4553769544114,1001
2024-09-20 14:29:08.657,431.4373146923126,1005
2024-09-20 14:29:08.689,431.5393011776428,1004
2024-09-20 14:29:08.722,431.4915305526138,5
2024-09-20 14:29:08.758,431.54928535794807,8
2024-09-20 14:29:08.799,431.53334220815,95
2024-09-20 14:29:08.834,431.54201135398665,9
2024-09-20 14:29:08.870,431.5180664950796,102
2024-09-20 14:29:08.884,431.5259993304525,99
2024-09-20 14:29:08.951,431.4274353334188,1004
2024-09-20 14:29:09.023,431.5745167916016,5
2024-09-20 14:29:09.030,431.5936827918936,1000
2024-09-20 14:29:09.046,431.5477952204577,1000
2024-09-20 14:29:09.072,431.5352174549612,103
2024-09-20 14:29:09.088,431.5593361215623,1002
2024-09-20 14:29:09.210,431.614661548469,103
2024-09-20 14:29:09.212,431.53987911805496,104
2024-09-20 14:29:09.235,431.5346321714081,104
2024-09-20 14:29:09.252,431.5846633097956,999
2024-09-20 14:29:09.350,431.560510441317,995
2024-09-20 14:29:09.392,431.5626261793282,1005
2024-09-20 14:29:09.437,431.5564761208525,100
2024-09-20 14:29:09.465,431.5343538059923,96
2024-09-20 14:29:09.581,431.55142506218345,14
2024-09-20 14:29:09.611,431.5453095101429,99
2024-09-20 14:29:09.639,431.5706261311065,6
2024-09-20 14:29:09.736,431.5302225599995,1001
2024-09-20 14:29:09.771,431.5266066414213,97
2024-09-20 14:29:10.047,431.6136006927409,1005
2024-09-20 14:29:10.052,431.6172443580949,7
2024-09-20 14:29:10.145,431.6130948784999,6
2024-09-20 14:29:10.254,431.5928086750712,6
2024-09-20 14:29:10.273,431.57976331974936,1004
2024-09-20 14:29:10.300,431.56214852362825,100
2024-09-20 14:29:10.376,431.6255809351565,6
2024-09-20 14:29:10.425,431.617071247474,105
2024-09-20 14:29:10.527,431.5769668568693,14
2024-09-20 14:29:10.672,431.5688427892069,102
2024-09-20 14:29:10.679,431.57778585269887,95
2024-09-20 14:29:10.708,431.6033500622655,1005
2024-09-20 14:29:10.764,431.61678585724144,11
2024-09-20 14:29:10.985,431.5902508270787,13
2024-09-20 14:29:11.005,431.511476275754,1002
2024-09-20 14:29:11.031,431.5318127271589,1001
2024-09-20 14:29:11.057,431.48531839262097,1002
2024-09-20 14:29:11.071,431.55709264085925,96
2024-09-20 14:29:11.128,-431.49101558575376,6
2024-09-20 14:29:11.244,431.5279123462864,14
2024-09-20 14:29:11.284,431.4686254284151,1003
2024-09-20 14:29:11.382,431.57075982669375,14
2024-09-20 14:29:11.385,431.44152863443554,95
2024-09-20 14:29:11.449,431.50510866458046,1005
2024-09-20 14:29:11.503,431.4892754487049,8
2024-09-20 14:29:11.506,431.49844056836815,102
2024-09-20 14:29:11.531,431.54969296684783,13
2024-09-20 14:29:11.559,431.5994824084838,103
2024-09-20 14:29:11.559,431.486164170932,97
2024-09-20 14:29:11.579,431.4736331621701,103
2024-09-20 14:29:11.609,431.49971134389153,996
2024-09-20 14:29:11.631,431.4876162021277,13
2024-09-20 14:29:11.649,431.5608477001895,99
2024-09-20 14:29:11.659,431.5631720772138,13
2024-09-20 14:29:11.689,431.4947008905654,99
2024-09-20 14:29:11.704,431.55196192645616,99
2024-09-20 14:29:11.805,431.4697307089212,997
2024-09-20 14:29:11.812,431.5309859878117,10
2024-09-20 14:29:11.816,431.4646777771172,5
2024-09-20 14:29:11.858,431.588354932204,10
2024-09-20 14:29:11.885,431.54245093461566,1003
2024-09-20 14:29:11.896,431.48060670740034,8
2024-09-20 14:29:11.953,431.4659643146834,997
2024-09-20 14:29:12.103,431.4791453005101,1004
2024-09-20 14:29:12.301,431.4884836652152,7
2024-09-20 14:29:12.794,431.48884930768565,14
2024-09-20 14:29:13.004,431.4231978581976,13
2024-09-20 14:29:13.188,431.4461270448157,11
2024-09-20 14:29:13.206,431.46992194381966,998
2024-09-20 14:29:13.238,-431.4830155578837,98
2024-09-20 14:29:13.277,431.4669481562072,96
2024-09-20 14:29:13.321,431.4959764452744,100
2024-09-20 14:29:13.487,431.4814772573753,997
2024-09-20 14:29:13.495,431.46409869220895,13
2024-09-20 14:29:13.571,431.4818194928966,11
2024-09-20 14:29:13.595,431.4696358945429,14
2024-09-20 14:29:13.804,431.4734660116777,7
2024-09-20 14:29:13.821,431.4342711042889,100
2024-09-20 14:29:13.868,431.4861046207035,15
2024-09-20 14:29:13.969,431.4725291811467,996
2024-09-20 14:29:13.993,431.49361443361767,11
2024-09-20 14:29:14.020,43.14616217230591,996
2024-09-20 14:29:14.147,431.43397205806457,15
2024-09-20 14:29:14.192,431.4538558938061,97
2024-09-20 14:29:14.202,431.4623594028063,1002
2024-09-20 14:29:14.299,431.4751921264124,103
2024-09-20 14:29:14.367,431.43795844226446,6
2024-09-20 14:29:14.407,431.4296695173875,995
2024-09-20 14:29:14.438,431.4559209811091,15
2024-09-20 14:29:14.624,431.458000581819,99
2024-09-20 14:29:14.698,431.4546628110185,105
2024-09-20 14:29:15.073,431.49788745647857,15
2024-09-20 14:29:15.166,431.4754547351535,999
2024-09-20 14:29:15.402,431.49979107090815,10
2024-09-20 14:29:15.585,431.5068402701677,99
2024-09-20 14:29:15.786,431.49496613131697,14
2024-09-20 14:29:15.898,431.4974054431671,15
2024-09-20 14:29:16.085,431.4288892309758,12
2024-09-20 14:29:16.110,431.4594626054929,11
2024-09-20 14:29:16.143,431.4290262153247,1001
2024-09-20 14:29:16.144,431.4411940241776,13
2024-09-20 14:29:16.171,431.3507901806074,100
2024-09-20 14:29:16.254,431.444904771244,7
2024-09-20 14:29:16.299,431.3815301232772,105
2024-09-20 14:29:16.304,431.36626835387614,11
2024-09-20 14:29:16.341,431.4852734177125,13
2024-09-20 14:29:16.431,431.46978888565263,101
2024-09-20 14:29:16.435,431.4205195215482,100
2024-09-20 14:29:16.439,431.3542172237838,1004
2024-09-20 14:29:16.478,431.4344401976554,8
2024-09-20 14:29:16.522,431.37135785683,12
2024-09-20 14:29:16.539,431.5084368724398,13
2024-09-20 14:29:16.645,431.4282600297527,998
2024-09-20 14:29:16.676,431.3162614397604,101
2024-09-20 14:29:16.754,431.4278753335365,1001
2024-09-20 14:29:16.844,431.4390943549972,995
2024-09-20 14:29:16.846,431.3874517787183,100
2024-09-20 14:29:16.855,431.4406603567835,7
2024-09-20 14:29:16.882,431.4869137419547,14
2024-09-20 14:29:16.994,431.4815257192504,1003
2024-09-20 14:29:17.264,431.3804446457679,998
2024-09-20 14:29:18.038,431.4373848774133,1004
2024-09-20 14:29:18.068,431.3919111026776,96
2024-09-20 14:29:18.156,431.4522796435992,995
2024-09-20 14:29:18.256,431.40234625954,14
2024-09-20 14:29:18.282,431.4407864985979,8
2024-09-20 14:29:18.327,431.4523232463261,103
2024-09-20 14:29:18.400,431.4335504606641,7
2024-09-20 14:29:18.436,431.4237346899478,12
2024-09-20 14:29:18.445,431.4534247678176,996
2024-09-20 14:29:18.675,431.4429593918406,1004
2024-09-20 14:29:18.704,431.4591035845522,1000
2024-09-20 14:29:18.758,431.4154305402431,996
2024-09-20 14:29:18.781,431.3972510673176,996
2024-09-20 14:29:18.789,431.3912595778028,99
2024-09-20 14:29:18.791,431.4764576998255,10
2024-09-20 14:29:18.881,431.4027827403747,96
2024-09-20 14:29:18.915,431.4554013692247,98
2024-09-20 14:29:18.918,431.41019362122506,995
2024-09-20 14:29:18.941,431.42015710278,1005
2024-09-20 14:29:18.958,431.4393385266138,102
2024-09-20 14:29:18.958,431.4101205569112,97
2024-09-20 14:29:18.962,431.4339630372106,105
2024-09-20 14:29:18.973,431.4613672029066,1004
2024-09-20 14:29:19.084,431.5219790079743,101
2024-09-20 14:29:19.376,431.5163048914276,995
2024-09-20 14:29:19.610,431.4696746945572,13
2024-09-20 14:29:19.655,431.5083607809499,995
2024-09-20 14:29:19.697,431.5356428169648,14
2024-09-20 14:29:19.975,431.4975029761255,104
2024-09-20 14:29:20.044,431.5285043767345,1003
2024-09-20 14:29:20.069,431.4932448203788,7
2024-09-20 14:29:20.200,431.48871765605486,99
2024-09-20 14:29:20.203,431.5471022396913,6
2024-09-20 14:29:20.249,431.5140220613661,100
2024-09-20 14:29:20.312,431.4737850347888,97
2024-09-20 14:29:20.337,431.5354823741468,103
2024-09-20 14:29:20.383,431.5369754440095,1004
2024-09-20 14:29:20.397,431.5186725476721,102
2024-09-20 14:29:20.468,431.5240499212646,9
2024-09-20 14:29:20.513,431.5487837922281,995
2024-09-20 14:29:20.546,431.5265257001621,11
2024-09-20 14:29:20.564,431.5381341808027,5
2024-09-20 14:29:20.737,431.5406161965813,99
2024-09-20 14:29:20.751,431.5342657796966,1002
2024-09-20 14:29:20.768,431.5289904619077,10
2024-09-20 14:29:20.773,431.5329935548096,15
2024-09-20 14:29:20.785,431.5463078811309,995
2024-09-20 14:29:20.841,431.5262165472208,100
2024-09-20 14:29:20.853,431.5215748531645,96
2024-09-20 14:29:20.909,431.5138026682608,14
2024-09-20 14:29:21.004,431.48174742616646,11
2024-09-20 14:29:21.129,431.5071709034637,14
2024-09-20 14:29:21.144,431.5069152010856,8
2024-09-20 14:29:21.158,431.486170863026,97
2024-09-20 14:29:21.160,431.4883778055921,1000
2024-09-20 14:29:21.193,431.4807460225531,1000
2024-09-20 14:29:21.205,431.5011877788856,96
2024-09-20 14:29:21.274,431.5048603963813,9
2024-09-20 14:29:21.288,431.5204283758392,97
2024-09-20 14:29:21.324,431.4626700740569,999
2024-09-20 14:29:21.329,431.4952302970384,13
2024-09-20 14:29:21.403,431.47720717441314,1003
2024-09-20 14:29:21.576,431.503205206591,998
2024-09-20 14:29:21.626,431.5036124281678,1005
2024-09-20 14:29:21.645,431.4993730412029,6
2024-09-20 14:29:21.704,431.4956609201109,999
2024-09-20 14:29:21.758,431.524825553222,5
2024-09-20 14:29:21.800,431.525485603739,6
2024-09-20 14:29:21.817,431.4892033889076,6
2024-09-20 14:29:21.819,431.4988767922615,8
2024-09-20 14:29:21.880,431.4661198700528,998
2024-09-20 14:29:21.882,431.502681277682,1005
2024-09-20 14:29:21.892,431.5018629476348,9
2024-09-20 14:29:21.907,431.48101451644953,9
2024-09-20 14:29:21.948,431.51898911306273,1002
2024-09-20 14:29:21.956,431.5126455662388,13
2024-09-20 14:29:21.981,431.4670927686786,7
2024-09-20 14:29:21.992,431.4662381533773,8
2024-09-20 14:29:22.125,431.4964184897335,99
2024-09-20 14:29:22.206,431.5303946849684,101
2024-09-20 14:29:22.365,431.4876774672625,1003
2024-09-20 14:29:22.392,431.4921277158,100
2024-09-20 14:29:22.572,431.4733402666008,14
2024-09-20 14:29:22.630,431.5458086316996,1005
2024-09-20 14:29:22.685,431.4808252231865,1005
2024-09-20 14:29:22.721,431.5089110667753,7
2024-09-20 14:29:22.858,431.5120625312933,1004
2024-09-20 14:29:22.915,431.5027043721351,999
2024-09-20 14:29:22.959,431.5258902551663,105
2024-09-20 14:29:23.009,431.4405813805985,99
2024-09-20 14:29:23.026,431.4931062049211,104
2024-09-20 14:29:23.027,431.47307472037926,5
2024-09-20 14:29:23.062,431.4448168447444,12
2024-09-20 14:29:23.083,431.4551979479075,999
2024-09-20 14:29:23.084,431.4766422417684,13
2024-09-20 14:29:23.087,431.4267422790596,99
2024-09-20 14:29:23.112,431.48064082817206,999
2024-09-20 14:29:23.133,431.4667776489231,1001
2024-09-20 14:29:23.175,431.4962787103203,6
2024-09-20 14:29:23.211,431.4515361099442,997
2024-09-20 14:29:23.220,431.4788069802563,102
2024-09-20 14:29:23.355,431.51246913269193,10
2024-09-20 14:29:23.358,431.4659707954875,10
2024-09-20 14:29:23.414,431.454088011116,998
2024-09-20 14:29:23.473,431.4604033577375,997
2024-09-20 14:29:23.618,431.4883491876902,15
2024-09-20 14:29:23.663,431.4950480255068,10
2024-09-20 14:29:23.755,431.4730937142489,5
2024-09-20 14:29:23.768,431.4518977417724,12
2024-09-20 14:29:23.841,431.4991468217171,1002
2024-09-20 14:29:23.844,431.4948205579294,105
2024-09-20 14:29:23.862,431.4992545273788,1005
2024-09-20 14:29:23.886,431.4413543546602,1001
2024-09-20 14:29:23.908,431.4567900752117,103
2024-09-20 14:29:24.065,431.4556327643209,101
2024-09-20 14:29:24.099,431.4574782257378,995
2024-09-20 14:29:24.151,431.5042940146595,1002
2024-09-20 14:29:24.294,431.4587593480574,1002
2024-09-20 14:29:24.459,431.51178527504175,105
2024-09-20 14:29:24.494,431.4638426784607,6
2024-09-20 14:29:24.528,431.4684438610193,1001
2024-09-20 14:29:24.551,431.463993905448,98
2024-09-20 14:29:24.687,431.5195516843839,998
2024-09-20 14:29:24.695,431.48381822717386,999
2024-09-20 14:29:24.845,431.47799013217787,7
2024-09-20 14:29:24.889,431.5041760597272,12
2024-09-20 14:29:24.957,431.50904127610886,1000
2024-09-20 14:29:25.054,431.5700927590016,1003
2024-09-20 14:29:25.070,431.5345902798676,99
2024-09-20 14:29:25.118,431.52056572247,1002
2024-09-20 14:29:25.118,431.54620835392166,5
2024-09-20 14:29:25.138,431.578335703468,95
2024-09-20 14:29:25.302,431.5198751644857,104
2024-09-20 14:29:25.455,431.5175054418153,15
2024-09-20 14:29:25.463,431.5379080723761,9
2024-09-20 14:29:25.581,431.5683990704495,1004
2024-09-20 14:29:25.689,431.53615340541126,996
2024-09-20 14:29:25.746,431.5165696913723,1003
2024-09-20 14:29:25.775,431.55240901930654,1004
2024-09-20 14:29:25.835,431.5274948966155,11
2024-09-20 14:29:25.914,431.5543348622894,6
2024-09-20 14:29:26.007,431.5911476471565,98
2024-09-20 14:29:26.031,431.5994109408632,995
2024-09-20 14:29:26.057,431.5931896380293,13
2024-09-20 14:29:26.143,431.5971579086267,10
2024-09-20 14:29:26.193,431.59848415133183,105
2024-09-20 14:29:26.231,431.5817141597837,8
2024-09-20 14:29:26.254,431.58244368258266,998
2024-09-20 14:29:26.264,431.61102578060775,102
2024-09-20 14:29:26.265,431.59165755559087,96
2024-09-20 14:29:26.715,431.60248493176414,103
2024-09-20 14:29:26.740,431.5903325862877,10
2024-09-20 14:29:26.740,431.5781041123791,103
2024-09-20 14:29:26.769,431.58202033936016,5
2024-09-20 14:29:26.771,431.6081509937793,99
2024-09-20 14:29:26.805,431.592860323069,6
2024-09-20 14:29:26.855,431.57739684510256,103
2024-09-20 14:29:26.881,431.57088550998486,1005
2024-09-20 14:29:26.941,431.5891984544222,999
2024-09-20 14:29:27.040,431.54930516328966,95
2024-09-20 14:29:27.133,431.5443388018167,1001
2024-09-20 14:29:27.268,431.5633122508581,999
2024-09-20 14:29:27.393,431.55511887886433,13
2024-09-20 14:29:27.476,431.5671585698476,97
2024-09-20 14:29:27.986,431.5454530734651,99
2024-09-20 14:29:28.037,431.5329935654157,996
2024-09-20 14:29:28.089,431.5203135928642,105
2024-09-20 14:29:28.220,431.54088616987485,6
2024-09-20 14:29:28.261,431.5214796796089,997
2024-09-20 14:29:28.276,431.552995240052,12
2024-09-20 14:29:28.428,431.5690225998642,15
2024-09-20 14:29:28.468,431.53443752470656,105
2024-09-20 14:29:28.470,431.5251594411838,995
2024-09-20 14:29:28.535,431.5472314193791,15
2024-09-20 14:29:28.539,431.518027859833,103
2024-09-20 14:29:28.620,431.5531232538016,7
2024-09-20 14:29:28.673,431.5105970900994,98
2024-09-20 14:29:28.730,431.5446982766196,103
2024-09-20 14:29:28.790,431.5440456136696,8
2024-09-20 14:29:28.837,431.5421248850696,8
2024-09-20 14:29:28.894,431.5409920529259,1000
2024-09-20 14:29:29.089,431.5560127985137,1000
2024-09-20 14:29:29.163,431.52149822879386,1001
2024-09-20 14:29:29.188,431.5592517103968,96
2024-09-20 14:29:29.247,431.5498574787272,999
2024-09-20 14:29:29.466,431.5830158002372,1005
2024-09-20 14:29:29.555,431.5917513786464,99
2024-09-20 14:29:29.766,431.5835735203231,1005
2024-09-20 14:29:29.879,431.53721626564334,7
2024-09-20 14:29:29.914,431.5383144230992,997
2024-09-20 14:29:29.961,431.53216734663374,5
2024-09-20 14:29:30.011,431.58976759285,1000
2024-09-20 14:29:30.238,431.64232116480326,1001
2024-09-20 14:29:30.613,431.6231698535092,101
2024-09-20 14:29:30.740,431.6321231383084,11
2024-09-20 14:29:30.802,431.5973641398337,13
2024-09-20 14:29:30.844,431.6150588580478,1000
2024-09-20 14:29:30.856,431.6292789783301,12
2024-09-20 14:29:30.894,431.5911838987312,1003
2024-09-20 14:29:30.906,431.60803690670485,1001
2024-09-20 14:29:31.015,431.5503425124742,102
2024-09-20 14:29:31.050,431.5797392743845,11
2024-09-20 14:29:31.176,431.5841806038892,102
2024-09-20 14:29:31.376,431.5796264765575,12
2024-09-20 14:29:31.436,431.5596480904864,11
2024-09-20 14:29:31.471,431.6083807353817,1000
2024-09-20 14:29:31.495,431.61072096435765,11
2024-09-20 14:29:31.619,431.58730009802144,1004
2024-09-20 14:29:31.699,431.5807174099036,996
2024-09-20 14:29:31.830,431.6009394485599,14
2024-09-20 14:29:31.879,431.595439148867,1002
2024-09-20 14:29:31.961,431.5694998398873,101
2024-09-20 14:29:31.964,431.5826645039069,999
2024-09-20 14:29:32.063,431.62630613098776,998
2024-09-20 14:29:32.067,431.6307776738741,1004
2024-09-20 14:29:32.070,431.65234318467975,15
2024-09-20 14:29:32.093,431.6216481432965,11
2024-09-20 14:29:32.096,431.62384570699777,1002
2024-09-20 14:29:32.104,431.6478211022677,11
2024-09-20 14:29:32.112,431.629847489218,997
2024-09-20 14:29:32.164,431.64663875136256,11
2024-09-20 14:29:32.180,431.6577898289189,101
2024-09-20 14:29:32.216,431.6371769509839,1003
2024-09-20 14:29:32.252,431.61908441399794,103
2024-09-20 14:29:32.265,431.6638983668848,1002
2024-09-20 14:29:32.271,431.656256520018,1000
2024-09-20 14:29:32.318,431.61787036349534,15
2024-09-20 14:29:32.321,431.6323692064571,5
2024-09-20 14:29:32.348,431.63383140998167,15
2024-09-20 14:29:32.363,431.6291177103988,96
2024-09-20 14:29:32.389,431.6629064323514,11
2024-09-20 14:29:32.488,431.6493598662629,11
2024-09-20 14:29:32.514,431.6265008699568,1000
2024-09-20 14:29:32.584,431.6383427722951,104
2024-09-20 14:29:32.647,431.6617333440268,12
2024-09-20 14:29:32.651,431.6152047979239,1003
2024-09-20 14:29:32.733,431.6325718294472,96
2024-09-20 14:29:32.760,431.663467841531,1005
2024-09-20 14:29:32.771,431.6479928187705,105
2024-09-20 14:29:32.910,431.6567650786444,1000
2024-09-20 14:29:32.938,431.6367164209252,104
2024-09-20 14:29:32.958,431.65542391810175,996
2024-09-20 14:29:33.049,431.6707939143247,104
2024-09-20 14:29:33.606,-431.6696510162395,1001
2024-09-20 14:29:34.214,431.6269717192501,999
2024-09-20 14:29:34.243,431.6410387824237,101
2024-09-20 14:29:34.273,431.6570579658337,995
2024-09-20 14:29:34.289,431.64159401612153,99
2024-09-20 14:29:34.314,431.65693549988384,995
2024-09-20 14:29:34.341,431.66212521389,96
2024-09-20 14:29:34.381,431.64098743510505,15
2024-09-20 14:29:34.525,431.6296918355212,995
2024-09-20 14:29:34.581,431.6512631174275,97
2024-09-20 14:29:34.625,431.68453608970265,6
2024-09-20 14:29:34.627,431.6327994721261,95
2024-09-20 14:29:34.636,431.657993959536,5
2024-09-20 14:29:34.753,431.658588710301,1003
2024-09-20 14:29:34.912,431.6460743057987,1002
2024-09-20 14:29:34.986,431.67147978919456,12
2024-09-20 14:29:35.224,431.6418859766673,1005
2024-09-20 14:29:35.234,431.61090831689614,5
2024-09-20 14:29:35.247,431.6362275077374,10
2024-09-20 14:29:35.277,431.5907821339328,96
2024-09-20 14:29:35.303,431.64699788923167,11
2024-09-20 14:29:35.306,431.5662377772311,997
2024-09-20 14:29:35.324,431.5714238585048,96
2024-09-20 14:29:35.494,431.5975616608258,6
2024-09-20 14:29:35.564,431.6027979049972,100
2024-09-20 14:29:35.674,431.58135423417895,1003
2024-09-20 14:29:35.778,431.6408621870668,104
2024-09-20 14:29:36.062,431.66161709278737,8
2024-09-20 14:29:36.080,431.6434323482581,995
2024-09-20 14:29:36.174,431.65605784856587,1004
2024-09-20 14:29:36.190,431.6727603380572,8
2024-09-20 14:29:36.224,431.6639154894895,14
2024-09-20 14:29:36.363,431.6591668240528,1003
2024-09-20 14:29:36.429,431.6726655116814,1004
2024-09-20 14:29:36.457,431.6514492055035,998
2024-09-20 14:29:36.628,431.6732109009285,105
2024-09-20 14:29:36.656,431.5967137033536,102
2024-09-20 14:29:36.678,431.6346856490717,14
2024-09-20 14:29:36.703,431.6307824500484,10
2024-09-20 14:29:36.707,431.6661718577592,14
2024-09-20 14:29:36.759,431.6228259331865,995
2024-09-20 14:29:36.790,431.6504486475791,996
2024-09-20 14:29:36.824,431.6301235442107,98
2024-09-20 14:29:36.852,431.6596297893405,8
2024-09-20 14:29:36.864,431.67559345254114,103
2024-09-20 14:29:36.878,431.6401114282105,11
2024-09-20 14:29:36.918,431.6385544494905,101
2024-09-20 14:29:38.034,431.58277208596206,10
2024-09-20 14:29:38.070,431.6005100606096,97
2024-09-20 14:29:38.072,431.5445919508643,96
2024-09-20 14:29:38.098,431.5940708343017,98
2024-09-20 14:29:38.127,431.6405465874581,95
2024-09-20 14:29:38.135,431.56702507195,1003
2024-09-20 14:29:38.179,431.586877350544,99
2024-09-20 14:29:38.289,431.5682331975361,995
2024-09-20 14:29:38.304,431.5658496567847,6
2024-09-20 14:29:38.306,431.5847432752949,1005
2024-09-20 14:29:38.358,431.5538019007112,102
2024-09-20 14:29:38.402,43.16103361349764,1004
2024-09-20 14:29:38.421,431.5395754366994,1004
2024-09-20 14:29:38.426,431.5901087303101,14
2024-09-20 14:29:38.431,431.5916200600447,99
2024-09-20 14:29:38.446,431.5920121556604,10
2024-09-20 14:29:38.535,431.5944094188152,7
2024-09-20 14:29:38.608,431.6293682388642,998
2024-09-20 14:29:38.610,431.6088409367126,103
2024-09-20 14:29:38.650,431.61265533643376,105
2024-09-20 14:29:38.739,431.6282649765103,104
2024-09-20 14:29:38.784,431.5920138587602,8
2024-09-20 14:29:38.785,431.6590787775403,13
2024-09-20 14:29:38.797,431.5966311583155,98
2024-09-20 14:29:38.838,431.6068907218589,1001
2024-09-20 14:29:38.866,431.5700545174253,1001
2024-09-20 14:29:38.879,431.5546645683809,15
2024-09-20 14:29:38.921,431.5826148942439,101
2024-09-20 14:29:38.971,431.6821382109666,995
2024-09-20 14:29:39.108,431.5735291499637,6
2024-09-20 14:29:39.155,431.6298100004111,1004
2024-09-20 14:29:39.287,431.5893915725519,95
2024-09-20 14:29:39.335,431.61427425334415,15
2024-09-20 14:29:39.397,431.57426388574,10
2024-09-20 14:29:39.439,431.5885825189851,1004
2024-09-20 14:29:39.501,431.6079434775172,997
2024-09-20 14:29:39.555,431.6159600048929,100
2024-09-20 14:29:39.576,431.6054830812248,10
2024-09-20 14:29:39.618,431.6238263104773,102
2024-09-20 14:29:39.788,431.587823466523,9
2024-09-20 14:29:39.913,431.5961971683429,101
2024-09-20 14:29:40.156,431.59255817436167,97
2024-09-20 14:29:41.010,431.6613043943016,1003
2024-09-20 14:29:41.038,431.6166621437382,14
2024-09-20 14:29:41.194,431.6570107851069,9
2024-09-20 14:29:41.251,431.6153931360749,104
2024-09-20 14:29:41.359,431.6538760087348,999
2024-09-20 14:29:41.375,431.6166484082548,5
2024-09-20 14:29:41.455,431.66399728117705,98
2024-09-20 14:29:41.464,431.65345664572976,13
2024-09-20 14:29:41.465,431.5783189058628,96
2024-09-20 14:29:41.512,431.57831073115966,99
2024-09-20 14:29:41.528,431.63716854640825,95
2024-09-20 14:29:41.619,431.5880446444289,996
2024-09-20 14:29:41.841,431.5947999592318,5
2024-09-20 14:29:41.897,431.64250980593584,12
2024-09-20 14:29:42.105,431.6515315680111,1005
2024-09-20 14:29:42.129,431.6713983163163,1003
2024-09-20 14:29:42.136,-431.6494633532686,104
2024-09-20 14:29:42.162,431.6174660927368,999
2024-09-20 14:29:42.217,431.67127009375525,100
2024-09-20 14:29:42.255,431.6351757405556,14
2024-09-20 14:29:42.296,431.62573093761273,101
2024-09-20 14:29:42.298,,95
2024-09-20 14:29:42.313,431.6276794084592,99
2024-09-20 14:29:42.326,431.6295697098047,104
2024-09-20 14:29:42.411,431.6516710214071,98
2024-09-20 14:29:42.477,431.6181200497276,1001
2024-09-20 14:29:42.491,431.6698387046104,12
2024-09-20 14:29:42.540,431.6452254330684,12
2024-09-20 14:29:42.586,431.6713176952486,104
2024-09-20 14:29:42.602,431.6628167160992,98
2024-09-20 14:29:42.629,43.16257680897888,102
2024-09-20 14:29:42.638,431.63446017448416,98
2024-09-20 14:29:42.695,431.65480346074287,9
2024-09-20 14:29:42.710,431.6583720457904,5
2024-09-20 14:29:42.718,431.6608920492586,14
2024-09-20 14:29:42.754,43.16367306104684,97
2024-09-20 14:29:42.778,431.65120066433,15
2024-09-20 14:29:42.782,431.649957243613,99
2024-09-20 14:29:42.804,431.6307595559192,1001
2024-09-20 14:29:42.806,431.6382445484794,996
2024-09-20 14:29:42.807,431.6699890199933,1005
2024-09-20 14:29:42.922,431.6154694509616,101
2024-09-20 14:29:42.938,431.6574835353722,101
2024-09-20 14:29:42.977,431.6205375752057,10
2024-09-20 14:29:43.104,431.66719301822,104
2024-09-20 14:29:43.105,431.69275932122906,102
2024-09-20 14:29:43.333,431.6714957398136,103
2024-09-20 14:29:43.351,431.65500297918106,997
2024-09-20 14:29:43.379,431.6787608935299,97
2024-09-20 14:29:43.492,431.6700066957292,10
2024-09-20 14:29:43.527,431.6456719112462,1002
2024-09-20 14:29:43.579,431.65190192535647,995
2024-09-20 14:29:43.662,431.6638590855257,10
2024-09-20 14:29:43.686,431.6857624459612,999
2024-09-20 14:29:44.422,431.68934797084665,14
2024-09-20 14:29:44.717,431.645242119901,96
2024-09-20 14:29:44.799,431.6643529277368,97
2024-09-20 14:29:44.902,431.67555670796486,97
2024-09-20 14:29:44.934,431.66406849333,995
2024-09-20 14:29:45.101,431.67086834107374,995
2024-09-20 14:29:45.269,431.6750404468265,13
2024-09-20 14:29:45.959,431.6719122571405,998
2024-09-20 14:29:45.973,431.6777975668097,104
2024-09-20 14:29:46.003,431.6849171358953,99
2024-09-20 14:29:46.096,431.6830878416785,104
2024-09-20 14:29:46.126,431.687171973992,97
2024-09-20 14:29:46.138,431.61044095428383,1000
2024-09-20 14:29:46.143,431.6451179609611,8
2024-09-20 14:29:46.172,431.6823542382514,95
2024-09-20 14:29:46.218,431.6745484618126,996
2024-09-20 14:29:46.283,431.6838374341868,1000
2024-09-20 14:29:46.328,431.66176037155634,5
2024-09-20 14:29:46.346,431.6528683546196,997
2024-09-20 14:29:46.364,431.6748095482945,105
2024-09-20 14:29:46.512,431.6346748179456,100
2024-09-20 14:29:46.524,431.68399133551264,999
2024-09-20 14:29:46.533,431.6506896156433,102
2024-09-20 14:29:46.550,431.6506378957609,96
2024-09-20 14:29:46.580,431.6144044148536,12
2024-09-20 14:29:46.615,431.68560116871527,95
2024-09-20 14:29:46.653,431.698090531342,9
2024-09-20 14:29:46.786,431.657480659946,14
2024-09-20 14:29:46.833,431.631730520204,98
2024-09-20 14:29:46.833,431.6370333723972,105
2024-09-20 14:29:46.876,431.6605122413666,1002
2024-09-20 14:29:46.876,431.6745605429335,15
2024-09-20 14:29:46.883,,999
2024-09-20 14:29:46.884,431.6803719359445,98
2024-09-20 14:29:46.896,431.67167506561447,996
2024-09-20 14:29:46.983,431.6181996919744,101
2024-09-20 14:29:47.030,431.6684874355874,13
2024-09-20 14:29:47.053,431.648265055609,13
2024-09-20 14:29:47.055,431.5544429657848,100
2024-09-20 14:29:47.069,431.6439320280685,6
2024-09-20 14:29:47.229,431.6340874559163,1000
2024-09-20 14:29:47.274,,103
2024-09-20 14:29:47.363,431.5600092169551,15
2024-09-20 14:29:47.420,431.6235049220848,995
2024-09-20 14:29:47.456,431.6176881869279,995
2024-09-20 14:29:47.475,431.5693237956036,12
2024-09-20 14:29:47.503,431.6170413611092,1005
2024-09-20 14:29:47.510,43.16613677073842,12
2024-09-20 14:29:47.521,431.596404421134,98
2024-09-20 14:29:47.531,431.5600294576644,999
2024-09-20 14:29:47.548,431.5449437608144,8
2024-09-20 14:29:47.570,431.61771510951456,999
2024-09-20 14:29:47.648,431.63235557265295,1003
2024-09-20 14:29:47.648,431.60735310455135,105
2024-09-20 14:29:47.656,431.6602991312351,100
2024-09-20 14:29:47.710,431.5815586906755,100
2024-09-20 14:29:47.805,431.6221762833381,96
2024-09-20 14:29:47.926,431.5803218018488,12
2024-09-20 14:29:47.953,431.60774331347415,12
2024-09-20 14:29:48.043,431.5997410434322,97
2024-09-20 14:29:48.052,431.57754377178776,7
2024-09-20 14:29:48.058,431.6041820783354,996
2024-09-20 14:29:48.064,431.59699486683934,998
2024-09-20 14:29:48.265,431.6196462748128,6
2024-09-20 14:29:48.269,431.6154018343023,99
2024-09-20 14:29:48.339,431.6099414383723,995
2024-09-20 14:29:48.343,431.6069217151234,997
2024-09-20 14:29:48.344,431.5830209553456,1000
2024-09-20 14:29:48.362,431.5990830558069,995
2024-09-20 14:29:48.364,431.575529483166,7
2024-09-20 14:29:48.365,431.62300552769926,1001
2024-09-20 14:29:48.384,431.6187189191901,999
2024-09-20 14:29:48.422,431.6148487977232,105
2024-09-20 14:29:48.516,431.58335245004616,96
2024-09-20 14:29:48.536,431.5901302093075,12
2024-09-20 14:29:48.621,431.5831245624248,98
2024-09-20 14:29:48.649,431.5961963878255,996
2024-09-20 14:29:48.671,431.59831768672393,996
2024-09-20 14:29:48.710,431.6288812474469,97
2024-09-20 14:29:48.764,431.5828714603043,14
2024-09-20 14:29:48.851,431.5907477863948,7
2024-09-20 14:29:48.888,431.57092341131926,13
2024-09-20 14:29:48.910,431.5882430452268,1002
2024-09-20 14:29:49.038,431.5067754389708,8
2024-09-20 14:29:49.059,431.5934470206455,1003
2024-09-20 14:29:49.070,431.5543591746472,97
2024-09-20 14:29:49.182,431.5585916725696,95
2024-09-20 14:29:49.367,431.5190992635128,96
2024-09-20 14:29:49.405,431.60742444087424,1004
2024-09-20 14:29:49.441,431.64004317310986,995
2024-09-20 14:29:49.491,431.5992661176655,1001
2024-09-20 14:29:49.493,431.5200884521099,1003
2024-09-20 14:29:49.513,431.52700076976816,995
2024-09-20 14:29:49.525,431.6228260364485,6
2024-09-20 14:29:49.550,431.53938076693936,102
2024-09-20 14:29:49.597,431.5090245663136,8
2024-09-20 14:29:49.603,,999
2024-09-20 14:29:49.654,431.5328441530938,96
2024-09-20 14:29:49.732,431.5102751909867,996
2024-09-20 14:29:49.769,431.5561592908044,12
2024-09-20 14:29:49.896,431.5924616827672,5
2024-09-20 14:29:49.904,431.6371920972579,1001
2024-09-20 14:29:49.924,431.6014552188592,1005
2024-09-20 14:29:49.933,431.654073955046,1001
2024-09-20 14:29:49.935,431.6257111446208,99
2024-09-20 14:29:49.998,431.5823719441503,102
2024-09-20 14:29:50.107,431.4634007516178,104
2024-09-20 14:29:50.120,431.45995666425966,998
2024-09-20 14:29:50.144,431.4469178739243,7
2024-09-20 14:29:50.171,431.49857233709736,12
2024-09-20 14:29:50.177,431.4595777057436,999
2024-09-20 14:29:50.217,431.5014171386513,12
2024-09-20 14:29:50.223,431.4828612456004,96
2024-09-20 14:29:50.244,431.5108479298431,6
2024-09-20 14:29:50.256,431.44818289097066,96
2024-09-20 14:29:50.284,431.4424646959964,9
2024-09-20 14:29:50.303,431.44245748070045,96
2024-09-20 14:29:50.447,431.4846950721506,997
2024-09-20 14:29:50.464,431.4519590391845,12
2024-09-20 14:29:50.517,431.4721123626836,101
2024-09-20 14:29:50.524,431.4590218780911,996
2024-09-20 14:29:50.543,431.45313984342704,996
2024-09-20 14:29:50.674,431.46367427461377,101
2024-09-20 14:29:50.694,431.4613547079496,14
2024-09-20 14:29:50.808,431.4575539690189,12
2024-09-20 14:29:50.848,431.4485363007964,996
2024-09-20 14:29:50.852,431.46168323917504,104
2024-09-20 14:29:51.007,431.4944207284408,995
2024-09-20 14:29:51.041,431.5157029353365,999
2024-09-20 14:29:51.094,431.5534215496057,5
2024-09-20 14:29:51.118,431.5010715969148,99
2024-09-20 14:29:51.187,431.5044335490662,5
2024-09-20 14:29:51.320,431.57654496365046,5
2024-09-20 14:29:51.658,431.4922033571893,9
2024-09-20 14:29:51.741,431.5129144582881,6
2024-09-20 14:29:51.800,431.4932450442667,1003
2024-09-20 14:29:51.860,431.49925015382735,1004
2024-09-20 14:29:51.900,431.5134709450184,9
2024-09-20 14:29:52.047,431.61264955331046,8
2024-09-20 14:29:52.136,431.6345120916643,1002
2024-09-20 14:29:52.169,431.6246559763453,15
2024-09-20 14:29:52.298,431.6132851509671,102
2024-09-20 14:29:52.370,431.608150172678,101
2024-09-20 14:29:52.388,431.5712094389329,1005
2024-09-20 14:29:52.462,431.6102025151168,13
2024-09-20 14:29:52.470,431.6105651992965,5
2024-09-20 14:29:52.633,431.60376604895936,13
2024-09-20 14:29:52.637,431.5805634349709,100
2024-09-20 14:29:52.669,431.6031379248001,95
2024-09-20 14:29:52.758,431.6022141291698,13
2024-09-20 14:29:52.867,431.6307609459716,9
2024-09-20 14:29:52.984,431.6338677625856,96
2024-09-20 14:29:53.177,431.51645984054034,1001
2024-09-20 14:29:53.211,431.5372083309702,11
2024-09-20 14:29:53.211,431.6138066695892,1000
2024-09-20 14:29:53.217,431.54877123633565,995
2024-09-20 14:29:53.263,431.5463135086479,8
2024-09-20 14:29:53.278,431.5264321526381,1000
2024-09-20 14:29:53.357,431.5525037290536,11
2024-09-20 14:29:53.508,431.5864602481592,999
2024-09-20 14:29:53.567,431.6030598912867,998
2024-09-20 14:29:53.659,431.5722845077023,102
2024-09-20 14:29:53.713,431.6023182350724,6
2024-09-20 14:29:53.724,431.5350638877055,8
2024-09-20 14:29:53.851,431.53517993957456,104
2024-09-20 14:29:53.861,431.587815094448,1001
2024-09-20 14:29:53.962,431.5371113624624,997
2024-09-20 14:29:54.022,431.529821278733,96
2024-09-20 14:29:54.058,431.5154111120464,1000
2024-09-20 14:29:54.402,431.5171910143853,999
2024-09-20 14:29:54.418,431.52105365967753,1003
2024-09-20 14:29:54.589,431.5211903990011,1001
2024-09-20 14:29:54.805,431.5271253339136,15
2024-09-20 14:29:54.838,431.5221415483343,15
2024-09-20 14:29:54.856,431.52629282827496,105
2024-09-20 14:29:54.943,431.5281936899434,103
2024-09-20 14:29:55.018,431.5617725928842,100
2024-09-20 14:29:55.025,431.5567708822812,12
2024-09-20 14:29:55.027,431.5623036413146,997
2024-09-20 14:29:55.074,431.552480881313,103
2024-09-20 14:29:55.219,431.5511819152962,101
2024-09-20 14:29:55.225,431.5517105440521,104
2024-09-20 14:29:55.246,431.5487359235333,8
2024-09-20 14:29:55.622,431.5561733845162,95
2024-09-20 14:29:55.624,431.5492862096164,997
2024-09-20 14:29:55.681,431.5565429859,98
2024-09-20 14:29:55.686,431.5251490751348,95
2024-09-20 14:29:55.748,431.5618540493159,8
2024-09-20 14:29:55.857,431.54526296296814,1000
2024-09-20 14:29:55.865,431.57813827618656,5
2024-09-20 14:29:55.992,431.5483530242154,8
2024-09-20 14:29:55.999,431.554820266231,11
2024-09-20 14:29:56.087,431.4480822934515,1000
2024-09-20 14:29:56.156,431.4844926698532,14
2024-09-20 14:29:56.180,431.4460881456963,6
2024-09-20 14:29:56.250,431.5129175342744,8
2024-09-20 14:29:56.252,431.5044112748278,6
2024-09-20 14:29:56.300,,6
2024-09-20 14:29:56.306,431.4801396054209,102
2024-09-20 14:29:56.341,431.4678952581996,103
2024-09-20 14:29:56.392,431.45093151477977,997
2024-09-20 14:29:56.480,431.4943305810343,10
2024-09-20 14:29:56.497,431.48569411065694,1001
2024-09-20 14:29:56.507,431.5212362564753,999
2024-09-20 14:29:56.519,431.4786775143527,12
2024-09-20 14:29:56.734,431.4833656858642,99
2024-09-20 14:29:56.779,431.5070665316943,99
2024-09-20 14:29:56.914,431.51435835241057,102
2024-09-20 14:29:56.914,431.4739984789608,12
2024-09-20 14:29:56.925,431.51098723680246,6
2024-09-20 14:29:56.993,431.46530210295896,104
2024-09-20 14:29:57.055,431.5264335817202,13
2024-09-20 14:29:57.059,431.5340838587233,97
2024-09-20 14:29:57.069,431.49266279243176,1001
2024-09-20 14:29:57.093,431.5217853041475,998
2024-09-20 14:29:57.238,431.4605056604637,10
2024-09-20 14:29:57.296,431.5062146117178,102
2024-09-20 14:29:57.311,431.5177681068477,998
2024-09-20 14:29:57.343,431.4662133597527,104
2024-09-20 14:29:57.359,431.5086670291123,9
2024-09-20 14:29:57.410,431.5012602434601,8
2024-09-20 14:29:57.428,431.5160027392176,1000
2024-09-20 14:29:57.534,431.5091151656816,8
2024-09-20 14:29:57.712,431.4904301713095,995
2024-09-20 14:29:57.733,431.5235964363641,14
2024-09-20 14:29:57.742,431.45139669493255,10
2024-09-20 14:29:57.775,431.4339398509682,1005
2024-09-20 14:29:57.781,431.4907478086601,1003
2024-09-20 14:29:57.800,431.493312527636,1000
2024-09-20 14:29:57.804,431.4534438205768,14
2024-09-20 14:29:57.854,431.49205597912544,104
2024-09-20 14:29:57.856,431.45601629283175,12
2024-09-20 14:29:57.993,431.4492274454845,996
2024-09-20 14:29:58.207,431.51965478659065,5
2024-09-20 14:29:59.095,431.500604842498,995
2024-09-20 14:29:59.149,431.5235786961242,102
2024-09-20 14:29:59.188,431.48553796168585,10
2024-09-20 14:29:59.211,431.5057141047012,1002
2024-09-20 14:29:59.213,431.5090174566922,99
2024-09-20 14:29:59.277,431.5202745907712,11
2024-09-20 14:29:59.305,431.50998841829926,1003
2024-09-20 14:29:59.311,431.5094864791727,996
2024-09-20 14:29:59.409,431.5263208319325,9
2024-09-20 14:29:59.439,431.501111281142,1003
2024-09-20 14:29:59.440,431.493064208512,12
2024-09-20 14:29:59.443,431.5272666850594,9
2024-09-20 14:29:59.473,-431.49910646797787,96
2024-09-20 14:29:59.556,431.5301883388929,1005
2024-09-20 14:29:59.581,431.5128594089527,102
2024-09-20 14:29:59.635,431.5166951708857,15
2024-09-20 14:29:59.675,431.5455002985708,98
2024-09-20 14:29:59.695,431.52816785468735,98
2024-09-20 14:29:59.723,431.5041794137535,998
2024-09-20 14:29:59.768,431.5137731522188,95
2024-09-20 14:29:59.778,431.5542815678429,5
2024-09-20 14:29:59.858,431.5219275447555,103
2024-09-20 14:29:59.914,431.52187204726033,10
2024-09-20 14:29:59.935,431.51120978924666,7
2024-09-20 14:29:59.937,431.5441686539938,7
2024-09-20 14:29:59.940,431.5320115833782,998
2024-09-20 14:29:59.984,431.5411956951373,11
