Timestamp,Price,Size
2024-09-17 10:05:00.007,414.5946551390263,11
2024-09-17 10:05:00.137,414.7161799527507,996
2024-09-17 10:05:00.154,,105
2024-09-17 10:05:00.296,414.5764986174451,11
2024-09-17 10:05:00.498,414.7050572260309,5
2024-09-17 10:05:00.526,414.5892697337429,999
2024-09-17 10:05:00.535,414.66427672754816,104
2024-09-17 10:05:00.550,414.69402888989816,996
2024-09-17 10:05:00.560,414.5716505151884,11
2024-09-17 10:05:00.667,414.5943906956262,10
2024-09-17 10:05:00.680,414.5982136645635,998
2024-09-17 10:05:00.698,414.5721089951946,997
2024-09-17 10:05:00.701,414.583036279584,999
2024-09-17 10:05:00.713,414.5714299343716,1000
2024-09-17 10:05:00.814,414.6261946501202,1003
2024-09-17 10:05:00.949,414.6873045799372,1002
2024-09-17 10:05:00.972,414.7012611981851,1000
2024-09-17 10:05:01.105,414.69254366473353,101
2024-09-17 10:05:01.122,414.682321841646,101
2024-09-17 10:05:01.238,414.7671339953433,998
2024-09-17 10:05:01.266,414.79178464449626,96
2024-09-17 10:05:01.278,414.7009142864408,1003
2024-09-17 10:05:01.375,414.7068075622211,9
2024-09-17 10:05:01.379,414.7138464394836,1003
2024-09-17 10:05:01.439,414.7014636824405,11
2024-09-17 10:05:01.447,414.69110158391874,98
2024-09-17 10:05:01.451,414.75846270315134,15
2024-09-17 10:05:01.476,,996
2024-09-17 10:05:01.586,41.47763542668843,102
2024-09-17 10:05:01.640,414.67687299993753,13
2024-09-17 10:05:01.726,414.7216880433264,13
2024-09-17 10:05:01.742,414.693273833254,995
2024-09-17 10:05:01.768,414.6914340059444,103
2024-09-17 10:05:01.772,,14
2024-09-17 10:05:01.810,414.70032794101206,1003
2024-09-17 10:05:01.817,414.7867552793955,15
2024-09-17 10:05:01.828,414.6929902392882,104
2024-09-17 10:05:01.868,414.70079779990107,1005
2024-09-17 10:05:01.872,414.72440830159593,103
2024-09-17 10:05:01.916,414.72903271065417,996
2024-09-17 10:05:01.942,414.6971714840438,997
2024-09-17 10:05:01.945,414.7574368103541,97
2024-09-17 10:05:01.994,414.69288869313567,11
2024-09-17 10:05:02.134,414.7732406908181,100
2024-09-17 10:05:02.370,414.7642449196223,8
2024-09-17 10:05:02.509,414.75085085371137,101
2024-09-17 10:05:02.514,414.7759466295095,998
2024-09-17 10:05:02.519,414.7971490157152,97
2024-09-17 10:05:02.571,414.7939446367981,998
2024-09-17 10:05:02.611,414.78770893983886,9
2024-09-17 10:05:02.685,414.7953440521301,997
2024-09-17 10:05:03.160,414.75060557661527,998
2024-09-17 10:05:03.478,414.7264892551344,1003
2024-09-17 10:05:03.799,414.70081470767946,997
2024-09-17 10:05:03.872,414.7262241450972,104
2024-09-17 10:05:03.907,414.69513992261926,10
2024-09-17 10:05:04.030,414.6940208998389,1004
2024-09-17 10:05:04.133,414.7384263872743,12
2024-09-17 10:05:04.143,414.70549611226016,6
2024-09-17 10:05:04.161,414.7565947485447,11
2024-09-17 10:05:04.162,414.6931651777734,101
2024-09-17 10:05:04.213,414.6868071805396,1004
2024-09-17 10:05:04.296,414.71103837074287,997
2024-09-17 10:05:04.323,414.6840300335229,998
2024-09-17 10:05:04.326,414.7012123417576,99
2024-09-17 10:05:04.403,414.6917351711292,1004
2024-09-17 10:05:04.436,414.73745916717854,995
2024-09-17 10:05:04.462,414.70376708818674,96
2024-09-17 10:05:04.578,414.7151280292335,103
2024-09-17 10:05:04.580,414.6983753262073,98
2024-09-17 10:05:04.638,414.7533665501822,6
2024-09-17 10:05:04.695,414.70235118222087,999
2024-09-17 10:05:04.715,414.689985947834,8
2024-09-17 10:05:04.716,414.7008902926544,995
2024-09-17 10:05:04.722,414.7160571048688,7
2024-09-17 10:05:04.750,414.7432942611162,7
2024-09-17 10:05:04.777,414.6949508082306,13
2024-09-17 10:05:04.830,414.6939142785953,5
2024-09-17 10:05:04.963,414.6938590171232,1003
2024-09-17 10:05:05.319,414.7478711210848,995
2024-09-17 10:05:05.337,414.7521582866469,1000
2024-09-17 10:05:05.424,414.7484929654991,13
2024-09-17 10:05:05.534,414.7590945367583,1003
2024-09-17 10:05:05.712,414.747122004307,97
2024-09-17 10:05:06.005,414.7136825711315,1002
2024-09-17 10:05:06.007,414.7602525422545,100
2024-09-17 10:05:06.131,414.7462655261302,999
2024-09-17 10:05:06.165,414.7365171048417,96
2024-09-17 10:05:06.246,414.7595283495918,1003
2024-09-17 10:05:06.291,414.770518421057,105
2024-09-17 10:05:06.327,414.75031792379633,12
2024-09-17 10:05:06.389,414.74661396181045,999
2024-09-17 10:05:06.495,414.7651312920062,1004
2024-09-17 10:05:06.516,414.7522971702747,100
2024-09-17 10:05:06.528,414.7566520885712,95
2024-09-17 10:05:06.550,414.74266401067416,1002
2024-09-17 10:05:06.617,414.7359796187454,999
2024-09-17 10:05:06.686,414.7677136071691,9
2024-09-17 10:05:06.717,414.7665346450831,997
2024-09-17 10:05:06.738,414.73782349292543,997
2024-09-17 10:05:06.811,414.7462114121444,9
2024-09-17 10:05:06.895,414.75609858607135,97
2024-09-17 10:05:06.964,414.75526282195926,7
2024-09-17 10:05:07.105,414.78534885246825,15
2024-09-17 10:05:07.177,414.7255355269352,12
2024-09-17 10:05:07.301,414.7894165358634,13
2024-09-17 10:05:07.436,414.7456157896837,101
2024-09-17 10:05:07.457,414.78018820559686,99
2024-09-17 10:05:07.497,414.7657336132659,11
2024-09-17 10:05:07.675,414.7570467864173,6
2024-09-17 10:05:07.748,414.7385668180905,1001
2024-09-17 10:05:07.864,414.7673694666051,13
2024-09-17 10:05:07.878,414.7405216721991,99
2024-09-17 10:05:07.909,414.7444625839258,11
2024-09-17 10:05:07.917,414.7418113271535,100
2024-09-17 10:05:07.961,414.753549853456,101
2024-09-17 10:05:08.435,414.7368304934345,97
2024-09-17 10:05:08.508,414.71821760395954,1002
2024-09-17 10:05:08.739,414.7323682777446,9
2024-09-17 10:05:09.052,414.73776897150105,1004
2024-09-17 10:05:09.084,414.81253811780016,997
2024-09-17 10:05:09.138,414.85417547462913,998
2024-09-17 10:05:09.203,414.7379343605538,97
2024-09-17 10:05:09.205,414.8108986593933,1003
2024-09-17 10:05:09.230,414.87613157468655,11
2024-09-17 10:05:09.235,414.87616444716286,102
2024-09-17 10:05:09.288,414.8081059330781,11
2024-09-17 10:05:09.301,414.7593529751281,1002
2024-09-17 10:05:09.335,414.8646725484365,14
2024-09-17 10:05:09.355,414.84387465401966,15
2024-09-17 10:05:09.389,414.74855886753886,6
2024-09-17 10:05:09.499,414.82059511971886,9
2024-09-17 10:05:09.517,414.766825651457,104
2024-09-17 10:05:09.566,414.8646333304333,15
2024-09-17 10:05:09.568,414.8102890635207,13
2024-09-17 10:05:09.590,414.8512625068818,6
2024-09-17 10:05:09.651,414.8270400830694,5
2024-09-17 10:05:09.702,414.8444414302139,105
2024-09-17 10:05:09.703,414.84167668981246,8
2024-09-17 10:05:09.779,414.8175713108648,9
2024-09-17 10:05:09.783,414.84335161304784,95
2024-09-17 10:05:09.809,414.8015085917415,14
2024-09-17 10:05:09.946,414.8535519514138,1001
2024-09-17 10:05:10.006,414.8993068781711,15
2024-09-17 10:05:10.162,414.95738444427934,5
2024-09-17 10:05:10.281,414.9554923774476,13
2024-09-17 10:05:10.288,414.9703441504821,104
2024-09-17 10:05:10.309,414.89365464264137,1002
2024-09-17 10:05:10.335,414.9376599581107,15
2024-09-17 10:05:10.370,414.8908912650035,102
2024-09-17 10:05:10.422,414.9636424202612,995
2024-09-17 10:05:10.558,414.9170259073485,1000
2024-09-17 10:05:10.563,414.89419478093305,995
2024-09-17 10:05:10.602,414.95709892558375,12
2024-09-17 10:05:10.716,414.8954822603517,6
2024-09-17 10:05:10.755,414.96497375145066,101
2024-09-17 10:05:10.968,41.48805308443205,1002
2024-09-17 10:05:11.015,414.9669606428795,95
2024-09-17 10:05:11.019,414.94787712050135,8
2024-09-17 10:05:11.027,414.9623040500488,5
2024-09-17 10:05:11.049,414.9692589920764,14
2024-09-17 10:05:11.111,414.9518994378409,1005
2024-09-17 10:05:11.172,414.9616527176629,1002
2024-09-17 10:05:11.347,414.9269456245737,1001
2024-09-17 10:05:11.395,414.9612111133485,997
2024-09-17 10:05:11.462,414.9741375352255,1001
2024-09-17 10:05:11.526,414.96416120089873,1005
2024-09-17 10:05:11.530,414.9725686172733,15
2024-09-17 10:05:11.581,414.9587441242717,99
2024-09-17 10:05:11.633,414.9855514474272,96
2024-09-17 10:05:11.694,414.9605503004069,1001
2024-09-17 10:05:11.695,414.9660040200045,10
2024-09-17 10:05:11.730,414.9718571486261,1003
2024-09-17 10:05:11.835,414.95786523801695,1001
2024-09-17 10:05:11.924,414.9556778295053,8
2024-09-17 10:05:11.990,414.9441287166854,10
2024-09-17 10:05:12.016,414.9882289678124,14
2024-09-17 10:05:12.027,415.0464484212889,97
2024-09-17 10:05:12.083,415.0445706225272,7
2024-09-17 10:05:12.140,415.0244893733872,1000
2024-09-17 10:05:12.229,415.0228444373328,12
2024-09-17 10:05:12.234,415.024065186767,997
2024-09-17 10:05:12.321,415.0505722225315,997
2024-09-17 10:05:12.390,415.0251007421374,1003
2024-09-17 10:05:12.464,415.0014414899728,103
2024-09-17 10:05:12.556,415.007135192667,6
2024-09-17 10:05:12.580,415.0215996279285,998
2024-09-17 10:05:12.619,-415.00709889024057,998
2024-09-17 10:05:12.640,415.0539574977868,11
2024-09-17 10:05:12.747,415.02651033010255,1004
2024-09-17 10:05:12.768,415.0050265105796,997
2024-09-17 10:05:12.786,414.9925550695135,6
2024-09-17 10:05:12.815,415.02645860568015,12
2024-09-17 10:05:12.824,415.0103478372938,6
2024-09-17 10:05:12.837,415.0055657924949,1004
2024-09-17 10:05:12.842,414.9952167048172,8
2024-09-17 10:05:12.870,414.9995634485024,1005
2024-09-17 10:05:12.918,415.0057049653484,101
2024-09-17 10:05:12.957,414.99907734448095,15
2024-09-17 10:05:13.018,415.0441517266263,1001
2024-09-17 10:05:13.042,415.0515430076769,9
2024-09-17 10:05:13.097,415.06353565011017,15
2024-09-17 10:05:13.132,415.0562093521336,100
2024-09-17 10:05:13.345,415.0595187485232,100
2024-09-17 10:05:13.488,415.0446326493104,99
2024-09-17 10:05:13.592,415.0412474371126,10
2024-09-17 10:05:14.061,415.0260848423831,1000
2024-09-17 10:05:14.325,415.059934132369,96
2024-09-17 10:05:14.520,415.0375337014,12
2024-09-17 10:05:14.697,415.0567056346397,1001
2024-09-17 10:05:14.926,415.0369663141115,1003
2024-09-17 10:05:15.087,415.0174313378004,8
2024-09-17 10:05:15.089,415.0018816296023,1002
2024-09-17 10:05:15.122,415.0425938701274,15
2024-09-17 10:05:15.198,415.0307512955106,997
2024-09-17 10:05:15.215,415.00163337185495,996
2024-09-17 10:05:15.255,415.051305502002,996
2024-09-17 10:05:15.333,415.03944395715234,99
2024-09-17 10:05:15.377,415.0374408570496,998
2024-09-17 10:05:15.389,415.0432872444808,997
2024-09-17 10:05:15.395,415.0059399618689,96
2024-09-17 10:05:15.423,415.0650626814961,12
2024-09-17 10:05:15.500,415.01591811272135,1003
2024-09-17 10:05:15.501,415.0478987047303,13
2024-09-17 10:05:15.601,415.0360866039589,99
2024-09-17 10:05:15.676,415.0279852720306,102
2024-09-17 10:05:15.843,414.99660596282087,12
2024-09-17 10:05:15.863,415.0188895203976,5
2024-09-17 10:05:15.900,415.0314355428111,996
2024-09-17 10:05:16.060,415.0998262949855,1001
2024-09-17 10:05:16.072,415.0531195033786,1001
2024-09-17 10:05:16.079,415.1088221153414,13
2024-09-17 10:05:16.108,415.0197912583256,99
2024-09-17 10:05:16.174,415.0901502569604,995
2024-09-17 10:05:16.187,415.0363618708302,5
2024-09-17 10:05:16.218,415.118775615171,14
2024-09-17 10:05:16.236,415.0814750664524,995
2024-09-17 10:05:16.243,415.0771805109541,7
2024-09-17 10:05:16.253,415.1003463096917,95
2024-09-17 10:05:16.269,415.0953695183456,5
2024-09-17 10:05:16.278,415.03694961239165,101
2024-09-17 10:05:16.287,415.03910116440414,999
2024-09-17 10:05:16.348,415.09322141336895,1000
2024-09-17 10:05:16.365,415.0948632337268,13
2024-09-17 10:05:16.366,415.05529630290647,100
2024-09-17 10:05:16.377,415.0915775736419,1005
2024-09-17 10:05:16.499,415.0971481932071,15
2024-09-17 10:05:16.510,415.0756246633905,104
2024-09-17 10:05:16.518,415.1144051322495,1001
2024-09-17 10:05:16.557,415.034956847615,11
2024-09-17 10:05:16.562,415.10267141015146,5
2024-09-17 10:05:16.658,415.0932008207152,996
2024-09-17 10:05:16.660,415.1078183298603,96
2024-09-17 10:05:16.813,415.1065996396563,5
2024-09-17 10:05:17.042,415.14355987283466,95
2024-09-17 10:05:17.218,415.1303407052479,105
2024-09-17 10:05:17.247,415.15719079043424,13
2024-09-17 10:05:17.286,415.11492056490505,1005
2024-09-17 10:05:17.305,415.1055506249395,1000
2024-09-17 10:05:17.361,415.1474156123164,14
2024-09-17 10:05:17.412,415.1186292409647,997
2024-09-17 10:05:17.488,415.1356522746317,97
2024-09-17 10:05:17.506,415.1169028698406,995
2024-09-17 10:05:17.584,415.1422738093384,8
2024-09-17 10:05:17.641,415.127173388598,97
2024-09-17 10:05:17.642,415.1498573994262,12
2024-09-17 10:05:17.660,415.1450119658396,10
2024-09-17 10:05:17.711,415.1431512128236,101
2024-09-17 10:05:17.952,415.1469764468656,99
2024-09-17 10:05:18.020,415.06560518980433,13
2024-09-17 10:05:18.051,415.12169895850633,100
2024-09-17 10:05:18.061,415.0728809014031,99
2024-09-17 10:05:18.109,415.1266305383076,5
2024-09-17 10:05:18.152,415.0994179715957,9
2024-09-17 10:05:18.199,415.1357068605181,14
2024-09-17 10:05:18.270,415.0746155146812,99
2024-09-17 10:05:18.391,415.077670702612,105
2024-09-17 10:05:18.469,415.12896732386935,97
2024-09-17 10:05:18.481,-415.0906511300873,100
2024-09-17 10:05:18.498,415.1359936493351,1001
2024-09-17 10:05:18.658,415.071385612504,1002
2024-09-17 10:05:18.693,415.0843475968181,1000
2024-09-17 10:05:18.706,415.1243918834405,99
2024-09-17 10:05:18.803,415.125857575389,8
2024-09-17 10:05:18.826,415.0873788872119,12
2024-09-17 10:05:18.849,415.1108399208589,1001
2024-09-17 10:05:18.941,415.11022737836026,100
2024-09-17 10:05:18.995,415.0840460814782,96
2024-09-17 10:05:19.031,415.14786822425793,99
2024-09-17 10:05:19.117,415.146698974736,1003
2024-09-17 10:05:19.249,415.1346938708761,98
2024-09-17 10:05:19.395,415.146732397438,97
2024-09-17 10:05:19.416,415.1382534444023,101
2024-09-17 10:05:19.473,415.13823908163744,995
2024-09-17 10:05:19.596,415.1274417747237,14
2024-09-17 10:05:19.671,,100
2024-09-17 10:05:19.677,415.14045894041936,101
2024-09-17 10:05:19.739,415.1383313122839,103
2024-09-17 10:05:19.824,415.1323097065971,10
2024-09-17 10:05:19.903,415.1441608882786,96
2024-09-17 10:05:20.129,415.141947786589,104
2024-09-17 10:05:20.144,415.1323532077645,96
2024-09-17 10:05:20.156,415.1316030181577,1005
2024-09-17 10:05:20.230,415.135390816004,1001
2024-09-17 10:05:20.279,415.14566989209874,97
2024-09-17 10:05:20.334,415.1589513819308,13
2024-09-17 10:05:20.585,415.1388640706168,10
2024-09-17 10:05:20.660,415.1332751744571,11
2024-09-17 10:05:20.661,415.15606736503287,7
2024-09-17 10:05:20.815,415.1535241739078,9
2024-09-17 10:05:20.856,415.1529687248522,995
2024-09-17 10:05:20.875,415.133968982496,997
2024-09-17 10:05:20.957,415.12277293990974,95
2024-09-17 10:05:20.981,415.1293603118766,98
2024-09-17 10:05:21.015,415.1610803905287,103
2024-09-17 10:05:21.087,415.1592009390109,102
2024-09-17 10:05:21.113,415.156871604617,101
2024-09-17 10:05:21.251,415.15807207116313,997
2024-09-17 10:05:21.257,415.149719297565,104
2024-09-17 10:05:21.349,415.14186284662577,998
2024-09-17 10:05:21.349,415.1542702660615,13
2024-09-17 10:05:21.398,415.1504179839713,999
2024-09-17 10:05:21.493,415.1471991911039,9
2024-09-17 10:05:21.528,415.14267543946266,996
2024-09-17 10:05:21.554,415.1723497567544,997
2024-09-17 10:05:21.598,415.17658932297326,12
2024-09-17 10:05:21.646,415.1802985959883,103
2024-09-17 10:05:21.686,415.1648711899037,8
2024-09-17 10:05:21.714,415.1502904905861,1004
2024-09-17 10:05:21.725,415.1689780916405,15
2024-09-17 10:05:21.783,415.1639149633982,7
2024-09-17 10:05:21.802,415.1443080287691,98
2024-09-17 10:05:21.929,415.1457462596002,1005
2024-09-17 10:05:21.934,415.1317436902257,6
2024-09-17 10:05:21.959,415.1383339534521,996
2024-09-17 10:05:21.967,415.1801160838808,997
2024-09-17 10:05:21.976,415.1430230296648,997
2024-09-17 10:05:21.982,415.134127567364,15
2024-09-17 10:05:21.987,415.1382375628765,1002
2024-09-17 10:05:22.110,415.0873355747189,999
2024-09-17 10:05:22.119,415.15689247272815,997
2024-09-17 10:05:22.126,415.0812022565467,1003
2024-09-17 10:05:22.169,415.17688745569865,1005
2024-09-17 10:05:22.256,415.1508812658339,102
2024-09-17 10:05:22.286,415.16743115099774,11
2024-09-17 10:05:22.323,415.1483341691422,13
2024-09-17 10:05:22.323,415.1023827217147,105
2024-09-17 10:05:22.328,415.1293546489032,1000
2024-09-17 10:05:22.392,415.1118834230654,98
2024-09-17 10:05:22.407,415.1036937848072,998
2024-09-17 10:05:22.504,415.1545103604852,95
2024-09-17 10:05:22.558,415.18122431627296,103
2024-09-17 10:05:22.559,415.1711098306196,11
2024-09-17 10:05:22.571,415.0945760274345,1002
2024-09-17 10:05:22.609,415.108766089236,100
2024-09-17 10:05:22.616,415.086461305057,9
2024-09-17 10:05:22.634,415.1653349470358,1004
2024-09-17 10:05:22.643,415.110208837432,13
2024-09-17 10:05:22.653,415.1072739958988,98
2024-09-17 10:05:22.675,415.1801614262275,103
2024-09-17 10:05:22.701,41.51197660119493,1002
2024-09-17 10:05:22.784,415.1432351535729,9
2024-09-17 10:05:22.911,415.1000265133183,13
2024-09-17 10:05:22.987,415.1041834824397,1005
2024-09-17 10:05:23.049,415.1529397047433,996
2024-09-17 10:05:23.078,415.1396613688119,10
2024-09-17 10:05:23.096,415.1039457227515,9
2024-09-17 10:05:23.106,415.148798922979,99
2024-09-17 10:05:23.149,415.1439375680584,8
2024-09-17 10:05:23.162,415.14072474651016,98
2024-09-17 10:05:23.215,415.1495632846632,96
2024-09-17 10:05:23.245,415.1393663609561,999
2024-09-17 10:05:23.254,415.1536944628433,104
2024-09-17 10:05:23.275,415.1319605795897,12
2024-09-17 10:05:23.297,415.12116320142667,101
2024-09-17 10:05:23.329,415.1418082366235,1002
2024-09-17 10:05:23.397,415.1457213816643,101
2024-09-17 10:05:23.418,415.1078317527401,105
2024-09-17 10:05:23.435,415.14022738556434,1002
2024-09-17 10:05:23.520,415.14134406867424,5
2024-09-17 10:05:23.601,415.13642982016006,15
2024-09-17 10:05:23.617,415.15706885775495,1003
2024-09-17 10:05:23.631,415.1392241276906,15
2024-09-17 10:05:23.632,415.1631182098926,15
2024-09-17 10:05:23.686,415.10622935001817,15
2024-09-17 10:05:23.692,415.1194309669357,100
2024-09-17 10:05:23.701,415.1574856152154,999
2024-09-17 10:05:23.730,415.1422736143748,98
2024-09-17 10:05:23.782,415.1554833268391,10
2024-09-17 10:05:23.805,415.1348596436882,997
2024-09-17 10:05:23.895,415.1097864602888,1004
2024-09-17 10:05:23.952,415.1477056155062,1004
2024-09-17 10:05:23.970,415.14366134149424,6
2024-09-17 10:05:23.999,415.1390855399347,1002
2024-09-17 10:05:24.973,415.1042908593308,97
2024-09-17 10:05:25.021,415.0968899155103,1001
2024-09-17 10:05:25.039,415.1067461463186,9
2024-09-17 10:05:25.043,415.09465827333145,8
2024-09-17 10:05:25.106,415.1154396703264,998
2024-09-17 10:05:25.170,415.1246528362608,98
2024-09-17 10:05:25.180,,1004
2024-09-17 10:05:25.226,415.09703711848,1001
2024-09-17 10:05:25.237,415.0906993481335,99
2024-09-17 10:05:25.286,415.1183331312611,10
2024-09-17 10:05:25.287,415.0967153395435,105
2024-09-17 10:05:25.309,415.0675799390417,98
2024-09-17 10:05:25.323,415.0723745185792,13
2024-09-17 10:05:25.406,415.0842278979959,97
2024-09-17 10:05:25.411,415.1042973210414,1001
2024-09-17 10:05:25.474,415.0681935908511,13
2024-09-17 10:05:25.596,415.1030428311318,104
2024-09-17 10:05:25.615,415.1075529433433,998
2024-09-17 10:05:25.623,415.1055885483605,1001
2024-09-17 10:05:25.631,415.09382246227926,1005
2024-09-17 10:05:25.738,415.0832384640547,98
2024-09-17 10:05:25.775,415.058019794838,95
2024-09-17 10:05:25.777,415.1086923468556,12
2024-09-17 10:05:25.821,415.09330143408266,98
2024-09-17 10:05:25.860,415.1259265786547,8
2024-09-17 10:05:25.894,415.0680312444522,101
2024-09-17 10:05:25.922,415.1039878381997,995
2024-09-17 10:05:25.995,415.0786067903774,105
2024-09-17 10:05:26.061,415.1016159129167,11
2024-09-17 10:05:26.104,415.09901139419566,8
2024-09-17 10:05:26.160,415.1468331910162,96
2024-09-17 10:05:26.269,415.10471116104907,15
2024-09-17 10:05:26.439,415.0928919217758,1005
2024-09-17 10:05:26.563,415.09005598919936,13
2024-09-17 10:05:26.634,415.1179693198171,1005
2024-09-17 10:05:26.800,415.1277804077007,96
2024-09-17 10:05:26.862,415.1077523483639,101
2024-09-17 10:05:27.111,415.1625789705159,1000
2024-09-17 10:05:27.330,415.19102573433634,101
2024-09-17 10:05:27.433,415.2220943205719,6
2024-09-17 10:05:27.516,41.522791900272544,103
2024-09-17 10:05:27.535,415.1758559305004,13
2024-09-17 10:05:27.545,415.15493284724965,8
2024-09-17 10:05:27.558,415.17221940684266,1005
2024-09-17 10:05:27.651,415.2155625682639,104
2024-09-17 10:05:27.707,415.1751994663164,995
2024-09-17 10:05:27.737,415.2191708629595,15
2024-09-17 10:05:27.786,415.2099587030934,7
2024-09-17 10:05:27.910,415.2069305093871,12
2024-09-17 10:05:28.012,415.2619461967255,100
2024-09-17 10:05:28.052,415.2227611778108,998
2024-09-17 10:05:28.080,415.2699870719482,98
2024-09-17 10:05:28.163,415.2533105436567,12
2024-09-17 10:05:28.185,415.2789726777244,997
2024-09-17 10:05:28.331,415.25356021886745,99
2024-09-17 10:05:28.357,415.24870459539454,11
2024-09-17 10:05:28.386,415.2770819278785,101
2024-09-17 10:05:28.390,415.24261871638106,7
2024-09-17 10:05:28.426,415.2475795366484,11
2024-09-17 10:05:28.495,415.2459570156767,998
2024-09-17 10:05:28.513,415.2426886050057,995
2024-09-17 10:05:28.548,415.21888965907385,95
2024-09-17 10:05:28.565,415.2940800762005,9
2024-09-17 10:05:28.685,415.2694721669101,95
2024-09-17 10:05:28.688,415.2625897772198,1000
2024-09-17 10:05:28.860,415.255913222998,998
2024-09-17 10:05:29.007,415.2317733592532,7
2024-09-17 10:05:29.028,415.1975036391508,96
2024-09-17 10:05:29.041,415.203551642708,1005
2024-09-17 10:05:29.245,415.2250455720694,8
2024-09-17 10:05:29.297,415.2358720994554,999
2024-09-17 10:05:29.314,415.2716264675527,1004
2024-09-17 10:05:29.333,415.29259867855126,12
2024-09-17 10:05:29.363,415.227514293325,97
2024-09-17 10:05:29.445,415.2249814639735,5
2024-09-17 10:05:29.467,415.2012811416419,101
2024-09-17 10:05:29.476,415.2472879946421,998
2024-09-17 10:05:29.477,415.26213154737445,9
2024-09-17 10:05:29.496,415.1871111582933,999
2024-09-17 10:05:29.516,415.2490243159323,997
2024-09-17 10:05:29.547,415.2501115912156,1004
2024-09-17 10:05:29.564,415.2307637808625,101
2024-09-17 10:05:29.577,415.23233821919007,7
2024-09-17 10:05:29.591,415.1978438955551,8
2024-09-17 10:05:29.615,415.2503993345393,99
2024-09-17 10:05:29.702,415.2202763031077,13
2024-09-17 10:05:29.722,415.26950790849634,96
2024-09-17 10:05:29.739,415.265246179624,102
2024-09-17 10:05:29.741,415.20948791671,999
2024-09-17 10:05:29.824,415.2115753796059,5
2024-09-17 10:05:29.919,415.2221709542196,101
2024-09-17 10:05:29.952,415.2525675152325,105
2024-09-17 10:05:29.966,415.2856688342176,13
2024-09-17 10:05:29.967,415.2160329792897,95
2024-09-17 10:05:29.989,415.2083617367844,6
2024-09-17 10:05:30.021,415.1345173120777,13
2024-09-17 10:05:30.058,415.14828909726026,1004
2024-09-17 10:05:30.127,415.1185181919839,996
2024-09-17 10:05:30.147,415.1762760392999,103
2024-09-17 10:05:30.169,415.1513087075869,1002
2024-09-17 10:05:30.253,415.1299836867005,6
2024-09-17 10:05:30.260,415.15324473262285,9
2024-09-17 10:05:30.292,415.1063505666634,1004
2024-09-17 10:05:30.336,415.14612597074944,97
2024-09-17 10:05:30.385,415.1452659894861,997
2024-09-17 10:05:30.401,415.16915801495554,15
2024-09-17 10:05:30.490,415.1672424521335,100
2024-09-17 10:05:30.516,415.1708366488971,1002
2024-09-17 10:05:30.601,415.1697880870952,95
2024-09-17 10:05:30.605,415.1452658085581,11
2024-09-17 10:05:30.670,415.1265160107004,104
2024-09-17 10:05:30.711,415.1742765065954,10
2024-09-17 10:05:30.772,415.1608887190623,6
2024-09-17 10:05:30.806,415.18189952905954,104
2024-09-17 10:05:30.949,415.17888142239417,6
2024-09-17 10:05:30.949,415.1482426652192,101
2024-09-17 10:05:30.985,415.18396096658427,9
2024-09-17 10:05:31.049,415.1620604639114,98
2024-09-17 10:05:31.092,415.1747162069826,11
2024-09-17 10:05:31.517,415.1862166943821,998
2024-09-17 10:05:31.612,415.1204534431688,1000
2024-09-17 10:05:31.683,415.1281987146093,101
2024-09-17 10:05:31.785,415.1781338685675,1003
2024-09-17 10:05:31.824,415.1811300895508,999
2024-09-17 10:05:31.877,415.12076901587847,10
2024-09-17 10:05:31.894,415.1895156049954,104
2024-09-17 10:05:31.973,415.1745819068445,1005
2024-09-17 10:05:32.138,415.1495688322559,103
2024-09-17 10:05:32.199,415.1214208190037,15
2024-09-17 10:05:32.222,415.14286061077365,9
2024-09-17 10:05:32.350,415.1513666021712,997
2024-09-17 10:05:32.626,415.1565899001511,98
2024-09-17 10:05:32.762,415.1502005631551,5
2024-09-17 10:05:32.763,415.1701633574602,10
2024-09-17 10:05:32.817,415.1477869946855,99
2024-09-17 10:05:32.841,415.14292449316935,10
2024-09-17 10:05:32.856,415.1616078123077,1003
2024-09-17 10:05:32.958,415.16077564225577,98
2024-09-17 10:05:32.986,415.1460707629908,1001
2024-09-17 10:05:33.029,415.1734187951071,12
2024-09-17 10:05:33.048,415.1430441805952,102
2024-09-17 10:05:33.130,415.1258265597718,6
2024-09-17 10:05:33.176,415.2139637923372,1004
2024-09-17 10:05:33.290,415.190802609674,97
2024-09-17 10:05:33.325,415.1972898136967,15
2024-09-17 10:05:33.384,415.1761375824522,105
2024-09-17 10:05:33.442,415.21560205133954,10
2024-09-17 10:05:33.577,415.2258665924092,102
2024-09-17 10:05:33.588,-415.1490609729258,998
2024-09-17 10:05:33.608,415.2137198524454,10
2024-09-17 10:05:33.672,415.1391480849207,12
2024-09-17 10:05:33.675,-415.2046256667203,102
2024-09-17 10:05:33.689,415.136570507683,96
2024-09-17 10:05:33.735,415.19395562547874,104
2024-09-17 10:05:33.783,-415.19297018144846,5
2024-09-17 10:05:33.914,415.1577468554444,101
2024-09-17 10:05:33.991,415.18418062914265,6
2024-09-17 10:05:34.118,415.26285359049655,9
2024-09-17 10:05:34.159,415.232061172332,6
2024-09-17 10:05:34.181,415.2403524356009,96
2024-09-17 10:05:34.195,415.2333634792044,12
2024-09-17 10:05:34.279,415.3072703235199,99
2024-09-17 10:05:34.309,415.23102419830894,1001
2024-09-17 10:05:34.341,415.29589891657935,1004
2024-09-17 10:05:34.393,415.2082499727744,10
2024-09-17 10:05:34.427,415.22579708489735,12
2024-09-17 10:05:34.443,415.2235250977988,1002
2024-09-17 10:05:34.475,415.28254844923487,14
2024-09-17 10:05:34.515,415.1955726836727,8
2024-09-17 10:05:34.516,415.23809101887736,15
2024-09-17 10:05:34.530,415.2158920274592,100
2024-09-17 10:05:34.547,415.2945001440927,96
2024-09-17 10:05:34.607,415.2300971954669,14
2024-09-17 10:05:34.613,415.2272986420213,99
2024-09-17 10:05:34.634,415.24636293354274,1003
2024-09-17 10:05:34.634,415.2312516947693,10
2024-09-17 10:05:34.643,415.2383971240551,96
2024-09-17 10:05:34.667,415.2339015627298,96
2024-09-17 10:05:34.676,415.2322148411502,100
2024-09-17 10:05:34.676,415.3111497444034,9
2024-09-17 10:05:34.738,415.2832562397402,998
2024-09-17 10:05:34.763,415.2327359946874,9
2024-09-17 10:05:34.809,415.249989347288,14
2024-09-17 10:05:34.949,415.2809847577011,96
2024-09-17 10:05:34.996,,1003
2024-09-17 10:05:35.021,415.3047710561157,7
2024-09-17 10:05:35.026,41.53180606647345,1002
2024-09-17 10:05:35.071,415.3358848041303,102
2024-09-17 10:05:35.252,415.33037587857257,99
2024-09-17 10:05:35.269,415.32835045629866,10
2024-09-17 10:05:35.282,415.3137917868052,14
2024-09-17 10:05:35.329,415.3133276465612,997
2024-09-17 10:05:35.365,415.3288211387436,1000
2024-09-17 10:05:35.484,415.31336325699937,11
2024-09-17 10:05:35.523,415.33216427889215,97
2024-09-17 10:05:35.523,415.3190074440749,99
2024-09-17 10:05:35.584,415.3409183735125,105
2024-09-17 10:05:35.612,415.2955577644208,12
2024-09-17 10:05:35.641,415.3229743394535,1000
2024-09-17 10:05:35.749,415.3167266894967,999
2024-09-17 10:05:35.753,415.323937528409,102
2024-09-17 10:05:35.775,415.3351520041636,95
2024-09-17 10:05:35.811,415.3288359416448,15
2024-09-17 10:05:35.814,415.32286063406747,9
2024-09-17 10:05:35.849,415.2958580978461,100
2024-09-17 10:05:35.894,415.3189342797821,7
2024-09-17 10:05:35.922,415.3198223902568,998
2024-09-17 10:05:35.925,415.3122134300298,13
2024-09-17 10:05:36.063,415.36132951790273,10
2024-09-17 10:05:36.080,415.3871572542977,996
2024-09-17 10:05:36.182,415.37232353301096,14
2024-09-17 10:05:36.198,415.3116387040144,15
2024-09-17 10:05:36.260,415.3196635146589,95
2024-09-17 10:05:36.306,415.3894092795735,14
2024-09-17 10:05:36.310,415.32329772373606,12
2024-09-17 10:05:36.335,415.33364259172254,998
2024-09-17 10:05:36.346,415.3986830894921,102
2024-09-17 10:05:36.391,415.327017656326,104
2024-09-17 10:05:36.398,415.350424256248,1001
2024-09-17 10:05:36.520,-415.4236377071375,101
2024-09-17 10:05:36.559,415.3924560233015,11
2024-09-17 10:05:36.565,415.3454547142533,1005
2024-09-17 10:05:36.583,415.4264157271717,98
2024-09-17 10:05:36.649,415.3852321126069,1001
2024-09-17 10:05:36.670,415.38903564813086,1005
2024-09-17 10:05:36.710,415.37278036873727,1002
2024-09-17 10:05:36.731,415.433032222736,1001
2024-09-17 10:05:36.742,415.3241511831161,995
2024-09-17 10:05:36.910,415.3917569421391,1001
2024-09-17 10:05:36.961,415.3999653681331,95
2024-09-17 10:05:36.993,415.4199825112995,104
2024-09-17 10:05:36.998,415.4073721354591,95
2024-09-17 10:05:37.012,415.4337750196863,98
2024-09-17 10:05:37.019,415.4200968831895,998
2024-09-17 10:05:37.025,415.4110368754978,1005
2024-09-17 10:05:37.076,415.4209961774869,9
2024-09-17 10:05:37.109,415.4262991144161,995
2024-09-17 10:05:37.140,415.4429959017687,996
2024-09-17 10:05:37.175,415.4505772938375,98
2024-09-17 10:05:37.421,-415.411782892363,14
2024-09-17 10:05:37.460,415.4073777492134,998
2024-09-17 10:05:37.584,415.4158392704951,105
2024-09-17 10:05:37.587,415.4090469525149,1004
2024-09-17 10:05:37.661,415.4495541112582,1000
2024-09-17 10:05:37.664,415.3990526778537,1003
2024-09-17 10:05:37.666,415.4033843109266,13
2024-09-17 10:05:37.668,415.4152783515297,15
2024-09-17 10:05:37.678,415.4239525755476,99
2024-09-17 10:05:37.745,415.4023849022599,1005
2024-09-17 10:05:37.758,415.4401997440855,995
2024-09-17 10:05:37.766,-415.4188716205133,105
2024-09-17 10:05:37.773,415.4480562329902,1000
2024-09-17 10:05:37.796,415.4375156456383,103
2024-09-17 10:05:37.840,415.4290872396053,15
2024-09-17 10:05:37.854,415.4280105708613,12
2024-09-17 10:05:37.859,415.4101457284713,1001
2024-09-17 10:05:37.894,415.4475523601768,1005
2024-09-17 10:05:37.928,415.406339694045,100
2024-09-17 10:05:37.959,415.4162890102013,105
2024-09-17 10:05:38.013,415.3732210338732,100
2024-09-17 10:05:38.018,415.3712389268069,10
2024-09-17 10:05:38.045,415.4107394088242,96
2024-09-17 10:05:38.066,415.27046089443127,997
2024-09-17 10:05:38.092,-415.3059074766819,104
2024-09-17 10:05:38.099,415.3985860444175,1002
2024-09-17 10:05:38.124,415.2700317021073,998
2024-09-17 10:05:38.206,415.38148044765904,1002
2024-09-17 10:05:38.272,415.3811295900628,1005
2024-09-17 10:05:38.287,415.3649056637034,1003
2024-09-17 10:05:38.313,415.3332386579335,1004
2024-09-17 10:05:38.330,415.4455621412404,1005
2024-09-17 10:05:38.358,415.36444546548006,1004
2024-09-17 10:05:38.399,415.4031771973862,11
2024-09-17 10:05:38.413,415.3771076887215,9
2024-09-17 10:05:38.465,415.31175900274553,997
2024-09-17 10:05:38.483,415.2760803940026,99
2024-09-17 10:05:38.498,415.35018821791766,98
2024-09-17 10:05:38.500,415.3778557305711,6
2024-09-17 10:05:38.515,415.35741154110127,10
2024-09-17 10:05:38.520,415.3607854631967,99
2024-09-17 10:05:38.552,415.4059408520061,99
2024-09-17 10:05:38.625,415.3701196507345,101
2024-09-17 10:05:38.684,415.410820534074,1002
2024-09-17 10:05:38.766,415.338637164556,100
2024-09-17 10:05:38.783,415.3063315976289,9
2024-09-17 10:05:38.939,415.3854429595138,100
2024-09-17 10:05:38.988,415.2815910056784,7
2024-09-17 10:05:39.127,415.2340741596486,99
2024-09-17 10:05:39.183,415.2391973514016,6
2024-09-17 10:05:39.208,415.2241639597708,101
2024-09-17 10:05:39.241,415.2303559701708,98
2024-09-17 10:05:39.272,415.23793351767983,14
2024-09-17 10:05:39.272,415.24307704901565,11
2024-09-17 10:05:39.313,415.24482611441965,12
2024-09-17 10:05:39.400,415.2257203499007,996
2024-09-17 10:05:39.417,415.2873693063711,1005
2024-09-17 10:05:39.459,415.25847897510863,1005
2024-09-17 10:05:39.468,415.2306473104808,1003
2024-09-17 10:05:39.469,415.24443100811584,98
2024-09-17 10:05:39.470,415.2753873275795,11
2024-09-17 10:05:39.511,415.24260678378425,999
2024-09-17 10:05:39.537,415.27464492653854,9
2024-09-17 10:05:39.548,415.22722989927416,103
2024-09-17 10:05:39.598,415.2454334022253,1005
2024-09-17 10:05:39.599,415.2559391850787,995
2024-09-17 10:05:39.654,41.52570195198496,102
2024-09-17 10:05:39.689,415.2510326296563,996
2024-09-17 10:05:39.734,415.2424487606127,103
2024-09-17 10:05:39.821,415.2688592808661,1005
2024-09-17 10:05:39.859,415.23890096339073,1000
2024-09-17 10:05:40.006,415.2336608222846,103
2024-09-17 10:05:40.098,415.2534921850089,1002
2024-09-17 10:05:40.186,415.28700143660575,99
2024-09-17 10:05:40.330,415.2577705000114,12
2024-09-17 10:05:40.340,415.26497822503694,995
2024-09-17 10:05:40.344,415.2377339462708,11
2024-09-17 10:05:40.400,415.2734143843927,103
2024-09-17 10:05:40.465,415.2613643828735,11
2024-09-17 10:05:40.469,415.2808488359299,14
2024-09-17 10:05:40.488,415.26058649409975,105
2024-09-17 10:05:40.489,415.2719288960007,105
2024-09-17 10:05:40.515,415.2580937231546,999
2024-09-17 10:05:40.537,415.2706435894154,7
2024-09-17 10:05:40.605,415.25191187153047,7
2024-09-17 10:05:40.608,415.24114060414206,15
2024-09-17 10:05:40.668,-415.2576760825991,102
2024-09-17 10:05:40.771,415.256643294969,1003
2024-09-17 10:05:40.816,415.2445878683659,996
2024-09-17 10:05:40.819,415.2643444726936,105
2024-09-17 10:05:40.895,415.2567725717176,15
2024-09-17 10:05:40.960,415.2417775073404,104
2024-09-17 10:05:41.299,415.25357688861766,6
2024-09-17 10:05:41.582,415.25736529014426,99
2024-09-17 10:05:41.737,415.266103704567,105
2024-09-17 10:05:41.797,415.2727520401231,996
2024-09-17 10:05:42.190,415.2532261777374,96
2024-09-17 10:05:42.706,415.2615721033104,995
2024-09-17 10:05:43.018,415.2905318855925,1002
2024-09-17 10:05:43.145,415.27584034785673,12
2024-09-17 10:05:43.156,415.25615982198536,10
2024-09-17 10:05:43.234,415.3068403064108,98
2024-09-17 10:05:43.253,415.2376654338118,9
2024-09-17 10:05:43.308,415.2375086340196,14
2024-09-17 10:05:43.331,415.2382361487172,5
2024-09-17 10:05:43.413,415.3040692390791,97
2024-09-17 10:05:43.421,415.3182826163916,1002
2024-09-17 10:05:43.558,415.28722605762,105
2024-09-17 10:05:43.569,,95
2024-09-17 10:05:43.664,415.3015584240107,98
2024-09-17 10:05:43.753,415.2605253507917,8
2024-09-17 10:05:43.788,415.2872851521235,6
2024-09-17 10:05:43.869,415.2493508763047,14
2024-09-17 10:05:43.894,415.25867047003567,15
2024-09-17 10:05:43.956,415.2612372340682,101
2024-09-17 10:05:43.967,415.29409768164,1004
2024-09-17 10:05:44.027,415.2235549432983,95
2024-09-17 10:05:44.034,415.153335499188,1002
2024-09-17 10:05:44.066,415.13374852832607,7
2024-09-17 10:05:44.085,415.2034176426336,1001
2024-09-17 10:05:44.128,415.2346519222917,1002
2024-09-17 10:05:44.147,415.2299499017237,100
2024-09-17 10:05:44.197,415.2258150218559,999
2024-09-17 10:05:44.241,415.13960175229033,998
2024-09-17 10:05:44.368,415.2313258670371,1001
2024-09-17 10:05:44.462,415.2532076057346,1000
2024-09-17 10:05:44.516,415.1638788510572,1003
2024-09-17 10:05:44.545,415.22421418570553,1003
2024-09-17 10:05:44.556,415.2347002770437,102
2024-09-17 10:05:44.601,415.2533058011553,96
2024-09-17 10:05:44.646,415.23761015107385,15
2024-09-17 10:05:44.717,415.1913172772639,6
2024-09-17 10:05:44.822,415.1367403067319,11
2024-09-17 10:05:44.824,415.1815055183917,15
2024-09-17 10:05:44.858,415.1705305711159,1004
2024-09-17 10:05:44.868,415.2236287902131,1002
2024-09-17 10:05:44.967,415.1418652547866,96
2024-09-17 10:05:44.968,415.21651152887904,13
2024-09-17 10:05:45.072,415.1407222036576,95
2024-09-17 10:05:45.075,415.1215907464446,999
2024-09-17 10:05:45.224,415.149766481222,1000
2024-09-17 10:05:45.227,415.1540238649241,8
2024-09-17 10:05:45.227,415.1330324605687,8
2024-09-17 10:05:45.238,415.1296882500649,996
2024-09-17 10:05:45.379,415.13662861611584,998
2024-09-17 10:05:45.424,415.12924994444734,9
2024-09-17 10:05:45.453,415.1341742792786,997
2024-09-17 10:05:45.695,415.1592720623927,997
2024-09-17 10:05:45.789,415.1591763070596,14
2024-09-17 10:05:45.816,415.1550268740562,5
2024-09-17 10:05:46.041,415.1448439691687,997
2024-09-17 10:05:46.339,415.17756844347207,12
2024-09-17 10:05:46.380,415.1599086446842,9
2024-09-17 10:05:46.454,415.16312558885096,1002
2024-09-17 10:05:47.168,415.1525671541547,8
2024-09-17 10:05:47.293,415.1726995191953,14
2024-09-17 10:05:47.298,415.16008927032834,102
2024-09-17 10:05:47.430,415.14809966282735,95
2024-09-17 10:05:47.517,415.1179977602189,1002
2024-09-17 10:05:47.520,415.1650058845641,999
2024-09-17 10:05:47.704,415.1284130916634,13
2024-09-17 10:05:47.833,415.1534374665715,996
2024-09-17 10:05:47.858,415.1594778354417,1003
2024-09-17 10:05:47.863,415.1466235222678,97
2024-09-17 10:05:47.900,415.1076633233212,15
2024-09-17 10:05:48.046,415.1165846502674,995
2024-09-17 10:05:48.052,415.0807625804167,103
2024-09-17 10:05:48.123,415.1048585609228,1003
2024-09-17 10:05:48.209,415.12852363294434,11
2024-09-17 10:05:48.222,415.1210315489848,7
2024-09-17 10:05:48.305,415.0982311609969,96
2024-09-17 10:05:48.568,415.108960674392,105
2024-09-17 10:05:48.611,415.0620172203922,6
2024-09-17 10:05:48.656,415.0795476706449,995
2024-09-17 10:05:48.723,415.080448216231,10
2024-09-17 10:05:48.800,415.0729210143095,998
2024-09-17 10:05:48.927,415.1272287915298,12
2024-09-17 10:05:48.974,415.1420528904932,1002
2024-09-17 10:05:49.001,415.0637782806141,1002
2024-09-17 10:05:49.014,415.0699851468944,1002
2024-09-17 10:05:49.144,415.06441193519527,103
2024-09-17 10:05:49.201,415.0621514549507,95
2024-09-17 10:05:49.547,415.0615355603435,95
2024-09-17 10:05:50.077,415.0676281776432,95
2024-09-17 10:05:50.161,415.1136479858949,11
2024-09-17 10:05:50.172,415.1668858690614,13
2024-09-17 10:05:50.205,-415.0601289410672,1000
2024-09-17 10:05:50.208,415.17718194641947,97
2024-09-17 10:05:50.209,415.1701329114081,105
2024-09-17 10:05:50.226,415.15435580067503,10
2024-09-17 10:05:50.238,415.1036690995913,5
2024-09-17 10:05:50.240,415.16633005537824,102
2024-09-17 10:05:50.325,415.146131557969,15
2024-09-17 10:05:50.361,415.1362201594052,998
2024-09-17 10:05:50.364,415.1064834674149,1001
2024-09-17 10:05:50.368,415.1797867496963,999
2024-09-17 10:05:50.407,415.1462289900361,15
2024-09-17 10:05:50.417,415.0888374226615,96
2024-09-17 10:05:50.443,415.1353372620288,104
2024-09-17 10:05:50.449,415.1628882176769,995
2024-09-17 10:05:50.495,415.1519122125353,102
2024-09-17 10:05:50.497,415.1809721567666,98
2024-09-17 10:05:50.550,415.1428441698624,102
2024-09-17 10:05:50.575,415.13142731553233,95
2024-09-17 10:05:50.577,415.14272508329685,1003
2024-09-17 10:05:50.639,415.16570450942254,102
2024-09-17 10:05:50.771,415.1425383959329,11
2024-09-17 10:05:50.836,415.1430071863414,996
2024-09-17 10:05:50.840,415.1446297508272,99
2024-09-17 10:05:50.943,415.07160402352974,1002
2024-09-17 10:05:50.946,415.12842119979655,14
2024-09-17 10:05:50.980,415.1553935221618,14
2024-09-17 10:05:51.039,415.21715081727984,8
2024-09-17 10:05:51.064,415.1910896276972,999
2024-09-17 10:05:51.071,415.2245815357341,11
2024-09-17 10:05:51.081,415.2058125297089,96
2024-09-17 10:05:51.105,415.1935887908593,6
2024-09-17 10:05:51.196,415.2166111980047,1005
2024-09-17 10:05:51.258,415.22437012070753,7
2024-09-17 10:05:51.264,415.2329062830066,1002
2024-09-17 10:05:51.265,415.2190250357452,1002
2024-09-17 10:05:51.293,415.2274037330183,998
2024-09-17 10:05:51.303,415.2413499879664,1005
2024-09-17 10:05:51.337,415.1781735664496,95
2024-09-17 10:05:51.403,415.1901105798384,1002
2024-09-17 10:05:51.429,415.2149371090712,996
2024-09-17 10:05:51.488,415.2184945658156,11
2024-09-17 10:05:51.552,415.21611402186176,103
2024-09-17 10:05:51.778,415.1757032007229,13
2024-09-17 10:05:51.812,415.2081856094732,6
2024-09-17 10:05:51.862,415.2205065864624,97
2024-09-17 10:05:51.916,415.20715456810063,995
2024-09-17 10:05:51.983,415.19776338754986,1004
2024-09-17 10:05:52.111,415.2238441661585,15
2024-09-17 10:05:52.275,415.2071695771609,5
2024-09-17 10:05:52.476,415.1985507260982,104
2024-09-17 10:05:52.560,415.1784185967044,1005
2024-09-17 10:05:52.566,415.2031901030355,996
2024-09-17 10:05:52.853,415.1736391282506,1001
2024-09-17 10:05:52.992,415.17524523442216,15
2024-09-17 10:05:52.993,415.2045819109164,97
2024-09-17 10:05:53.034,415.2134811829439,999
2024-09-17 10:05:53.139,415.2154263689195,10
2024-09-17 10:05:53.170,415.2293886921928,7
2024-09-17 10:05:53.208,-415.219000242105,97
2024-09-17 10:05:53.215,415.15798175447,97
2024-09-17 10:05:53.245,415.21392836347707,105
2024-09-17 10:05:53.286,415.1747030487607,1005
2024-09-17 10:05:53.472,415.1809360506894,102
2024-09-17 10:05:53.551,415.2297940522616,95
2024-09-17 10:05:53.611,415.22608086844025,1004
2024-09-17 10:05:53.646,415.2364859773407,7
2024-09-17 10:05:53.758,415.1876948455912,6
2024-09-17 10:05:53.790,415.19269185750665,1002
2024-09-17 10:05:53.805,415.1768984595687,96
2024-09-17 10:05:53.939,415.1892954266359,8
2024-09-17 10:05:53.979,415.2005954353229,99
2024-09-17 10:05:54.046,415.1990077967102,11
2024-09-17 10:05:54.134,415.2107623461658,105
2024-09-17 10:05:54.143,415.2183748754055,100
2024-09-17 10:05:54.194,415.2051098885337,95
2024-09-17 10:05:54.629,415.2059064576204,97
2024-09-17 10:05:54.871,415.19664923036015,1003
2024-09-17 10:05:54.876,415.2152816777016,102
2024-09-17 10:05:55.008,415.17333780472006,1001
2024-09-17 10:05:55.020,415.23391277425566,105
2024-09-17 10:05:55.062,415.2065886220132,5
2024-09-17 10:05:55.073,415.1952284932638,6
2024-09-17 10:05:55.145,415.2247652221014,100
2024-09-17 10:05:55.151,415.2185777562757,8
2024-09-17 10:05:55.175,415.1940265503253,997
2024-09-17 10:05:55.251,415.2277109265332,97
2024-09-17 10:05:55.258,415.2590206764268,102
2024-09-17 10:05:55.283,415.22243326997534,12
2024-09-17 10:05:55.367,415.2205559992979,999
2024-09-17 10:05:55.416,415.1903829275986,995
2024-09-17 10:05:55.425,415.18146975514486,7
2024-09-17 10:05:55.473,415.2420683008336,99
2024-09-17 10:05:55.492,415.1755324962052,999
2024-09-17 10:05:55.566,415.2279163369472,102
2024-09-17 10:05:55.593,415.20584692265896,1002
2024-09-17 10:05:55.655,415.24149291606153,10
2024-09-17 10:05:55.716,415.2180984869689,1004
2024-09-17 10:05:55.741,415.1886336057092,101
2024-09-17 10:05:55.825,415.2028033447949,15
2024-09-17 10:05:55.835,415.233180789156,996
2024-09-17 10:05:55.848,415.2211395300528,13
2024-09-17 10:05:55.872,415.2206469376477,1003
2024-09-17 10:05:55.879,415.22227800083147,6
2024-09-17 10:05:56.149,415.24322043581833,6
2024-09-17 10:05:56.233,415.2701347577012,105
2024-09-17 10:05:56.305,415.2575997861288,1004
2024-09-17 10:05:56.391,415.2401454846424,100
2024-09-17 10:05:56.633,415.2300593693482,997
2024-09-17 10:05:56.633,415.2214867020245,1004
2024-09-17 10:05:56.637,415.23566221919566,9
2024-09-17 10:05:56.712,415.2579882178964,9
2024-09-17 10:05:56.847,415.23844173996486,13
2024-09-17 10:05:56.863,415.25847100952586,96
2024-09-17 10:05:56.879,415.2524709540779,995
2024-09-17 10:05:56.981,415.237550302732,96
2024-09-17 10:05:57.116,415.13678353396233,997
2024-09-17 10:05:57.144,415.2984891283309,997
2024-09-17 10:05:57.180,415.253956138374,9
2024-09-17 10:05:57.188,415.30075003933,12
2024-09-17 10:05:57.198,415.2242203874189,997
2024-09-17 10:05:57.281,415.2619994260709,6
2024-09-17 10:05:57.313,415.2720549431253,101
2024-09-17 10:05:57.321,415.1560216397912,14
2024-09-17 10:05:57.326,415.2917504187378,10
2024-09-17 10:05:57.407,415.270837640094,96
2024-09-17 10:05:57.437,415.17332677420274,102
2024-09-17 10:05:57.451,415.2696870578931,1005
2024-09-17 10:05:57.453,415.14858447758,998
2024-09-17 10:05:57.454,415.1966499589791,5
2024-09-17 10:05:57.455,415.2500406417441,96
2024-09-17 10:05:57.464,415.2093939587123,11
2024-09-17 10:05:57.470,415.2634192349028,996
2024-09-17 10:05:57.498,415.1471222531121,8
2024-09-17 10:05:57.507,415.28627710204415,12
2024-09-17 10:05:57.512,415.2678268751296,96
2024-09-17 10:05:57.571,415.2195967110002,95
2024-09-17 10:05:57.707,415.2718411907431,98
2024-09-17 10:05:57.736,415.2977458036035,100
2024-09-17 10:05:57.755,415.1435916795495,101
2024-09-17 10:05:57.778,415.2916150847034,1005
2024-09-17 10:05:57.830,,13
2024-09-17 10:05:57.965,415.29107622420753,1004
2024-09-17 10:05:58.118,415.1280073738377,996
2024-09-17 10:05:58.253,415.1419312603798,14
2024-09-17 10:05:58.678,415.12512174926,101
2024-09-17 10:05:58.789,415.1267941530407,98
2024-09-17 10:05:59.011,415.1552279141762,999
2024-09-17 10:05:59.038,415.0362798993175,103
2024-09-17 10:05:59.080,415.1108215347271,1005
2024-09-17 10:05:59.083,415.0789376411017,1000
2024-09-17 10:05:59.119,415.0551237013294,15
2024-09-17 10:05:59.144,415.0706331284024,97
2024-09-17 10:05:59.287,415.08363477090313,103
2024-09-17 10:05:59.322,-415.1028594155924,13
2024-09-17 10:05:59.356,415.0772300848946,996
2024-09-17 10:05:59.371,415.1131260414029,1003
2024-09-17 10:05:59.431,415.1070079599861,1005
2024-09-17 10:05:59.432,415.1629644690749,14
2024-09-17 10:05:59.460,415.08331752278673,98
2024-09-17 10:05:59.503,415.0728630619912,100
2024-09-17 10:05:59.532,415.1121893456525,15
2024-09-17 10:05:59.556,415.1677690106157,105
2024-09-17 10:05:59.586,415.0620303628403,14
2024-09-17 10:05:59.614,415.0791544985359,98
2024-09-17 10:05:59.618,415.10015914336856,995
2024-09-17 10:05:59.625,415.1209918270038,12
2024-09-17 10:05:59.647,415.0705055267457,1005
2024-09-17 10:05:59.715,415.0444929947288,1004
2024-09-17 10:05:59.748,415.1194234395656,996
2024-09-17 10:05:59.754,415.1577954690183,7
2024-09-17 10:05:59.794,415.1222426580793,1000
2024-09-17 10:05:59.832,415.0388915700104,995
2024-09-17 10:05:59.846,415.11953257988665,103
2024-09-17 10:05:59.940,415.12257577344906,1005
