Timestamp,Price,Size
2024-09-20 13:19:00.072,429.4821544567504,8
2024-09-20 13:19:00.121,429.5149977570647,102
2024-09-20 13:19:00.147,429.5211477184189,10
2024-09-20 13:19:00.377,429.46275264257264,10
2024-09-20 13:19:00.567,429.4562271930033,11
2024-09-20 13:19:00.657,429.4543012902538,1002
2024-09-20 13:19:00.707,429.450679636957,103
2024-09-20 13:19:00.735,429.46295194338336,1000
2024-09-20 13:19:00.860,429.5426532089186,1004
2024-09-20 13:19:01.017,429.57232615008337,7
2024-09-20 13:19:01.097,429.5392164733569,12
2024-09-20 13:19:01.129,429.505016354496,5
2024-09-20 13:19:01.396,429.5157455283413,1001
2024-09-20 13:19:01.427,429.4926151485951,12
2024-09-20 13:19:01.583,429.5484393057351,96
2024-09-20 13:19:01.672,429.5300279624035,999
2024-09-20 13:19:01.694,429.4939714009111,11
2024-09-20 13:19:01.749,429.52624979192615,12
2024-09-20 13:19:01.923,429.49356109889897,7
2024-09-20 13:19:01.983,429.5185254501282,1005
2024-09-20 13:19:02.003,429.5716441626167,995
2024-09-20 13:19:02.227,429.5727403252436,1003
2024-09-20 13:19:02.404,429.55909898504666,103
2024-09-20 13:19:02.442,429.5793883785217,998
2024-09-20 13:19:02.903,429.5655703596981,1005
2024-09-20 13:19:02.932,429.5593654694589,13
2024-09-20 13:19:03.406,429.5437041417958,995
2024-09-20 13:19:03.782,429.5603628064905,96
2024-09-20 13:19:04.159,429.597065679,12
2024-09-20 13:19:04.224,429.6048198505217,105
2024-09-20 13:19:04.239,429.54999578085193,102
2024-09-20 13:19:04.321,429.5551680573375,15
2024-09-20 13:19:04.350,429.5585767155779,97
2024-09-20 13:19:04.363,429.58037098998295,11
2024-09-20 13:19:04.403,429.5488672787052,997
2024-09-20 13:19:04.411,429.5510737364517,14
2024-09-20 13:19:04.465,429.5269565663174,102
2024-09-20 13:19:04.659,429.5344463908105,98
2024-09-20 13:19:04.678,429.5846639990438,14
2024-09-20 13:19:04.684,429.6026750469818,102
2024-09-20 13:19:04.694,429.5417190739109,998
2024-09-20 13:19:04.721,429.5345314681812,1001
2024-09-20 13:19:04.738,429.5395009240807,15
2024-09-20 13:19:04.863,429.5825947971372,11
2024-09-20 13:19:04.870,429.5949358506877,996
2024-09-20 13:19:04.894,429.5605514860586,14
2024-09-20 13:19:04.916,429.5428453111341,1002
2024-09-20 13:19:04.929,429.5241024431991,995
2024-09-20 13:19:04.943,429.58675904938906,95
2024-09-20 13:19:04.949,429.53959579948105,8
2024-09-20 13:19:04.971,429.5453904434761,996
2024-09-20 13:19:04.991,429.5231901619549,15
2024-09-20 13:19:05.387,429.5300451469444,102
2024-09-20 13:19:05.423,429.54338750668825,15
2024-09-20 13:19:06.038,429.4545350751461,99
2024-09-20 13:19:06.087,429.4584152940092,1003
2024-09-20 13:19:06.108,429.4965003352475,12
2024-09-20 13:19:06.135,429.50348438085626,1003
2024-09-20 13:19:06.141,429.4357109504349,1003
2024-09-20 13:19:06.304,429.47187197056047,997
2024-09-20 13:19:06.321,-429.4482937855434,13
2024-09-20 13:19:06.415,429.5090697531867,1004
2024-09-20 13:19:06.505,429.453759650209,995
2024-09-20 13:19:06.603,429.52155138138426,9
2024-09-20 13:19:06.621,429.43775637133615,12
2024-09-20 13:19:06.736,429.4540836311013,8
2024-09-20 13:19:06.899,429.48865215955885,14
2024-09-20 13:19:07.038,429.426416460589,101
2024-09-20 13:19:07.709,429.4312395099589,996
2024-09-20 13:19:07.829,,14
2024-09-20 13:19:08.010,429.390795687848,1000
2024-09-20 13:19:08.141,429.44104407074735,996
2024-09-20 13:19:08.277,429.4697626441712,97
2024-09-20 13:19:08.341,429.4480881972455,8
2024-09-20 13:19:08.379,429.3748940379712,98
2024-09-20 13:19:08.429,429.3987716477058,1003
2024-09-20 13:19:08.447,429.46971768282174,1001
2024-09-20 13:19:08.474,429.4631429338879,999
2024-09-20 13:19:08.583,429.421016159895,996
2024-09-20 13:19:08.584,429.3906943434825,105
2024-09-20 13:19:08.600,429.3764836427809,6
2024-09-20 13:19:08.675,429.43607127107873,100
2024-09-20 13:19:08.680,429.4477326344212,13
2024-09-20 13:19:08.683,429.37686854886346,95
2024-09-20 13:19:08.697,429.4412756664988,96
2024-09-20 13:19:08.708,429.379344526398,1003
2024-09-20 13:19:08.753,429.3952048696177,95
2024-09-20 13:19:08.785,429.39555593555855,98
2024-09-20 13:19:08.797,429.4022768295979,10
2024-09-20 13:19:08.830,429.4526050154304,12
2024-09-20 13:19:08.832,429.4044442054864,1000
2024-09-20 13:19:08.832,429.4305035797549,101
2024-09-20 13:19:08.899,429.4316002411237,99
2024-09-20 13:19:08.915,429.4512077728472,996
2024-09-20 13:19:09.092,429.43754421325593,996
2024-09-20 13:19:09.110,429.4490716570584,996
2024-09-20 13:19:09.136,429.4676365571716,13
2024-09-20 13:19:09.138,42.942647031929255,15
2024-09-20 13:19:09.166,429.46105535832135,102
2024-09-20 13:19:09.210,429.455628495977,100
2024-09-20 13:19:09.260,429.4653759749155,11
2024-09-20 13:19:09.313,429.45580684344696,13
2024-09-20 13:19:09.326,429.465432420807,14
2024-09-20 13:19:09.372,429.4623239662714,995
2024-09-20 13:19:09.386,429.481978921238,97
2024-09-20 13:19:09.387,429.4899915196919,100
2024-09-20 13:19:09.418,429.4741675458922,8
2024-09-20 13:19:09.475,429.4700166942742,104
2024-09-20 13:19:09.631,429.4584763180212,995
2024-09-20 13:19:09.651,429.4579788409471,9
2024-09-20 13:19:09.745,429.4587582594119,998
2024-09-20 13:19:09.759,429.46059340251855,97
2024-09-20 13:19:09.780,429.4520171757458,97
2024-09-20 13:19:09.820,429.4719276524218,97
2024-09-20 13:19:09.822,429.47482588357167,15
2024-09-20 13:19:09.823,429.4627187336214,998
2024-09-20 13:19:09.830,429.4723690389228,1003
2024-09-20 13:19:09.872,429.4420471733496,13
2024-09-20 13:19:09.917,429.4672995157114,99
2024-09-20 13:19:09.982,429.4626118460464,15
2024-09-20 13:19:09.999,429.454360203346,999
2024-09-20 13:19:10.017,429.5187729067551,1000
2024-09-20 13:19:10.055,429.5002697964391,1005
2024-09-20 13:19:10.120,429.5071552436896,1001
2024-09-20 13:19:10.144,429.5033409853422,6
2024-09-20 13:19:10.202,429.49926742847697,102
2024-09-20 13:19:10.453,429.496779351338,98
2024-09-20 13:19:10.547,429.4908394519968,1000
2024-09-20 13:19:10.615,429.5041694110456,104
2024-09-20 13:19:10.678,429.4886496186996,7
2024-09-20 13:19:10.682,429.50826620845527,99
2024-09-20 13:19:10.905,429.50540370809045,8
2024-09-20 13:19:10.988,429.5151316504546,1003
2024-09-20 13:19:11.195,429.46553567171486,1000
2024-09-20 13:19:11.236,429.4582445948639,8
2024-09-20 13:19:11.356,429.47215518558886,6
2024-09-20 13:19:11.365,429.4712416260818,7
2024-09-20 13:19:11.404,429.4483286332919,997
2024-09-20 13:19:11.480,429.48953230084976,100
2024-09-20 13:19:11.557,,5
2024-09-20 13:19:11.614,429.4593901450257,6
2024-09-20 13:19:11.735,429.4642712345664,997
2024-09-20 13:19:11.824,429.4821400940592,1003
2024-09-20 13:19:11.846,429.48012060847697,995
2024-09-20 13:19:11.970,429.44811857851033,13
2024-09-20 13:19:12.446,429.46171295665727,14
2024-09-20 13:19:12.585,429.4562319619027,101
2024-09-20 13:19:13.080,429.5284833707848,98
2024-09-20 13:19:13.148,429.54364183981136,105
2024-09-20 13:19:13.193,429.4693120407984,100
2024-09-20 13:19:13.359,429.4917304149651,997
2024-09-20 13:19:13.493,429.4814598264037,10
2024-09-20 13:19:13.811,429.52742821747046,1003
2024-09-20 13:19:13.819,429.5271102324045,8
2024-09-20 13:19:13.819,429.5024540263769,1002
2024-09-20 13:19:13.923,429.4907601319009,9
2024-09-20 13:19:13.955,429.50070314984833,1003
2024-09-20 13:19:13.991,429.52371663456375,97
2024-09-20 13:19:14.032,429.49384382148565,996
2024-09-20 13:19:14.168,429.5280114478438,103
2024-09-20 13:19:14.258,429.51863220139256,103
2024-09-20 13:19:14.463,429.52833129032615,10
2024-09-20 13:19:14.500,429.5057276710484,100
2024-09-20 13:19:14.607,429.5065794621052,104
2024-09-20 13:19:14.906,429.53934657475287,101
2024-09-20 13:19:15.008,429.4991208643192,15
2024-09-20 13:19:15.035,429.4835283045994,100
2024-09-20 13:19:15.082,429.4410861439111,1002
2024-09-20 13:19:15.100,429.4623961946284,997
2024-09-20 13:19:15.142,429.421472861156,11
2024-09-20 13:19:15.222,429.4350188282662,96
2024-09-20 13:19:15.251,429.4369399822817,104
2024-09-20 13:19:15.279,429.49655928955184,14
2024-09-20 13:19:15.347,429.4414555467045,1003
2024-09-20 13:19:15.385,429.4896608237804,97
2024-09-20 13:19:15.392,429.4736554210287,6
2024-09-20 13:19:15.449,429.4554483371405,98
2024-09-20 13:19:15.497,429.4730207876062,98
2024-09-20 13:19:15.518,429.4387003178151,7
2024-09-20 13:19:15.548,429.5092733437179,100
2024-09-20 13:19:15.568,429.4951922123241,10
2024-09-20 13:19:15.614,429.45647032755846,13
2024-09-20 13:19:15.650,429.4935756596025,15
2024-09-20 13:19:15.674,429.50283229302335,6
2024-09-20 13:19:15.679,429.46220246787897,7
2024-09-20 13:19:15.728,429.4664877579051,96
2024-09-20 13:19:15.832,429.4910279686745,12
2024-09-20 13:19:15.999,429.48100723249496,1000
2024-09-20 13:19:16.061,429.45083286434846,1002
2024-09-20 13:19:16.259,429.454131159061,102
2024-09-20 13:19:16.420,,12
2024-09-20 13:19:16.573,429.4409539607588,995
2024-09-20 13:19:16.653,429.443473921789,100
2024-09-20 13:19:17.905,429.4313417950975,10
2024-09-20 13:19:18.013,429.4635843149376,99
2024-09-20 13:19:18.643,429.4593457606697,10
2024-09-20 13:19:18.846,429.4641512698927,996
2024-09-20 13:19:18.898,429.4671781917914,1004
2024-09-20 13:19:18.940,429.4406025519797,97
2024-09-20 13:19:19.002,429.5293335452869,97
2024-09-20 13:19:19.052,429.4763653751336,999
2024-09-20 13:19:19.127,,104
2024-09-20 13:19:19.171,429.5150732346019,1003
2024-09-20 13:19:19.192,429.5100659608356,11
2024-09-20 13:19:19.198,429.53601794780064,105
2024-09-20 13:19:19.225,,7
2024-09-20 13:19:19.239,429.5173727284589,1000
2024-09-20 13:19:19.473,429.4973061762237,102
2024-09-20 13:19:19.563,429.52253130468296,1003
2024-09-20 13:19:19.566,-429.48082517934006,102
2024-09-20 13:19:19.568,429.52858276132326,1003
2024-09-20 13:19:19.659,429.52780055509606,96
2024-09-20 13:19:19.707,429.5084077026615,15
2024-09-20 13:19:19.724,429.4937309666442,1005
2024-09-20 13:19:19.743,429.5025752978903,98
2024-09-20 13:19:19.791,,15
2024-09-20 13:19:19.906,429.5326790848976,102
2024-09-20 13:19:19.963,429.5414753702993,101
2024-09-20 13:19:20.083,429.57699187905945,96
2024-09-20 13:19:20.180,429.5565953934653,1005
2024-09-20 13:19:20.237,42.95414179912881,998
2024-09-20 13:19:20.546,429.58226657234405,102
2024-09-20 13:19:20.605,429.584406972907,998
2024-09-20 13:19:20.624,429.5672609976735,102
2024-09-20 13:19:20.657,429.56062229824346,1000
2024-09-20 13:19:20.673,429.54282300233126,8
2024-09-20 13:19:20.714,429.5316456242829,96
2024-09-20 13:19:20.845,429.5886704836611,15
2024-09-20 13:19:20.880,429.5606286483632,105
2024-09-20 13:19:20.905,429.55165557277473,104
2024-09-20 13:19:20.975,429.5692977098191,997
2024-09-20 13:19:21.039,429.512351385568,995
2024-09-20 13:19:21.055,429.5359221193957,997
2024-09-20 13:19:21.059,429.4723634934862,1003
2024-09-20 13:19:21.086,429.4783282158758,10
2024-09-20 13:19:21.087,429.48332081557146,1000
2024-09-20 13:19:21.122,429.47748127014336,102
2024-09-20 13:19:21.135,429.5204763440872,12
2024-09-20 13:19:21.141,429.50327958965846,9
2024-09-20 13:19:21.144,429.4780979470213,999
2024-09-20 13:19:21.174,429.5154839077274,12
2024-09-20 13:19:21.230,42.95038976296402,5
2024-09-20 13:19:21.267,429.4964615192299,101
2024-09-20 13:19:21.284,429.5371454223137,102
2024-09-20 13:19:21.287,429.51072271997856,997
2024-09-20 13:19:21.357,429.50777703157127,96
2024-09-20 13:19:21.364,429.4998903845521,97
2024-09-20 13:19:21.410,429.5041752442056,13
2024-09-20 13:19:21.417,429.51243930189247,104
2024-09-20 13:19:21.454,429.50768239179,11
2024-09-20 13:19:21.488,429.5161457054491,1001
2024-09-20 13:19:21.489,429.50796400351993,98
2024-09-20 13:19:21.509,429.5219137428605,102
2024-09-20 13:19:21.598,429.48920889002034,7
2024-09-20 13:19:21.675,429.4855019351432,998
2024-09-20 13:19:21.740,429.51044246779406,100
2024-09-20 13:19:21.773,429.5005535587901,1001
2024-09-20 13:19:21.794,429.4971882632673,95
2024-09-20 13:19:21.796,429.5186948615603,5
2024-09-20 13:19:21.804,429.479206103893,104
2024-09-20 13:19:21.963,429.5143060605425,997
2024-09-20 13:19:22.000,429.4886206296981,9
2024-09-20 13:19:22.416,429.494128192949,995
2024-09-20 13:19:22.522,429.468842668499,96
2024-09-20 13:19:22.547,429.4615834585202,95
2024-09-20 13:19:22.659,429.50245857858846,96
2024-09-20 13:19:22.837,429.4868582224907,14
2024-09-20 13:19:23.029,429.46797948457566,5
2024-09-20 13:19:23.070,429.4566262170084,1003
2024-09-20 13:19:23.150,429.452338052902,14
2024-09-20 13:19:23.174,429.455937539156,1005
2024-09-20 13:19:23.232,429.41630174542286,105
2024-09-20 13:19:23.309,429.4625211740006,5
2024-09-20 13:19:23.419,429.4622504950089,1000
2024-09-20 13:19:23.482,429.4461448442982,101
2024-09-20 13:19:23.485,429.4487411802765,101
2024-09-20 13:19:23.494,429.448759477818,105
2024-09-20 13:19:23.516,429.4430650617353,996
2024-09-20 13:19:23.534,429.44586113818417,103
2024-09-20 13:19:23.623,429.45454112300274,9
2024-09-20 13:19:23.631,429.42079888936144,1000
2024-09-20 13:19:23.652,429.43688857158605,996
2024-09-20 13:19:23.658,429.45511950125245,12
2024-09-20 13:19:23.676,429.4339225634335,1001
2024-09-20 13:19:23.695,429.47958879726224,96
2024-09-20 13:19:23.704,429.4662078553501,9
2024-09-20 13:19:23.751,429.4313834225027,98
2024-09-20 13:19:23.756,429.4551272246922,995
2024-09-20 13:19:23.818,429.4250010933249,8
2024-09-20 13:19:23.823,429.45724744887326,1002
2024-09-20 13:19:23.880,429.4579094754587,1004
2024-09-20 13:19:23.970,429.46030451763767,8
2024-09-20 13:19:24.023,429.4749033472077,12
2024-09-20 13:19:24.024,429.51554602955815,996
2024-09-20 13:19:24.077,429.4936769355788,102
2024-09-20 13:19:24.079,429.4815869237402,99
2024-09-20 13:19:24.156,429.4737213049371,11
2024-09-20 13:19:24.236,429.4418865216124,1001
2024-09-20 13:19:24.252,429.4940474304394,14
2024-09-20 13:19:24.269,429.48674445616354,1001
2024-09-20 13:19:24.305,429.4513668914288,102
2024-09-20 13:19:24.404,429.45951401987065,104
2024-09-20 13:19:24.505,429.483478031015,997
2024-09-20 13:19:24.540,429.4725565149349,997
2024-09-20 13:19:24.764,429.48418577668,996
2024-09-20 13:19:24.875,429.4369560123895,8
2024-09-20 13:19:24.892,429.46136054080057,998
2024-09-20 13:19:24.921,429.4985840014463,1003
2024-09-20 13:19:25.336,429.5008999664529,1001
2024-09-20 13:19:25.766,429.48927024021793,95
2024-09-20 13:19:26.010,429.5057080261792,15
2024-09-20 13:19:26.025,429.531774417658,8
2024-09-20 13:19:26.035,429.5477832548072,100
2024-09-20 13:19:26.040,429.5170934995385,5
2024-09-20 13:19:26.050,429.5231876586609,1000
2024-09-20 13:19:26.065,429.51944655321216,997
2024-09-20 13:19:26.127,429.5475649481328,6
2024-09-20 13:19:26.146,-429.54639517798216,1005
2024-09-20 13:19:26.151,429.5621717725521,1002
2024-09-20 13:19:26.251,429.5287206551917,97
2024-09-20 13:19:26.324,429.5348375358531,105
2024-09-20 13:19:26.369,429.53776120854985,1003
2024-09-20 13:19:26.381,429.5476705025249,1001
2024-09-20 13:19:26.383,429.5356130874736,998
2024-09-20 13:19:26.393,429.56525687017256,13
2024-09-20 13:19:26.467,429.50483370910297,6
2024-09-20 13:19:26.479,429.5441478929305,1002
2024-09-20 13:19:26.574,429.5563853053781,102
2024-09-20 13:19:26.632,429.5231188893801,13
2024-09-20 13:19:26.641,429.55065884527255,1001
2024-09-20 13:19:26.701,429.5122993745241,999
2024-09-20 13:19:26.715,429.5514763767045,1002
2024-09-20 13:19:26.797,429.5492867213765,12
2024-09-20 13:19:26.872,429.4921447246026,97
2024-09-20 13:19:26.877,429.5414063019229,998
2024-09-20 13:19:26.887,429.5398858181855,98
2024-09-20 13:19:26.919,429.5138936550284,1004
2024-09-20 13:19:26.963,429.5018169697113,15
2024-09-20 13:19:26.963,429.53818937215743,96
2024-09-20 13:19:27.050,429.440606547454,1005
2024-09-20 13:19:27.165,429.4943000562319,13
2024-09-20 13:19:27.320,429.43941401507817,102
2024-09-20 13:19:27.372,429.4863203962692,1002
2024-09-20 13:19:27.408,429.4944740081235,9
2024-09-20 13:19:27.482,429.5042075848195,97
2024-09-20 13:19:27.580,429.44335593535135,105
2024-09-20 13:19:27.724,429.4950051510828,998
2024-09-20 13:19:27.746,429.4586405580446,100
2024-09-20 13:19:27.748,429.4629646497714,96
2024-09-20 13:19:27.852,429.47911328913546,5
2024-09-20 13:19:27.860,429.5387170741199,102
2024-09-20 13:19:27.959,429.4928066686,13
2024-09-20 13:19:28.043,429.4617895516092,5
2024-09-20 13:19:28.044,429.4682787423298,1004
2024-09-20 13:19:28.055,429.4751794598132,1002
2024-09-20 13:19:28.058,429.4751788168055,1003
2024-09-20 13:19:28.061,429.4524918730434,8
2024-09-20 13:19:28.230,429.47560972254087,1003
2024-09-20 13:19:28.278,429.4704474141448,1005
2024-09-20 13:19:28.291,429.47348959173,96
2024-09-20 13:19:28.310,429.4860376905498,1000
2024-09-20 13:19:28.316,429.46995884952713,996
2024-09-20 13:19:28.441,429.4610215570694,1000
2024-09-20 13:19:28.474,429.4741211558295,1000
2024-09-20 13:19:28.487,429.46085265765385,97
2024-09-20 13:19:28.522,429.4759704362554,102
2024-09-20 13:19:28.633,429.4679547921146,100
2024-09-20 13:19:28.701,429.4578728117882,1001
2024-09-20 13:19:28.718,429.4595034603154,102
2024-09-20 13:19:28.755,429.4399437968361,101
2024-09-20 13:19:28.760,429.4495560441231,102
2024-09-20 13:19:28.825,429.4784341583314,1002
2024-09-20 13:19:28.880,429.4745119087643,14
2024-09-20 13:19:28.889,429.4583870991216,999
2024-09-20 13:19:28.968,429.466992648706,997
2024-09-20 13:19:30.006,429.5220386180411,95
2024-09-20 13:19:30.030,429.5079746064705,1002
2024-09-20 13:19:30.045,429.506381913696,15
2024-09-20 13:19:30.061,429.482535671635,101
2024-09-20 13:19:30.076,429.50393447346585,8
2024-09-20 13:19:30.124,429.4919483260836,1004
2024-09-20 13:19:30.180,429.4950547818871,998
2024-09-20 13:19:30.291,429.5006964234089,995
2024-09-20 13:19:30.327,429.5121059505293,9
2024-09-20 13:19:30.383,429.492692439106,101
2024-09-20 13:19:30.404,429.4784928069753,11
2024-09-20 13:19:30.410,429.4963734346037,1002
2024-09-20 13:19:30.422,429.4633980996351,102
2024-09-20 13:19:30.536,429.4793977700054,8
2024-09-20 13:19:30.539,429.5036719123251,999
2024-09-20 13:19:30.574,429.4978876954325,98
2024-09-20 13:19:30.717,429.4936040683087,103
2024-09-20 13:19:30.728,429.4809343954417,13
2024-09-20 13:19:30.740,,1004
2024-09-20 13:19:30.751,429.4858636085806,14
2024-09-20 13:19:30.759,429.50385860469794,95
2024-09-20 13:19:30.764,429.4959680907027,98
2024-09-20 13:19:30.776,429.4827834899812,102
2024-09-20 13:19:30.830,429.51261868107366,104
2024-09-20 13:19:30.838,429.50123521812617,12
2024-09-20 13:19:30.874,429.4776101374073,996
2024-09-20 13:19:30.946,429.5069664266789,1002
2024-09-20 13:19:30.980,429.5097379143837,998
2024-09-20 13:19:31.011,429.5172800080512,95
2024-09-20 13:19:31.026,429.4563559905265,10
2024-09-20 13:19:31.090,429.5075727192384,14
2024-09-20 13:19:31.114,429.5052008429347,1004
2024-09-20 13:19:31.131,429.460234038361,100
2024-09-20 13:19:31.161,429.4828667194451,995
2024-09-20 13:19:31.175,429.48537236488585,1004
2024-09-20 13:19:31.203,429.4983844427266,14
2024-09-20 13:19:31.224,429.4835031374582,1004
2024-09-20 13:19:31.273,429.52723435765375,1003
2024-09-20 13:19:31.288,429.52778364669206,101
2024-09-20 13:19:31.337,429.5298214373762,8
2024-09-20 13:19:31.416,429.47361229445454,14
2024-09-20 13:19:31.504,429.4966664420579,105
2024-09-20 13:19:31.639,429.5092556047159,11
2024-09-20 13:19:31.670,429.5083983243639,1004
2024-09-20 13:19:31.678,429.4980575913938,5
2024-09-20 13:19:31.705,429.4780105438731,105
2024-09-20 13:19:31.762,429.5171052162192,1003
2024-09-20 13:19:31.771,429.4848476124298,7
2024-09-20 13:19:31.806,429.4941155504607,11
2024-09-20 13:19:31.863,429.4893382890188,103
2024-09-20 13:19:31.867,429.5186009071681,105
2024-09-20 13:19:31.903,429.4984794083188,1005
2024-09-20 13:19:31.981,429.5029458531433,1002
2024-09-20 13:19:32.056,429.4651597287483,8
2024-09-20 13:19:32.126,429.47973943028313,10
2024-09-20 13:19:32.196,429.4981560636566,98
2024-09-20 13:19:32.234,429.4443130598905,1002
2024-09-20 13:19:32.238,429.4954585918336,997
2024-09-20 13:19:32.562,429.5048331661494,9
2024-09-20 13:19:32.665,429.4717904223887,1002
2024-09-20 13:19:32.751,429.4521380964926,1002
2024-09-20 13:19:32.764,429.4688764254192,996
2024-09-20 13:19:32.865,429.47521845301264,9
2024-09-20 13:19:32.972,429.4877020883295,103
2024-09-20 13:19:33.517,429.4892089040925,1003
2024-09-20 13:19:33.790,429.4900680176496,98
2024-09-20 13:19:34.058,429.4646251216178,11
2024-09-20 13:19:34.083,429.5239376948923,1004
2024-09-20 13:19:34.088,429.4842459005109,105
2024-09-20 13:19:34.191,429.5065813710042,1004
2024-09-20 13:19:34.216,429.5092293363527,11
2024-09-20 13:19:34.358,429.4832687096954,6
2024-09-20 13:19:34.497,429.4782989270768,1002
2024-09-20 13:19:34.563,429.4934688302528,995
2024-09-20 13:19:34.645,429.4299115503708,1004
2024-09-20 13:19:34.670,429.4932892095805,98
2024-09-20 13:19:34.693,429.4749783846299,102
2024-09-20 13:19:34.697,429.4516306562679,96
2024-09-20 13:19:34.746,429.50727871867394,103
2024-09-20 13:19:34.767,429.4901383886364,1002
2024-09-20 13:19:34.819,429.503776025877,95
2024-09-20 13:19:34.826,429.4566662090751,100
2024-09-20 13:19:34.907,429.5335516957445,14
2024-09-20 13:19:35.072,429.4326650317002,12
2024-09-20 13:19:35.087,429.4410073736416,98
2024-09-20 13:19:35.317,429.4327205863328,995
2024-09-20 13:19:35.320,429.42358924889794,11
2024-09-20 13:19:35.328,429.4240652595625,1001
2024-09-20 13:19:35.575,429.4359639209076,10
2024-09-20 13:19:35.630,429.4264585000478,12
2024-09-20 13:19:35.793,429.4284606635618,96
2024-09-20 13:19:35.878,429.42646755284113,96
2024-09-20 13:19:35.902,429.4378831980599,6
2024-09-20 13:19:35.931,429.4365559618012,102
2024-09-20 13:19:36.015,429.4354611182986,996
2024-09-20 13:19:36.016,429.4334365849137,102
2024-09-20 13:19:36.099,429.42602633210646,14
2024-09-20 13:19:36.156,429.4550504214316,97
2024-09-20 13:19:36.161,429.4471184713128,100
2024-09-20 13:19:36.173,429.38159666943153,100
2024-09-20 13:19:36.245,429.4566311300558,997
2024-09-20 13:19:36.272,429.4298270414639,999
2024-09-20 13:19:36.286,429.35907995232594,97
2024-09-20 13:19:36.294,429.4423427872779,15
2024-09-20 13:19:36.294,429.4244708917751,11
2024-09-20 13:19:36.492,429.3533711330389,7
2024-09-20 13:19:36.504,429.4252124145045,96
2024-09-20 13:19:36.504,429.43722618202514,7
2024-09-20 13:19:36.601,429.45079954994776,102
2024-09-20 13:19:36.665,429.4620090919945,104
2024-09-20 13:19:36.773,429.4638495115909,996
2024-09-20 13:19:36.809,429.4354199970857,998
2024-09-20 13:19:36.833,429.3520425800856,7
2024-09-20 13:19:36.837,429.3818549339663,97
2024-09-20 13:19:36.839,429.3582883119338,1003
2024-09-20 13:19:36.934,429.4114545530345,5
2024-09-20 13:19:36.960,429.4346433221256,6
2024-09-20 13:19:37.061,429.389803083993,104
2024-09-20 13:19:37.109,429.3446476756149,996
2024-09-20 13:19:37.145,429.43030404830574,6
2024-09-20 13:19:37.197,429.3434606124568,996
2024-09-20 13:19:37.275,429.4092788538424,95
2024-09-20 13:19:37.367,429.3672298881463,997
2024-09-20 13:19:37.454,429.33337971480375,1005
2024-09-20 13:19:37.666,429.4068636550723,12
2024-09-20 13:19:37.757,429.42307192950005,97
2024-09-20 13:19:37.771,429.3873982731637,1004
2024-09-20 13:19:37.925,429.4116390798294,103
2024-09-20 13:19:37.926,429.4266141685099,99
2024-09-20 13:19:37.930,429.3918352649272,999
2024-09-20 13:19:39.011,429.4538105731617,8
2024-09-20 13:19:39.052,42.948988304012886,99
2024-09-20 13:19:39.137,429.44696972650985,5
2024-09-20 13:19:39.172,429.4673097180038,7
2024-09-20 13:19:39.180,429.4688690361974,14
2024-09-20 13:19:39.193,429.50005525898587,100
2024-09-20 13:19:39.225,429.4529218154885,998
2024-09-20 13:19:39.228,429.4950982444712,6
2024-09-20 13:19:39.236,429.4900797924519,1003
2024-09-20 13:19:39.315,429.436604205309,995
2024-09-20 13:19:39.336,429.4460756025049,96
2024-09-20 13:19:39.352,429.459776036158,995
2024-09-20 13:19:39.391,429.502770374734,14
2024-09-20 13:19:39.419,429.5066417151285,9
2024-09-20 13:19:39.546,429.4792052913221,7
2024-09-20 13:19:39.556,429.417540843614,103
2024-09-20 13:19:39.633,429.4400316825089,99
2024-09-20 13:19:39.655,429.4556498586736,15
2024-09-20 13:19:39.658,429.48752726176775,1005
2024-09-20 13:19:39.668,429.4511439633219,6
2024-09-20 13:19:39.679,429.4924428233724,996
2024-09-20 13:19:39.716,429.4940738324154,10
2024-09-20 13:19:39.720,429.45929911456335,105
2024-09-20 13:19:39.721,429.4694058761805,995
2024-09-20 13:19:39.887,429.48044494838,998
2024-09-20 13:19:40.065,429.5431330071011,999
2024-09-20 13:19:40.655,429.5322987788219,8
2024-09-20 13:19:40.881,429.52912996260176,5
2024-09-20 13:19:40.981,429.5124500032503,1002
2024-09-20 13:19:41.021,429.567931325989,95
2024-09-20 13:19:41.229,429.5272280052531,5
2024-09-20 13:19:41.343,429.505249392509,9
2024-09-20 13:19:41.600,429.52488500507707,997
2024-09-20 13:19:41.634,429.5553337566454,97
2024-09-20 13:19:42.011,429.6067859585923,1004
2024-09-20 13:19:42.031,429.6406716569541,9
2024-09-20 13:19:42.073,429.59705660533245,996
2024-09-20 13:19:42.147,429.63550890310313,1004
2024-09-20 13:19:42.164,429.6234060875023,96
2024-09-20 13:19:42.194,429.58865315228667,12
2024-09-20 13:19:42.245,429.63335211058586,1004
2024-09-20 13:19:42.338,429.6017020363337,15
2024-09-20 13:19:42.361,429.6088990853561,995
2024-09-20 13:19:42.401,429.6094643867856,103
2024-09-20 13:19:42.443,429.59412057034274,95
2024-09-20 13:19:42.486,429.6449311524224,11
2024-09-20 13:19:42.550,429.60929043529984,9
2024-09-20 13:19:42.638,429.6144556054225,15
2024-09-20 13:19:42.643,429.6168743089917,1001
2024-09-20 13:19:42.823,429.6342256746991,95
2024-09-20 13:19:42.830,429.5933000243886,96
2024-09-20 13:19:42.842,429.6305944180248,97
2024-09-20 13:19:42.849,429.5803366729722,995
2024-09-20 13:19:43.003,429.6764845558284,1003
2024-09-20 13:19:43.008,429.77833806494925,5
2024-09-20 13:19:43.038,429.66222349751,96
2024-09-20 13:19:43.067,429.6383255701372,1001
2024-09-20 13:19:43.135,429.5911943432954,101
2024-09-20 13:19:43.153,429.62455088985496,1005
2024-09-20 13:19:43.228,429.73148195212775,14
2024-09-20 13:19:43.243,429.6498983648689,1003
2024-09-20 13:19:43.273,429.6045431164247,1003
2024-09-20 13:19:43.278,429.71463247195777,999
2024-09-20 13:19:43.289,429.7044445855025,1000
2024-09-20 13:19:43.361,429.7556657396265,95
2024-09-20 13:19:43.374,429.73849073762216,102
2024-09-20 13:19:43.375,429.73989241549975,105
2024-09-20 13:19:43.384,429.6675538717272,999
2024-09-20 13:19:43.437,429.5849875548394,999
2024-09-20 13:19:43.478,429.6671948827928,15
2024-09-20 13:19:43.514,429.65340983483446,14
2024-09-20 13:19:43.544,429.6688211945655,100
2024-09-20 13:19:43.659,429.6937279405652,1002
2024-09-20 13:19:43.676,429.73027063463087,104
2024-09-20 13:19:43.764,429.5897048566116,7
2024-09-20 13:19:43.777,429.7752471557516,995
2024-09-20 13:19:43.806,429.59026449606654,1005
2024-09-20 13:19:43.842,429.59689556501377,102
2024-09-20 13:19:43.881,429.6497627614644,6
2024-09-20 13:19:43.889,429.6679151070825,12
2024-09-20 13:19:43.942,429.6780705725878,95
2024-09-20 13:19:43.946,429.74356070065727,1002
2024-09-20 13:19:43.968,429.6371592674663,96
2024-09-20 13:19:44.070,-429.7627347222944,99
2024-09-20 13:19:44.120,429.801353797632,14
2024-09-20 13:19:44.139,429.7524634700922,997
2024-09-20 13:19:44.147,429.7279605532666,1002
2024-09-20 13:19:44.163,429.7195493594859,9
2024-09-20 13:19:44.171,429.7899766268643,15
2024-09-20 13:19:44.245,429.7747215049112,5
2024-09-20 13:19:44.247,429.7260995814245,15
2024-09-20 13:19:44.258,429.7573275097198,995
2024-09-20 13:19:44.363,429.7375477905502,1005
2024-09-20 13:19:44.428,429.8039424080603,105
2024-09-20 13:19:44.488,429.7574974439154,9
2024-09-20 13:19:44.580,429.7949384873913,1003
2024-09-20 13:19:44.608,429.7916997990801,105
2024-09-20 13:19:44.627,429.7789837177586,10
2024-09-20 13:19:44.776,429.7679648416578,1003
2024-09-20 13:19:44.795,429.7632675237771,14
2024-09-20 13:19:44.809,429.7689008306151,1002
2024-09-20 13:19:44.857,429.72472027130607,96
2024-09-20 13:19:44.868,429.76749532629134,96
2024-09-20 13:19:44.875,429.75511420193806,1002
2024-09-20 13:19:44.884,429.7243020698263,1003
2024-09-20 13:19:44.896,429.7208831646871,97
2024-09-20 13:19:44.961,429.8012181782759,99
2024-09-20 13:19:44.975,429.7664747199493,5
2024-09-20 13:19:45.088,429.7900314774261,14
2024-09-20 13:19:45.102,429.7716084022589,10
2024-09-20 13:19:45.232,429.7653507227597,104
2024-09-20 13:19:45.241,429.7669840893341,103
2024-09-20 13:19:45.292,429.7736544507544,998
2024-09-20 13:19:45.357,429.7498744419402,998
2024-09-20 13:19:45.452,429.7529834186959,997
2024-09-20 13:19:45.574,429.78439221824914,996
2024-09-20 13:19:45.586,429.7776568242459,98
2024-09-20 13:19:45.603,429.7362144756594,997
2024-09-20 13:19:45.622,429.7694604475921,14
2024-09-20 13:19:45.631,42.9773708734769,105
2024-09-20 13:19:45.645,429.7622222046401,999
2024-09-20 13:19:45.668,429.7418435788808,98
2024-09-20 13:19:45.723,429.7804854188452,9
2024-09-20 13:19:45.728,429.7674636404027,104
2024-09-20 13:19:45.731,429.7882868801331,6
2024-09-20 13:19:45.862,429.7631587381836,1004
2024-09-20 13:19:46.019,429.7652055270402,996
2024-09-20 13:19:46.043,429.8123113630007,104
2024-09-20 13:19:46.052,429.8079513649393,102
2024-09-20 13:19:46.064,429.7694569301568,1004
2024-09-20 13:19:46.066,429.7879272993871,100
2024-09-20 13:19:46.171,429.7939645085835,997
2024-09-20 13:19:46.185,42.98034449392401,96
2024-09-20 13:19:46.192,429.8110124801525,105
2024-09-20 13:19:46.301,429.7608111559906,8
2024-09-20 13:19:46.320,429.7569003818115,10
2024-09-20 13:19:46.329,429.7644269607874,97
2024-09-20 13:19:46.355,429.805418756822,101
2024-09-20 13:19:46.377,429.789884432489,995
2024-09-20 13:19:46.426,429.7364079317943,13
2024-09-20 13:19:46.463,429.7659669555839,12
2024-09-20 13:19:46.513,429.7821642036894,103
2024-09-20 13:19:46.535,429.7909416896836,1001
2024-09-20 13:19:46.559,429.7867291622322,995
2024-09-20 13:19:46.572,429.76764152615095,5
2024-09-20 13:19:46.624,429.7795181806303,104
2024-09-20 13:19:46.729,429.7715024640589,1000
2024-09-20 13:19:46.772,429.8043722002392,996
2024-09-20 13:19:46.808,429.8021558843682,1003
2024-09-20 13:19:46.811,429.8000396596093,101
2024-09-20 13:19:46.860,429.7966673564196,1002
2024-09-20 13:19:47.052,429.7793631158197,6
2024-09-20 13:19:47.189,429.78839055088,10
2024-09-20 13:19:47.684,429.7715764100152,15
2024-09-20 13:19:47.867,429.7846695326612,996
2024-09-20 13:19:47.983,429.782533149755,105
2024-09-20 13:19:48.001,429.67735392130186,12
2024-09-20 13:19:48.019,429.7908382978151,995
2024-09-20 13:19:48.025,429.7310057718481,8
2024-09-20 13:19:48.067,429.7781700130556,100
2024-09-20 13:19:48.441,429.7705982470359,1003
2024-09-20 13:19:48.460,429.7973018265143,996
2024-09-20 13:19:48.513,429.67980295566537,103
2024-09-20 13:19:48.546,429.7201829141641,8
2024-09-20 13:19:48.592,,95
2024-09-20 13:19:48.622,429.7140438769593,1004
2024-09-20 13:19:48.643,429.7211890060213,1000
2024-09-20 13:19:48.644,429.6795514449332,98
2024-09-20 13:19:48.674,429.7665092983189,98
2024-09-20 13:19:48.725,429.7292602432578,105
2024-09-20 13:19:48.745,429.6831479703727,6
2024-09-20 13:19:48.801,429.7173422716216,998
2024-09-20 13:19:48.846,429.7063127993201,1000
2024-09-20 13:19:48.856,429.6769641540384,102
2024-09-20 13:19:48.879,429.7452287849716,96
2024-09-20 13:19:48.906,429.67733514259686,105
2024-09-20 13:19:49.005,429.6246194789409,97
2024-09-20 13:19:49.009,429.6159791506424,98
2024-09-20 13:19:49.113,429.6685461054505,103
2024-09-20 13:19:49.137,429.6423055168124,103
2024-09-20 13:19:49.188,429.6487099000029,96
2024-09-20 13:19:49.293,429.6602026847711,104
2024-09-20 13:19:49.337,429.6510562767668,1004
2024-09-20 13:19:49.436,429.6548261047437,999
2024-09-20 13:19:49.548,429.6343904489661,999
2024-09-20 13:19:49.587,429.6423424737261,104
2024-09-20 13:19:49.636,429.6502877377201,1004
2024-09-20 13:19:49.663,429.6464503437452,1000
2024-09-20 13:19:49.759,429.6259514054021,104
2024-09-20 13:19:49.787,429.6431443026026,1003
2024-09-20 13:19:49.820,429.6629678547986,9
2024-09-20 13:19:49.855,,99
2024-09-20 13:19:49.864,429.6353149047713,1001
2024-09-20 13:19:50.052,429.6277292567892,1004
2024-09-20 13:19:50.112,429.6349989932205,1003
2024-09-20 13:19:50.414,429.6512587494824,97
2024-09-20 13:19:50.862,429.6572439016287,15
2024-09-20 13:19:50.865,42.96839751097531,997
2024-09-20 13:19:51.032,429.6193694743309,6
2024-09-20 13:19:51.099,429.595947838815,105
2024-09-20 13:19:51.138,429.6098792621766,999
2024-09-20 13:19:51.157,429.6097697584328,10
2024-09-20 13:19:51.249,429.6353250469127,998
2024-09-20 13:19:51.465,429.6074915171045,14
2024-09-20 13:19:51.727,429.633969065218,997
2024-09-20 13:19:51.760,429.6303415015011,1004
2024-09-20 13:19:51.889,429.6203636789869,104
2024-09-20 13:19:51.979,429.6076945352946,100
2024-09-20 13:19:52.052,429.6145154953052,102
2024-09-20 13:19:52.094,429.67245469077,102
2024-09-20 13:19:52.099,429.67528054640223,1001
2024-09-20 13:19:52.130,429.695523350128,100
2024-09-20 13:19:52.158,429.6767960707608,11
2024-09-20 13:19:52.160,429.6268900276663,1003
2024-09-20 13:19:52.190,429.59476194460086,10
2024-09-20 13:19:52.261,429.66401653217184,96
2024-09-20 13:19:52.264,429.58326663732487,9
2024-09-20 13:19:52.338,429.61933538871887,996
2024-09-20 13:19:52.408,429.62476246173424,101
2024-09-20 13:19:52.476,429.62101755117845,1000
2024-09-20 13:19:52.537,429.6117497310396,98
2024-09-20 13:19:52.541,429.6062973107114,104
2024-09-20 13:19:52.617,429.59640584413125,100
2024-09-20 13:19:52.627,429.694792013973,14
2024-09-20 13:19:52.633,429.6174895079176,1003
2024-09-20 13:19:52.641,429.6913748484032,996
2024-09-20 13:19:52.642,429.6317085406784,1001
2024-09-20 13:19:52.657,429.6690393198734,10
2024-09-20 13:19:52.685,429.6264309935725,1000
2024-09-20 13:19:52.734,429.6727020222675,95
2024-09-20 13:19:52.753,429.6074489625952,99
2024-09-20 13:19:52.814,429.6858017628269,101
2024-09-20 13:19:52.827,429.641244810752,995
2024-09-20 13:19:52.962,429.69549429860206,100
2024-09-20 13:19:52.991,429.64444379634966,13
2024-09-20 13:19:53.012,429.6525424604294,95
2024-09-20 13:19:53.021,429.62267994916095,1001
2024-09-20 13:19:53.055,429.5615186050232,14
2024-09-20 13:19:53.065,429.5878656976565,5
2024-09-20 13:19:53.091,429.6640031152615,11
2024-09-20 13:19:53.110,429.6349910756572,98
2024-09-20 13:19:53.131,429.6088894858679,97
2024-09-20 13:19:53.173,429.6306655018654,14
2024-09-20 13:19:53.207,429.5949905617805,1001
2024-09-20 13:19:53.207,429.6364752937759,1005
2024-09-20 13:19:53.223,429.6190237484502,1000
2024-09-20 13:19:53.226,429.6499215189526,95
2024-09-20 13:19:53.226,429.580744022271,95
2024-09-20 13:19:53.249,429.6356272054745,995
2024-09-20 13:19:53.273,429.6089733572019,995
2024-09-20 13:19:53.437,429.5990559171472,103
2024-09-20 13:19:53.454,429.6389201934311,98
2024-09-20 13:19:53.456,429.6209583987828,5
2024-09-20 13:19:53.575,429.6529055548133,102
2024-09-20 13:19:53.617,429.644203915281,8
2024-09-20 13:19:53.679,429.6256652302523,998
2024-09-20 13:19:53.706,429.6318165120106,7
2024-09-20 13:19:53.747,429.5844558964365,997
2024-09-20 13:19:53.794,429.6435899405856,7
2024-09-20 13:19:53.802,429.6372766920881,14
2024-09-20 13:19:53.899,429.6372197865221,12
2024-09-20 13:19:53.900,429.567839449846,999
2024-09-20 13:19:53.946,429.6078873545993,13
2024-09-20 13:19:54.026,429.609995711734,105
2024-09-20 13:19:54.055,429.6197156404857,103
2024-09-20 13:19:54.093,429.61513967465686,105
2024-09-20 13:19:54.120,429.62708442518766,98
2024-09-20 13:19:54.127,429.6170844797156,1004
2024-09-20 13:19:54.128,429.614472444336,12
2024-09-20 13:19:54.174,429.6384326425291,14
2024-09-20 13:19:54.184,429.6185359619087,10
2024-09-20 13:19:54.265,429.5989069955971,9
2024-09-20 13:19:54.271,429.6215765832314,100
2024-09-20 13:19:54.277,429.6433146412585,7
2024-09-20 13:19:54.355,429.600699233548,1004
2024-09-20 13:19:54.514,429.6414303439154,100
2024-09-20 13:19:54.529,429.62181266812144,1003
2024-09-20 13:19:54.565,429.6016556976679,7
2024-09-20 13:19:54.633,429.6198495184592,997
2024-09-20 13:19:54.636,429.6074077406005,995
2024-09-20 13:19:54.641,429.6246706659997,1001
2024-09-20 13:19:54.664,429.62352129186047,6
2024-09-20 13:19:54.717,429.5942815478221,995
2024-09-20 13:19:54.793,429.6208341558894,96
2024-09-20 13:19:54.793,429.6198126226493,1003
2024-09-20 13:19:54.858,429.6207827064621,99
2024-09-20 13:19:54.925,429.6483054194992,1001
2024-09-20 13:19:54.935,429.60333054221695,1004
2024-09-20 13:19:54.980,429.61530586479967,103
2024-09-20 13:19:54.981,429.6357173657898,104
2024-09-20 13:19:55.682,429.6161500278056,14
2024-09-20 13:19:55.965,429.6076706339944,1004
2024-09-20 13:19:56.005,429.57391348128857,13
2024-09-20 13:19:56.165,429.59762676390494,11
2024-09-20 13:19:56.274,429.5513721569823,6
2024-09-20 13:19:56.289,429.5600666193645,104
2024-09-20 13:19:56.398,429.55100238361433,1003
2024-09-20 13:19:56.474,429.57624441374577,100
2024-09-20 13:19:56.664,429.554053334916,5
2024-09-20 13:19:56.790,429.54984200677177,1000
2024-09-20 13:19:57.594,429.5815305890841,10
2024-09-20 13:19:57.646,429.570414615734,15
2024-09-20 13:19:58.099,-429.5723387975321,1000
2024-09-20 13:19:58.141,429.5999714102287,1000
2024-09-20 13:19:58.151,429.5907045929857,11
2024-09-20 13:19:58.168,429.5741938667829,8
2024-09-20 13:19:58.222,429.5915921685003,10
2024-09-20 13:19:58.252,429.6096207435172,98
2024-09-20 13:19:58.369,429.60148443997247,99
2024-09-20 13:19:58.413,429.60137623763256,9
2024-09-20 13:19:58.515,429.57436327251895,997
2024-09-20 13:19:58.576,429.6026059063581,13
2024-09-20 13:19:58.652,429.5568089184619,12
2024-09-20 13:19:58.669,429.5856383100952,1001
2024-09-20 13:19:58.694,429.60349990760574,101
2024-09-20 13:19:58.706,429.5942872812114,6
2024-09-20 13:19:58.729,429.5821003962156,1003
2024-09-20 13:19:58.810,429.5595561147492,9
2024-09-20 13:19:58.833,429.60669267882383,996
2024-09-20 13:19:58.903,429.5796093215845,97
2024-09-20 13:19:58.926,429.5903077303386,97
2024-09-20 13:19:58.948,429.5931487767535,99
2024-09-20 13:19:58.963,429.5907028370968,6
2024-09-20 13:19:58.994,429.5775627215664,1005
2024-09-20 13:19:58.996,429.5816708207904,1002
2024-09-20 13:19:59.058,429.56734276738337,104
2024-09-20 13:19:59.244,-429.5727395236365,5
2024-09-20 13:19:59.413,429.5721385134912,13
2024-09-20 13:19:59.698,429.56623721166,997
2024-09-20 13:19:59.712,429.5950308061091,95
