Timestamp,Price,Size
2024-09-19 14:54:00.056,420.2778266027057,997
2024-09-19 14:54:00.097,420.2726636897268,15
2024-09-19 14:54:00.124,420.26617445311376,13
2024-09-19 14:54:00.137,42.02733962398345,103
2024-09-19 14:54:00.378,415.71892173954416,101
2024-09-19 14:54:00.513,420.2859373571909,996
2024-09-19 14:54:01.061,420.2561238659841,7
2024-09-19 14:54:01.376,420.2793475966044,1001
2024-09-19 14:54:01.473,420.2662866793645,101
2024-09-19 14:54:01.767,420.27185929567577,14
2024-09-19 14:54:01.788,420.2844428944632,995
2024-09-19 14:54:01.824,415.770014478912,996
2024-09-19 14:54:02.466,420.2532043110784,100
2024-09-19 14:54:03.405,420.25270487337457,1000
2024-09-19 14:54:04.017,420.182314722489,995
2024-09-19 14:54:04.029,420.22085585563497,1004
2024-09-19 14:54:04.080,420.25369049859466,8
2024-09-19 14:54:04.130,420.2704374825868,5
2024-09-19 14:54:04.146,420.2429828476498,96
2024-09-19 14:54:04.150,420.25928870672703,15
2024-09-19 14:54:04.175,420.1935773095245,1002
2024-09-19 14:54:04.177,420.1918027168768,996
2024-09-19 14:54:04.225,420.1982909813582,100
2024-09-19 14:54:04.232,420.238917016178,96
2024-09-19 14:54:04.399,420.26738655467545,6
2024-09-19 14:54:04.449,420.1949361199867,99
2024-09-19 14:54:04.645,420.2323806484413,1003
2024-09-19 14:54:04.677,420.28078238615154,97
2024-09-19 14:54:04.761,420.2527612147778,1004
2024-09-19 14:54:04.898,420.2459786201421,5
2024-09-19 14:54:04.935,420.265691288802,95
2024-09-19 14:54:04.937,420.255232506956,101
2024-09-19 14:54:05.203,420.22315212511376,1005
2024-09-19 14:54:05.933,420.2012473434508,8
2024-09-19 14:54:06.000,420.2389291869032,11
2024-09-19 14:54:06.046,420.207106149832,103
2024-09-19 14:54:06.073,420.2611568369241,14
2024-09-19 14:54:06.075,42.023560479077815,6
2024-09-19 14:54:06.097,420.2332168549026,1001
2024-09-19 14:54:06.098,420.21805731977264,99
2024-09-19 14:54:06.102,420.2480455923184,999
2024-09-19 14:54:06.118,420.2366622600412,1004
2024-09-19 14:54:06.149,420.2404545407677,14
2024-09-19 14:54:06.235,420.2106718193651,1005
2024-09-19 14:54:06.260,420.2440774540537,1000
2024-09-19 14:54:06.307,420.2172564997547,13
2024-09-19 14:54:06.384,420.24392857809073,1001
2024-09-19 14:54:06.737,420.210750283137,9
2024-09-19 14:54:06.802,420.2326006812082,9
2024-09-19 14:54:06.859,420.2316317841361,105
2024-09-19 14:54:06.917,420.22332177952745,15
2024-09-19 14:54:06.981,420.2372014573439,105
2024-09-19 14:54:07.038,420.250720402583,998
2024-09-19 14:54:07.296,420.2195729781668,96
2024-09-19 14:54:07.798,420.2167292758252,101
2024-09-19 14:54:08.362,420.17630544042646,10
2024-09-19 14:54:08.657,420.2043825855316,105
2024-09-19 14:54:08.904,420.1960257150457,103
2024-09-19 14:54:09.029,420.15981090030266,6
2024-09-19 14:54:09.042,420.1840371301601,104
2024-09-19 14:54:09.104,420.1622142384488,103
2024-09-19 14:54:09.106,420.1562969870047,13
2024-09-19 14:54:09.115,420.161915941715,1000
2024-09-19 14:54:09.137,420.1839201423529,996
2024-09-19 14:54:09.171,420.159410082789,102
2024-09-19 14:54:09.195,420.15408905289615,10
2024-09-19 14:54:09.234,420.1681945868979,1002
2024-09-19 14:54:09.267,420.1587534926289,103
2024-09-19 14:54:09.272,420.1892481890698,995
2024-09-19 14:54:09.275,420.1497138691546,99
2024-09-19 14:54:09.334,420.1587898664233,1001
2024-09-19 14:54:09.368,420.17186990666346,103
2024-09-19 14:54:09.410,420.1577887313041,9
2024-09-19 14:54:09.600,420.1640207301525,995
2024-09-19 14:54:09.689,420.17154422684223,995
2024-09-19 14:54:09.702,420.1627483727143,11
2024-09-19 14:54:09.717,420.16855584091104,103
2024-09-19 14:54:09.793,420.2020454095246,101
2024-09-19 14:54:09.802,420.1855498087716,100
2024-09-19 14:54:09.858,420.1673212305984,11
2024-09-19 14:54:09.888,420.1972990109276,996
2024-09-19 14:54:09.970,420.1505825823969,98
2024-09-19 14:54:09.984,420.1795778760524,15
2024-09-19 14:54:10.010,420.1932843174243,9
2024-09-19 14:54:10.013,420.21005563611936,11
2024-09-19 14:54:10.019,420.14511655358814,999
2024-09-19 14:54:10.074,420.1965327585015,6
2024-09-19 14:54:10.115,420.2112902979469,102
2024-09-19 14:54:10.215,420.1459301427518,105
2024-09-19 14:54:10.220,420.1682038365992,997
2024-09-19 14:54:10.305,420.13985924292655,997
2024-09-19 14:54:10.333,420.121522583145,98
2024-09-19 14:54:10.353,420.1784508359804,1005
2024-09-19 14:54:10.499,420.2001706560061,5
2024-09-19 14:54:10.537,420.18574030553856,1000
2024-09-19 14:54:10.548,420.2179427017661,1005
2024-09-19 14:54:10.693,420.18786551273473,6
2024-09-19 14:54:10.725,420.1567381047129,13
2024-09-19 14:54:10.738,420.2119536116663,15
2024-09-19 14:54:10.745,420.1798011759924,13
2024-09-19 14:54:10.756,420.2106645423334,99
2024-09-19 14:54:10.777,420.1241420422724,12
2024-09-19 14:54:10.781,42.01890497172276,1001
2024-09-19 14:54:10.844,420.2320018651456,104
2024-09-19 14:54:10.853,420.1360309488858,1004
2024-09-19 14:54:10.899,420.17969631197104,103
2024-09-19 14:54:10.899,420.2306148222252,96
2024-09-19 14:54:10.932,420.1497583116125,97
2024-09-19 14:54:11.080,420.243770004499,95
2024-09-19 14:54:11.103,420.2569296696351,1001
2024-09-19 14:54:11.115,420.24702333477137,99
2024-09-19 14:54:11.137,420.2693091642293,1001
2024-09-19 14:54:11.430,420.2685024764951,6
2024-09-19 14:54:11.537,420.24537982183006,995
2024-09-19 14:54:11.641,420.27331581394543,13
2024-09-19 14:54:11.776,420.244926819747,1005
2024-09-19 14:54:11.828,420.2300065005773,98
2024-09-19 14:54:12.564,420.2398897971676,1001
2024-09-19 14:54:12.583,420.2579428656124,997
2024-09-19 14:54:13.006,420.2897631637777,1005
2024-09-19 14:54:13.105,420.263419175941,998
2024-09-19 14:54:13.197,420.2885395654666,99
2024-09-19 14:54:13.215,420.26570038609646,1004
2024-09-19 14:54:13.216,420.3061811128368,98
2024-09-19 14:54:13.220,420.30065875734505,100
2024-09-19 14:54:13.456,420.2858475373301,98
2024-09-19 14:54:13.544,420.3152712667394,96
2024-09-19 14:54:13.678,420.290151919721,97
2024-09-19 14:54:13.708,420.3055479565036,13
2024-09-19 14:54:13.755,420.2997744648184,100
2024-09-19 14:54:13.879,420.3073738784863,13
2024-09-19 14:54:13.911,420.2952239164998,997
2024-09-19 14:54:13.932,420.31680388812,995
2024-09-19 14:54:13.934,420.2720724797843,104
2024-09-19 14:54:13.935,420.271277732766,97
2024-09-19 14:54:14.033,420.3069272748731,998
2024-09-19 14:54:14.264,420.27116759259246,95
2024-09-19 14:54:14.300,420.2891986368194,101
2024-09-19 14:54:14.320,420.3011689244784,9
2024-09-19 14:54:14.496,420.2965474449674,1002
2024-09-19 14:54:14.645,420.28688043194455,10
2024-09-19 14:54:14.934,420.2983365392236,99
2024-09-19 14:54:15.027,420.1650666309547,1004
2024-09-19 14:54:15.063,420.1768933392483,101
2024-09-19 14:54:15.137,420.1912203994111,104
2024-09-19 14:54:15.155,420.2526596116568,103
2024-09-19 14:54:15.279,420.18206342282485,996
2024-09-19 14:54:15.333,420.2482139691217,14
2024-09-19 14:54:15.456,415.6946152953608,995
2024-09-19 14:54:15.715,420.2135696906469,998
2024-09-19 14:54:15.799,420.2514601197373,1000
2024-09-19 14:54:15.857,420.278554612014,97
2024-09-19 14:54:15.872,420.2561250442807,1001
2024-09-19 14:54:15.941,420.1808054492092,96
2024-09-19 14:54:15.951,420.2521595791597,999
2024-09-19 14:54:16.094,420.1806670092534,13
2024-09-19 14:54:17.000,420.1580594075042,10
2024-09-19 14:54:17.021,420.1682698520533,998
2024-09-19 14:54:17.079,420.1733916533826,13
2024-09-19 14:54:17.093,420.1816719583773,100
2024-09-19 14:54:17.111,420.1932617694179,1004
2024-09-19 14:54:17.125,420.1703250557316,10
2024-09-19 14:54:17.139,420.1817963094828,9
2024-09-19 14:54:17.205,420.1560481807717,104
2024-09-19 14:54:17.351,415.785425352837,103
2024-09-19 14:54:17.509,-420.1809638814701,995
2024-09-19 14:54:17.595,420.1930579740469,104
2024-09-19 14:54:17.696,420.1817620320468,995
2024-09-19 14:54:17.764,420.1691102033184,95
2024-09-19 14:54:17.810,420.1797571044573,14
2024-09-19 14:54:18.716,420.1514295712527,5
2024-09-19 14:54:18.806,420.1482469055224,6
2024-09-19 14:54:19.368,420.1378282596471,13
2024-09-19 14:54:20.047,420.20367151020326,9
2024-09-19 14:54:20.053,420.2385731834323,13
2024-09-19 14:54:20.128,415.9006814676652,104
2024-09-19 14:54:20.291,420.2262245775472,102
2024-09-19 14:54:20.319,420.2269025271238,101
2024-09-19 14:54:20.341,420.2438768563028,12
2024-09-19 14:54:20.447,420.11838397954887,1003
2024-09-19 14:54:20.475,420.13397612417225,7
2024-09-19 14:54:20.511,420.19401215219466,95
2024-09-19 14:54:20.525,420.2023283759987,15
2024-09-19 14:54:20.543,420.1160263073278,1001
2024-09-19 14:54:20.605,420.2128206723285,95
2024-09-19 14:54:20.655,420.1548739670144,1001
2024-09-19 14:54:20.702,420.1923449379728,999
2024-09-19 14:54:20.739,420.2354654622085,996
2024-09-19 14:54:20.751,-420.19965500989855,999
2024-09-19 14:54:20.775,420.1786510277842,100
2024-09-19 14:54:20.808,420.21945785277,1002
2024-09-19 14:54:20.894,420.1978786973123,98
2024-09-19 14:54:20.896,420.2109781634418,8
2024-09-19 14:54:20.900,420.2209421154992,7
2024-09-19 14:54:20.925,420.2292681085707,15
2024-09-19 14:54:21.022,420.1998542231514,98
2024-09-19 14:54:21.123,420.2307773276151,1005
2024-09-19 14:54:21.125,420.2372677488034,101
2024-09-19 14:54:21.143,420.182487784062,1000
2024-09-19 14:54:21.150,420.1861830383688,101
2024-09-19 14:54:21.203,420.1895494582753,6
2024-09-19 14:54:21.211,420.23140500179977,998
2024-09-19 14:54:21.226,420.1696672261552,10
2024-09-19 14:54:21.240,420.2150490856177,7
2024-09-19 14:54:21.265,420.2037379940009,100
2024-09-19 14:54:21.327,420.1437740994971,995
2024-09-19 14:54:21.489,420.1939403661026,13
2024-09-19 14:54:21.635,420.1807871917239,9
2024-09-19 14:54:21.696,420.20499820133233,1004
2024-09-19 14:54:21.747,420.176825139271,1002
2024-09-19 14:54:21.755,420.23776626794654,97
2024-09-19 14:54:21.781,420.2352319914496,103
2024-09-19 14:54:21.879,420.226930431012,12
2024-09-19 14:54:21.951,420.2356414210356,7
2024-09-19 14:54:21.987,420.2208531933007,9
2024-09-19 14:54:22.023,420.1429507776874,7
2024-09-19 14:54:22.070,420.1342955336948,10
2024-09-19 14:54:22.109,420.1286749560791,15
2024-09-19 14:54:22.125,420.13584571882745,996
2024-09-19 14:54:22.151,420.1223756240621,1005
2024-09-19 14:54:22.194,420.1439496372405,99
2024-09-19 14:54:22.197,420.1737745603869,10
2024-09-19 14:54:22.256,420.1883380003557,104
2024-09-19 14:54:22.332,420.1200858958741,96
2024-09-19 14:54:22.401,420.1302422539593,5
2024-09-19 14:54:22.430,420.1285954369122,12
2024-09-19 14:54:22.440,420.1490807316992,1000
2024-09-19 14:54:22.513,420.1419497830408,997
2024-09-19 14:54:22.547,420.14412840532833,1005
2024-09-19 14:54:22.601,42.016981480133225,7
2024-09-19 14:54:22.622,420.1313298809279,10
2024-09-19 14:54:22.748,420.1493761909282,1002
2024-09-19 14:54:22.764,420.1518462053545,1005
2024-09-19 14:54:22.776,420.13261295627376,14
2024-09-19 14:54:22.812,420.1079937240364,104
2024-09-19 14:54:22.860,420.1478171494689,11
2024-09-19 14:54:22.883,420.1303819996872,9
2024-09-19 14:54:22.916,420.1517255797272,12
2024-09-19 14:54:22.916,420.1456736205353,997
2024-09-19 14:54:22.974,,10
2024-09-19 14:54:22.975,420.13441321823984,5
2024-09-19 14:54:22.979,420.14388769162514,5
2024-09-19 14:54:22.983,420.1318723900334,100
2024-09-19 14:54:24.599,420.1606787337591,998
2024-09-19 14:54:24.731,420.1460956586093,13
2024-09-19 14:54:24.855,420.1501682534432,98
2024-09-19 14:54:25.007,420.16804378716415,95
2024-09-19 14:54:25.032,420.1526980912009,13
2024-09-19 14:54:25.346,420.1635231885719,99
2024-09-19 14:54:25.471,420.1542856004911,95
2024-09-19 14:54:25.537,420.1460878613997,12
2024-09-19 14:54:25.579,420.1957557334654,13
2024-09-19 14:54:25.824,420.1846707651756,103
2024-09-19 14:54:25.875,420.187213035865,8
2024-09-19 14:54:25.966,420.1588887835773,105
2024-09-19 14:54:26.046,420.184737969151,99
2024-09-19 14:54:26.214,420.1482593586794,101
2024-09-19 14:54:26.252,420.2045982477664,995
2024-09-19 14:54:26.269,420.182967492087,7
2024-09-19 14:54:26.433,420.1899003765496,995
2024-09-19 14:54:26.486,420.172909204714,1001
2024-09-19 14:54:26.533,420.1587011930481,995
2024-09-19 14:54:26.614,420.1632619645228,8
2024-09-19 14:54:26.626,415.8829581780173,998
2024-09-19 14:54:26.679,420.1588188289987,97
2024-09-19 14:54:26.684,420.20208064450753,10
2024-09-19 14:54:26.780,420.20594082206674,97
2024-09-19 14:54:26.856,420.17741385112015,8
2024-09-19 14:54:26.857,420.1661274664739,101
2024-09-19 14:54:26.981,420.1811631906833,12
2024-09-19 14:54:27.001,420.1753259574918,14
2024-09-19 14:54:27.047,420.2078596398737,10
2024-09-19 14:54:27.074,420.2002349839964,7
2024-09-19 14:54:27.152,420.228146589625,95
2024-09-19 14:54:27.156,420.2054946100627,13
2024-09-19 14:54:27.158,420.17177224132456,104
2024-09-19 14:54:27.272,420.2034208562176,1001
2024-09-19 14:54:27.291,420.1646355374171,11
2024-09-19 14:54:27.325,420.1502026559009,8
2024-09-19 14:54:27.373,420.14637488688817,98
2024-09-19 14:54:27.563,420.2151292031936,9
2024-09-19 14:54:27.578,420.1585057749572,99
2024-09-19 14:54:27.606,420.2078510263442,11
2024-09-19 14:54:27.725,420.1634138681125,6
2024-09-19 14:54:27.798,420.1457991645978,10
2024-09-19 14:54:27.820,420.2108422310872,996
2024-09-19 14:54:27.821,420.2266419728719,14
2024-09-19 14:54:27.839,420.21371714973344,997
2024-09-19 14:54:27.893,420.2502045922636,997
2024-09-19 14:54:27.963,420.1765511541416,997
2024-09-19 14:54:28.024,420.18683541028656,7
2024-09-19 14:54:28.069,420.1680874036964,1000
2024-09-19 14:54:28.140,420.1766210437009,104
2024-09-19 14:54:28.149,420.17575134140657,15
2024-09-19 14:54:28.328,420.1355829414477,998
2024-09-19 14:54:28.365,420.1407888993276,1004
2024-09-19 14:54:28.437,420.1603309359824,995
2024-09-19 14:54:28.446,420.16140278433386,1004
2024-09-19 14:54:28.723,420.1631015657932,11
2024-09-19 14:54:28.786,420.19349428951926,101
2024-09-19 14:54:28.952,420.1504075426356,1000
2024-09-19 14:54:29.439,420.16749776229216,1004
2024-09-19 14:54:29.445,420.1513592100218,6
2024-09-19 14:54:29.452,420.1551141150076,1000
2024-09-19 14:54:29.607,420.1575888996992,13
2024-09-19 14:54:29.908,,8
2024-09-19 14:54:30.017,420.1923883813994,10
2024-09-19 14:54:30.215,420.1657613712698,15
2024-09-19 14:54:30.215,420.2026564132733,8
2024-09-19 14:54:30.271,420.1865940987991,1004
2024-09-19 14:54:30.379,420.21271881850873,15
2024-09-19 14:54:30.422,420.2075800690939,7
2024-09-19 14:54:30.479,420.21793892283193,998
2024-09-19 14:54:30.489,420.2150000743962,102
2024-09-19 14:54:30.549,420.2106174356108,996
2024-09-19 14:54:30.631,420.15814870811744,6
2024-09-19 14:54:30.706,-420.1967804786347,995
2024-09-19 14:54:30.734,420.2049826641408,997
2024-09-19 14:54:30.758,420.175016193234,100
2024-09-19 14:54:30.773,420.2066368550216,10
2024-09-19 14:54:30.785,420.18679219344745,1001
2024-09-19 14:54:30.809,420.2029983298176,8
2024-09-19 14:54:30.829,420.1693670861737,14
2024-09-19 14:54:30.840,420.1820247225732,14
2024-09-19 14:54:30.919,420.1867230648957,5
2024-09-19 14:54:30.998,420.1414541519136,101
2024-09-19 14:54:31.005,420.1739512542554,1001
2024-09-19 14:54:31.010,420.2368801659007,1003
2024-09-19 14:54:31.032,420.2095640021648,12
2024-09-19 14:54:31.096,420.23210850449897,5
2024-09-19 14:54:31.114,420.2261603505048,103
2024-09-19 14:54:31.115,420.1913495214125,97
2024-09-19 14:54:31.120,420.18228413433553,10
2024-09-19 14:54:31.125,420.2074334807476,6
2024-09-19 14:54:31.258,420.2556475307001,5
2024-09-19 14:54:31.301,420.1887691462,8
2024-09-19 14:54:31.310,420.1784987235458,997
2024-09-19 14:54:31.319,420.2157010148848,96
2024-09-19 14:54:31.344,420.2515329276304,8
2024-09-19 14:54:31.349,420.2496749196714,103
2024-09-19 14:54:31.418,420.18758394754553,11
2024-09-19 14:54:31.425,420.1728438083029,12
2024-09-19 14:54:31.436,420.202483761118,11
2024-09-19 14:54:31.470,420.1765041229871,14
2024-09-19 14:54:31.487,420.23152565161104,101
2024-09-19 14:54:31.488,420.1861757417082,100
2024-09-19 14:54:31.538,420.24930769105976,11
2024-09-19 14:54:31.726,420.2142195555434,102
2024-09-19 14:54:31.774,420.21774111049984,14
2024-09-19 14:54:31.779,420.1829945148099,14
2024-09-19 14:54:31.822,420.2515393560906,1002
2024-09-19 14:54:31.832,420.1882336148823,6
2024-09-19 14:54:31.861,42.020447810989246,15
2024-09-19 14:54:31.933,420.2121824596268,11
2024-09-19 14:54:31.933,420.2157950925524,103
2024-09-19 14:54:31.989,420.2248682531186,11
2024-09-19 14:54:32.075,420.16879641549656,999
2024-09-19 14:54:32.148,420.1396966547648,6
2024-09-19 14:54:33.085,420.1688701639137,100
2024-09-19 14:54:33.805,420.1525333310001,999
2024-09-19 14:54:34.003,420.1591883324752,995
2024-09-19 14:54:34.075,420.1296479559993,10
2024-09-19 14:54:34.160,420.0322648497472,1003
2024-09-19 14:54:34.294,420.0813824927588,99
2024-09-19 14:54:34.314,420.1058450723614,1005
2024-09-19 14:54:34.347,420.0050509384069,99
2024-09-19 14:54:34.348,415.9964372635848,13
2024-09-19 14:54:34.350,420.08035325470064,102
2024-09-19 14:54:34.403,420.1244150438265,1002
2024-09-19 14:54:34.422,420.1460157953428,1000
2024-09-19 14:54:34.448,420.07477977963225,15
2024-09-19 14:54:34.623,420.07674750344654,996
2024-09-19 14:54:34.647,420.0655828035867,95
2024-09-19 14:54:34.692,419.9982434294109,9
2024-09-19 14:54:34.796,420.0433362555303,996
2024-09-19 14:54:34.813,420.1505454537888,1003
2024-09-19 14:54:34.920,420.1672306980266,996
2024-09-19 14:54:34.933,420.07998743354767,1003
2024-09-19 14:54:34.960,420.15373196406256,14
2024-09-19 14:54:35.074,419.98819712777953,103
2024-09-19 14:54:35.106,419.9742093977202,15
2024-09-19 14:54:35.111,419.997537993814,96
2024-09-19 14:54:35.115,420.0074128319537,105
2024-09-19 14:54:35.119,420.0006378776078,1004
2024-09-19 14:54:35.190,419.989176451011,11
2024-09-19 14:54:35.267,419.9905005779021,998
2024-09-19 14:54:35.361,420.0070541009668,995
2024-09-19 14:54:35.395,419.9784922590785,15
2024-09-19 14:54:35.443,420.0150040328911,13
2024-09-19 14:54:35.535,41.99690025227081,100
2024-09-19 14:54:35.560,419.9764170384397,7
2024-09-19 14:54:35.605,420.0029082304901,1003
2024-09-19 14:54:35.610,419.96957738044927,102
2024-09-19 14:54:35.662,419.98488618416434,1002
2024-09-19 14:54:35.719,419.9951714708717,98
2024-09-19 14:54:35.784,419.9872080738258,103
2024-09-19 14:54:35.910,419.97357672498566,6
2024-09-19 14:54:35.930,420.001734230852,995
2024-09-19 14:54:35.943,420.015008840338,105
2024-09-19 14:54:35.977,420.00049927819833,101
2024-09-19 14:54:36.021,420.00359799085146,15
2024-09-19 14:54:36.050,419.9976306686856,11
2024-09-19 14:54:36.110,420.0063654883169,1002
2024-09-19 14:54:36.139,420.0173407646772,1002
2024-09-19 14:54:36.188,420.0178785786446,6
2024-09-19 14:54:36.192,420.01257386608654,100
2024-09-19 14:54:36.194,419.9926531488098,105
2024-09-19 14:54:36.290,420.00113899468863,998
2024-09-19 14:54:36.341,419.9962400642597,1002
2024-09-19 14:54:36.516,419.9948629520877,98
2024-09-19 14:54:36.533,419.9977150442285,13
2024-09-19 14:54:36.635,420.00162764271386,1000
2024-09-19 14:54:36.651,420.0303493633916,9
2024-09-19 14:54:36.689,420.0036832071651,1003
2024-09-19 14:54:36.801,420.0050502430258,1000
2024-09-19 14:54:36.838,419.99184513322245,996
2024-09-19 14:54:36.853,419.9937138163706,996
2024-09-19 14:54:36.956,420.0140673605021,6
2024-09-19 14:54:36.958,419.9965046923412,1005
2024-09-19 14:54:37.189,419.9888600105649,105
2024-09-19 14:54:37.420,419.99342034715744,7
2024-09-19 14:54:37.582,419.9770478272281,1005
2024-09-19 14:54:38.003,419.94985607821377,1003
2024-09-19 14:54:38.055,420.02400184189815,99
2024-09-19 14:54:38.115,420.0176581333634,13
2024-09-19 14:54:38.170,420.0196851841496,1002
2024-09-19 14:54:38.182,419.9595703115714,6
2024-09-19 14:54:38.387,419.9644012696713,101
2024-09-19 14:54:38.399,419.9610755537826,999
2024-09-19 14:54:38.422,420.01306686434106,100
2024-09-19 14:54:38.435,419.9680274031746,996
2024-09-19 14:54:38.437,419.9775635384897,8
2024-09-19 14:54:38.486,41.99917364238749,105
2024-09-19 14:54:38.535,419.9707362908242,1004
2024-09-19 14:54:38.572,420.0404157219948,97
2024-09-19 14:54:38.598,420.0195253465081,105
2024-09-19 14:54:38.754,419.9945793575268,97
2024-09-19 14:54:38.784,419.9960560814508,5
2024-09-19 14:54:38.900,419.98510708236535,105
2024-09-19 14:54:38.966,419.9936152150621,9
2024-09-19 14:54:39.129,419.9900605043259,997
2024-09-19 14:54:39.151,419.9467716914089,95
2024-09-19 14:54:39.333,419.975614024971,9
2024-09-19 14:54:39.339,419.9636859915309,100
2024-09-19 14:54:39.388,420.0089207694165,13
2024-09-19 14:54:39.400,419.9965099924668,1005
2024-09-19 14:54:39.451,419.9473302121152,9
2024-09-19 14:54:39.582,419.9560550784057,98
2024-09-19 14:54:39.649,419.9894717256463,10
2024-09-19 14:54:39.676,419.9763363967861,102
2024-09-19 14:54:39.792,419.9854541963347,1003
2024-09-19 14:54:39.954,419.9711633519168,98
2024-09-19 14:54:39.990,420.001584682591,7
2024-09-19 14:54:40.683,-419.9515217510162,105
2024-09-19 14:54:40.702,419.9715402360336,14
2024-09-19 14:54:41.183,419.9836935832863,97
2024-09-19 14:54:41.283,,1001
2024-09-19 14:54:41.471,419.9708423748292,105
2024-09-19 14:54:41.590,419.99108663761433,105
2024-09-19 14:54:41.592,419.99086910693353,997
2024-09-19 14:54:41.861,419.99397711082383,9
2024-09-19 14:54:41.962,,1005
2024-09-19 14:54:42.000,419.9845777741843,999
2024-09-19 14:54:42.116,419.9335838631603,13
2024-09-19 14:54:42.157,419.9251039458856,100
2024-09-19 14:54:42.218,419.9809196365931,1004
2024-09-19 14:54:42.219,419.9743952335316,104
2024-09-19 14:54:42.353,419.97739619192737,96
2024-09-19 14:54:42.382,419.96824828685214,1004
2024-09-19 14:54:42.443,419.9515168111458,12
2024-09-19 14:54:42.456,419.9753577117999,96
2024-09-19 14:54:42.467,419.9768320077426,11
2024-09-19 14:54:42.475,419.9483307624682,102
2024-09-19 14:54:42.493,419.943760667849,11
2024-09-19 14:54:42.623,419.98157251561673,996
2024-09-19 14:54:42.650,419.9791565820337,100
2024-09-19 14:54:42.810,419.9791404776371,1004
2024-09-19 14:54:42.913,419.965041413622,14
2024-09-19 14:54:42.956,419.9664566518779,6
2024-09-19 14:54:42.999,419.9346682591212,1003
2024-09-19 14:54:43.045,419.9621015075592,1004
2024-09-19 14:54:43.120,419.9546843410784,10
2024-09-19 14:54:43.123,419.8934524703554,6
2024-09-19 14:54:43.148,419.9606169513788,102
2024-09-19 14:54:43.148,419.95499737522266,999
2024-09-19 14:54:43.153,419.9434636332845,97
2024-09-19 14:54:43.275,419.94804806159794,11
2024-09-19 14:54:43.283,419.94549560880256,12
2024-09-19 14:54:43.292,419.9651412668839,11
2024-09-19 14:54:43.292,419.93125888164303,104
2024-09-19 14:54:43.299,419.959947617622,5
2024-09-19 14:54:43.430,419.9303694610512,1005
2024-09-19 14:54:43.434,419.9749114532687,1001
2024-09-19 14:54:43.517,419.955700379663,10
2024-09-19 14:54:43.591,419.9256844486691,100
2024-09-19 14:54:43.604,419.96138737027206,96
2024-09-19 14:54:43.633,419.9236566483417,8
2024-09-19 14:54:43.685,419.89219888220896,11
2024-09-19 14:54:43.687,419.9152820294789,1002
2024-09-19 14:54:43.740,419.9364386380286,1000
2024-09-19 14:54:43.813,419.9700509223494,996
2024-09-19 14:54:43.826,419.8966437036222,1002
2024-09-19 14:54:43.936,419.9642349319808,1002
2024-09-19 14:54:43.968,419.90170611963816,6
2024-09-19 14:54:44.028,419.9055910310145,103
2024-09-19 14:54:44.040,-419.9045704640818,8
2024-09-19 14:54:44.095,419.9070228551637,14
2024-09-19 14:54:44.120,-419.9065169556862,7
2024-09-19 14:54:44.125,419.921236822625,98
2024-09-19 14:54:44.150,419.892467762082,1000
2024-09-19 14:54:44.155,419.8772085055196,999
2024-09-19 14:54:44.222,419.9190466056398,996
2024-09-19 14:54:44.255,419.8996085146441,5
2024-09-19 14:54:44.292,419.890524994602,12
2024-09-19 14:54:44.339,419.8941548066812,100
2024-09-19 14:54:44.357,419.8990023623512,1002
2024-09-19 14:54:44.510,419.90789002838926,13
2024-09-19 14:54:44.638,419.895865776824,96
2024-09-19 14:54:44.649,419.9202043138257,10
2024-09-19 14:54:44.771,419.8944802340637,997
2024-09-19 14:54:44.859,419.9151680994792,10
2024-09-19 14:54:44.914,419.90851781951153,997
2024-09-19 14:54:45.011,420.0134582370024,997
2024-09-19 14:54:45.022,419.9645340713535,97
2024-09-19 14:54:45.052,419.9383115609043,997
2024-09-19 14:54:45.068,419.960486187336,103
2024-09-19 14:54:45.108,419.9358040361076,6
2024-09-19 14:54:45.148,419.9633581396786,1004
2024-09-19 14:54:45.178,419.9636155475513,1001
2024-09-19 14:54:45.194,419.9898702311659,12
2024-09-19 14:54:45.246,419.9221150941437,8
2024-09-19 14:54:45.283,419.9675064817378,13
2024-09-19 14:54:45.304,419.95033864129937,1005
2024-09-19 14:54:45.338,,997
2024-09-19 14:54:45.366,420.06092151484455,7
2024-09-19 14:54:45.366,419.9526134916628,6
2024-09-19 14:54:45.408,420.0256255766868,104
2024-09-19 14:54:45.505,419.950533048438,15
2024-09-19 14:54:45.600,419.95199002917,15
2024-09-19 14:54:45.675,419.9840141099436,101
2024-09-19 14:54:45.725,420.0447898590109,99
2024-09-19 14:54:45.730,420.038797532785,1004
2024-09-19 14:54:45.785,420.0106671446023,999
2024-09-19 14:54:47.008,420.1091620010369,998
2024-09-19 14:54:47.009,420.0767527403111,999
2024-09-19 14:54:47.121,420.061349089209,7
2024-09-19 14:54:47.157,420.10111645647896,996
2024-09-19 14:54:47.170,420.0571951686386,103
2024-09-19 14:54:47.200,420.08538533043327,101
2024-09-19 14:54:47.200,420.0267107278588,995
2024-09-19 14:54:47.232,420.0958386751934,9
2024-09-19 14:54:47.256,420.0587365071831,1000
2024-09-19 14:54:47.305,420.1000641871824,97
2024-09-19 14:54:47.306,420.11436749205257,12
2024-09-19 14:54:47.399,420.11017516474266,101
2024-09-19 14:54:47.403,420.0868273633986,9
2024-09-19 14:54:47.408,420.1057113804311,97
2024-09-19 14:54:47.483,420.0908028881075,1001
2024-09-19 14:54:47.525,420.07736028790185,100
2024-09-19 14:54:47.752,420.08807540260847,8
2024-09-19 14:54:47.756,420.0812981076455,104
2024-09-19 14:54:47.774,420.0927094341001,8
2024-09-19 14:54:47.796,420.1099437536273,13
2024-09-19 14:54:47.829,420.0672310314452,13
2024-09-19 14:54:47.830,420.1007464440036,105
2024-09-19 14:54:47.862,420.0937330309492,1002
2024-09-19 14:54:47.891,420.1172260216613,96
2024-09-19 14:54:47.928,420.1028030003206,1000
2024-09-19 14:54:48.121,420.1383702718496,8
2024-09-19 14:54:48.145,420.12304072318807,1001
2024-09-19 14:54:48.164,420.1054411446456,6
2024-09-19 14:54:48.227,420.0763450993472,1001
2024-09-19 14:54:48.228,420.1291052162513,1000
2024-09-19 14:54:48.342,420.1477449766238,1002
2024-09-19 14:54:48.372,420.1390082024362,1003
2024-09-19 14:54:48.373,420.140633393782,5
2024-09-19 14:54:48.392,420.08380706767286,995
2024-09-19 14:54:48.405,420.1369676347969,1002
2024-09-19 14:54:48.413,420.1293954922445,15
2024-09-19 14:54:48.738,420.0628832458817,103
2024-09-19 14:54:48.793,420.10428350172526,103
2024-09-19 14:54:48.812,420.1388037133154,99
2024-09-19 14:54:48.838,420.09667744400855,102
2024-09-19 14:54:48.859,420.06906481550897,996
2024-09-19 14:54:48.866,420.1319150393256,7
2024-09-19 14:54:48.870,420.117335213176,105
2024-09-19 14:54:48.906,420.117556587373,102
2024-09-19 14:54:48.952,420.1470918547436,998
2024-09-19 14:54:48.989,420.1410045812448,12
2024-09-19 14:54:49.043,420.1438845062883,13
2024-09-19 14:54:49.052,420.1611364047582,95
2024-09-19 14:54:49.190,420.13207665463966,998
2024-09-19 14:54:49.299,420.1261217338097,999
2024-09-19 14:54:49.325,420.1337358458675,96
2024-09-19 14:54:49.383,420.1449258134568,101
2024-09-19 14:54:49.410,420.1550119704169,1000
2024-09-19 14:54:49.413,420.15610173792896,13
2024-09-19 14:54:49.461,420.1508413944417,104
2024-09-19 14:54:49.479,420.1317899953884,1001
2024-09-19 14:54:49.562,420.169958952751,1000
2024-09-19 14:54:49.744,420.1437309644217,97
2024-09-19 14:54:49.825,420.1359493763797,1000
2024-09-19 14:54:49.984,420.16712472511904,105
2024-09-19 14:54:50.108,420.1389117431913,98
2024-09-19 14:54:50.158,420.1583435254592,104
2024-09-19 14:54:50.172,420.1634941640136,12
2024-09-19 14:54:50.512,420.1593147566949,8
2024-09-19 14:54:50.576,420.1413205870909,103
2024-09-19 14:54:50.761,420.1543254395408,6
2024-09-19 14:54:50.810,420.1465260439435,995
2024-09-19 14:54:50.816,420.1361792008106,95
2024-09-19 14:54:50.837,420.135074122876,10
2024-09-19 14:54:50.906,420.1473026341295,9
2024-09-19 14:54:51.401,420.18538511400135,995
2024-09-19 14:54:51.419,420.1914139113214,98
2024-09-19 14:54:51.660,420.2111283477027,1001
2024-09-19 14:54:51.823,420.2103668695914,1004
2024-09-19 14:54:51.900,420.1904762415101,103
2024-09-19 14:54:51.905,420.1802064835268,1003
2024-09-19 14:54:51.968,420.2200108495333,15
2024-09-19 14:54:51.992,420.17362004163033,999
2024-09-19 14:54:52.372,,13
2024-09-19 14:54:52.569,420.20462411611607,12
2024-09-19 14:54:53.082,420.1481005395487,6
2024-09-19 14:54:53.174,420.1842795296931,95
2024-09-19 14:54:53.174,420.1400561043444,95
2024-09-19 14:54:53.180,420.1396862407091,5
2024-09-19 14:54:53.239,420.13199229352585,6
2024-09-19 14:54:53.253,420.1618799925225,1000
2024-09-19 14:54:53.296,420.1385943480242,101
2024-09-19 14:54:53.312,420.1358725018527,12
2024-09-19 14:54:53.533,420.1226574144349,998
2024-09-19 14:54:53.541,420.199888785325,13
2024-09-19 14:54:53.624,420.17997266447577,1005
2024-09-19 14:54:53.766,420.1377597360685,9
2024-09-19 14:54:53.799,420.1927724435005,11
2024-09-19 14:54:53.811,420.15047400550975,96
2024-09-19 14:54:53.876,420.1356812578484,100
2024-09-19 14:54:53.960,420.1496109328296,105
2024-09-19 14:54:54.034,42.013677093021805,105
2024-09-19 14:54:54.053,420.1293489090956,10
2024-09-19 14:54:54.056,420.1734104387911,103
2024-09-19 14:54:54.104,420.1889832495864,6
2024-09-19 14:54:54.146,420.149809166905,1004
2024-09-19 14:54:54.237,420.1543054201397,103
2024-09-19 14:54:54.276,420.20201652637945,95
2024-09-19 14:54:54.306,420.17159059482,14
2024-09-19 14:54:54.339,420.1716844022256,998
2024-09-19 14:54:54.377,420.1607070602806,105
2024-09-19 14:54:54.404,420.1641778025559,9
2024-09-19 14:54:54.464,420.13287805737855,1002
2024-09-19 14:54:54.519,420.17576627477183,13
2024-09-19 14:54:54.733,420.1289312076452,102
2024-09-19 14:54:54.863,420.1594664600497,15
2024-09-19 14:54:54.869,420.178217205435,95
2024-09-19 14:54:54.920,420.1342070347924,11
2024-09-19 14:54:54.959,420.1644857312401,103
2024-09-19 14:54:55.073,420.1413992972041,13
2024-09-19 14:54:55.116,420.1275855246543,100
2024-09-19 14:54:55.118,420.1964513236884,105
2024-09-19 14:54:55.155,420.17939712771886,997
2024-09-19 14:54:55.297,420.1800127746744,995
2024-09-19 14:54:55.447,420.17350902897886,1005
2024-09-19 14:54:55.543,420.17089739279567,99
2024-09-19 14:54:55.555,420.1378795595283,1000
2024-09-19 14:54:55.572,420.17115372685913,1001
2024-09-19 14:54:55.606,420.14358545090624,103
2024-09-19 14:54:55.627,420.1871772675072,105
2024-09-19 14:54:55.662,420.1467284302244,995
2024-09-19 14:54:55.831,420.19794469607336,98
2024-09-19 14:54:55.912,420.134664449922,1000
2024-09-19 14:54:55.942,420.1867827619124,11
2024-09-19 14:54:56.145,,8
2024-09-19 14:54:56.151,420.2504733018976,14
2024-09-19 14:54:56.189,420.2417969662271,95
2024-09-19 14:54:56.277,420.2342734774024,996
2024-09-19 14:54:56.288,420.2202889218623,100
2024-09-19 14:54:56.393,420.2550368498788,995
2024-09-19 14:54:56.405,420.2110977133334,1001
2024-09-19 14:54:56.539,420.2015044065054,99
2024-09-19 14:54:56.585,420.19886344299726,12
2024-09-19 14:54:56.605,420.2055021766516,14
2024-09-19 14:54:56.712,420.21764028639313,13
2024-09-19 14:54:56.856,420.2343842303932,996
2024-09-19 14:54:56.861,420.23465393239496,5
2024-09-19 14:54:56.981,420.2008140370386,999
2024-09-19 14:54:56.989,420.2152124021986,995
2024-09-19 14:54:57.034,420.2753888485664,8
2024-09-19 14:54:57.055,420.3204121046474,96
2024-09-19 14:54:57.144,420.3427873494112,102
2024-09-19 14:54:57.150,420.31479440471895,97
2024-09-19 14:54:57.186,420.3485800368108,13
2024-09-19 14:54:57.248,420.2540363102708,999
2024-09-19 14:54:57.271,420.3281049922932,995
2024-09-19 14:54:57.276,420.3076864965073,999
2024-09-19 14:54:57.310,420.3338623607653,100
2024-09-19 14:54:57.330,420.2737191707143,14
2024-09-19 14:54:57.411,420.34008890354505,1004
2024-09-19 14:54:57.413,420.3201418673159,13
2024-09-19 14:54:57.449,420.3461078407065,97
2024-09-19 14:54:57.454,-420.2612949653817,103
2024-09-19 14:54:57.583,420.32289519467537,1001
2024-09-19 14:54:57.658,420.3261776422797,10
2024-09-19 14:54:57.673,420.3066442221165,999
2024-09-19 14:54:57.759,420.30110519389086,1000
2024-09-19 14:54:57.760,420.3494487250372,8
2024-09-19 14:54:57.783,420.3015702570797,1005
2024-09-19 14:54:57.790,420.23403063198,5
2024-09-19 14:54:57.791,420.3163052959806,101
2024-09-19 14:54:57.814,420.28281414114906,7
2024-09-19 14:54:57.860,420.3029222009176,13
2024-09-19 14:54:57.878,420.35246580187953,101
2024-09-19 14:54:57.951,420.3481067364517,8
2024-09-19 14:54:57.961,420.31675322909246,6
2024-09-19 14:54:58.374,420.33145008040407,100
2024-09-19 14:54:58.630,-420.33111188030176,1004
2024-09-19 14:54:59.049,420.2869890759634,8
2024-09-19 14:54:59.089,420.314729614862,1004
2024-09-19 14:54:59.161,420.3450375233572,1003
2024-09-19 14:54:59.173,420.2690062913451,12
2024-09-19 14:54:59.197,420.3162501898358,10
2024-09-19 14:54:59.198,420.2829365806508,15
2024-09-19 14:54:59.200,420.2850834110007,101
2024-09-19 14:54:59.229,420.2873678877206,1005
2024-09-19 14:54:59.253,420.3204719730627,1003
2024-09-19 14:54:59.311,420.3216235934763,998
2024-09-19 14:54:59.321,420.32531972556126,95
2024-09-19 14:54:59.667,420.2804144526108,1002
2024-09-19 14:54:59.739,420.2947603166028,96
2024-09-19 14:54:59.739,420.307690523677,100
2024-09-19 14:54:59.769,420.30775212189855,6
2024-09-19 14:54:59.824,420.31510740674224,95
2024-09-19 14:54:59.829,42.02933832675858,13
