Timestamp,Price,Size
2024-09-16 10:17:01.261,417.89083176064986,103
2024-09-16 10:17:01.309,417.8797584012215,12
2024-09-16 10:17:01.326,417.77074329305736,102
2024-09-16 10:17:01.376,417.8781217560505,104
2024-09-16 10:17:01.519,417.8919814897839,99
2024-09-16 10:17:01.569,417.7639088526044,1005
2024-09-16 10:17:01.599,417.864289579328,996
2024-09-16 10:17:01.644,417.8087307372724,10
2024-09-16 10:17:01.666,417.8314925048954,11
2024-09-16 10:17:01.677,417.87517849815646,8
2024-09-16 10:17:01.723,417.818391678417,105
2024-09-16 10:17:01.780,417.80475728469474,998
2024-09-16 10:17:01.889,417.88832995021465,10
2024-09-16 10:17:01.920,41.78514490391733,10
2024-09-16 10:17:01.942,417.87245393799344,996
2024-09-16 10:17:01.957,417.8857052073717,1001
2024-09-16 10:17:01.974,417.8585162820853,96
2024-09-16 10:17:01.997,417.796471877614,12
2024-09-16 10:17:02.008,417.8120314274357,14
2024-09-16 10:17:02.064,417.81421414658615,1005
2024-09-16 10:17:02.073,417.80181153074807,9
2024-09-16 10:17:02.087,417.7984146364652,95
2024-09-16 10:17:02.109,417.8045875344167,96
2024-09-16 10:17:02.134,417.7856269213861,998
2024-09-16 10:17:02.155,417.7604691591476,1004
2024-09-16 10:17:02.185,417.8131505299186,14
2024-09-16 10:17:02.227,417.79637963648526,98
2024-09-16 10:17:02.233,417.75423836132734,7
2024-09-16 10:17:02.261,417.81003145327634,103
2024-09-16 10:17:02.420,417.77165505972937,998
2024-09-16 10:17:02.429,417.7918422817861,996
2024-09-16 10:17:02.467,417.80030672952427,14
2024-09-16 10:17:02.510,417.819538863072,996
2024-09-16 10:17:02.548,417.75674838523713,14
2024-09-16 10:17:02.594,417.8039751358767,1004
2024-09-16 10:17:02.601,,13
2024-09-16 10:17:02.621,417.7965896564216,1002
2024-09-16 10:17:02.634,417.7818772690533,1001
2024-09-16 10:17:02.695,417.8056642376248,1002
2024-09-16 10:17:02.732,417.7398283825607,8
2024-09-16 10:17:02.750,417.814620152879,100
2024-09-16 10:17:02.750,417.82248423519445,12
2024-09-16 10:17:02.797,417.8150327215644,12
2024-09-16 10:17:02.817,417.81019215197045,999
2024-09-16 10:17:02.862,417.7882702159147,15
2024-09-16 10:17:02.873,417.8097926464473,998
2024-09-16 10:17:02.964,417.7758303997811,102
2024-09-16 10:17:02.974,417.814079739437,1005
2024-09-16 10:17:03.101,417.737599517799,99
2024-09-16 10:17:03.301,417.7922608423373,104
2024-09-16 10:17:03.309,417.7723960296318,1005
2024-09-16 10:17:03.326,417.7742898110254,10
2024-09-16 10:17:03.346,417.7772285480647,15
2024-09-16 10:17:03.398,417.79238499187534,998
2024-09-16 10:17:03.548,417.7482520775888,95
2024-09-16 10:17:03.607,417.78102205903485,12
2024-09-16 10:17:03.645,417.81306908150464,1003
2024-09-16 10:17:03.683,417.765044043171,997
2024-09-16 10:17:03.718,417.80198828126055,999
2024-09-16 10:17:03.739,417.7434680311785,1002
2024-09-16 10:17:03.825,417.8103426607478,996
2024-09-16 10:17:03.905,417.787671546385,996
2024-09-16 10:17:03.980,417.7688480756218,95
2024-09-16 10:17:04.009,417.8192707348298,100
2024-09-16 10:17:04.130,417.815138477573,14
2024-09-16 10:17:04.233,417.8004211525033,7
2024-09-16 10:17:04.257,417.83191967931737,104
2024-09-16 10:17:04.294,417.78769173423393,11
2024-09-16 10:17:04.315,417.8088146936237,998
2024-09-16 10:17:04.389,417.8304642214681,1002
2024-09-16 10:17:04.425,417.82017012556656,100
2024-09-16 10:17:04.552,417.8241633464384,99
2024-09-16 10:17:04.559,417.8372723528953,8
2024-09-16 10:17:04.663,417.8303488229729,10
2024-09-16 10:17:04.845,417.83182402534055,1004
2024-09-16 10:17:04.973,417.7726721688355,1000
2024-09-16 10:17:05.024,417.71175878155503,11
2024-09-16 10:17:05.035,41.77440764720866,104
2024-09-16 10:17:05.171,417.71934553610345,102
2024-09-16 10:17:05.189,417.8107065622606,1003
2024-09-16 10:17:05.193,417.7106316905696,15
2024-09-16 10:17:05.242,417.7194817698232,98
2024-09-16 10:17:05.253,417.7331210829963,104
2024-09-16 10:17:05.417,417.80639170243785,103
2024-09-16 10:17:05.427,417.7043168485027,9
2024-09-16 10:17:05.457,417.7074750414242,96
2024-09-16 10:17:05.489,417.7135773189259,104
2024-09-16 10:17:05.596,417.7324829003903,1005
2024-09-16 10:17:05.675,417.7017918298318,997
2024-09-16 10:17:05.677,417.7301115431814,14
2024-09-16 10:17:05.763,417.6950084721845,5
2024-09-16 10:17:05.832,417.7410985695693,10
2024-09-16 10:17:05.841,417.73351231271766,997
2024-09-16 10:17:05.855,417.6997435332053,1001
2024-09-16 10:17:05.949,417.7288276993364,15
2024-09-16 10:17:05.985,417.7687377688841,6
2024-09-16 10:17:06.143,417.7323750869623,97
2024-09-16 10:17:06.163,417.734560038626,996
2024-09-16 10:17:06.341,417.7700094618635,96
2024-09-16 10:17:06.365,417.7473466845561,5
2024-09-16 10:17:06.442,417.7284558662777,5
2024-09-16 10:17:06.477,417.7180080605168,14
2024-09-16 10:17:06.479,417.73241557355664,95
2024-09-16 10:17:06.546,417.7290234471224,5
2024-09-16 10:17:06.700,417.72331458413936,14
2024-09-16 10:17:06.734,417.7329927974621,14
2024-09-16 10:17:06.894,417.74056432293264,103
2024-09-16 10:17:06.942,417.740129475117,100
2024-09-16 10:17:06.955,,7
2024-09-16 10:17:06.989,417.73281632939694,98
2024-09-16 10:17:06.993,417.7474597146452,15
2024-09-16 10:17:07.580,417.74002545680446,101
2024-09-16 10:17:07.685,417.7343982439354,1002
2024-09-16 10:17:07.983,417.7322503802086,997
2024-09-16 10:17:07.995,417.7314110210588,103
2024-09-16 10:17:08.100,417.6941945426957,1004
2024-09-16 10:17:08.141,417.70616199990405,996
2024-09-16 10:17:08.370,417.6655047447146,1000
2024-09-16 10:17:08.383,417.6629892002982,99
2024-09-16 10:17:08.539,417.6640670602999,12
2024-09-16 10:17:08.787,417.6753928814809,7
2024-09-16 10:17:08.858,417.7274009693854,102
2024-09-16 10:17:08.972,417.67660831524927,12
2024-09-16 10:17:09.135,417.6432156813207,996
2024-09-16 10:17:09.150,417.6894802020347,1000
2024-09-16 10:17:09.195,417.7051508767442,1000
2024-09-16 10:17:09.200,417.6443069450356,998
2024-09-16 10:17:09.228,417.7144738909532,15
2024-09-16 10:17:09.252,417.6448253080314,97
2024-09-16 10:17:09.261,417.65830023255154,999
2024-09-16 10:17:09.264,417.71799360041217,105
2024-09-16 10:17:09.316,-417.66620141702055,8
2024-09-16 10:17:09.331,417.6736140847693,996
2024-09-16 10:17:09.335,417.6861084687498,15
2024-09-16 10:17:09.342,417.6353385080828,998
2024-09-16 10:17:09.520,417.70390111365015,6
2024-09-16 10:17:09.561,417.6836591734018,8
2024-09-16 10:17:09.582,417.63930382277937,97
2024-09-16 10:17:09.587,417.6877882333847,102
2024-09-16 10:17:09.592,417.6889554696639,997
2024-09-16 10:17:09.640,417.64887266941776,98
2024-09-16 10:17:09.678,417.6860204528797,1001
2024-09-16 10:17:09.700,417.6734330401157,12
2024-09-16 10:17:09.789,417.6374286241212,15
2024-09-16 10:17:09.887,417.66275655395856,995
2024-09-16 10:17:09.892,417.6838386597067,9
2024-09-16 10:17:09.929,417.7093965934742,10
2024-09-16 10:17:09.986,417.6977181376442,96
2024-09-16 10:17:10.042,417.7514781557186,12
2024-09-16 10:17:10.120,417.7500182049397,15
2024-09-16 10:17:10.129,417.758762280173,103
2024-09-16 10:17:10.188,417.8114660180021,11
2024-09-16 10:17:10.231,417.7110389120612,1001
2024-09-16 10:17:10.238,417.801652354581,5
2024-09-16 10:17:10.238,417.73950662059633,1002
2024-09-16 10:17:10.264,417.7249882353972,1005
2024-09-16 10:17:10.314,417.793097655796,13
2024-09-16 10:17:10.371,417.7372100311771,98
2024-09-16 10:17:10.406,417.8127246417497,103
2024-09-16 10:17:10.440,417.7610912802083,6
2024-09-16 10:17:10.449,417.75783760553225,6
2024-09-16 10:17:10.460,417.7117878497338,99
2024-09-16 10:17:10.482,417.7062354625499,995
2024-09-16 10:17:10.622,417.78566830517553,996
2024-09-16 10:17:10.645,417.7986310345981,8
2024-09-16 10:17:10.647,417.8107128446171,996
2024-09-16 10:17:10.661,-417.7683688402575,95
2024-09-16 10:17:10.689,417.7481476119309,5
2024-09-16 10:17:10.696,417.80988273640907,100
2024-09-16 10:17:10.719,417.8206924489369,1003
2024-09-16 10:17:10.796,417.7509770720627,11
2024-09-16 10:17:10.825,417.7447686716292,9
2024-09-16 10:17:10.896,417.79722971192825,1005
2024-09-16 10:17:10.923,417.8265714510815,104
2024-09-16 10:17:10.938,417.7979147461174,95
2024-09-16 10:17:10.940,417.7666119022244,99
2024-09-16 10:17:10.980,417.78849580783714,1003
2024-09-16 10:17:11.007,417.8358144119571,7
2024-09-16 10:17:11.037,417.9195894803414,97
2024-09-16 10:17:11.081,417.9103751993891,1002
2024-09-16 10:17:11.090,417.86911986008175,995
2024-09-16 10:17:11.163,417.8795026570877,11
2024-09-16 10:17:11.199,417.8708301793113,103
2024-09-16 10:17:11.200,417.91918506708095,1005
2024-09-16 10:17:11.254,417.9195550975483,999
2024-09-16 10:17:11.256,417.83072776190113,103
2024-09-16 10:17:11.284,417.8820843453236,998
2024-09-16 10:17:11.333,417.9310923621034,1001
2024-09-16 10:17:11.365,417.8921774182984,8
2024-09-16 10:17:11.471,417.8577406504141,11
2024-09-16 10:17:11.489,417.833010359166,99
2024-09-16 10:17:11.494,417.83531265613846,999
2024-09-16 10:17:11.562,417.86095953797735,10
2024-09-16 10:17:11.583,417.8032405029631,1005
2024-09-16 10:17:11.675,417.9574867738701,102
2024-09-16 10:17:11.679,417.9597002872583,998
2024-09-16 10:17:11.700,418.0037603244813,1005
2024-09-16 10:17:11.747,417.8960021569361,1004
2024-09-16 10:17:11.778,417.8423852062826,997
2024-09-16 10:17:11.780,417.9689062509042,998
2024-09-16 10:17:11.791,417.99399207574993,8
2024-09-16 10:17:11.798,417.8828543312813,6
2024-09-16 10:17:11.819,417.9696728630694,10
2024-09-16 10:17:11.895,417.9058936517921,1001
2024-09-16 10:17:12.230,417.9897284927314,1000
2024-09-16 10:17:13.077,417.9910201439337,1002
2024-09-16 10:17:13.125,417.9093483997394,1003
2024-09-16 10:17:13.233,417.9418997865115,999
2024-09-16 10:17:13.350,418.0059248228112,102
2024-09-16 10:17:13.355,417.9412409193608,1002
2024-09-16 10:17:13.387,417.9236758240343,10
2024-09-16 10:17:13.484,417.9357008285473,995
2024-09-16 10:17:13.518,417.9168029884141,100
2024-09-16 10:17:13.583,417.9878981445372,98
2024-09-16 10:17:13.651,417.99566639708814,103
2024-09-16 10:17:13.695,,97
2024-09-16 10:17:13.744,417.92800665009565,995
2024-09-16 10:17:13.819,417.99053995867513,995
2024-09-16 10:17:13.822,417.92811805403016,13
2024-09-16 10:17:13.906,417.91493800605,15
2024-09-16 10:17:13.980,417.9380334151291,5
2024-09-16 10:17:13.993,417.9787791121962,1005
2024-09-16 10:17:14.386,417.9396585735076,1002
2024-09-16 10:17:14.388,417.928607492267,6
2024-09-16 10:17:14.446,417.9198254704994,102
2024-09-16 10:17:14.479,417.94142603256194,1001
2024-09-16 10:17:14.587,417.9145465594814,1000
2024-09-16 10:17:15.130,417.92185331075984,102
2024-09-16 10:17:15.153,417.9335673519129,13
2024-09-16 10:17:15.160,417.9519786961092,12
2024-09-16 10:17:15.194,417.891313966679,97
2024-09-16 10:17:15.232,417.9222819343423,96
2024-09-16 10:17:15.236,417.8883767897972,10
2024-09-16 10:17:15.243,417.9475159258943,97
2024-09-16 10:17:15.243,417.9166431678895,105
2024-09-16 10:17:15.253,417.955029538718,97
2024-09-16 10:17:15.293,417.92705923224105,97
2024-09-16 10:17:15.365,417.8795446640561,1002
2024-09-16 10:17:15.424,417.9354717995973,14
2024-09-16 10:17:15.477,417.94530262494976,995
2024-09-16 10:17:15.483,417.9348553325405,95
2024-09-16 10:17:15.488,417.9045030589388,6
2024-09-16 10:17:15.545,417.909358430116,104
2024-09-16 10:17:15.589,417.89669360419566,1005
2024-09-16 10:17:15.590,417.9116548848922,1000
2024-09-16 10:17:15.592,417.8924780843597,9
2024-09-16 10:17:15.619,417.90907409902405,12
2024-09-16 10:17:15.653,417.8872328774875,1002
2024-09-16 10:17:15.743,417.9393169040319,105
2024-09-16 10:17:15.806,417.8973665270882,9
2024-09-16 10:17:15.829,417.91535562673016,5
2024-09-16 10:17:15.831,417.9378942110949,95
2024-09-16 10:17:15.861,417.91385136854177,103
2024-09-16 10:17:15.907,417.9292198602285,8
2024-09-16 10:17:15.907,417.8950592604273,104
2024-09-16 10:17:15.935,417.9486376524269,6
2024-09-16 10:17:15.994,417.9257870033055,101
2024-09-16 10:17:16.176,417.912385015621,1001
2024-09-16 10:17:16.178,417.8584235547119,997
2024-09-16 10:17:16.239,417.867526336782,104
2024-09-16 10:17:16.290,417.8628574792031,997
2024-09-16 10:17:16.306,417.8597270690185,12
2024-09-16 10:17:16.498,417.85852476861015,9
2024-09-16 10:17:16.826,417.8837171087072,1002
2024-09-16 10:17:16.966,417.8905208244998,7
2024-09-16 10:17:18.141,417.9119615743139,97
2024-09-16 10:17:18.420,417.90614479446737,995
2024-09-16 10:17:18.441,417.8949337132724,102
2024-09-16 10:17:18.499,417.8934369268924,1003
2024-09-16 10:17:18.542,417.8752516557686,7
2024-09-16 10:17:18.627,417.8523448506768,997
2024-09-16 10:17:18.754,417.8998404420872,95
2024-09-16 10:17:18.807,417.89911954528793,99
2024-09-16 10:17:19.004,417.8737457539474,5
2024-09-16 10:17:19.011,417.9225179554417,104
2024-09-16 10:17:19.027,417.90396808003663,100
2024-09-16 10:17:19.069,417.91192109448014,103
2024-09-16 10:17:19.102,417.879254546102,1002
2024-09-16 10:17:19.117,417.8701701584623,1000
2024-09-16 10:17:19.244,417.9122764160373,100
2024-09-16 10:17:19.323,41.78944256843136,1002
2024-09-16 10:17:19.337,417.86451516309626,96
2024-09-16 10:17:19.356,417.8905697880431,1002
2024-09-16 10:17:19.356,417.8664939068116,995
2024-09-16 10:17:19.360,417.9235042648984,1002
2024-09-16 10:17:19.392,417.87292880233866,1005
2024-09-16 10:17:19.567,417.8822886888,8
2024-09-16 10:17:19.573,417.8775063960481,103
2024-09-16 10:17:19.608,417.875964069393,10
2024-09-16 10:17:19.635,417.9176098364935,1004
2024-09-16 10:17:19.635,417.85021224989697,1005
2024-09-16 10:17:19.635,417.8648859654169,12
2024-09-16 10:17:19.801,41.786925735878846,101
2024-09-16 10:17:19.935,41.78720926185094,97
2024-09-16 10:17:19.986,417.8999797051375,5
2024-09-16 10:17:19.990,417.8469297879116,103
2024-09-16 10:17:19.991,417.85093471470486,995
2024-09-16 10:17:20.008,417.9187414662634,1005
2024-09-16 10:17:20.047,417.92151462477534,8
2024-09-16 10:17:20.107,417.88820325926207,995
2024-09-16 10:17:20.268,417.8807490898309,5
2024-09-16 10:17:20.288,417.90513798082094,11
2024-09-16 10:17:20.387,417.8925818237231,997
2024-09-16 10:17:20.460,417.910332020304,12
2024-09-16 10:17:20.661,417.91465333879967,8
2024-09-16 10:17:20.711,417.93262090296287,101
2024-09-16 10:17:20.749,417.9302577380735,13
2024-09-16 10:17:20.806,417.8843179648408,995
2024-09-16 10:17:20.901,417.8969722514428,103
2024-09-16 10:17:20.965,417.9145825392067,10
2024-09-16 10:17:21.107,417.898694353044,1003
2024-09-16 10:17:21.177,417.9102354687964,13
2024-09-16 10:17:21.254,417.8948343906577,104
2024-09-16 10:17:21.327,417.8840519195172,999
2024-09-16 10:17:21.362,417.9099154918331,7
2024-09-16 10:17:21.447,417.9216725588213,96
2024-09-16 10:17:21.628,417.90427432421967,5
2024-09-16 10:17:21.697,417.90290997683707,101
2024-09-16 10:17:21.786,417.8977185428274,96
2024-09-16 10:17:21.795,417.9173503762889,9
2024-09-16 10:17:21.886,417.9063096787368,1001
2024-09-16 10:17:21.920,417.8926280508548,999
2024-09-16 10:17:22.074,417.885800760886,102
2024-09-16 10:17:22.421,417.8892872349584,1002
2024-09-16 10:17:22.430,417.8687376573182,101
2024-09-16 10:17:22.441,417.8574538281396,99
2024-09-16 10:17:22.657,417.8684388733743,997
2024-09-16 10:17:22.760,417.8720125717744,996
2024-09-16 10:17:22.876,417.8661094851656,995
2024-09-16 10:17:22.927,417.8566642113707,105
2024-09-16 10:17:23.035,417.8361135646163,1005
2024-09-16 10:17:23.041,417.8424846352645,8
2024-09-16 10:17:23.060,417.8240793244311,98
2024-09-16 10:17:23.101,417.8595858532644,97
2024-09-16 10:17:23.146,417.8481346761413,997
2024-09-16 10:17:23.292,417.8429383508019,95
2024-09-16 10:17:23.360,417.8382885172353,104
2024-09-16 10:17:23.390,41.77854993615728,8
2024-09-16 10:17:23.398,417.8373616806059,14
2024-09-16 10:17:23.444,417.7909562215562,6
2024-09-16 10:17:23.488,417.79725917982057,9
2024-09-16 10:17:23.492,417.79922685844207,8
2024-09-16 10:17:23.495,417.8817995839672,999
2024-09-16 10:17:23.512,417.78817060141387,99
2024-09-16 10:17:23.538,417.8743051296537,8
2024-09-16 10:17:23.588,417.8119064060732,99
2024-09-16 10:17:23.611,417.8292953492965,104
2024-09-16 10:17:23.673,417.8331644723611,10
2024-09-16 10:17:23.844,417.84923248189926,95
2024-09-16 10:17:23.922,417.8570920214319,95
2024-09-16 10:17:24.090,417.8142487520743,15
2024-09-16 10:17:24.128,417.8210833812371,995
2024-09-16 10:17:24.141,417.7790658637086,1002
2024-09-16 10:17:24.215,417.79851838523865,1004
2024-09-16 10:17:24.239,417.8278271395446,95
2024-09-16 10:17:24.404,417.7805116171036,98
2024-09-16 10:17:24.527,417.7874933940107,1000
2024-09-16 10:17:24.594,417.8019101699349,10
2024-09-16 10:17:24.602,417.80788389971457,95
2024-09-16 10:17:24.686,417.81917755188624,998
2024-09-16 10:17:24.924,417.8097824136714,13
2024-09-16 10:17:24.944,417.8018282790944,998
2024-09-16 10:17:25.042,417.6944377232298,999
2024-09-16 10:17:25.050,417.6708740269743,997
2024-09-16 10:17:25.061,417.7146497402198,1001
2024-09-16 10:17:25.074,417.6858847444583,102
2024-09-16 10:17:25.086,417.7593452388244,14
2024-09-16 10:17:25.106,417.6945724943035,15
2024-09-16 10:17:25.116,417.7401930034303,12
2024-09-16 10:17:25.137,417.7014464734731,998
2024-09-16 10:17:25.163,417.7235014595993,8
2024-09-16 10:17:25.195,417.7317828500365,9
2024-09-16 10:17:25.196,417.7144103618351,8
2024-09-16 10:17:25.221,417.72581859384906,97
2024-09-16 10:17:25.255,417.7794030293125,101
2024-09-16 10:17:25.255,417.731334895122,11
2024-09-16 10:17:25.273,417.7332818953969,103
2024-09-16 10:17:25.302,417.74180461217406,98
2024-09-16 10:17:25.330,417.781365840456,999
2024-09-16 10:17:25.338,417.7291168373425,995
2024-09-16 10:17:25.436,417.7133741570893,101
2024-09-16 10:17:25.537,417.7461815276389,12
2024-09-16 10:17:25.595,417.7402863783707,96
2024-09-16 10:17:25.661,417.6521629018416,96
2024-09-16 10:17:25.694,417.6963166485591,105
2024-09-16 10:17:25.699,417.75468404209977,14
2024-09-16 10:17:25.775,417.65357709228687,1000
2024-09-16 10:17:25.810,417.6614343486663,995
2024-09-16 10:17:25.816,417.70414601759575,1001
2024-09-16 10:17:25.893,417.657895041696,9
2024-09-16 10:17:25.953,417.6997035226724,101
2024-09-16 10:17:25.961,417.7084734328794,105
2024-09-16 10:17:26.002,417.6609237872069,95
2024-09-16 10:17:26.052,417.69207712054055,1004
2024-09-16 10:17:26.305,417.7280845117253,104
2024-09-16 10:17:26.423,417.71084595256025,95
2024-09-16 10:17:26.657,417.7261885446327,1003
2024-09-16 10:17:26.680,417.6799931092163,1003
2024-09-16 10:17:26.953,417.72157443735074,95
2024-09-16 10:17:26.981,417.72427101995817,8
2024-09-16 10:17:27.010,41.77295394241835,14
2024-09-16 10:17:27.114,417.7280044460558,10
2024-09-16 10:17:27.149,417.7505607463512,14
2024-09-16 10:17:27.360,417.74184330626446,101
2024-09-16 10:17:27.449,417.7413298725774,104
2024-09-16 10:17:27.574,417.7330331909304,996
2024-09-16 10:17:27.584,417.7362896762601,1005
2024-09-16 10:17:27.594,417.7261229005343,105
2024-09-16 10:17:27.647,417.7236499653528,96
2024-09-16 10:17:27.718,417.7233397769855,1005
2024-09-16 10:17:28.580,417.7145687792566,1004
2024-09-16 10:17:28.736,417.71832497400703,101
2024-09-16 10:17:28.839,417.7224741544095,8
2024-09-16 10:17:29.112,417.7235028088374,13
2024-09-16 10:17:30.014,417.7250970900211,1002
2024-09-16 10:17:30.090,417.68418772256655,1001
2024-09-16 10:17:30.109,417.7228892570761,5
2024-09-16 10:17:30.125,417.7201198107536,7
2024-09-16 10:17:30.153,417.69399908424975,999
2024-09-16 10:17:30.212,417.71881417570455,95
2024-09-16 10:17:30.219,417.6823275311028,9
2024-09-16 10:17:30.320,417.7165197364856,97
2024-09-16 10:17:30.347,417.70845386306127,95
2024-09-16 10:17:30.360,417.71483988522783,7
2024-09-16 10:17:30.406,417.6698648901455,15
2024-09-16 10:17:30.409,417.73328259570513,1002
2024-09-16 10:17:30.460,417.69212060605423,95
2024-09-16 10:17:30.467,417.6853061675272,100
2024-09-16 10:17:30.484,417.6907499308055,998
2024-09-16 10:17:30.516,417.6764557624117,998
2024-09-16 10:17:30.520,417.7002701183834,6
2024-09-16 10:17:30.564,417.6880053344257,8
2024-09-16 10:17:30.621,417.69317354038606,101
2024-09-16 10:17:30.708,417.6874463819957,1004
2024-09-16 10:17:30.774,417.7128351477534,1005
2024-09-16 10:17:30.785,417.6979009985288,1005
2024-09-16 10:17:30.828,417.6832454222929,1001
2024-09-16 10:17:30.857,417.71200850642725,1005
2024-09-16 10:17:30.882,417.6919438826642,999
2024-09-16 10:17:30.910,417.69924183463735,10
2024-09-16 10:17:30.921,417.7234945815383,11
2024-09-16 10:17:30.946,417.72928078945614,9
2024-09-16 10:17:31.077,417.6916614019035,102
2024-09-16 10:17:31.174,417.6515770571684,998
2024-09-16 10:17:31.227,417.7023761979679,97
2024-09-16 10:17:31.673,417.7085213858117,99
2024-09-16 10:17:31.996,417.70579676203954,105
2024-09-16 10:17:32.008,417.6427471234452,103
2024-09-16 10:17:32.202,417.640630736641,1005
2024-09-16 10:17:32.202,417.6182452849529,97
2024-09-16 10:17:32.309,417.6114866714968,13
2024-09-16 10:17:32.345,,996
2024-09-16 10:17:32.453,417.6641374931344,12
2024-09-16 10:17:32.514,417.60918362169616,15
2024-09-16 10:17:32.644,417.6303612181832,6
2024-09-16 10:17:32.722,417.5971326113429,6
2024-09-16 10:17:32.776,417.6039655419748,8
2024-09-16 10:17:32.794,417.6683057387766,104
2024-09-16 10:17:32.897,417.6625430548595,1002
2024-09-16 10:17:32.909,417.6035353258309,99
2024-09-16 10:17:33.432,417.58809503850256,996
2024-09-16 10:17:33.569,417.5937459464116,1001
2024-09-16 10:17:33.720,417.6026838209698,96
2024-09-16 10:17:34.137,417.5767164112352,98
2024-09-16 10:17:34.365,417.59983908221847,9
2024-09-16 10:17:34.471,417.5894453071023,1000
2024-09-16 10:17:34.502,417.5788575219756,101
2024-09-16 10:17:34.845,417.58524476906325,101
2024-09-16 10:17:35.037,417.56783828050055,10
2024-09-16 10:17:35.068,417.5916101533368,97
2024-09-16 10:17:35.216,417.5911825055646,98
2024-09-16 10:17:35.278,417.5935173433464,14
2024-09-16 10:17:35.329,417.5919988161865,99
2024-09-16 10:17:35.380,417.5661539899281,10
2024-09-16 10:17:35.384,417.596486211101,14
2024-09-16 10:17:35.476,417.5343849950919,13
2024-09-16 10:17:35.519,417.5693741064956,996
2024-09-16 10:17:35.581,417.5359486174741,100
2024-09-16 10:17:35.652,417.5638218815086,1002
2024-09-16 10:17:35.676,417.5487294370296,999
2024-09-16 10:17:35.700,417.5495312342539,6
2024-09-16 10:17:35.745,417.5457155981323,105
2024-09-16 10:17:35.780,417.60223908541695,9
2024-09-16 10:17:35.802,417.5425954363441,1003
2024-09-16 10:17:35.862,417.55721980457344,13
2024-09-16 10:17:35.902,417.57004569321896,15
2024-09-16 10:17:36.089,417.6010525790994,102
2024-09-16 10:17:36.100,417.6056737819484,102
2024-09-16 10:17:36.443,,996
2024-09-16 10:17:36.594,417.6057565643152,12
2024-09-16 10:17:36.921,417.6064356765795,998
2024-09-16 10:17:37.879,417.59229792415294,97
2024-09-16 10:17:38.034,417.60856606201367,9
2024-09-16 10:17:38.049,417.5913687923617,95
2024-09-16 10:17:38.056,417.5991016678415,12
2024-09-16 10:17:38.223,417.6273471508084,99
2024-09-16 10:17:38.235,417.6222248211848,102
2024-09-16 10:17:38.331,417.6351273027636,10
2024-09-16 10:17:38.446,417.6063734262845,1000
2024-09-16 10:17:38.449,417.6015916335795,103
2024-09-16 10:17:38.552,417.61984563145234,104
2024-09-16 10:17:38.588,417.6353430744344,10
2024-09-16 10:17:38.690,417.5861898765668,101
2024-09-16 10:17:38.800,417.65270452657313,104
2024-09-16 10:17:38.888,417.5749259732584,1004
2024-09-16 10:17:38.948,417.62522343650136,995
2024-09-16 10:17:38.960,417.6456473252053,5
2024-09-16 10:17:38.978,417.6222639109758,105
2024-09-16 10:17:38.995,417.64764785761406,13
2024-09-16 10:17:39.003,417.67283368399234,1000
2024-09-16 10:17:39.119,417.6918802322057,15
2024-09-16 10:17:39.277,417.6751353849224,8
2024-09-16 10:17:39.454,417.6547611806048,10
2024-09-16 10:17:39.519,417.698505340518,11
2024-09-16 10:17:39.584,417.6571470617084,100
2024-09-16 10:17:39.591,417.67697521318047,100
2024-09-16 10:17:39.692,417.65441333729945,998
2024-09-16 10:17:39.713,417.6726213585528,13
2024-09-16 10:17:39.757,417.6569213970413,102
2024-09-16 10:17:39.769,417.6857292389205,8
2024-09-16 10:17:39.890,417.6526680981364,6
2024-09-16 10:17:40.074,417.6844495965595,997
2024-09-16 10:17:40.182,417.7362681200152,104
2024-09-16 10:17:40.208,417.67825787729606,101
2024-09-16 10:17:40.231,417.6800917410599,102
2024-09-16 10:17:40.380,417.6789476247105,1001
2024-09-16 10:17:40.782,417.7446995298824,10
2024-09-16 10:17:40.797,417.68408473062055,8
2024-09-16 10:17:40.938,417.7223273308995,13
2024-09-16 10:17:41.037,417.6053647480904,998
2024-09-16 10:17:41.060,417.71783515397607,105
2024-09-16 10:17:41.093,417.7069729187861,102
2024-09-16 10:17:41.205,417.6309774102442,1001
2024-09-16 10:17:41.326,417.7399766013732,1002
2024-09-16 10:17:41.388,417.6363170641302,105
2024-09-16 10:17:41.478,417.6466339827719,95
2024-09-16 10:17:41.527,417.7113627879113,102
2024-09-16 10:17:41.569,417.6666284093344,100
2024-09-16 10:17:41.597,417.682004912057,100
2024-09-16 10:17:41.643,417.6540018313752,103
2024-09-16 10:17:41.653,417.7109465885007,1004
2024-09-16 10:17:41.662,417.7105772222746,1002
2024-09-16 10:17:41.777,417.6741627878658,95
2024-09-16 10:17:41.794,417.6976623131009,995
2024-09-16 10:17:41.796,417.6637485713406,99
2024-09-16 10:17:41.834,417.71888749272586,14
2024-09-16 10:17:41.881,417.6752727098026,5
2024-09-16 10:17:41.915,417.67777679940696,102
2024-09-16 10:17:41.943,417.6853425697296,1001
2024-09-16 10:17:41.947,417.6880190071438,11
2024-09-16 10:17:41.956,417.6983427857258,1004
2024-09-16 10:17:42.045,417.6543293512583,1005
2024-09-16 10:17:42.051,417.61245331243725,103
2024-09-16 10:17:42.070,417.5810567159148,14
2024-09-16 10:17:42.202,417.6141818185637,14
2024-09-16 10:17:42.320,417.6362607305934,14
2024-09-16 10:17:42.350,417.6147075924957,15
2024-09-16 10:17:42.373,-417.6052499270018,11
2024-09-16 10:17:42.472,417.6215157115802,99
2024-09-16 10:17:42.523,417.6180169798015,100
2024-09-16 10:17:42.579,417.59154028565325,1005
2024-09-16 10:17:42.600,417.6370678776809,101
2024-09-16 10:17:42.742,417.5812347840998,7
2024-09-16 10:17:42.833,417.6319567317463,104
2024-09-16 10:17:42.840,417.6457943479797,6
2024-09-16 10:17:42.842,417.59642688744657,13
2024-09-16 10:17:42.842,417.57687363969615,105
2024-09-16 10:17:42.887,417.6023893537503,14
2024-09-16 10:17:42.991,417.58910324159217,11
2024-09-16 10:17:43.018,417.6442790885084,5
2024-09-16 10:17:43.265,417.6699587206278,999
2024-09-16 10:17:43.275,417.6004159666896,995
2024-09-16 10:17:43.348,417.6672577145421,995
2024-09-16 10:17:43.412,417.5773865508531,6
2024-09-16 10:17:43.602,417.66830212991874,103
2024-09-16 10:17:43.627,417.6608876750212,13
2024-09-16 10:17:43.628,417.6334659851936,12
2024-09-16 10:17:43.628,417.5517861801372,14
2024-09-16 10:17:43.850,417.63593367623207,98
2024-09-16 10:17:43.867,417.6665948929148,15
2024-09-16 10:17:44.277,417.563855818476,999
2024-09-16 10:17:44.374,417.5955664336607,11
2024-09-16 10:17:44.469,417.5813380027491,6
2024-09-16 10:17:44.476,417.58920987072014,12
2024-09-16 10:17:44.534,417.58384511985565,13
2024-09-16 10:17:44.695,417.56480355596,997
2024-09-16 10:17:44.729,,97
2024-09-16 10:17:44.935,417.5950219155816,14
2024-09-16 10:17:44.942,417.6084853119604,7
2024-09-16 10:17:44.962,417.563767564991,999
2024-09-16 10:17:46.002,417.5669569143967,104
2024-09-16 10:17:46.117,417.5667800687009,13
2024-09-16 10:17:46.125,417.5577742970571,11
2024-09-16 10:17:46.225,417.54448063752,104
2024-09-16 10:17:46.229,417.58691281490667,1004
2024-09-16 10:17:46.240,417.5829982010928,1002
2024-09-16 10:17:46.351,417.57630046222806,14
2024-09-16 10:17:46.463,417.5671844179437,998
2024-09-16 10:17:46.495,417.5990102777654,97
2024-09-16 10:17:46.537,417.5445761172364,998
2024-09-16 10:17:46.611,417.6011385034005,1000
2024-09-16 10:17:46.628,417.5997866205136,997
2024-09-16 10:17:46.648,417.6084812323121,15
2024-09-16 10:17:46.689,417.59374902044186,999
2024-09-16 10:17:46.700,417.5997326938282,105
2024-09-16 10:17:46.702,417.5850649471976,1001
2024-09-16 10:17:46.739,417.5939999313224,1005
2024-09-16 10:17:46.828,417.5498303127634,8
2024-09-16 10:17:46.853,417.5974201958834,96
2024-09-16 10:17:46.863,417.5875164479375,105
2024-09-16 10:17:46.918,417.5348561373129,14
2024-09-16 10:17:46.933,417.6082049677711,15
2024-09-16 10:17:46.980,417.6104469825996,998
2024-09-16 10:17:47.089,417.63807513892607,1002
2024-09-16 10:17:47.114,417.60849987399695,999
2024-09-16 10:17:47.163,417.5587794118484,103
2024-09-16 10:17:47.193,417.5714736118755,13
2024-09-16 10:17:47.204,417.6185070169802,8
2024-09-16 10:17:47.215,417.5794191171892,96
2024-09-16 10:17:47.320,417.6362086760248,95
2024-09-16 10:17:47.392,417.5915122623249,998
2024-09-16 10:17:47.399,417.6029573854557,13
2024-09-16 10:17:47.475,417.5698575743644,6
2024-09-16 10:17:47.492,417.5857097782644,11
2024-09-16 10:17:47.496,417.5909153772654,1005
2024-09-16 10:17:47.558,417.6032935375056,98
2024-09-16 10:17:47.616,417.6510182705058,99
2024-09-16 10:17:47.616,417.6442877332655,5
2024-09-16 10:17:47.715,417.565274625777,13
2024-09-16 10:17:47.725,417.6139610284079,1002
2024-09-16 10:17:47.788,417.5932623128344,14
2024-09-16 10:17:47.813,417.6409781905448,98
2024-09-16 10:17:47.840,417.5601651900327,11
2024-09-16 10:17:47.849,417.6233421503728,95
2024-09-16 10:17:47.860,417.6119832061074,10
2024-09-16 10:17:47.876,417.6520719347611,96
2024-09-16 10:17:47.890,417.5557948700155,995
2024-09-16 10:17:47.930,417.63327740324297,13
2024-09-16 10:17:47.966,417.6090488551682,95
2024-09-16 10:17:47.987,417.58542433042913,9
2024-09-16 10:17:47.988,417.58988174143263,8
2024-09-16 10:17:48.174,417.5645226104709,97
2024-09-16 10:17:48.211,417.5829158268593,103
2024-09-16 10:17:48.249,417.6318159309917,13
2024-09-16 10:17:48.263,-417.5734382995387,995
2024-09-16 10:17:48.329,417.5787988660677,14
2024-09-16 10:17:48.350,417.5945423514949,15
2024-09-16 10:17:48.364,417.5936721928146,996
2024-09-16 10:17:48.387,417.6385149428432,97
2024-09-16 10:17:48.394,417.6020847993521,6
2024-09-16 10:17:48.423,417.6113467439151,1001
2024-09-16 10:17:48.461,417.5867249709893,10
2024-09-16 10:17:48.481,417.5809207346548,103
2024-09-16 10:17:48.568,417.5793774707291,5
2024-09-16 10:17:48.673,417.6434508935731,100
2024-09-16 10:17:48.689,417.6372623368208,105
2024-09-16 10:17:48.719,417.5799969741488,103
2024-09-16 10:17:48.751,417.5969446495104,102
2024-09-16 10:17:48.754,417.6158123707377,1001
2024-09-16 10:17:48.815,417.6378782936701,1001
2024-09-16 10:17:48.894,417.6192246215473,96
2024-09-16 10:17:48.937,417.5818794802194,103
2024-09-16 10:17:49.101,417.5985598845478,102
2024-09-16 10:17:49.383,417.63539459022167,10
2024-09-16 10:17:49.390,417.6415462852457,998
2024-09-16 10:17:49.448,417.595258025922,9
2024-09-16 10:17:49.681,417.61539643679896,95
2024-09-16 10:17:49.817,417.5963986964165,99
2024-09-16 10:17:50.041,417.612769922997,96
2024-09-16 10:17:50.091,417.61340078890015,13
2024-09-16 10:17:50.137,417.6345145154179,9
2024-09-16 10:17:50.224,417.5842758318902,996
2024-09-16 10:17:50.250,417.6159807250808,13
2024-09-16 10:17:50.255,417.5953840100912,103
2024-09-16 10:17:50.279,417.6277741676408,6
2024-09-16 10:17:50.346,417.6026338949762,1005
2024-09-16 10:17:50.347,417.5669133850516,96
2024-09-16 10:17:50.374,417.64592866984106,1001
2024-09-16 10:17:50.385,417.6180140107376,997
2024-09-16 10:17:50.441,417.6078678620283,104
2024-09-16 10:17:50.480,417.5963322696461,997
2024-09-16 10:17:50.557,417.6216008116555,1002
2024-09-16 10:17:50.562,417.6043393173941,1001
2024-09-16 10:17:50.592,417.595819862168,1001
2024-09-16 10:17:50.633,417.6056475525072,995
2024-09-16 10:17:50.700,417.5848295173182,5
2024-09-16 10:17:50.709,417.5887853805889,5
2024-09-16 10:17:50.741,417.6274397730078,1000
2024-09-16 10:17:50.793,417.62862601404817,12
2024-09-16 10:17:50.844,417.62912857088986,1005
2024-09-16 10:17:50.855,417.6172075135468,99
2024-09-16 10:17:50.893,417.6441360448271,995
2024-09-16 10:17:51.043,417.5695406530656,13
2024-09-16 10:17:51.154,417.6509925636991,8
2024-09-16 10:17:51.173,417.5907733114272,97
2024-09-16 10:17:51.269,417.5916950955704,13
2024-09-16 10:17:51.305,417.5832769767044,1003
2024-09-16 10:17:51.453,417.6625804872907,6
2024-09-16 10:17:51.478,417.5859221416312,1002
2024-09-16 10:17:51.486,417.5929252688536,8
2024-09-16 10:17:51.514,417.5644785266516,995
2024-09-16 10:17:51.547,417.59312088801374,13
2024-09-16 10:17:51.582,417.5882201065385,100
2024-09-16 10:17:51.594,417.6443843631182,998
2024-09-16 10:17:51.597,417.5767190462411,1003
2024-09-16 10:17:51.688,417.6041460253279,1004
2024-09-16 10:17:51.691,417.5804325524608,104
2024-09-16 10:17:51.705,417.58855114210365,98
2024-09-16 10:17:51.841,417.5603991538613,6
2024-09-16 10:17:51.846,417.5998515301227,1001
2024-09-16 10:17:51.860,417.5693873422975,999
2024-09-16 10:17:51.965,417.6248328498015,97
2024-09-16 10:17:52.001,417.68533386584215,95
2024-09-16 10:17:52.004,417.6851862909349,102
2024-09-16 10:17:52.046,417.67725240752833,1004
2024-09-16 10:17:52.088,417.675509793968,6
2024-09-16 10:17:52.187,417.6602031685997,13
2024-09-16 10:17:52.188,417.68902748928855,996
2024-09-16 10:17:52.222,417.6712475160344,14
2024-09-16 10:17:52.295,417.6868993343596,995
2024-09-16 10:17:52.331,417.6857309382292,101
2024-09-16 10:17:52.502,417.6719269488472,8
2024-09-16 10:17:52.588,417.67554375375374,101
2024-09-16 10:17:52.649,417.6758583725047,99
2024-09-16 10:17:52.709,417.6753736191941,95
2024-09-16 10:17:52.781,417.6765298804143,8
2024-09-16 10:17:54.078,417.6864487426263,998
2024-09-16 10:17:54.150,417.6704149982209,15
2024-09-16 10:17:54.241,417.6559695247165,15
2024-09-16 10:17:54.421,417.7141870662073,104
2024-09-16 10:17:54.448,417.6737346540472,103
2024-09-16 10:17:54.450,417.67556303870833,5
2024-09-16 10:17:54.487,417.7055518987249,1001
2024-09-16 10:17:54.588,417.7063096950228,105
2024-09-16 10:17:54.622,417.65801279790384,13
2024-09-16 10:17:54.653,417.7038949953412,1003
2024-09-16 10:17:54.752,417.6794531619842,99
2024-09-16 10:17:55.024,417.7698459211592,102
2024-09-16 10:17:55.136,417.7203779244373,1003
2024-09-16 10:17:55.209,417.7785489547679,995
2024-09-16 10:17:55.226,417.7826560119723,1003
2024-09-16 10:17:55.245,417.7803926123871,104
2024-09-16 10:17:55.294,417.75547425213625,5
2024-09-16 10:17:55.337,417.7760825292767,8
2024-09-16 10:17:55.347,417.7238020765672,95
2024-09-16 10:17:55.358,417.7667472879371,104
2024-09-16 10:17:55.391,417.8146234993214,104
2024-09-16 10:17:55.416,417.778826718623,9
2024-09-16 10:17:55.451,417.8319987960216,9
2024-09-16 10:17:55.515,417.7628378605724,1001
2024-09-16 10:17:55.577,417.8113318503897,11
2024-09-16 10:17:55.744,417.8129795041143,998
2024-09-16 10:17:55.793,417.7720886339009,1000
2024-09-16 10:17:55.800,417.7376141711459,103
2024-09-16 10:17:55.800,417.7327555321492,1005
2024-09-16 10:17:55.800,417.73061066141065,14
2024-09-16 10:17:55.887,417.7804768033084,1001
2024-09-16 10:17:55.913,417.7902894242464,105
2024-09-16 10:17:55.914,417.7177742533773,1004
2024-09-16 10:17:55.924,417.8141220218273,9
2024-09-16 10:17:55.940,417.7499065166566,98
2024-09-16 10:17:55.944,417.8136781127004,997
2024-09-16 10:17:56.093,417.8364038386265,1005
2024-09-16 10:17:56.166,417.82419205280576,10
2024-09-16 10:17:56.199,417.832604156153,101
2024-09-16 10:17:56.302,417.8180785530664,102
2024-09-16 10:17:56.334,417.8208598732761,1004
2024-09-16 10:17:56.632,417.8152308487779,95
2024-09-16 10:17:57.035,417.8433151055887,8
2024-09-16 10:17:57.139,417.8533828986622,11
2024-09-16 10:17:57.155,417.8554114106508,1003
2024-09-16 10:17:57.182,417.8399688259446,98
2024-09-16 10:17:57.215,417.8244267589498,1000
2024-09-16 10:17:57.243,417.8358303586347,10
2024-09-16 10:17:57.333,417.836533632872,103
2024-09-16 10:17:57.479,417.8556558832456,1005
2024-09-16 10:17:57.525,417.8583926479679,1004
2024-09-16 10:17:57.554,417.8425820128284,104
2024-09-16 10:17:57.703,-417.8494320356574,998
2024-09-16 10:17:57.818,417.8643388046252,7
2024-09-16 10:17:57.872,417.83785229262674,1003
2024-09-16 10:17:57.895,417.8439676476376,15
2024-09-16 10:17:58.029,417.8465172540243,99
2024-09-16 10:17:58.072,417.8062009806844,1003
2024-09-16 10:17:58.080,417.8423999493402,1004
2024-09-16 10:17:58.128,417.7873812482994,1003
2024-09-16 10:17:58.147,417.8693196067194,10
2024-09-16 10:17:58.170,417.7922637692265,995
2024-09-16 10:17:58.173,417.8412674063541,10
2024-09-16 10:17:58.396,417.8735062860338,103
2024-09-16 10:17:58.400,417.82098690183824,996
2024-09-16 10:17:58.431,417.8481466796443,1000
2024-09-16 10:17:58.575,417.7842566570752,9
2024-09-16 10:17:58.594,417.8096997286457,1004
2024-09-16 10:17:58.615,417.8506526844434,1002
2024-09-16 10:17:58.635,417.7861748835722,105
2024-09-16 10:17:58.635,417.8017865458877,1004
2024-09-16 10:17:58.811,,15
2024-09-16 10:17:58.816,417.7753366443361,105
2024-09-16 10:17:58.940,417.8284581129774,98
2024-09-16 10:17:58.985,417.7810070977706,103
2024-09-16 10:17:58.991,417.82773893732025,105
2024-09-16 10:17:59.027,417.8092212233512,1004
2024-09-16 10:17:59.108,417.7924006840879,99
2024-09-16 10:17:59.108,417.8126453280991,8
2024-09-16 10:17:59.118,417.8206047767249,1002
2024-09-16 10:17:59.204,417.83540716402285,103
2024-09-16 10:17:59.235,417.81103275396754,96
2024-09-16 10:17:59.244,417.8409547874795,997
2024-09-16 10:17:59.267,417.79533387882,6
2024-09-16 10:17:59.315,417.8272986773328,11
2024-09-16 10:17:59.414,417.8043787895049,13
2024-09-16 10:17:59.499,417.8501434901831,104
2024-09-16 10:17:59.522,417.86350374529536,12
2024-09-16 10:17:59.564,417.8598142428378,10
2024-09-16 10:17:59.618,417.8451141815444,1000
2024-09-16 10:17:59.786,417.79026272523856,98
2024-09-16 10:17:59.907,417.8426645600062,14
2024-09-16 10:17:59.948,417.89274731931647,1004
2024-09-16 10:17:59.997,417.805229091778,998
