Timestamp,Price,Size
2024-09-18 15:20:00.008,416.8211784555476,9
2024-09-18 15:20:00.168,416.8075839773594,7
2024-09-18 15:20:00.553,416.87216382917694,1002
2024-09-18 15:20:00.567,416.8418045333887,104
2024-09-18 15:20:00.580,416.8249633441842,100
2024-09-18 15:20:00.733,416.8267583400658,15
2024-09-18 15:20:00.754,416.8231669840756,8
2024-09-18 15:20:00.879,416.86585546689525,11
2024-09-18 15:20:00.913,416.85771981165226,996
2024-09-18 15:20:00.950,416.8532968799869,11
2024-09-18 15:20:01.381,416.9311770154933,1000
2024-09-18 15:20:01.398,416.9180520907028,102
2024-09-18 15:20:01.552,416.91589815075866,1000
2024-09-18 15:20:01.619,416.9148053701744,95
2024-09-18 15:20:01.639,416.9023833906208,97
2024-09-18 15:20:01.718,41.690708636494726,15
2024-09-18 15:20:01.745,416.9147675259949,15
2024-09-18 15:20:01.766,416.88347251291685,1005
2024-09-18 15:20:01.859,416.8692529236265,15
2024-09-18 15:20:01.869,416.83992299291583,9
2024-09-18 15:20:01.879,416.8880549527893,100
2024-09-18 15:20:01.934,416.90538809542505,99
2024-09-18 15:20:01.967,416.8977822999674,998
2024-09-18 15:20:02.012,416.94105949825473,105
2024-09-18 15:20:02.091,416.9259411435896,103
2024-09-18 15:20:02.093,416.9233284088981,95
2024-09-18 15:20:02.114,416.90698310080194,1000
2024-09-18 15:20:02.153,416.92516347119846,11
2024-09-18 15:20:02.212,416.9099170324324,997
2024-09-18 15:20:02.237,416.9321173263942,5
2024-09-18 15:20:02.254,416.9347421626003,5
2024-09-18 15:20:02.274,416.9333491116967,101
2024-09-18 15:20:02.353,416.9344782761948,99
2024-09-18 15:20:02.363,416.8939447550613,6
2024-09-18 15:20:02.364,416.9228445508752,998
2024-09-18 15:20:02.415,416.9302904579287,11
2024-09-18 15:20:02.434,416.9308220396266,100
2024-09-18 15:20:02.534,416.9403053015079,995
2024-09-18 15:20:02.851,416.8859764743748,6
2024-09-18 15:20:02.874,416.91283609338655,95
2024-09-18 15:20:02.886,416.9394070466809,14
2024-09-18 15:20:02.992,416.923644162073,99
2024-09-18 15:20:03.439,416.9451418225191,14
2024-09-18 15:20:04.035,416.9669614715359,5
2024-09-18 15:20:04.043,416.9376263655969,9
2024-09-18 15:20:04.045,416.9346847349293,5
2024-09-18 15:20:04.050,416.953817179448,96
2024-09-18 15:20:04.119,416.9648934196015,999
2024-09-18 15:20:04.133,416.9571064838147,105
2024-09-18 15:20:04.221,416.9718978550687,11
2024-09-18 15:20:04.251,416.9540254571817,101
2024-09-18 15:20:04.298,416.9800515067631,1003
2024-09-18 15:20:04.312,416.9695816093999,97
2024-09-18 15:20:04.364,416.9667184848779,100
2024-09-18 15:20:04.396,416.9563903233797,7
2024-09-18 15:20:04.517,416.92335207975145,100
2024-09-18 15:20:04.530,416.95056487125896,104
2024-09-18 15:20:04.587,416.9870813601492,9
2024-09-18 15:20:04.642,416.9606977957609,996
2024-09-18 15:20:04.676,416.9582869902038,11
2024-09-18 15:20:04.691,416.9545429472059,995
2024-09-18 15:20:04.698,416.9550427099941,1004
2024-09-18 15:20:04.707,416.9301068529935,8
2024-09-18 15:20:04.765,416.9844486527176,12
2024-09-18 15:20:04.840,416.9660141274906,9
2024-09-18 15:20:04.884,416.9699771426636,996
2024-09-18 15:20:04.888,416.9755457637268,6
2024-09-18 15:20:04.935,416.943333232773,8
2024-09-18 15:20:04.939,416.9815954482237,13
2024-09-18 15:20:04.962,416.9617503068414,101
2024-09-18 15:20:04.964,416.9264341370026,11
2024-09-18 15:20:04.992,416.9491070956575,105
2024-09-18 15:20:05.056,416.9131067696121,1000
2024-09-18 15:20:05.102,416.9323365164036,995
2024-09-18 15:20:05.133,416.9122485804308,10
2024-09-18 15:20:05.138,416.891861815469,11
2024-09-18 15:20:05.224,416.9029778548237,996
2024-09-18 15:20:05.778,416.9348400683435,98
2024-09-18 15:20:05.830,416.9415030790264,96
2024-09-18 15:20:05.978,416.8928568781647,103
2024-09-18 15:20:06.036,416.977803516216,99
2024-09-18 15:20:06.038,416.9348067096642,97
2024-09-18 15:20:06.088,410.7316599609265,1003
2024-09-18 15:20:06.129,416.94447989964215,98
2024-09-18 15:20:06.163,416.9614614489304,999
2024-09-18 15:20:06.244,416.9753746208801,105
2024-09-18 15:20:06.515,416.97831074057945,1002
2024-09-18 15:20:06.701,416.94187864722375,5
2024-09-18 15:20:06.901,416.9656819123624,99
2024-09-18 15:20:06.995,416.9831936296285,14
2024-09-18 15:20:07.010,417.0253467532276,105
2024-09-18 15:20:07.031,416.9414111731056,998
2024-09-18 15:20:07.090,416.9689330083508,7
2024-09-18 15:20:07.098,416.9571608577302,1004
2024-09-18 15:20:07.266,416.95631166910727,101
2024-09-18 15:20:07.311,416.93824163418896,7
2024-09-18 15:20:07.375,416.9696477803907,14
2024-09-18 15:20:07.430,416.98420211276266,998
2024-09-18 15:20:07.431,416.9822410549529,99
2024-09-18 15:20:07.485,416.9490521062684,998
2024-09-18 15:20:07.581,416.9951357800287,5
2024-09-18 15:20:07.582,416.9656540940781,995
2024-09-18 15:20:07.599,416.9159327298124,1000
2024-09-18 15:20:07.624,416.9297745771236,13
2024-09-18 15:20:07.642,416.9630443681924,1001
2024-09-18 15:20:07.643,416.98457931492254,99
2024-09-18 15:20:07.669,416.9531881617192,6
2024-09-18 15:20:07.708,416.91577160214666,1003
2024-09-18 15:20:07.787,416.9725447165719,999
2024-09-18 15:20:07.834,416.9338440703738,98
2024-09-18 15:20:07.839,417.02066597345424,96
2024-09-18 15:20:07.905,416.9679271266053,13
2024-09-18 15:20:07.936,416.9665202534516,14
2024-09-18 15:20:07.970,416.9407365201324,105
2024-09-18 15:20:07.989,417.02209871128895,104
2024-09-18 15:20:07.993,416.9840853141943,998
2024-09-18 15:20:08.027,417.0555251921825,10
2024-09-18 15:20:08.099,417.11380718639975,102
2024-09-18 15:20:08.191,417.0441175249093,15
2024-09-18 15:20:08.303,417.0703905837207,15
2024-09-18 15:20:08.431,417.0864769680609,10
2024-09-18 15:20:09.063,417.05727401051087,999
2024-09-18 15:20:09.073,417.0137125569527,100
2024-09-18 15:20:09.184,417.0400859285119,11
2024-09-18 15:20:09.264,417.0934132618078,998
2024-09-18 15:20:09.274,417.065583636348,1004
2024-09-18 15:20:09.311,417.0010454939908,997
2024-09-18 15:20:09.342,417.02091489468944,11
2024-09-18 15:20:09.343,416.9926796756193,96
2024-09-18 15:20:09.456,417.10504818242646,1002
2024-09-18 15:20:09.458,417.0737101665321,15
2024-09-18 15:20:09.527,417.1252457788586,1001
2024-09-18 15:20:09.542,417.06140210759776,6
2024-09-18 15:20:09.542,417.0270713177958,997
2024-09-18 15:20:09.568,417.1326568663832,1002
2024-09-18 15:20:09.806,417.0485715636593,999
2024-09-18 15:20:09.910,417.11014622794784,99
2024-09-18 15:20:10.044,417.0275011192649,96
2024-09-18 15:20:10.172,417.0167888418199,105
2024-09-18 15:20:10.184,417.0126160698216,7
2024-09-18 15:20:10.346,417.0183456418766,999
2024-09-18 15:20:10.438,417.0014963834133,996
2024-09-18 15:20:10.443,417.0324361828182,999
2024-09-18 15:20:10.493,417.0282768155897,101
2024-09-18 15:20:10.663,417.0334042688196,102
2024-09-18 15:20:10.764,417.012231793979,15
2024-09-18 15:20:10.806,41.6994035861774,97
2024-09-18 15:20:10.849,417.02232008142585,1002
2024-09-18 15:20:10.856,416.9889874636215,7
2024-09-18 15:20:10.915,41.701896190610455,15
2024-09-18 15:20:10.918,417.02481544303913,1000
2024-09-18 15:20:12.030,417.0324276714374,99
2024-09-18 15:20:12.037,417.0236120539535,999
2024-09-18 15:20:12.066,417.0076927934626,997
2024-09-18 15:20:12.095,417.012424712066,6
2024-09-18 15:20:12.131,417.0245729437552,95
2024-09-18 15:20:12.213,417.0146692754955,13
2024-09-18 15:20:12.242,417.0066709810373,5
2024-09-18 15:20:12.286,417.0666692317397,14
2024-09-18 15:20:12.318,417.0649436057036,1004
2024-09-18 15:20:12.500,417.0621033161639,1002
2024-09-18 15:20:12.502,417.0112689191915,10
2024-09-18 15:20:12.540,416.9862537583457,5
2024-09-18 15:20:12.590,417.0547596619607,96
2024-09-18 15:20:12.599,417.0625085280907,1004
2024-09-18 15:20:12.653,417.0317260880677,95
2024-09-18 15:20:12.785,417.0533325474808,97
2024-09-18 15:20:12.786,417.0456360584132,95
2024-09-18 15:20:12.805,417.0257331744214,1000
2024-09-18 15:20:12.816,416.9910146617303,9
2024-09-18 15:20:12.858,417.0510094485632,1004
2024-09-18 15:20:12.886,417.0248063107705,997
2024-09-18 15:20:12.937,417.0345839820855,997
2024-09-18 15:20:12.953,417.0637663359703,1000
2024-09-18 15:20:13.004,416.9471370967916,6
2024-09-18 15:20:13.058,416.976236475886,101
2024-09-18 15:20:13.156,416.9876432750952,7
2024-09-18 15:20:13.168,417.0121814020164,996
2024-09-18 15:20:13.174,416.9210692954293,14
2024-09-18 15:20:13.220,416.99712531008873,1000
2024-09-18 15:20:13.243,416.98211210717136,996
2024-09-18 15:20:13.253,416.9646513907336,997
2024-09-18 15:20:13.266,416.8817643199795,998
2024-09-18 15:20:13.372,416.8862938656695,1005
2024-09-18 15:20:13.417,416.9995915798178,999
2024-09-18 15:20:13.452,416.9498404977823,995
2024-09-18 15:20:13.484,416.9818341748855,9
2024-09-18 15:20:13.513,416.9878504967946,1003
2024-09-18 15:20:13.537,416.9195362110176,95
2024-09-18 15:20:13.575,416.94750397738136,15
2024-09-18 15:20:13.587,416.9851092374634,5
2024-09-18 15:20:13.648,416.94402642313474,99
2024-09-18 15:20:13.810,416.9474463660669,998
2024-09-18 15:20:13.849,416.984158866703,104
2024-09-18 15:20:13.849,416.9092005406906,11
2024-09-18 15:20:13.887,417.00738989796633,96
2024-09-18 15:20:13.901,416.9966307278525,1003
2024-09-18 15:20:13.928,416.97597000257895,97
2024-09-18 15:20:13.941,416.9999539648784,104
2024-09-18 15:20:14.005,416.9094605370146,999
2024-09-18 15:20:14.022,416.9339619905602,97
2024-09-18 15:20:14.057,416.89584712860943,13
2024-09-18 15:20:14.085,416.89776443268,1001
2024-09-18 15:20:14.146,416.9475569738364,5
2024-09-18 15:20:14.167,416.8777523032524,98
2024-09-18 15:20:14.170,416.9164547932491,11
2024-09-18 15:20:14.299,416.89553637072834,103
2024-09-18 15:20:14.344,416.92113833137006,1002
2024-09-18 15:20:14.368,416.9199031580415,9
2024-09-18 15:20:14.461,416.906994147148,98
2024-09-18 15:20:14.472,416.9393763040658,997
2024-09-18 15:20:14.522,416.9065849332088,103
2024-09-18 15:20:14.532,416.9170467179807,102
2024-09-18 15:20:14.598,416.89370939035183,996
2024-09-18 15:20:14.635,416.95306372351376,10
2024-09-18 15:20:14.635,416.8992826087068,1002
2024-09-18 15:20:14.750,,1002
2024-09-18 15:20:14.887,416.9233662935396,105
2024-09-18 15:20:14.901,416.9419729124242,8
2024-09-18 15:20:14.952,416.8872407593607,7
2024-09-18 15:20:15.035,416.88474152959554,99
2024-09-18 15:20:15.064,416.8962136456893,1002
2024-09-18 15:20:15.085,416.905369536293,995
2024-09-18 15:20:15.245,416.9043098604105,104
2024-09-18 15:20:15.296,416.9455015167642,104
2024-09-18 15:20:15.337,416.9471675844787,1001
2024-09-18 15:20:15.392,416.9301525115954,7
2024-09-18 15:20:15.421,416.91013376307694,998
2024-09-18 15:20:15.473,416.9006057038135,1001
2024-09-18 15:20:15.563,416.8953282387456,97
2024-09-18 15:20:15.607,416.8970105737956,103
2024-09-18 15:20:15.634,416.92447894181856,1001
2024-09-18 15:20:16.142,416.9558931356688,105
2024-09-18 15:20:16.201,416.9819884671939,6
2024-09-18 15:20:16.294,416.9560551970837,9
2024-09-18 15:20:16.449,416.9473049897393,103
2024-09-18 15:20:16.454,416.9548602915914,11
2024-09-18 15:20:16.519,416.9309261400476,5
2024-09-18 15:20:16.574,416.9328474280812,999
2024-09-18 15:20:16.741,416.9752148586433,8
2024-09-18 15:20:17.107,416.93521608728,15
2024-09-18 15:20:17.191,416.93800042228986,8
2024-09-18 15:20:17.305,416.9555919226152,96
2024-09-18 15:20:17.391,416.9343582405186,13
2024-09-18 15:20:17.538,416.95720118211307,1002
2024-09-18 15:20:17.576,416.9284980853157,101
2024-09-18 15:20:17.723,416.9135265969926,1002
2024-09-18 15:20:17.779,416.9238263796567,99
2024-09-18 15:20:17.823,416.9061260611894,999
2024-09-18 15:20:17.919,416.91711900976617,99
2024-09-18 15:20:17.949,416.9361505604054,10
2024-09-18 15:20:18.003,416.83422188603294,103
2024-09-18 15:20:18.004,416.8198425659735,12
2024-09-18 15:20:18.064,416.8428117653683,100
2024-09-18 15:20:18.080,416.8990134382,100
2024-09-18 15:20:18.087,416.8403031105926,13
2024-09-18 15:20:18.118,416.90081174904793,1001
2024-09-18 15:20:18.227,416.8802590652039,998
2024-09-18 15:20:18.353,416.8331887863735,12
2024-09-18 15:20:18.458,416.830938859368,101
2024-09-18 15:20:18.485,416.809142679657,995
2024-09-18 15:20:18.589,416.8483321923728,996
2024-09-18 15:20:18.599,416.8766127223972,100
2024-09-18 15:20:18.630,416.8437283206768,999
2024-09-18 15:20:18.632,416.8220974251682,99
2024-09-18 15:20:18.638,416.84437171631936,7
2024-09-18 15:20:18.662,416.8801084421207,1001
2024-09-18 15:20:18.671,416.86657530438606,1005
2024-09-18 15:20:18.681,416.88987296130296,103
2024-09-18 15:20:18.736,416.8489761813093,14
2024-09-18 15:20:18.799,416.8241168118642,97
2024-09-18 15:20:18.877,416.89437007202326,101
2024-09-18 15:20:18.976,416.8486897485352,13
2024-09-18 15:20:19.035,416.85452240468726,102
2024-09-18 15:20:19.120,416.8554910149716,105
2024-09-18 15:20:19.190,416.8289097477521,997
2024-09-18 15:20:19.264,416.8459169121243,98
2024-09-18 15:20:19.292,416.8413646579116,105
2024-09-18 15:20:19.298,416.8004166888686,103
2024-09-18 15:20:19.344,416.80292595262233,5
2024-09-18 15:20:19.377,416.87634199335486,99
2024-09-18 15:20:19.388,,996
2024-09-18 15:20:19.422,416.844784025466,102
2024-09-18 15:20:19.486,416.8471457977967,15
2024-09-18 15:20:19.532,416.8122857748599,6
2024-09-18 15:20:19.635,416.8473291171719,103
2024-09-18 15:20:19.744,416.8606226041264,98
2024-09-18 15:20:19.751,416.8620626272556,7
2024-09-18 15:20:19.806,416.8733073201431,9
2024-09-18 15:20:19.828,416.8322834860834,999
2024-09-18 15:20:19.907,416.81228093573,11
2024-09-18 15:20:19.965,416.82460078863807,1004
2024-09-18 15:20:19.971,416.82704024144937,105
2024-09-18 15:20:19.998,416.8655263187459,5
2024-09-18 15:20:20.003,416.8377866585594,103
2024-09-18 15:20:20.060,416.8325786871136,1000
2024-09-18 15:20:20.095,416.8656205722157,10
2024-09-18 15:20:20.104,416.8435351764381,103
2024-09-18 15:20:20.341,416.8334679021195,999
2024-09-18 15:20:20.365,416.8429447062254,9
2024-09-18 15:20:20.477,416.8423038977952,103
2024-09-18 15:20:20.510,416.83810953827816,1003
2024-09-18 15:20:20.627,416.842255248922,13
2024-09-18 15:20:20.675,416.8682969359502,998
2024-09-18 15:20:20.693,416.856335609176,103
2024-09-18 15:20:20.710,416.84422158854585,1001
2024-09-18 15:20:20.954,416.8296435954528,997
2024-09-18 15:20:20.961,416.8721294220912,12
2024-09-18 15:20:20.969,416.8642358941177,101
2024-09-18 15:20:21.800,416.8411055671155,99
2024-09-18 15:20:22.028,410.62002823124914,14
2024-09-18 15:20:22.094,416.8303198157987,995
2024-09-18 15:20:22.181,416.8432600197053,97
2024-09-18 15:20:23.231,416.839618294285,998
2024-09-18 15:20:23.305,416.8141442417525,101
2024-09-18 15:20:23.311,416.81426291691264,15
2024-09-18 15:20:23.454,416.83395755715566,103
2024-09-18 15:20:23.613,416.82033564873706,105
2024-09-18 15:20:23.875,416.8177658565523,102
2024-09-18 15:20:23.945,416.8506686282792,999
2024-09-18 15:20:24.088,416.88199080462834,103
2024-09-18 15:20:24.099,416.8380232524528,101
2024-09-18 15:20:24.208,416.8503518280984,1004
2024-09-18 15:20:24.210,416.8834610366482,1000
2024-09-18 15:20:24.226,41.68600788565042,96
2024-09-18 15:20:24.347,416.85482359631095,1003
2024-09-18 15:20:24.392,-416.8565237529029,1000
2024-09-18 15:20:24.446,416.84225841910416,105
2024-09-18 15:20:24.597,416.8639234949874,997
2024-09-18 15:20:24.607,416.8825923825048,998
2024-09-18 15:20:24.632,416.8550909294785,5
2024-09-18 15:20:24.667,416.8460588173562,98
2024-09-18 15:20:24.680,416.8634852730283,9
2024-09-18 15:20:24.761,416.874921196484,997
2024-09-18 15:20:24.770,416.8480842072917,8
2024-09-18 15:20:24.832,416.875286558936,10
2024-09-18 15:20:24.849,416.88647319821393,101
2024-09-18 15:20:24.935,416.8534323614784,1005
2024-09-18 15:20:24.999,416.8707517925041,9
2024-09-18 15:20:25.031,416.8593672840853,14
2024-09-18 15:20:25.047,416.84826488790543,100
2024-09-18 15:20:25.075,416.8513132861967,96
2024-09-18 15:20:25.095,416.85245577028417,95
2024-09-18 15:20:25.146,416.8302116092311,98
2024-09-18 15:20:25.206,416.8735593420721,97
2024-09-18 15:20:25.331,416.8710323546181,8
2024-09-18 15:20:25.339,416.89219544603407,14
2024-09-18 15:20:25.401,416.8614203493881,95
2024-09-18 15:20:25.437,416.82529979036383,100
2024-09-18 15:20:25.477,416.8630559535133,997
2024-09-18 15:20:25.483,416.8759121143334,96
2024-09-18 15:20:25.490,416.8607471495818,1001
2024-09-18 15:20:25.543,416.8664621014153,105
2024-09-18 15:20:25.606,416.8468919616515,7
2024-09-18 15:20:25.642,416.84224484113713,1002
2024-09-18 15:20:25.720,416.8782414637328,13
2024-09-18 15:20:25.723,416.8643275338549,7
2024-09-18 15:20:25.729,416.8602657487566,997
2024-09-18 15:20:25.773,416.8260412302794,996
2024-09-18 15:20:25.775,416.88563044690216,999
2024-09-18 15:20:25.804,416.8630226410573,1003
2024-09-18 15:20:25.816,416.8729880034352,1001
2024-09-18 15:20:25.849,416.848093880671,102
2024-09-18 15:20:25.856,416.8461259949992,9
2024-09-18 15:20:25.976,416.87306208732167,14
2024-09-18 15:20:25.983,416.8556903891912,5
2024-09-18 15:20:26.153,416.8492465130508,101
2024-09-18 15:20:26.199,416.8621287785217,7
2024-09-18 15:20:26.227,416.8414107361156,12
2024-09-18 15:20:26.353,416.86372032910174,8
2024-09-18 15:20:26.368,416.8729538429113,13
2024-09-18 15:20:26.402,416.8770780292145,12
2024-09-18 15:20:26.428,410.6593195540289,5
2024-09-18 15:20:26.454,416.84423147663136,1001
2024-09-18 15:20:26.475,416.8531051265711,6
2024-09-18 15:20:26.579,416.8479015478992,1003
2024-09-18 15:20:26.584,416.84948893944136,98
2024-09-18 15:20:26.709,416.8708571269119,96
2024-09-18 15:20:26.885,416.87294264582937,13
2024-09-18 15:20:26.936,416.8726842957976,1005
2024-09-18 15:20:27.062,416.8313890401108,7
2024-09-18 15:20:27.153,416.80922851216695,998
2024-09-18 15:20:27.295,,105
2024-09-18 15:20:27.325,416.75513496430136,105
2024-09-18 15:20:27.341,416.8003769562299,102
2024-09-18 15:20:27.396,416.764262671689,8
2024-09-18 15:20:27.401,416.8013330018001,1003
2024-09-18 15:20:27.412,416.7841069065786,995
2024-09-18 15:20:27.416,416.7761859953167,1004
2024-09-18 15:20:27.422,416.7703865700839,1002
2024-09-18 15:20:27.437,416.7828121626436,99
2024-09-18 15:20:27.442,416.7650041032082,1005
2024-09-18 15:20:27.446,416.8007501963236,11
2024-09-18 15:20:27.527,416.75071453359976,100
2024-09-18 15:20:27.550,416.7664346724421,1004
2024-09-18 15:20:27.588,416.77303423710543,1000
2024-09-18 15:20:27.732,416.8284435646224,99
2024-09-18 15:20:27.779,416.84162140835855,100
2024-09-18 15:20:27.813,,1005
2024-09-18 15:20:27.851,416.7544721429214,12
2024-09-18 15:20:27.916,416.7901971418713,7
2024-09-18 15:20:27.935,416.8035209945771,95
2024-09-18 15:20:27.945,416.78200847941577,100
2024-09-18 15:20:28.028,416.8317144309465,101
2024-09-18 15:20:28.066,416.8387916621741,15
2024-09-18 15:20:28.074,416.7810455386135,102
2024-09-18 15:20:28.083,416.7941861324933,104
2024-09-18 15:20:28.107,416.8147727063893,102
2024-09-18 15:20:28.244,416.8233089019525,97
2024-09-18 15:20:28.244,416.8086936952039,6
2024-09-18 15:20:28.319,416.81561618535886,14
2024-09-18 15:20:28.418,416.8025386725528,9
2024-09-18 15:20:28.464,416.79379814089873,95
2024-09-18 15:20:28.525,416.79344486498144,999
2024-09-18 15:20:28.612,416.8413426636705,102
2024-09-18 15:20:28.644,416.820165179582,100
2024-09-18 15:20:28.837,416.7723291282857,999
2024-09-18 15:20:28.890,416.7637454792128,12
2024-09-18 15:20:28.902,416.7734625938277,12
2024-09-18 15:20:28.908,416.8518480525547,1005
2024-09-18 15:20:28.988,416.8211753843368,1001
2024-09-18 15:20:29.030,416.8352247498132,1003
2024-09-18 15:20:29.047,416.82680744811455,997
2024-09-18 15:20:29.082,416.8389075608116,9
2024-09-18 15:20:29.205,416.8231629998463,995
2024-09-18 15:20:29.240,416.8558037434447,1001
2024-09-18 15:20:29.521,416.8247247699168,1002
2024-09-18 15:20:29.534,416.8076467220218,997
2024-09-18 15:20:29.537,416.8152692683884,5
2024-09-18 15:20:29.600,416.8562539967056,997
2024-09-18 15:20:29.697,416.8280014411018,95
2024-09-18 15:20:29.703,416.83019681644265,1002
2024-09-18 15:20:29.728,416.8105723232911,6
2024-09-18 15:20:29.738,416.8288451504196,1002
2024-09-18 15:20:29.789,416.8361174089019,1005
2024-09-18 15:20:29.896,416.84521158090826,11
2024-09-18 15:20:29.921,416.8145826852809,97
2024-09-18 15:20:29.942,416.8343176592117,1002
2024-09-18 15:20:30.020,416.8624905430975,105
2024-09-18 15:20:30.021,416.8356270839468,100
2024-09-18 15:20:30.043,416.86712781057673,99
2024-09-18 15:20:30.106,416.8347144818815,15
2024-09-18 15:20:30.192,416.8704712879928,96
2024-09-18 15:20:30.256,416.8645450323297,11
2024-09-18 15:20:30.270,416.8314253670491,15
2024-09-18 15:20:30.273,416.827809103032,996
2024-09-18 15:20:30.278,416.8524141515196,97
2024-09-18 15:20:30.280,416.87907766353567,1000
2024-09-18 15:20:30.419,416.8626723495451,8
2024-09-18 15:20:30.430,416.8313694602781,995
2024-09-18 15:20:30.488,416.8472489392008,996
2024-09-18 15:20:30.589,416.86296246813777,999
2024-09-18 15:20:30.591,416.84573450950944,7
2024-09-18 15:20:30.609,416.8161828483007,103
2024-09-18 15:20:30.718,416.8375200331953,103
2024-09-18 15:20:30.719,416.8478628628477,97
2024-09-18 15:20:30.839,416.8523065102048,1003
2024-09-18 15:20:30.876,416.8385314395616,15
2024-09-18 15:20:30.889,416.854767157402,100
2024-09-18 15:20:30.972,416.8537709453478,98
2024-09-18 15:20:32.016,416.778975836613,11
2024-09-18 15:20:32.030,416.8548954862338,999
2024-09-18 15:20:32.057,416.8854644632346,1003
2024-09-18 15:20:32.090,416.90611145577896,12
2024-09-18 15:20:32.094,416.8324215059727,5
2024-09-18 15:20:32.142,416.885127778744,1001
2024-09-18 15:20:32.152,416.91995531335584,8
2024-09-18 15:20:32.208,416.89614415598936,96
2024-09-18 15:20:32.437,416.8690204802896,10
2024-09-18 15:20:32.453,416.90949913025776,1000
2024-09-18 15:20:32.491,416.7939160873317,97
2024-09-18 15:20:32.599,416.8946763801962,103
2024-09-18 15:20:32.654,416.8817730699566,7
2024-09-18 15:20:32.703,416.7852699392578,13
2024-09-18 15:20:32.708,416.8594975958201,5
2024-09-18 15:20:32.721,416.8329038857701,95
2024-09-18 15:20:32.722,416.8515042938087,99
2024-09-18 15:20:32.742,,98
2024-09-18 15:20:32.773,416.7881070068875,99
2024-09-18 15:20:32.807,416.88531460470216,103
2024-09-18 15:20:32.816,416.86907029767,6
2024-09-18 15:20:32.854,416.8242224567359,8
2024-09-18 15:20:32.864,-416.7675969785205,998
2024-09-18 15:20:32.900,416.8846265257464,105
2024-09-18 15:20:32.933,416.8477423345788,995
2024-09-18 15:20:32.964,416.9137322093204,12
2024-09-18 15:20:33.064,416.7921389723068,95
2024-09-18 15:20:33.075,416.7647710293565,996
2024-09-18 15:20:33.133,416.8162882698505,5
2024-09-18 15:20:33.205,416.76664906857104,996
2024-09-18 15:20:33.225,416.8186942318597,1001
2024-09-18 15:20:33.325,416.8406599377944,1002
2024-09-18 15:20:33.432,416.7805012064841,995
2024-09-18 15:20:33.433,416.8061311520262,1001
2024-09-18 15:20:33.471,416.78418957593016,13
2024-09-18 15:20:33.488,416.7698355577601,1001
2024-09-18 15:20:33.489,416.8297132203599,1000
2024-09-18 15:20:33.538,416.76110243135867,1005
2024-09-18 15:20:33.549,416.8009614865902,96
2024-09-18 15:20:33.660,416.81856831344265,98
2024-09-18 15:20:33.790,416.7931543395087,12
2024-09-18 15:20:33.945,416.7973613132316,102
2024-09-18 15:20:33.956,416.81149876195167,997
2024-09-18 15:20:33.962,416.7882958933507,996
2024-09-18 15:20:34.306,416.78604749388063,102
2024-09-18 15:20:35.063,416.8076996560459,13
2024-09-18 15:20:35.109,416.77683967618674,1003
2024-09-18 15:20:35.268,416.7617086866688,8
2024-09-18 15:20:35.714,416.802379558958,101
2024-09-18 15:20:36.032,416.81095193763554,5
2024-09-18 15:20:36.033,416.8520449738355,996
2024-09-18 15:20:36.167,416.8788837796496,999
2024-09-18 15:20:36.264,416.8807598084471,1004
2024-09-18 15:20:36.291,416.8463208809761,1000
2024-09-18 15:20:36.442,416.8200078733982,99
2024-09-18 15:20:36.529,416.85082788083406,1002
2024-09-18 15:20:36.542,416.85738468730926,14
2024-09-18 15:20:36.545,416.84430392790057,104
2024-09-18 15:20:36.652,416.87167527280405,1000
2024-09-18 15:20:36.687,416.81327222746336,1003
2024-09-18 15:20:36.688,416.8524948740079,9
2024-09-18 15:20:36.802,416.8307822737129,10
2024-09-18 15:20:36.875,416.8157689414393,1005
2024-09-18 15:20:36.893,416.8200439062063,95
2024-09-18 15:20:36.943,416.8649794673085,995
2024-09-18 15:20:36.958,416.8523170145883,1003
2024-09-18 15:20:37.018,416.85664636114507,996
2024-09-18 15:20:37.072,416.8707203909003,102
2024-09-18 15:20:37.074,,105
2024-09-18 15:20:37.153,416.8660614690692,15
2024-09-18 15:20:37.274,416.8761761197736,99
2024-09-18 15:20:37.424,416.8687244149357,7
2024-09-18 15:20:37.435,416.85040993576615,998
2024-09-18 15:20:37.513,416.889178685004,12
2024-09-18 15:20:37.571,416.8803081565504,97
2024-09-18 15:20:37.582,416.86758147016826,6
2024-09-18 15:20:37.650,416.8629518285124,95
2024-09-18 15:20:37.681,416.8696157342567,1003
2024-09-18 15:20:37.698,,997
2024-09-18 15:20:37.952,416.887543687841,1005
2024-09-18 15:20:37.995,416.8460351522672,100
2024-09-18 15:20:38.024,416.88528014597966,6
2024-09-18 15:20:38.292,416.9044108463645,1002
2024-09-18 15:20:38.386,416.8877363710184,14
2024-09-18 15:20:38.474,,104
2024-09-18 15:20:38.501,416.8849759570216,101
2024-09-18 15:20:38.531,416.9026439905261,13
2024-09-18 15:20:38.613,416.8724458422427,12
2024-09-18 15:20:38.845,416.8643013352271,13
2024-09-18 15:20:38.948,416.8696690782661,6
2024-09-18 15:20:39.036,416.8346210384507,11
2024-09-18 15:20:39.087,416.8275254397473,101
2024-09-18 15:20:39.127,416.8378932687531,101
2024-09-18 15:20:39.170,416.8619651607633,10
2024-09-18 15:20:39.174,416.80171399383846,11
2024-09-18 15:20:39.249,416.8300297018489,5
2024-09-18 15:20:39.319,416.8300934369599,100
2024-09-18 15:20:39.325,416.8018841147673,98
2024-09-18 15:20:39.411,416.8193459933031,99
2024-09-18 15:20:39.641,416.81577110420847,102
2024-09-18 15:20:39.677,-416.83122655166176,14
2024-09-18 15:20:39.679,416.8077393146358,12
2024-09-18 15:20:39.728,416.8498120996182,1004
2024-09-18 15:20:39.773,416.8527848866313,1000
2024-09-18 15:20:39.810,416.8115813946221,101
2024-09-18 15:20:39.815,416.8181545893073,102
2024-09-18 15:20:39.911,416.8045986913232,95
2024-09-18 15:20:39.915,416.8239603028061,13
2024-09-18 15:20:39.916,416.8189407748469,998
2024-09-18 15:20:39.982,416.88258206735446,100
2024-09-18 15:20:40.016,416.88717770288537,1003
2024-09-18 15:20:40.085,416.8878333437668,95
2024-09-18 15:20:40.110,416.8390888540701,6
2024-09-18 15:20:40.114,416.88570325269296,96
2024-09-18 15:20:40.133,416.8111809677531,999
2024-09-18 15:20:40.194,416.9024981034008,7
2024-09-18 15:20:40.197,416.89855270095273,98
2024-09-18 15:20:40.232,416.8845270816337,6
2024-09-18 15:20:40.232,,102
2024-09-18 15:20:40.267,416.8739349401032,1005
2024-09-18 15:20:40.339,41.68470563120044,996
2024-09-18 15:20:40.449,416.93162722571947,12
2024-09-18 15:20:40.468,416.8736741840764,1002
2024-09-18 15:20:40.517,416.87712367436734,99
2024-09-18 15:20:40.529,416.8971465301213,10
2024-09-18 15:20:40.538,416.9170940629608,10
2024-09-18 15:20:40.575,416.9000872898188,9
2024-09-18 15:20:40.606,416.9097571627062,102
2024-09-18 15:20:40.659,416.9281498351008,998
2024-09-18 15:20:40.665,416.9304373400991,996
2024-09-18 15:20:40.724,416.819257359018,95
2024-09-18 15:20:40.774,416.787367191476,102
2024-09-18 15:20:40.796,416.80307850328086,97
2024-09-18 15:20:40.825,416.8239910854441,104
2024-09-18 15:20:40.919,416.9062738082774,997
2024-09-18 15:20:40.934,416.9263187966053,8
2024-09-18 15:20:40.974,416.8042877413007,995
2024-09-18 15:20:40.995,416.8321383941152,96
2024-09-18 15:20:41.020,416.9095956959648,11
2024-09-18 15:20:41.518,416.9078332325146,1003
2024-09-18 15:20:42.004,416.9211619858869,9
2024-09-18 15:20:42.025,416.95787459320695,1001
2024-09-18 15:20:42.082,417.0444310188279,1004
2024-09-18 15:20:42.129,,99
2024-09-18 15:20:42.137,416.936853192904,995
2024-09-18 15:20:42.235,416.9767047894121,15
2024-09-18 15:20:42.261,416.9282479286241,95
2024-09-18 15:20:42.333,417.00097296568856,12
2024-09-18 15:20:42.349,416.9586106454934,99
2024-09-18 15:20:42.500,417.0020204602109,98
2024-09-18 15:20:42.531,,96
2024-09-18 15:20:42.559,416.9603489361509,1001
2024-09-18 15:20:42.578,416.9974328068148,105
2024-09-18 15:20:42.593,416.9162108158997,96
2024-09-18 15:20:42.608,416.977149832446,96
2024-09-18 15:20:42.612,417.0160551677795,1004
2024-09-18 15:20:42.667,416.9208715431465,5
2024-09-18 15:20:42.671,416.9099069106831,11
2024-09-18 15:20:42.710,416.934780080843,7
2024-09-18 15:20:42.731,417.0464921124328,7
2024-09-18 15:20:42.779,416.9546298405502,1003
2024-09-18 15:20:42.895,417.04326729926674,1005
2024-09-18 15:20:42.919,417.0071436908706,14
2024-09-18 15:20:42.978,416.926060074604,1000
2024-09-18 15:20:43.130,417.0520966757266,6
2024-09-18 15:20:43.134,417.032202400943,998
2024-09-18 15:20:43.225,417.06445363919534,1005
2024-09-18 15:20:43.285,417.0579002062009,997
2024-09-18 15:20:43.334,417.0311068918617,1001
2024-09-18 15:20:43.636,417.0504134640541,11
2024-09-18 15:20:43.707,417.032520133245,10
2024-09-18 15:20:43.770,417.0718412915863,1004
2024-09-18 15:20:43.887,417.0354557349184,98
2024-09-18 15:20:44.029,417.0391958336094,14
2024-09-18 15:20:44.052,417.0389188061579,7
2024-09-18 15:20:44.108,417.0495181469763,99
2024-09-18 15:20:44.122,417.0348414818233,996
2024-09-18 15:20:44.139,417.03453488075576,100
2024-09-18 15:20:44.168,417.03357623174736,7
2024-09-18 15:20:44.182,417.0574472673184,102
2024-09-18 15:20:44.202,417.0407753807725,7
2024-09-18 15:20:44.231,417.06381346379663,1004
2024-09-18 15:20:44.280,417.03556415094414,999
2024-09-18 15:20:44.335,417.0099915171041,101
2024-09-18 15:20:44.376,417.0453630917964,101
2024-09-18 15:20:44.391,417.0270141058268,999
2024-09-18 15:20:44.497,417.0183531282434,6
2024-09-18 15:20:44.612,417.0698077081908,101
2024-09-18 15:20:44.619,417.03244677311886,998
2024-09-18 15:20:44.621,417.0457439458808,1003
2024-09-18 15:20:44.674,417.04622826162506,104
2024-09-18 15:20:44.680,417.0049615269921,1002
2024-09-18 15:20:44.680,417.0273333722876,997
2024-09-18 15:20:44.703,416.9951663894472,6
2024-09-18 15:20:44.756,417.0748995237368,1003
2024-09-18 15:20:44.831,417.0326489430916,999
2024-09-18 15:20:44.950,417.0583285217064,104
2024-09-18 15:20:45.054,417.0363944667022,7
2024-09-18 15:20:45.135,417.07465629819313,1005
2024-09-18 15:20:45.213,417.1141831741112,13
2024-09-18 15:20:45.222,417.0414395693271,5
2024-09-18 15:20:45.302,417.0229403683472,105
2024-09-18 15:20:45.309,417.0343498336968,6
2024-09-18 15:20:45.347,417.031515608578,998
2024-09-18 15:20:45.389,410.389090246103,98
2024-09-18 15:20:45.405,417.04686637194,101
2024-09-18 15:20:45.458,417.1029011035124,9
2024-09-18 15:20:45.478,417.029316570554,998
2024-09-18 15:20:45.491,417.0848541986022,6
2024-09-18 15:20:45.500,417.0771407859389,15
2024-09-18 15:20:45.551,,999
2024-09-18 15:20:45.567,417.05384769979736,10
2024-09-18 15:20:45.582,-417.0282484606623,102
2024-09-18 15:20:45.632,-417.0292501763681,104
2024-09-18 15:20:45.672,417.0334392418666,1004
2024-09-18 15:20:45.698,417.0359744958423,11
2024-09-18 15:20:45.703,417.0329561975001,1002
2024-09-18 15:20:45.736,417.0412901526674,1002
2024-09-18 15:20:45.790,417.043788082777,96
2024-09-18 15:20:45.797,417.08560703572016,14
2024-09-18 15:20:45.915,417.0315097416896,103
2024-09-18 15:20:46.018,417.116069037518,998
2024-09-18 15:20:46.106,-417.11310778173714,102
2024-09-18 15:20:46.133,417.16023123378665,6
2024-09-18 15:20:46.291,-417.1385415453109,12
2024-09-18 15:20:46.329,417.1260844352832,12
2024-09-18 15:20:46.330,417.1059742767296,96
2024-09-18 15:20:46.453,417.16075908192994,15
2024-09-18 15:20:46.575,417.1548016195156,12
2024-09-18 15:20:46.604,41.71539583634436,6
2024-09-18 15:20:46.695,417.1023043526312,104
2024-09-18 15:20:46.825,417.1418089829573,1000
2024-09-18 15:20:46.827,417.1298452493973,105
2024-09-18 15:20:47.022,,103
2024-09-18 15:20:47.041,417.1411006440153,105
2024-09-18 15:20:47.079,417.1619157646052,104
2024-09-18 15:20:47.095,417.13247041945874,99
2024-09-18 15:20:47.121,417.1540527431943,105
2024-09-18 15:20:47.178,417.14587210782975,15
2024-09-18 15:20:47.194,417.1470324469903,102
2024-09-18 15:20:47.194,417.1295733304914,100
2024-09-18 15:20:47.262,417.1491418477957,13
2024-09-18 15:20:47.313,417.147085708235,15
2024-09-18 15:20:47.397,417.1478684956524,1004
2024-09-18 15:20:47.472,417.15297572254593,999
2024-09-18 15:20:47.535,417.1549473347077,998
2024-09-18 15:20:47.558,417.1556504095653,103
2024-09-18 15:20:47.596,417.1358859276524,997
2024-09-18 15:20:47.832,417.14370531065725,6
2024-09-18 15:20:47.843,417.1599954918678,7
2024-09-18 15:20:47.960,417.1598043962514,100
2024-09-18 15:20:47.984,417.1430539790864,97
2024-09-18 15:20:47.992,417.1481693122722,102
2024-09-18 15:20:48.088,417.1705982325713,11
2024-09-18 15:20:48.132,-417.1680652107504,998
2024-09-18 15:20:48.218,417.1699409839234,997
2024-09-18 15:20:48.367,417.1719454311492,1000
2024-09-18 15:20:48.499,-417.17469972517085,100
2024-09-18 15:20:48.545,417.15940781856,104
2024-09-18 15:20:48.617,417.1575677804157,7
2024-09-18 15:20:48.751,417.1746279762148,105
2024-09-18 15:20:48.772,417.1770379584989,1001
2024-09-18 15:20:49.114,417.2173917051121,98
2024-09-18 15:20:49.114,417.16944108925503,9
2024-09-18 15:20:49.139,417.1764159617086,999
2024-09-18 15:20:49.148,417.1572261054319,12
2024-09-18 15:20:49.289,417.2007421353241,103
2024-09-18 15:20:49.329,417.1692425461104,9
2024-09-18 15:20:49.409,417.1846037529255,10
2024-09-18 15:20:49.885,417.20440844809104,997
2024-09-18 15:20:49.900,417.1630564276286,98
2024-09-18 15:20:50.343,417.2464632599881,13
2024-09-18 15:20:50.413,417.2280198436883,96
2024-09-18 15:20:50.490,417.2268853628213,102
2024-09-18 15:20:50.603,417.1902355349377,99
2024-09-18 15:20:50.675,417.2195445004402,999
2024-09-18 15:20:50.762,417.1961976648319,1000
2024-09-18 15:20:51.312,417.2366246556882,1004
2024-09-18 15:20:52.003,417.2224026626957,1000
2024-09-18 15:20:52.181,417.236131182551,12
2024-09-18 15:20:52.238,417.22825686537857,9
2024-09-18 15:20:52.267,417.2294495452359,12
2024-09-18 15:20:52.296,417.2282473300172,103
2024-09-18 15:20:52.322,417.2330838299346,9
2024-09-18 15:20:52.324,417.2166776622862,101
2024-09-18 15:20:52.477,417.2052109654837,100
2024-09-18 15:20:52.663,417.1974361837079,12
2024-09-18 15:20:52.680,417.2088954177808,105
2024-09-18 15:20:52.738,417.1673009375348,7
2024-09-18 15:20:52.774,417.210602945709,100
2024-09-18 15:20:52.780,417.182797433082,1003
2024-09-18 15:20:52.827,417.2415550906199,11
2024-09-18 15:20:52.882,417.1997913035688,996
2024-09-18 15:20:52.932,417.2207940225075,1004
2024-09-18 15:20:52.941,,1003
2024-09-18 15:20:52.967,417.2350175127226,98
2024-09-18 15:20:53.006,417.2663207326642,10
2024-09-18 15:20:53.029,417.23448007884406,1000
2024-09-18 15:20:53.191,417.2327955076432,7
2024-09-18 15:20:53.205,417.2535127874408,15
2024-09-18 15:20:53.272,417.2479283155212,14
2024-09-18 15:20:53.324,417.2251169735787,995
2024-09-18 15:20:53.326,417.2494560479383,1001
2024-09-18 15:20:53.419,417.2393461887455,6
2024-09-18 15:20:53.499,417.2479267222225,1000
2024-09-18 15:20:53.518,417.2044998073996,10
2024-09-18 15:20:53.533,417.249659216732,101
2024-09-18 15:20:53.540,417.24021763612086,105
2024-09-18 15:20:53.551,417.22860648666006,104
2024-09-18 15:20:53.619,417.2258256583678,13
2024-09-18 15:20:53.619,417.2532669299248,997
2024-09-18 15:20:53.658,417.182034925388,96
2024-09-18 15:20:53.677,417.23047007903085,105
2024-09-18 15:20:53.695,417.2609309995135,999
2024-09-18 15:20:53.715,417.2328584975179,12
2024-09-18 15:20:53.717,417.258983414556,11
2024-09-18 15:20:53.788,417.2350694420232,5
2024-09-18 15:20:53.798,417.2047609218501,105
2024-09-18 15:20:53.800,417.25332179782873,1005
2024-09-18 15:20:53.813,417.2552323510464,98
2024-09-18 15:20:53.841,417.2185576722948,9
2024-09-18 15:20:53.864,417.2359997673445,997
2024-09-18 15:20:53.947,417.24827535038384,95
2024-09-18 15:20:54.026,417.2097433400013,10
2024-09-18 15:20:54.048,417.2378566593727,998
2024-09-18 15:20:54.106,417.20852512092233,996
2024-09-18 15:20:54.152,417.233959269328,1003
2024-09-18 15:20:54.169,417.2224240700178,102
2024-09-18 15:20:54.202,417.2212328276508,12
2024-09-18 15:20:54.239,417.2035274845767,105
2024-09-18 15:20:54.270,41.72207630703015,15
2024-09-18 15:20:54.375,417.2124259019066,1001
2024-09-18 15:20:54.390,417.21917990075696,96
2024-09-18 15:20:54.401,417.2169380668661,103
2024-09-18 15:20:54.408,417.2307487800656,7
2024-09-18 15:20:54.445,417.2115246084378,1001
2024-09-18 15:20:54.457,417.216912180155,11
2024-09-18 15:20:54.549,417.2357074655891,1000
2024-09-18 15:20:54.562,417.2239548384209,12
2024-09-18 15:20:54.575,417.2183788415308,100
2024-09-18 15:20:54.601,417.2117503527096,15
2024-09-18 15:20:54.662,417.2215782364713,5
2024-09-18 15:20:54.693,417.2445610711716,995
2024-09-18 15:20:54.725,417.22331950953503,103
2024-09-18 15:20:54.771,417.1954585782395,103
2024-09-18 15:20:54.813,417.227890603132,14
2024-09-18 15:20:54.875,417.24624726617,96
2024-09-18 15:20:54.902,417.215627298193,99
2024-09-18 15:20:54.937,417.24548673800285,14
2024-09-18 15:20:55.005,417.21278217765416,96
2024-09-18 15:20:55.033,417.269530954886,96
2024-09-18 15:20:55.117,417.1900460715364,995
2024-09-18 15:20:55.165,417.2719577863314,999
2024-09-18 15:20:55.269,417.2774068989756,99
2024-09-18 15:20:55.327,417.2651976224225,1005
2024-09-18 15:20:55.403,417.24948247167,103
2024-09-18 15:20:55.447,417.2574069303868,14
2024-09-18 15:20:55.501,417.2261944601258,99
2024-09-18 15:20:55.513,417.2715464386405,98
2024-09-18 15:20:55.548,417.26928159061936,1000
2024-09-18 15:20:55.554,417.27498606381454,997
2024-09-18 15:20:55.558,417.245404292772,6
2024-09-18 15:20:55.705,417.22196956631103,12
2024-09-18 15:20:55.898,-417.2347675505691,1003
2024-09-18 15:20:55.933,417.2708343057574,998
2024-09-18 15:20:55.993,417.2247073282455,101
2024-09-18 15:20:56.127,417.20711568903033,997
2024-09-18 15:20:56.166,417.1602500363384,104
2024-09-18 15:20:56.172,417.1827522787471,105
2024-09-18 15:20:56.203,417.1644650731176,997
2024-09-18 15:20:56.204,417.26788835589787,1000
2024-09-18 15:20:56.232,417.1430664278641,101
2024-09-18 15:20:56.299,417.1710840668868,998
2024-09-18 15:20:56.301,417.1543373708436,100
2024-09-18 15:20:56.305,417.2307411422536,98
2024-09-18 15:20:56.454,417.1438127098935,1005
2024-09-18 15:20:56.459,417.2338088402351,12
2024-09-18 15:20:56.460,417.12930973577625,96
2024-09-18 15:20:56.474,417.1632629135135,1001
2024-09-18 15:20:56.505,417.2228134190547,15
2024-09-18 15:20:56.553,417.1734268435037,15
2024-09-18 15:20:56.559,417.1505796266613,14
2024-09-18 15:20:56.564,417.1736662859493,1005
2024-09-18 15:20:56.569,417.1590823016257,997
2024-09-18 15:20:56.595,417.1464760683271,15
2024-09-18 15:20:56.601,417.1637210984947,105
2024-09-18 15:20:56.611,417.16691279480347,97
2024-09-18 15:20:56.639,417.25237077192793,99
2024-09-18 15:20:56.679,417.16290158011,103
2024-09-18 15:20:56.917,417.1611869155046,998
2024-09-18 15:20:56.991,417.1456137914514,997
2024-09-18 15:20:57.065,417.1663571185401,998
2024-09-18 15:20:57.128,417.1732815559043,102
2024-09-18 15:20:57.331,417.1745024853432,14
2024-09-18 15:20:57.340,417.1809015393057,6
2024-09-18 15:20:57.377,417.1584747574804,12
2024-09-18 15:20:57.399,417.1637002977043,1004
2024-09-18 15:20:57.759,417.16591719333366,95
2024-09-18 15:20:57.858,417.1617015324724,99
2024-09-18 15:20:57.962,417.1687984286685,102
2024-09-18 15:20:57.976,417.1954581623276,7
2024-09-18 15:20:58.042,417.1883892341737,1002
2024-09-18 15:20:58.106,417.200675978714,1003
2024-09-18 15:20:58.176,417.1413102848792,99
2024-09-18 15:20:58.208,417.2230072881387,1000
2024-09-18 15:20:58.242,417.1728877741341,1001
2024-09-18 15:20:58.327,417.1654886235966,99
2024-09-18 15:20:58.341,417.1960551668275,99
2024-09-18 15:20:58.349,417.2040110636476,6
2024-09-18 15:20:58.399,417.2284365568908,10
2024-09-18 15:20:58.404,417.1882742783704,96
2024-09-18 15:20:58.527,417.23770161001903,104
2024-09-18 15:20:58.638,417.166146510734,100
2024-09-18 15:20:58.731,417.1422377560843,100
2024-09-18 15:20:58.774,417.1710708670922,8
2024-09-18 15:20:58.781,417.1983749868925,1001
2024-09-18 15:20:58.876,417.2163415109337,999
2024-09-18 15:20:59.456,417.1911343332076,997
2024-09-18 15:20:59.472,417.2001661029545,999
