Timestamp,Price,Size
2024-09-16 11:40:00.032,417.2791171918969,103
2024-09-16 11:40:00.164,417.2994511944652,1000
2024-09-16 11:40:00.175,417.31166354580944,105
2024-09-16 11:40:00.220,417.2928516671776,8
2024-09-16 11:40:00.271,417.3127298457818,995
2024-09-16 11:40:00.416,417.3274350312496,10
2024-09-16 11:40:00.429,417.3118911570082,104
2024-09-16 11:40:00.597,,5
2024-09-16 11:40:01.101,417.29717845128727,997
2024-09-16 11:40:01.113,417.2758535616375,1004
2024-09-16 11:40:01.320,417.272355146512,104
2024-09-16 11:40:01.463,417.29090670752186,104
2024-09-16 11:40:01.707,417.2908658671277,104
2024-09-16 11:40:01.765,417.289387873768,1005
2024-09-16 11:40:01.772,417.2737965960381,100
2024-09-16 11:40:01.859,417.28153932161,1003
2024-09-16 11:40:01.945,417.2758837702775,10
2024-09-16 11:40:02.017,417.2433362494126,98
2024-09-16 11:40:02.024,417.2957695994218,14
2024-09-16 11:40:02.129,417.2978299051703,103
2024-09-16 11:40:02.135,417.3240138293152,8
2024-09-16 11:40:02.136,417.2674563689071,97
2024-09-16 11:40:02.144,417.3039938697651,101
2024-09-16 11:40:02.244,417.3162112256911,995
2024-09-16 11:40:02.261,417.2748273609822,1002
2024-09-16 11:40:02.274,417.272489252826,103
2024-09-16 11:40:02.287,417.2645144139703,1004
2024-09-16 11:40:02.299,417.2747744545073,99
2024-09-16 11:40:02.320,417.276874070197,105
2024-09-16 11:40:02.334,417.2727646904848,103
2024-09-16 11:40:02.368,417.30268256666926,100
2024-09-16 11:40:02.394,417.2543564633143,1005
2024-09-16 11:40:02.444,417.28860916423343,6
2024-09-16 11:40:02.476,417.3129701436897,98
2024-09-16 11:40:02.540,417.3110404312965,1004
2024-09-16 11:40:02.604,417.27318275395805,95
2024-09-16 11:40:02.653,417.2370599645658,1004
2024-09-16 11:40:02.758,417.2919043242679,104
2024-09-16 11:40:02.797,417.3073194442448,100
2024-09-16 11:40:02.813,417.2602600276945,998
2024-09-16 11:40:02.849,417.25382802154513,1005
2024-09-16 11:40:02.857,417.2575973520484,1003
2024-09-16 11:40:02.889,417.27954808167686,8
2024-09-16 11:40:02.894,417.29961997866513,15
2024-09-16 11:40:02.943,417.2666602608053,14
2024-09-16 11:40:02.954,417.3135595295584,997
2024-09-16 11:40:02.954,417.2734758021636,1002
2024-09-16 11:40:03.315,417.3925464502148,102
2024-09-16 11:40:03.479,417.3954358779514,15
2024-09-16 11:40:03.522,417.38043248513566,100
2024-09-16 11:40:03.673,417.3478089321361,105
2024-09-16 11:40:03.692,417.3483361748483,98
2024-09-16 11:40:03.864,417.3983848213561,996
2024-09-16 11:40:04.047,417.38924838790126,1003
2024-09-16 11:40:04.054,417.3878793849835,995
2024-09-16 11:40:04.411,417.3756054638755,1003
2024-09-16 11:40:05.031,417.4099278064128,1001
2024-09-16 11:40:05.053,417.43429027490026,97
2024-09-16 11:40:05.108,417.38873137883945,1001
2024-09-16 11:40:05.277,417.4337417886047,995
2024-09-16 11:40:05.322,417.4028524510196,997
2024-09-16 11:40:05.324,417.3998424477484,1005
2024-09-16 11:40:05.432,417.426544870665,996
2024-09-16 11:40:05.550,417.3785994731287,1004
2024-09-16 11:40:05.573,417.4020314662081,100
2024-09-16 11:40:05.609,417.3993588697469,101
2024-09-16 11:40:05.696,417.4095380743276,102
2024-09-16 11:40:05.715,417.3899690997155,98
2024-09-16 11:40:05.715,417.3943267614796,996
2024-09-16 11:40:05.767,417.4051213798633,5
2024-09-16 11:40:05.830,417.4032030320047,103
2024-09-16 11:40:05.842,417.4293125296102,1002
2024-09-16 11:40:05.905,417.4190310073866,104
2024-09-16 11:40:05.937,417.4015996769172,103
2024-09-16 11:40:06.007,417.4079004024919,96
2024-09-16 11:40:06.071,417.37972424752223,100
2024-09-16 11:40:06.261,417.33700440726346,95
2024-09-16 11:40:06.295,41.74213240399912,1005
2024-09-16 11:40:06.536,417.3772893803724,98
2024-09-16 11:40:06.551,417.358220721772,99
2024-09-16 11:40:06.596,417.34302546315786,102
2024-09-16 11:40:06.845,417.38703310135776,996
2024-09-16 11:40:06.949,417.41252251054135,97
2024-09-16 11:40:07.002,417.3715315264498,997
2024-09-16 11:40:07.021,417.4071161425168,103
2024-09-16 11:40:07.075,417.400972554504,97
2024-09-16 11:40:07.098,,99
2024-09-16 11:40:07.110,417.38034754416,13
2024-09-16 11:40:07.168,417.3249309791759,9
2024-09-16 11:40:07.196,417.3408355947085,98
2024-09-16 11:40:07.284,417.3982384680673,99
2024-09-16 11:40:07.286,417.33560904705394,102
2024-09-16 11:40:07.310,417.3737149925592,1000
2024-09-16 11:40:07.332,417.3984933800226,1001
2024-09-16 11:40:07.358,417.3874875437987,1001
2024-09-16 11:40:07.364,417.3602709510273,10
2024-09-16 11:40:07.377,417.370825088889,1003
2024-09-16 11:40:07.404,417.3761537283335,1004
2024-09-16 11:40:07.435,417.3569751591424,1003
2024-09-16 11:40:07.457,417.3664757197442,99
2024-09-16 11:40:07.490,417.3829495243453,13
2024-09-16 11:40:07.493,417.3282884167339,1002
2024-09-16 11:40:07.512,417.3996062544126,9
2024-09-16 11:40:07.517,417.3516970757461,998
2024-09-16 11:40:07.612,417.3371090044754,13
2024-09-16 11:40:07.613,417.33573658967913,1002
2024-09-16 11:40:07.615,417.380405227811,1001
2024-09-16 11:40:07.661,417.3451224889232,995
2024-09-16 11:40:07.728,417.31895713447256,995
2024-09-16 11:40:07.786,417.3629384817944,12
2024-09-16 11:40:07.823,417.3870941323658,13
2024-09-16 11:40:07.978,417.3804205193143,102
2024-09-16 11:40:08.011,417.4180853312108,8
2024-09-16 11:40:08.065,417.38999086908353,13
2024-09-16 11:40:08.076,417.3954322000216,996
2024-09-16 11:40:08.118,417.42472153201845,1003
2024-09-16 11:40:08.120,417.4031705287157,103
2024-09-16 11:40:08.129,-417.4027759971257,99
2024-09-16 11:40:08.142,417.4100829160141,996
2024-09-16 11:40:08.158,417.4096270826729,99
2024-09-16 11:40:08.187,417.4067586993842,1001
2024-09-16 11:40:08.189,417.404270467872,15
2024-09-16 11:40:08.236,417.3995840076626,13
2024-09-16 11:40:08.298,417.419982950138,5
2024-09-16 11:40:08.360,417.4319998463058,103
2024-09-16 11:40:08.400,417.4097000752548,1000
2024-09-16 11:40:08.419,417.4260563203172,995
2024-09-16 11:40:08.475,417.39880661114944,102
2024-09-16 11:40:08.496,417.4002006254307,9
2024-09-16 11:40:08.499,417.421219123484,105
2024-09-16 11:40:08.519,417.4009481138548,95
2024-09-16 11:40:08.531,417.4095480703124,6
2024-09-16 11:40:08.552,417.4313640960637,105
2024-09-16 11:40:08.583,417.414196616058,99
2024-09-16 11:40:08.583,417.3756571611447,98
2024-09-16 11:40:08.848,417.4270193751098,101
2024-09-16 11:40:08.855,417.4374540891586,1005
2024-09-16 11:40:08.902,417.4150036174349,1001
2024-09-16 11:40:08.924,,1005
2024-09-16 11:40:08.952,417.42048603053735,96
2024-09-16 11:40:08.963,417.4045561315039,1000
2024-09-16 11:40:08.971,417.421119114053,105
2024-09-16 11:40:09.177,417.4121386245293,1001
2024-09-16 11:40:09.555,417.4128124000421,1000
2024-09-16 11:40:10.091,417.3942094589337,9
2024-09-16 11:40:10.162,417.38783272216153,95
2024-09-16 11:40:10.218,417.4242816763129,5
2024-09-16 11:40:10.249,417.46785547694526,102
2024-09-16 11:40:10.313,417.4681163264642,1002
2024-09-16 11:40:10.317,417.4855346035733,103
2024-09-16 11:40:10.360,417.4701232329457,13
2024-09-16 11:40:10.365,417.4704780040912,1000
2024-09-16 11:40:10.391,417.40581532618353,999
2024-09-16 11:40:10.482,417.411205434937,104
2024-09-16 11:40:10.483,417.4309833739235,101
2024-09-16 11:40:10.511,417.45942950799343,12
2024-09-16 11:40:10.545,417.4452050991503,105
2024-09-16 11:40:10.565,417.3961004144357,95
2024-09-16 11:40:10.642,-417.4723228846957,9
2024-09-16 11:40:10.653,417.396868895318,98
2024-09-16 11:40:10.657,417.4053334508443,998
2024-09-16 11:40:10.695,417.4158306949256,99
2024-09-16 11:40:10.728,417.38794790010337,1000
2024-09-16 11:40:10.785,417.478488023257,105
2024-09-16 11:40:10.789,417.4856930509616,96
2024-09-16 11:40:10.804,417.4794653604436,8
2024-09-16 11:40:10.893,417.40397059466864,14
2024-09-16 11:40:10.897,417.47811979473846,11
2024-09-16 11:40:11.076,417.52536295382674,101
2024-09-16 11:40:11.084,417.4799138138391,96
2024-09-16 11:40:11.101,417.4892949721224,1005
2024-09-16 11:40:11.283,417.4904747960411,1005
2024-09-16 11:40:11.316,417.4889966263493,101
2024-09-16 11:40:11.358,417.5241049594724,999
2024-09-16 11:40:11.405,417.4919006170701,995
2024-09-16 11:40:11.486,417.48617877465176,1002
2024-09-16 11:40:11.504,417.4854912311032,96
2024-09-16 11:40:11.528,417.4913370677442,1002
2024-09-16 11:40:11.623,417.4965694767064,996
2024-09-16 11:40:11.638,417.4938803549989,99
2024-09-16 11:40:11.693,417.4826404938862,105
2024-09-16 11:40:11.795,,10
2024-09-16 11:40:11.831,417.5017245847533,1004
2024-09-16 11:40:11.840,417.50016426730514,103
2024-09-16 11:40:11.878,417.4791455519826,104
2024-09-16 11:40:11.895,417.49796124651294,1003
2024-09-16 11:40:11.962,,6
2024-09-16 11:40:11.970,417.4863913614971,103
2024-09-16 11:40:12.031,417.4958283664118,15
2024-09-16 11:40:12.115,417.50112918618015,13
2024-09-16 11:40:12.147,417.4582186405913,98
2024-09-16 11:40:12.157,417.5376412826406,1003
2024-09-16 11:40:12.158,417.4787237559596,100
2024-09-16 11:40:12.234,417.540494709954,14
2024-09-16 11:40:12.305,417.5343019757553,10
2024-09-16 11:40:12.313,417.508988191433,6
2024-09-16 11:40:12.451,417.4952760333948,11
2024-09-16 11:40:12.456,417.4992040595291,11
2024-09-16 11:40:12.493,417.4766948359182,1002
2024-09-16 11:40:12.552,417.52127471079166,6
2024-09-16 11:40:12.567,417.4403664149228,8
2024-09-16 11:40:12.583,417.4782455980053,11
2024-09-16 11:40:12.606,417.4250301826615,98
2024-09-16 11:40:12.608,417.4846295508465,1005
2024-09-16 11:40:12.685,417.43924656609374,103
2024-09-16 11:40:12.692,417.50811701931616,1003
2024-09-16 11:40:12.720,417.5380140023868,103
2024-09-16 11:40:12.768,417.4994237612983,99
2024-09-16 11:40:12.805,417.46716700188,995
2024-09-16 11:40:12.828,417.5276940406643,1002
2024-09-16 11:40:12.851,417.54253597101774,99
2024-09-16 11:40:12.852,417.5237524170532,1000
2024-09-16 11:40:12.852,417.51097805399456,101
2024-09-16 11:40:12.863,417.5058778953997,103
2024-09-16 11:40:12.865,417.5116991461002,8
2024-09-16 11:40:12.901,417.5068121401395,6
2024-09-16 11:40:13.005,417.5276816241205,101
2024-09-16 11:40:13.017,417.4068734253126,5
2024-09-16 11:40:13.074,417.4151043798464,95
2024-09-16 11:40:13.093,417.4231547179572,12
2024-09-16 11:40:13.286,417.46944556976064,12
2024-09-16 11:40:13.329,417.4253443851587,5
2024-09-16 11:40:13.416,417.4682675435597,9
2024-09-16 11:40:13.437,417.4550728472981,11
2024-09-16 11:40:13.460,417.5010323393829,101
2024-09-16 11:40:13.462,417.4649109639866,5
2024-09-16 11:40:13.469,417.4242673996148,996
2024-09-16 11:40:13.477,417.5196066407708,15
2024-09-16 11:40:13.536,417.43033233242494,1001
2024-09-16 11:40:13.562,417.4615603405163,100
2024-09-16 11:40:13.571,417.39320570183,1004
2024-09-16 11:40:13.571,417.3818419195493,11
2024-09-16 11:40:13.598,417.4070548483508,97
2024-09-16 11:40:13.649,417.44024392755153,995
2024-09-16 11:40:13.658,417.4194663002748,12
2024-09-16 11:40:13.662,417.451797960529,97
2024-09-16 11:40:13.664,417.430483970104,1004
2024-09-16 11:40:13.724,417.4343258533037,998
2024-09-16 11:40:13.729,417.43302637947903,1004
2024-09-16 11:40:13.794,417.5166710197356,97
2024-09-16 11:40:13.805,417.4259187114981,996
2024-09-16 11:40:13.865,417.4029938742853,995
2024-09-16 11:40:13.870,417.4724244586277,14
2024-09-16 11:40:13.909,417.4279681357377,7
2024-09-16 11:40:13.975,-417.4663753846642,12
2024-09-16 11:40:13.987,417.5126800475657,1004
2024-09-16 11:40:14.068,417.5282716073495,98
2024-09-16 11:40:14.074,417.5067690921081,1001
2024-09-16 11:40:14.165,417.5494966085976,1003
2024-09-16 11:40:14.200,417.5280054322696,1004
2024-09-16 11:40:14.278,417.5518787568291,999
2024-09-16 11:40:14.389,417.48185140449215,1001
2024-09-16 11:40:14.423,417.53705821504377,14
2024-09-16 11:40:14.430,417.523592262755,8
2024-09-16 11:40:14.434,417.5018202494397,99
2024-09-16 11:40:14.577,417.5400627820237,996
2024-09-16 11:40:14.582,417.526342800442,998
2024-09-16 11:40:14.652,417.4992158051096,9
2024-09-16 11:40:14.676,417.5572768159528,101
2024-09-16 11:40:14.698,417.5713206261311,13
2024-09-16 11:40:14.705,417.5395311101384,7
2024-09-16 11:40:14.872,417.50333469714826,95
2024-09-16 11:40:14.958,417.53364457486975,102
2024-09-16 11:40:14.975,-417.4892422935571,8
2024-09-16 11:40:15.002,417.518629821047,1001
2024-09-16 11:40:15.075,417.5173208856115,6
2024-09-16 11:40:15.120,417.5392193553172,997
2024-09-16 11:40:15.160,417.5336495383854,98
2024-09-16 11:40:15.168,417.484316372176,1002
2024-09-16 11:40:15.188,417.506539487628,15
2024-09-16 11:40:15.218,417.5451327018306,996
2024-09-16 11:40:15.268,,1004
2024-09-16 11:40:15.276,417.5110482161688,998
2024-09-16 11:40:15.338,417.5383922961229,1001
2024-09-16 11:40:15.361,417.5417140001039,98
2024-09-16 11:40:15.447,417.5440618360291,102
2024-09-16 11:40:15.447,417.4927391967188,11
2024-09-16 11:40:15.561,417.5098962017352,105
2024-09-16 11:40:15.693,417.5187857929815,13
2024-09-16 11:40:15.737,417.5260647412896,997
2024-09-16 11:40:15.745,417.5520209162832,105
2024-09-16 11:40:15.747,417.5073390909888,7
2024-09-16 11:40:15.760,417.4834154552066,101
2024-09-16 11:40:15.787,417.53996240137167,5
2024-09-16 11:40:15.798,417.522600391202,103
2024-09-16 11:40:15.810,417.513417919276,102
2024-09-16 11:40:15.860,417.5491380532231,6
2024-09-16 11:40:15.882,417.5137102333697,102
2024-09-16 11:40:15.920,417.5233179048597,96
2024-09-16 11:40:15.928,417.4864570898882,100
2024-09-16 11:40:15.929,417.5394160311356,996
2024-09-16 11:40:15.993,417.515511369076,10
2024-09-16 11:40:15.994,417.56752960903617,1000
2024-09-16 11:40:15.995,417.5138662938815,1004
2024-09-16 11:40:16.052,417.44240952056185,1004
2024-09-16 11:40:16.075,417.4507502726532,14
2024-09-16 11:40:16.094,417.4484226883861,103
2024-09-16 11:40:16.236,417.4893822001944,997
2024-09-16 11:40:16.238,417.4436827389365,101
2024-09-16 11:40:16.244,417.4580887041389,10
2024-09-16 11:40:16.292,417.4392004083505,97
2024-09-16 11:40:16.458,417.4469677565338,97
2024-09-16 11:40:16.458,417.43947493220855,997
2024-09-16 11:40:16.473,417.4476269595653,103
2024-09-16 11:40:16.591,417.46367660178726,103
2024-09-16 11:40:16.592,417.49282498002697,11
2024-09-16 11:40:16.636,417.4412042728859,95
2024-09-16 11:40:16.675,417.4714822953184,100
2024-09-16 11:40:16.679,417.4745722524321,97
2024-09-16 11:40:16.717,417.4958699044241,95
2024-09-16 11:40:16.727,417.4491791055361,995
2024-09-16 11:40:16.819,417.4848096638061,6
2024-09-16 11:40:16.843,417.44484533143975,14
2024-09-16 11:40:16.862,417.4380739291448,1003
2024-09-16 11:40:17.854,417.4943355923511,1000
2024-09-16 11:40:18.064,417.5135659840509,5
2024-09-16 11:40:18.121,417.508474196396,8
2024-09-16 11:40:18.135,417.52022625780506,101
2024-09-16 11:40:18.156,417.5114655618497,1003
2024-09-16 11:40:18.223,417.5073087240152,1000
2024-09-16 11:40:18.253,417.4854619639911,1005
2024-09-16 11:40:18.256,417.493058924423,7
2024-09-16 11:40:18.335,417.51459421325217,103
2024-09-16 11:40:18.373,417.51200434376426,99
2024-09-16 11:40:18.578,417.4863796906987,1000
2024-09-16 11:40:18.578,417.5189268696185,98
2024-09-16 11:40:18.592,417.4953436030503,15
2024-09-16 11:40:18.612,417.48889119912747,6
2024-09-16 11:40:18.618,417.5085032754573,95
2024-09-16 11:40:18.729,417.5035910334468,101
2024-09-16 11:40:18.735,417.51515314499176,1004
2024-09-16 11:40:18.779,417.50956054260905,7
2024-09-16 11:40:18.783,417.501111197112,998
2024-09-16 11:40:18.802,417.5240018356288,1005
2024-09-16 11:40:18.835,417.5354895291983,103
2024-09-16 11:40:18.837,417.4946759420209,104
2024-09-16 11:40:18.861,417.4814014796352,14
2024-09-16 11:40:18.918,417.5233657700344,15
2024-09-16 11:40:18.948,417.5253093394767,99
2024-09-16 11:40:18.979,417.4903000610968,99
2024-09-16 11:40:18.990,417.494470273111,96
2024-09-16 11:40:19.252,417.5292715220265,96
2024-09-16 11:40:19.349,417.4988061615127,9
2024-09-16 11:40:19.356,417.56585678133945,102
2024-09-16 11:40:19.408,417.5621841110213,998
2024-09-16 11:40:19.598,417.5956923392176,13
2024-09-16 11:40:19.617,417.5690622770304,998
2024-09-16 11:40:19.621,417.5798850431733,5
2024-09-16 11:40:19.636,417.5225109565717,6
2024-09-16 11:40:19.639,417.5802068103199,1000
2024-09-16 11:40:19.750,417.5935217602378,99
2024-09-16 11:40:19.817,417.564874870167,995
2024-09-16 11:40:19.833,417.5869121725809,997
2024-09-16 11:40:19.837,417.53572651042384,99
2024-09-16 11:40:19.869,417.5635574583204,995
2024-09-16 11:40:19.871,417.5110774762356,13
2024-09-16 11:40:19.900,417.59239137838097,13
2024-09-16 11:40:19.922,417.5720326863308,98
2024-09-16 11:40:19.974,417.5785452257989,997
2024-09-16 11:40:19.996,417.5626168058474,97
2024-09-16 11:40:20.236,417.56330475389456,11
2024-09-16 11:40:20.295,417.5571842514164,1004
2024-09-16 11:40:20.317,417.5549922697045,8
2024-09-16 11:40:20.361,417.5844822343738,12
2024-09-16 11:40:20.550,417.5830183869005,998
2024-09-16 11:40:20.564,417.5654853149768,1005
2024-09-16 11:40:20.605,417.552439293768,995
2024-09-16 11:40:20.862,417.5744517611702,102
2024-09-16 11:40:20.881,417.5672660466492,998
2024-09-16 11:40:21.594,417.5863187208335,15
2024-09-16 11:40:22.003,417.61414592417503,5
2024-09-16 11:40:23.041,417.5972110593869,998
2024-09-16 11:40:23.092,417.60797072146255,1003
2024-09-16 11:40:23.140,417.5722797691301,996
2024-09-16 11:40:23.149,417.5628314860731,6
2024-09-16 11:40:23.155,417.58268212634704,1000
2024-09-16 11:40:23.203,417.5925227048209,10
2024-09-16 11:40:23.225,417.6241398553089,105
2024-09-16 11:40:23.229,417.5623752659127,15
2024-09-16 11:40:23.286,417.630968372911,12
2024-09-16 11:40:23.293,417.571648092031,1001
2024-09-16 11:40:23.296,417.6078414659432,5
2024-09-16 11:40:23.346,417.6228349840973,998
2024-09-16 11:40:23.392,417.61906112488754,997
2024-09-16 11:40:23.467,-417.6070321784094,1001
2024-09-16 11:40:23.499,417.6028035943697,11
2024-09-16 11:40:23.540,417.599515958593,7
2024-09-16 11:40:23.582,417.58223718806977,12
2024-09-16 11:40:23.586,417.5704045044408,5
2024-09-16 11:40:23.599,417.5575762287343,1005
2024-09-16 11:40:23.644,417.6107539559493,104
2024-09-16 11:40:23.701,417.6070750482562,1003
2024-09-16 11:40:23.776,417.5707929082978,98
2024-09-16 11:40:23.795,417.59710114950434,10
2024-09-16 11:40:23.870,417.6364473767471,1003
2024-09-16 11:40:23.871,417.584722660208,12
2024-09-16 11:40:23.892,417.6146120736712,100
2024-09-16 11:40:23.926,417.5587466111055,996
2024-09-16 11:40:24.125,417.5888135828513,102
2024-09-16 11:40:24.164,417.6150792234533,11
2024-09-16 11:40:24.212,417.7397553924018,1000
2024-09-16 11:40:24.252,417.7002496637559,1005
2024-09-16 11:40:24.255,417.62039648162846,95
2024-09-16 11:40:24.266,417.6744698386466,7
2024-09-16 11:40:24.276,417.7199887704778,97
2024-09-16 11:40:24.331,417.6243059449736,1004
2024-09-16 11:40:24.339,417.6142535774303,995
2024-09-16 11:40:24.356,417.6314714940177,6
2024-09-16 11:40:24.471,,1001
2024-09-16 11:40:24.499,417.63776624963566,1000
2024-09-16 11:40:24.507,417.717378474119,996
2024-09-16 11:40:24.605,417.6923829203619,101
2024-09-16 11:40:24.615,417.6579762183039,96
2024-09-16 11:40:24.655,417.6986061639413,8
2024-09-16 11:40:24.717,417.6993733298802,9
2024-09-16 11:40:24.726,417.6830154130381,1003
2024-09-16 11:40:24.734,417.72258419001065,105
2024-09-16 11:40:24.809,417.60053291456165,998
2024-09-16 11:40:24.931,417.6219083411941,8
2024-09-16 11:40:24.980,417.7093887649913,97
2024-09-16 11:40:24.988,417.6229766757757,6
2024-09-16 11:40:25.102,417.7294416581683,6
2024-09-16 11:40:25.239,417.7323877317932,12
2024-09-16 11:40:25.251,417.7368241457858,1000
2024-09-16 11:40:25.264,417.7722503086017,104
2024-09-16 11:40:25.295,417.77915757876,8
2024-09-16 11:40:25.306,417.75866514140415,98
2024-09-16 11:40:25.337,417.71837527557926,1002
2024-09-16 11:40:25.474,417.74287546608696,11
2024-09-16 11:40:25.565,417.7261112575472,99
2024-09-16 11:40:25.709,417.746613793818,104
2024-09-16 11:40:25.855,417.7282502690937,11
2024-09-16 11:40:25.863,417.7723009387404,96
2024-09-16 11:40:25.869,417.7726640198725,5
2024-09-16 11:40:25.881,417.7501995295447,103
2024-09-16 11:40:25.976,417.7277248098079,1005
2024-09-16 11:40:25.976,417.75937398583096,99
2024-09-16 11:40:26.151,417.7052480195616,997
2024-09-16 11:40:26.182,417.707606445682,102
2024-09-16 11:40:26.325,417.677697652903,995
2024-09-16 11:40:26.405,417.7294924250822,1002
2024-09-16 11:40:26.414,417.71632906672073,96
2024-09-16 11:40:26.506,417.7093559722598,996
2024-09-16 11:40:26.540,417.69645723854575,997
2024-09-16 11:40:26.620,417.72758984949706,95
2024-09-16 11:40:26.711,417.66018364134976,10
2024-09-16 11:40:26.769,417.6892970299999,997
2024-09-16 11:40:26.868,-417.72534440219016,99
2024-09-16 11:40:26.877,417.6893827369033,99
2024-09-16 11:40:26.924,417.6751139387496,999
2024-09-16 11:40:26.937,417.71118000338174,999
2024-09-16 11:40:26.945,417.6768511914343,101
2024-09-16 11:40:27.151,417.6397316337045,1000
2024-09-16 11:40:27.163,417.64888736435785,11
2024-09-16 11:40:27.182,417.6538895943628,103
2024-09-16 11:40:27.227,417.6701818039756,7
2024-09-16 11:40:27.254,417.6602145191234,996
2024-09-16 11:40:27.352,417.6808451349689,100
2024-09-16 11:40:27.362,417.6494802700735,98
2024-09-16 11:40:27.387,417.6687539817668,999
2024-09-16 11:40:27.406,417.6795827794016,14
2024-09-16 11:40:27.463,417.6678502899678,15
2024-09-16 11:40:27.627,417.66184869255096,997
2024-09-16 11:40:27.795,417.6558908689442,12
2024-09-16 11:40:27.807,417.6869282197831,9
2024-09-16 11:40:27.816,417.66961131887024,7
2024-09-16 11:40:27.943,417.67065156739335,5
2024-09-16 11:40:28.006,417.69644751956207,5
2024-09-16 11:40:28.012,417.6763837681532,1002
2024-09-16 11:40:28.091,417.6714687961062,100
2024-09-16 11:40:28.204,417.6645718567389,102
2024-09-16 11:40:28.358,417.6749292731343,103
2024-09-16 11:40:28.412,,105
2024-09-16 11:40:28.549,417.6184073864003,1003
2024-09-16 11:40:28.683,417.68473081093015,1005
2024-09-16 11:40:28.698,417.6788918547559,1005
2024-09-16 11:40:28.733,417.6651042871863,104
2024-09-16 11:40:28.759,417.62407324520353,100
2024-09-16 11:40:28.789,417.6700125464269,13
2024-09-16 11:40:28.862,417.6940683621127,105
2024-09-16 11:40:29.091,417.6338686885136,105
2024-09-16 11:40:29.279,417.6383717610704,8
2024-09-16 11:40:29.630,-417.6462236838223,10
2024-09-16 11:40:29.646,417.6387922060906,9
2024-09-16 11:40:29.656,417.6504347768671,103
2024-09-16 11:40:29.909,417.6369505159191,1002
2024-09-16 11:40:30.057,417.6362545668672,6
2024-09-16 11:40:30.134,417.6387560721846,12
2024-09-16 11:40:30.140,417.5949080112418,7
2024-09-16 11:40:30.148,417.61801015564834,15
2024-09-16 11:40:30.240,417.6349869016189,996
2024-09-16 11:40:30.394,417.6175072251027,999
2024-09-16 11:40:30.435,417.6355591818512,102
2024-09-16 11:40:30.494,417.6136399576197,99
2024-09-16 11:40:30.504,417.6250754792654,1003
2024-09-16 11:40:30.532,417.6099648729155,5
2024-09-16 11:40:30.539,417.6059815663376,95
2024-09-16 11:40:30.673,417.6302045723245,95
2024-09-16 11:40:30.686,417.6241163531532,5
2024-09-16 11:40:30.734,-417.6396370716765,97
2024-09-16 11:40:30.888,417.6128354529631,97
2024-09-16 11:40:30.900,417.6323976834716,9
2024-09-16 11:40:30.925,417.6045010270362,101
2024-09-16 11:40:30.937,417.6202757580541,105
2024-09-16 11:40:30.995,417.6149141355058,101
2024-09-16 11:40:31.027,417.5924910675068,99
2024-09-16 11:40:31.058,417.5942522554717,9
2024-09-16 11:40:31.107,417.5818712834063,12
2024-09-16 11:40:31.179,417.6243972826175,998
2024-09-16 11:40:31.214,417.6004910557306,11
2024-09-16 11:40:31.251,417.5297403995559,15
2024-09-16 11:40:31.275,417.5855259963488,1005
2024-09-16 11:40:31.277,417.59562247708857,102
2024-09-16 11:40:31.300,417.590957040935,9
2024-09-16 11:40:31.329,417.51665206382455,14
2024-09-16 11:40:31.332,417.5549909148312,997
2024-09-16 11:40:31.347,417.5885087485711,995
2024-09-16 11:40:31.350,417.6249518738639,8
2024-09-16 11:40:31.416,417.5767220421148,14
2024-09-16 11:40:31.422,417.5705364161236,9
2024-09-16 11:40:31.482,417.5349626648521,97
2024-09-16 11:40:31.494,417.5633484567158,1001
2024-09-16 11:40:31.503,417.5286041366051,1005
2024-09-16 11:40:31.546,417.519107151784,13
2024-09-16 11:40:31.558,417.54892590632943,105
2024-09-16 11:40:31.579,417.5573406940345,996
2024-09-16 11:40:31.585,417.5570561505708,14
2024-09-16 11:40:31.599,417.5842255921296,15
2024-09-16 11:40:31.607,417.6051775718885,15
2024-09-16 11:40:31.621,417.5592185841917,95
2024-09-16 11:40:31.666,417.56408386009406,12
2024-09-16 11:40:31.737,417.5547713947149,13
2024-09-16 11:40:31.793,417.6355606884701,5
2024-09-16 11:40:31.850,417.5547139149766,105
2024-09-16 11:40:31.990,417.6034132228833,97
2024-09-16 11:40:32.129,417.5906725273556,15
2024-09-16 11:40:32.207,417.6025143663776,1001
2024-09-16 11:40:32.578,417.5853873766195,1001
2024-09-16 11:40:32.636,417.6159462031176,14
2024-09-16 11:40:32.665,417.5930638432818,1002
2024-09-16 11:40:32.807,417.6036972630632,104
2024-09-16 11:40:32.911,417.5835819385268,5
2024-09-16 11:40:32.919,417.5980239356306,105
2024-09-16 11:40:32.922,417.5915628126004,95
2024-09-16 11:40:32.951,417.5990518139136,7
2024-09-16 11:40:33.003,417.6980859308746,998
2024-09-16 11:40:33.036,417.737254442607,102
2024-09-16 11:40:33.087,417.6291951651244,11
2024-09-16 11:40:33.188,417.6319390331498,15
2024-09-16 11:40:33.225,417.726234530727,96
2024-09-16 11:40:33.239,417.7266053558478,98
2024-09-16 11:40:33.245,417.6151506936042,6
2024-09-16 11:40:33.258,417.6104279296302,1001
2024-09-16 11:40:33.285,417.7381852331037,1003
2024-09-16 11:40:33.324,417.73420728472087,1002
2024-09-16 11:40:33.328,417.6322224961122,1000
2024-09-16 11:40:33.339,417.71809970976864,8
2024-09-16 11:40:33.448,417.7522691112539,1003
2024-09-16 11:40:33.494,417.7254029935328,101
2024-09-16 11:40:33.637,417.6270993542637,15
2024-09-16 11:40:33.657,417.61522713521566,13
2024-09-16 11:40:33.658,417.6206896254543,996
2024-09-16 11:40:33.660,417.6723968454596,996
2024-09-16 11:40:33.667,417.6597210017616,996
2024-09-16 11:40:33.730,417.7576053385469,9
2024-09-16 11:40:33.785,417.74136654677847,1000
2024-09-16 11:40:33.799,417.6245155743004,99
2024-09-16 11:40:33.852,417.6059678058406,998
2024-09-16 11:40:35.083,417.7461404006618,1001
2024-09-16 11:40:35.083,417.7890987088035,1000
2024-09-16 11:40:35.208,417.7394481216282,15
2024-09-16 11:40:35.266,417.7924604376436,13
2024-09-16 11:40:35.656,417.7331083703373,997
2024-09-16 11:40:35.670,417.7845309081683,104
2024-09-16 11:40:35.691,417.7481222478208,102
2024-09-16 11:40:35.805,417.742569934905,99
2024-09-16 11:40:35.907,417.7471719047563,996
2024-09-16 11:40:35.959,417.7367486884178,1002
2024-09-16 11:40:36.023,417.7800921235069,100
2024-09-16 11:40:36.025,417.7713048114411,998
2024-09-16 11:40:36.040,417.8046265833824,13
2024-09-16 11:40:36.061,417.7748705555428,1004
2024-09-16 11:40:36.181,417.78714542459886,95
2024-09-16 11:40:36.296,417.7704488415817,13
2024-09-16 11:40:36.398,417.7816439834007,996
2024-09-16 11:40:36.411,417.8016833900678,96
2024-09-16 11:40:36.426,417.7801784856149,96
2024-09-16 11:40:36.437,417.8047554191244,996
2024-09-16 11:40:36.459,417.8106589239134,15
2024-09-16 11:40:36.487,417.8025163298987,997
2024-09-16 11:40:36.630,417.7990331960865,98
2024-09-16 11:40:36.632,417.7843200646663,12
2024-09-16 11:40:36.638,417.8062978835961,1001
2024-09-16 11:40:36.650,417.8112072928149,1002
2024-09-16 11:40:36.672,417.80359177632016,998
2024-09-16 11:40:36.741,417.7848988221954,999
2024-09-16 11:40:36.862,417.7940987035147,1004
2024-09-16 11:40:36.881,417.789133462487,7
2024-09-16 11:40:36.951,417.80705683915545,10
2024-09-16 11:40:37.091,-417.8317316911342,8
2024-09-16 11:40:37.117,417.7979148206337,14
2024-09-16 11:40:37.143,417.81082860702514,997
2024-09-16 11:40:37.148,417.804513635427,8
2024-09-16 11:40:37.165,417.8283108020384,998
2024-09-16 11:40:37.221,417.7895356560904,15
2024-09-16 11:40:37.274,417.79919265048926,102
2024-09-16 11:40:37.306,417.8153278134862,9
2024-09-16 11:40:37.401,417.81842019151367,105
2024-09-16 11:40:37.417,417.8325007099041,1000
2024-09-16 11:40:37.458,417.8087341572931,12
2024-09-16 11:40:37.580,417.825568505472,7
2024-09-16 11:40:37.588,417.8171926074298,8
2024-09-16 11:40:37.651,417.79994823399056,6
2024-09-16 11:40:37.653,417.8022309174693,8
2024-09-16 11:40:37.818,417.8129354194324,6
2024-09-16 11:40:37.839,417.7930672015648,1003
2024-09-16 11:40:37.879,417.8232619993229,101
2024-09-16 11:40:37.959,417.82779654539576,995
2024-09-16 11:40:37.968,417.8357854298374,995
2024-09-16 11:40:38.023,417.8178169563481,995
2024-09-16 11:40:38.330,417.8199691720222,105
2024-09-16 11:40:38.836,417.8355869700598,105
2024-09-16 11:40:39.167,-417.8313900565895,102
2024-09-16 11:40:39.180,417.8140219198936,998
2024-09-16 11:40:39.212,417.8617009153296,999
2024-09-16 11:40:39.705,417.8492309055805,97
2024-09-16 11:40:39.725,417.82020836450926,1000
2024-09-16 11:40:39.911,417.8242714248464,999
2024-09-16 11:40:40.014,417.9114378888007,99
2024-09-16 11:40:40.082,417.912048529417,9
2024-09-16 11:40:40.113,417.8973655529979,6
2024-09-16 11:40:40.127,417.90889303140665,1004
2024-09-16 11:40:40.196,417.9297052419418,14
2024-09-16 11:40:40.297,417.9215338611561,9
2024-09-16 11:40:40.364,417.8966849705869,95
2024-09-16 11:40:40.403,417.9066955003797,101
2024-09-16 11:40:40.414,417.9085381221191,1001
2024-09-16 11:40:40.448,417.8474750519892,999
2024-09-16 11:40:40.454,417.8974462256638,103
2024-09-16 11:40:40.474,417.9207480534538,8
2024-09-16 11:40:40.489,417.89682070886806,103
2024-09-16 11:40:40.509,417.88934256531496,1001
2024-09-16 11:40:40.511,417.9259236898907,104
2024-09-16 11:40:40.584,417.8767439802232,10
2024-09-16 11:40:40.601,417.863473944352,1001
2024-09-16 11:40:40.652,417.936215979549,102
2024-09-16 11:40:40.776,417.9367523750975,7
2024-09-16 11:40:40.812,417.89335469195,8
2024-09-16 11:40:40.816,417.882766413416,98
2024-09-16 11:40:40.914,417.916396925833,13
2024-09-16 11:40:40.934,417.92651532421735,10
2024-09-16 11:40:40.935,417.8714651864119,1000
2024-09-16 11:40:40.947,417.88944105878153,9
2024-09-16 11:40:41.077,417.9415157360206,9
2024-09-16 11:40:41.155,417.9428500605045,1000
2024-09-16 11:40:41.205,417.9507493992557,104
2024-09-16 11:40:41.270,417.9480943922301,1001
2024-09-16 11:40:41.348,417.914370598097,11
2024-09-16 11:40:41.416,417.9184857649794,11
2024-09-16 11:40:41.433,417.9473895748748,96
2024-09-16 11:40:41.497,417.9475037320659,996
2024-09-16 11:40:41.530,417.9561526092409,100
2024-09-16 11:40:41.550,417.9294483854605,1001
2024-09-16 11:40:41.691,417.9292271387629,97
2024-09-16 11:40:41.719,417.9273480188343,9
2024-09-16 11:40:41.803,417.913243767827,12
2024-09-16 11:40:41.930,417.93125665102673,11
2024-09-16 11:40:42.024,417.93724065904576,102
2024-09-16 11:40:42.063,417.9066768808694,995
2024-09-16 11:40:42.176,417.933062595872,99
2024-09-16 11:40:42.294,417.92628049062426,8
2024-09-16 11:40:42.297,417.86980725182167,999
2024-09-16 11:40:42.315,417.9135881278394,5
2024-09-16 11:40:42.339,417.9430143473468,1004
2024-09-16 11:40:42.343,417.89724264388144,1003
2024-09-16 11:40:42.567,417.8848506040095,98
2024-09-16 11:40:42.635,417.89154316086285,7
2024-09-16 11:40:42.663,417.9558028612514,6
2024-09-16 11:40:42.673,417.9372277811938,1005
2024-09-16 11:40:42.676,41.791981739260414,8
2024-09-16 11:40:42.784,417.8755729798963,11
2024-09-16 11:40:42.905,417.9239376708864,97
2024-09-16 11:40:42.937,417.8811556015037,100
2024-09-16 11:40:42.948,417.9277282090137,10
2024-09-16 11:40:43.333,417.90335577702695,98
2024-09-16 11:40:43.345,417.9164353405991,14
2024-09-16 11:40:43.424,417.90659404261,997
2024-09-16 11:40:43.454,417.88984209512455,14
2024-09-16 11:40:43.591,417.9113275423349,1002
2024-09-16 11:40:43.627,417.9007010430274,1001
2024-09-16 11:40:43.670,417.9196248233725,14
2024-09-16 11:40:43.814,417.9205687646713,1003
2024-09-16 11:40:43.832,417.8870361504672,996
2024-09-16 11:40:43.872,417.9039151774903,100
2024-09-16 11:40:43.885,417.88292035111954,12
2024-09-16 11:40:44.034,417.90471788593646,998
2024-09-16 11:40:44.081,417.9238173635831,1005
2024-09-16 11:40:44.119,417.89562248891,1002
2024-09-16 11:40:44.168,417.94767541361983,103
2024-09-16 11:40:44.186,,1004
2024-09-16 11:40:44.193,417.90701550143854,14
2024-09-16 11:40:44.220,417.928741116967,95
2024-09-16 11:40:44.243,-417.9275772786276,13
2024-09-16 11:40:44.259,417.8931951514534,1000
2024-09-16 11:40:44.294,417.9037388362506,95
2024-09-16 11:40:44.311,417.9253339432522,13
2024-09-16 11:40:44.360,417.9022761671788,998
2024-09-16 11:40:44.363,417.9155800431255,14
2024-09-16 11:40:44.413,417.8888090917007,100
2024-09-16 11:40:44.470,417.8952871952685,11
2024-09-16 11:40:44.490,417.9251135087119,1001
2024-09-16 11:40:44.536,417.8927593512885,11
2024-09-16 11:40:44.562,417.8887257925253,101
2024-09-16 11:40:44.589,417.887590118796,13
2024-09-16 11:40:44.625,417.8783390620416,99
2024-09-16 11:40:44.670,417.8836356546007,11
2024-09-16 11:40:44.670,417.95175756850296,98
2024-09-16 11:40:44.731,417.9353417010964,11
2024-09-16 11:40:44.747,417.9469145859754,98
2024-09-16 11:40:44.794,417.891320457913,6
2024-09-16 11:40:44.847,417.8920032287712,97
2024-09-16 11:40:44.890,417.93645927012585,98
2024-09-16 11:40:44.942,417.9119911343076,97
2024-09-16 11:40:44.975,417.9442715688437,999
2024-09-16 11:40:44.983,417.9074456051776,101
2024-09-16 11:40:45.029,417.82389063037306,103
2024-09-16 11:40:45.073,41.789672227923376,95
2024-09-16 11:40:45.160,417.8226471401982,1002
2024-09-16 11:40:45.195,417.85997836962446,9
2024-09-16 11:40:45.219,417.8800216431925,11
2024-09-16 11:40:45.245,417.86089267740704,998
2024-09-16 11:40:45.276,417.8784243177219,6
2024-09-16 11:40:45.381,417.9239840074122,10
2024-09-16 11:40:45.391,417.8658362977416,100
2024-09-16 11:40:45.435,41.78400403665366,1005
2024-09-16 11:40:45.441,417.9077171025762,999
2024-09-16 11:40:45.580,417.8897773860924,103
2024-09-16 11:40:45.617,417.89872821037727,14
2024-09-16 11:40:45.714,417.9094993774089,12
2024-09-16 11:40:45.800,417.8829717833707,95
2024-09-16 11:40:45.999,417.8417837307287,102
2024-09-16 11:40:47.031,417.8248914784159,103
2024-09-16 11:40:47.053,417.8258303295647,11
2024-09-16 11:40:47.098,417.8126048137035,12
2024-09-16 11:40:47.254,417.8335013277031,100
2024-09-16 11:40:47.292,417.8519123050275,10
2024-09-16 11:40:47.362,417.83564564797246,95
2024-09-16 11:40:47.544,417.8098828609952,99
2024-09-16 11:40:47.684,417.8270124672106,5
2024-09-16 11:40:47.743,417.8142268293837,15
2024-09-16 11:40:47.849,417.8570855093451,99
2024-09-16 11:40:48.000,417.8107143988478,15
2024-09-16 11:40:48.033,417.7540684266671,99
2024-09-16 11:40:48.094,417.8167776675821,12
2024-09-16 11:40:48.139,417.776458788135,102
2024-09-16 11:40:48.173,417.8174701726759,996
2024-09-16 11:40:48.224,417.8089732717125,8
2024-09-16 11:40:48.284,417.8149699332549,99
2024-09-16 11:40:48.285,417.8187440244175,11
2024-09-16 11:40:48.302,417.8080086762422,97
2024-09-16 11:40:48.320,417.8030609144845,1002
2024-09-16 11:40:48.354,417.8021329954949,99
2024-09-16 11:40:48.386,417.8324899457657,7
2024-09-16 11:40:48.420,417.83247777524673,11
2024-09-16 11:40:48.425,417.8409556314724,8
2024-09-16 11:40:48.479,417.8084270726101,7
2024-09-16 11:40:48.480,417.8088227335945,95
2024-09-16 11:40:48.535,417.8266322504834,1005
2024-09-16 11:40:48.584,417.8202986838788,13
2024-09-16 11:40:48.587,417.8300448873674,102
2024-09-16 11:40:48.593,417.8295391898481,11
2024-09-16 11:40:48.634,417.8023046087152,99
2024-09-16 11:40:48.725,417.8095602935362,104
2024-09-16 11:40:48.831,417.8120059642715,103
2024-09-16 11:40:48.887,417.8109213936623,998
2024-09-16 11:40:48.890,417.8188428798334,9
2024-09-16 11:40:48.927,417.8263573309447,96
2024-09-16 11:40:50.307,417.7744755267464,96
2024-09-16 11:40:50.329,417.7603993861792,1003
2024-09-16 11:40:50.333,417.75414427009287,97
2024-09-16 11:40:50.384,417.7711496827303,99
2024-09-16 11:40:50.387,417.7341808502174,998
2024-09-16 11:40:50.413,417.756687178009,10
2024-09-16 11:40:50.421,417.73563989907205,104
2024-09-16 11:40:50.508,417.7615114142674,999
2024-09-16 11:40:50.579,417.77673603484914,14
2024-09-16 11:40:50.748,417.7776283213648,1005
2024-09-16 11:40:50.876,417.7714841932699,101
2024-09-16 11:40:50.925,417.7806224334656,995
2024-09-16 11:40:50.935,417.75131412074273,11
2024-09-16 11:40:50.986,417.7460471581711,995
2024-09-16 11:40:51.061,417.82984465350887,1003
2024-09-16 11:40:51.072,417.81673992160256,98
2024-09-16 11:40:51.085,417.8088697287857,99
2024-09-16 11:40:51.097,417.7893818766328,1000
2024-09-16 11:40:51.111,417.7885287872688,1002
2024-09-16 11:40:51.122,417.76270260608266,97
2024-09-16 11:40:51.194,417.8282001813868,9
2024-09-16 11:40:51.195,417.78120204918366,998
2024-09-16 11:40:51.220,417.7637298141465,9
2024-09-16 11:40:51.245,417.8218592717897,6
2024-09-16 11:40:51.328,417.80938057791326,997
2024-09-16 11:40:51.491,417.8152024096862,97
2024-09-16 11:40:51.567,417.8161361578343,8
2024-09-16 11:40:51.584,417.808366662606,12
2024-09-16 11:40:51.589,417.8304111914708,100
2024-09-16 11:40:51.653,417.77988011021887,8
2024-09-16 11:40:51.689,417.7812477143361,97
2024-09-16 11:40:51.719,417.7905215660128,997
2024-09-16 11:40:51.761,417.7465811233544,103
2024-09-16 11:40:51.783,417.81892435476135,103
2024-09-16 11:40:51.806,417.8154596162196,96
2024-09-16 11:40:51.900,417.75406275962536,97
2024-09-16 11:40:51.902,417.80331596318376,1003
2024-09-16 11:40:51.941,,998
2024-09-16 11:40:51.949,417.7629897751141,10
2024-09-16 11:40:51.953,417.7611951319359,7
2024-09-16 11:40:51.973,417.770587646382,97
2024-09-16 11:40:52.020,417.8036872999426,995
2024-09-16 11:40:52.166,417.7290852549952,99
2024-09-16 11:40:52.196,417.8009274317085,1005
2024-09-16 11:40:52.226,417.7891013769359,98
2024-09-16 11:40:52.261,417.8191987690681,6
2024-09-16 11:40:52.290,417.8102597416669,6
2024-09-16 11:40:52.290,417.7313810918635,1005
2024-09-16 11:40:52.296,417.7848810017665,15
2024-09-16 11:40:52.376,417.7900459094605,101
2024-09-16 11:40:52.447,417.7344319147409,96
2024-09-16 11:40:52.466,417.8257463881728,96
2024-09-16 11:40:52.529,417.7698548349637,101
2024-09-16 11:40:52.531,417.7286343279676,8
2024-09-16 11:40:52.608,417.8166599522759,1002
2024-09-16 11:40:52.665,417.8334092642844,7
2024-09-16 11:40:52.679,417.7891843570355,104
2024-09-16 11:40:52.682,417.8318966903422,1005
2024-09-16 11:40:52.785,417.8159583901942,1001
2024-09-16 11:40:52.825,417.7548077596461,96
2024-09-16 11:40:52.883,417.7762592351207,15
2024-09-16 11:40:53.136,417.7886469316942,15
2024-09-16 11:40:53.152,417.7924317553932,1003
2024-09-16 11:40:53.423,417.7723382157574,104
2024-09-16 11:40:53.436,417.7552890307256,15
2024-09-16 11:40:53.514,417.7729036411233,13
2024-09-16 11:40:53.531,417.7915351245802,1004
2024-09-16 11:40:53.838,417.78048690907104,1001
2024-09-16 11:40:53.946,417.7708766342972,7
2024-09-16 11:40:53.947,417.77708612172967,8
2024-09-16 11:40:54.392,417.7879128499229,996
2024-09-16 11:40:54.413,417.7852779585165,100
2024-09-16 11:40:54.436,417.79739894844766,14
2024-09-16 11:40:54.520,417.79497103397847,104
2024-09-16 11:40:54.526,417.7935757508749,101
2024-09-16 11:40:54.527,417.8085100898367,1002
2024-09-16 11:40:55.611,417.8112686589854,6
2024-09-16 11:40:56.150,417.7906721989318,1004
2024-09-16 11:40:56.349,417.8377608900479,100
2024-09-16 11:40:56.526,417.82768927182144,97
2024-09-16 11:40:56.594,417.82000511811793,1004
2024-09-16 11:40:56.681,417.8181814220273,1001
2024-09-16 11:40:56.798,417.8133989668778,103
2024-09-16 11:40:56.817,417.8240953120553,99
2024-09-16 11:40:56.908,417.83830813739655,104
2024-09-16 11:40:56.913,417.81702229654746,103
2024-09-16 11:40:57.003,417.8484909480156,101
2024-09-16 11:40:57.086,417.86556477170456,5
2024-09-16 11:40:57.132,417.8505602578839,5
2024-09-16 11:40:57.194,417.8895477661793,1001
2024-09-16 11:40:57.272,417.86518379609913,100
2024-09-16 11:40:57.287,41.78555717684442,15
2024-09-16 11:40:57.298,417.9162310980917,8
2024-09-16 11:40:57.346,417.8545324390517,10
2024-09-16 11:40:57.363,417.8453699626271,995
2024-09-16 11:40:57.387,417.9004574536264,11
2024-09-16 11:40:57.490,417.91372111752656,997
2024-09-16 11:40:57.505,417.8382355191338,1005
2024-09-16 11:40:57.506,417.91814575772014,103
2024-09-16 11:40:57.592,417.8560440421503,1000
2024-09-16 11:40:57.630,417.9123776147864,99
2024-09-16 11:40:57.664,417.8481564115581,999
2024-09-16 11:40:57.688,417.897565765158,105
2024-09-16 11:40:57.718,417.92780184153713,996
2024-09-16 11:40:57.816,417.8544590770249,97
2024-09-16 11:40:57.831,417.9143308405265,14
2024-09-16 11:40:57.877,41.79156093283249,5
2024-09-16 11:40:57.879,417.8993735395654,97
2024-09-16 11:40:57.915,417.83812526552737,996
2024-09-16 11:40:58.068,417.88170036788864,997
2024-09-16 11:40:58.227,417.8855133820065,103
2024-09-16 11:40:58.760,417.891032488194,15
2024-09-16 11:40:59.023,417.8594390348277,95
2024-09-16 11:40:59.049,417.8519872185964,8
2024-09-16 11:40:59.311,417.8627526321882,102
2024-09-16 11:40:59.330,417.8655342716732,10
2024-09-16 11:40:59.331,417.8409023676694,1003
2024-09-16 11:40:59.428,417.8731841159047,1005
2024-09-16 11:40:59.439,417.8579661485251,7
2024-09-16 11:40:59.512,417.843516149078,102
2024-09-16 11:40:59.555,417.8509252144362,97
2024-09-16 11:40:59.754,417.8381972520852,15
2024-09-16 11:40:59.993,417.87535557919085,8
