Timestamp,Price,Size
2024-09-20 11:37:00.072,427.1901987490367,103
2024-09-20 11:37:00.149,427.1861596724514,105
2024-09-20 11:37:00.185,427.1935890690416,996
2024-09-20 11:37:00.224,427.16236043160217,7
2024-09-20 11:37:00.236,427.1806334774436,998
2024-09-20 11:37:00.266,427.20603140584126,1002
2024-09-20 11:37:00.311,427.1988006901423,1004
2024-09-20 11:37:00.343,427.1768774216632,997
2024-09-20 11:37:00.376,427.19573703161785,103
2024-09-20 11:37:00.410,427.1785085885261,1001
2024-09-20 11:37:00.414,427.1365936111527,95
2024-09-20 11:37:00.439,427.1793686925348,1003
2024-09-20 11:37:00.445,427.18227880387263,99
2024-09-20 11:37:00.456,427.1995323787181,11
2024-09-20 11:37:00.476,427.158423437734,105
2024-09-20 11:37:00.514,427.1797113983773,97
2024-09-20 11:37:00.522,427.1609282063831,12
2024-09-20 11:37:00.623,427.1647520787169,100
2024-09-20 11:37:00.625,427.17351871896966,95
2024-09-20 11:37:00.638,427.20608139517975,101
2024-09-20 11:37:00.662,427.1976472299801,998
2024-09-20 11:37:00.675,427.1851354835293,11
2024-09-20 11:37:00.701,427.1911794891204,1001
2024-09-20 11:37:00.704,427.1833890202538,6
2024-09-20 11:37:00.756,427.1967311792257,5
2024-09-20 11:37:00.806,427.19730091629697,1004
2024-09-20 11:37:00.836,427.16903888042935,1001
2024-09-20 11:37:00.934,427.2055991977608,997
2024-09-20 11:37:00.994,427.183208898402,100
2024-09-20 11:37:01.677,427.18388378450254,97
2024-09-20 11:37:01.678,427.18582611734894,1001
2024-09-20 11:37:03.020,427.21759321515685,8
2024-09-20 11:37:03.053,427.1623787889118,6
2024-09-20 11:37:03.315,427.22716845787886,1000
2024-09-20 11:37:03.332,427.22253258820666,105
2024-09-20 11:37:03.366,427.2192886141394,96
2024-09-20 11:37:03.381,427.2438240615476,105
2024-09-20 11:37:03.387,427.2461403613244,99
2024-09-20 11:37:03.391,427.2226390462779,15
2024-09-20 11:37:03.445,427.2157487551153,6
2024-09-20 11:37:03.500,427.2085735550887,99
2024-09-20 11:37:03.523,427.24981458041776,996
2024-09-20 11:37:03.576,427.2065314270211,1002
2024-09-20 11:37:03.597,427.2187929671831,6
2024-09-20 11:37:03.609,427.23805729132897,7
2024-09-20 11:37:03.673,427.2301072791858,101
2024-09-20 11:37:03.735,427.15614982734166,95
2024-09-20 11:37:03.824,427.2577553522124,996
2024-09-20 11:37:03.848,427.2452995156992,7
2024-09-20 11:37:03.873,427.2442482400339,15
2024-09-20 11:37:03.941,427.229424745543,95
2024-09-20 11:37:03.981,427.2520524306361,15
2024-09-20 11:37:03.984,427.1982736356819,9
2024-09-20 11:37:04.149,427.1802640783205,1005
2024-09-20 11:37:04.151,427.1888187436803,1002
2024-09-20 11:37:04.548,427.2055676501621,15
2024-09-20 11:37:04.621,427.21093633705823,103
2024-09-20 11:37:04.649,427.2033208704718,10
2024-09-20 11:37:04.732,427.20820556374105,8
2024-09-20 11:37:04.830,427.2128104723578,6
2024-09-20 11:37:04.840,427.1917770347451,999
2024-09-20 11:37:04.864,,102
2024-09-20 11:37:04.944,427.2138053676043,6
2024-09-20 11:37:05.012,427.1938322031688,1001
2024-09-20 11:37:05.129,427.1929232434171,100
2024-09-20 11:37:05.301,427.19699909660295,103
2024-09-20 11:37:05.368,427.1921163564919,996
2024-09-20 11:37:06.036,427.1862929472064,98
2024-09-20 11:37:06.067,427.17579887458623,999
2024-09-20 11:37:06.084,427.153548639092,8
2024-09-20 11:37:06.124,427.1840901918588,13
2024-09-20 11:37:06.135,427.16967473953343,5
2024-09-20 11:37:06.144,427.1732053256064,1004
2024-09-20 11:37:06.158,427.2072869795071,96
2024-09-20 11:37:06.189,427.154039026374,14
2024-09-20 11:37:06.213,427.168828337436,5
2024-09-20 11:37:06.300,42.71774219774526,995
2024-09-20 11:37:06.318,427.182846771668,97
2024-09-20 11:37:06.351,427.1613675699845,997
2024-09-20 11:37:06.412,427.1619545579368,98
2024-09-20 11:37:06.419,427.1496015610178,10
2024-09-20 11:37:06.581,427.17943336633584,995
2024-09-20 11:37:06.600,427.19296742582543,1002
2024-09-20 11:37:06.608,427.1491864532649,8
2024-09-20 11:37:06.625,427.18505531492485,10
2024-09-20 11:37:06.678,427.18272501376015,1004
2024-09-20 11:37:06.689,427.1742622405535,105
2024-09-20 11:37:06.723,427.183939959917,997
2024-09-20 11:37:06.729,427.1614170513333,15
2024-09-20 11:37:06.780,42.71916602986001,5
2024-09-20 11:37:06.804,427.2013018568667,1001
2024-09-20 11:37:06.848,427.1904428688128,1001
2024-09-20 11:37:06.930,427.1834641118976,102
2024-09-20 11:37:06.945,427.18232921520416,6
2024-09-20 11:37:06.972,427.1834332957553,105
2024-09-20 11:37:06.976,427.16745120647965,99
2024-09-20 11:37:06.987,427.1846427207823,14
2024-09-20 11:37:07.136,427.1566978927136,1003
2024-09-20 11:37:07.138,427.1489376398495,100
2024-09-20 11:37:07.152,427.13514290160646,999
2024-09-20 11:37:07.179,427.15673346480185,102
2024-09-20 11:37:07.206,427.1366049648156,999
2024-09-20 11:37:07.236,427.121972060643,98
2024-09-20 11:37:07.243,427.1304968982248,95
2024-09-20 11:37:07.399,427.1585789087794,101
2024-09-20 11:37:07.438,427.1419617574849,1003
2024-09-20 11:37:07.472,427.1310343639651,14
2024-09-20 11:37:07.495,427.1515508421104,97
2024-09-20 11:37:07.504,427.1362807405493,997
2024-09-20 11:37:07.526,427.1305656296872,11
2024-09-20 11:37:07.584,427.1508748375725,102
2024-09-20 11:37:07.612,427.1405233425103,15
2024-09-20 11:37:07.620,427.1584301179124,98
2024-09-20 11:37:07.658,427.14744223190064,15
2024-09-20 11:37:07.687,427.1604553669452,10
2024-09-20 11:37:07.716,427.1649757555498,104
2024-09-20 11:37:07.770,427.1629545717877,100
2024-09-20 11:37:07.842,427.1524292527114,13
2024-09-20 11:37:07.877,427.1319455458282,101
2024-09-20 11:37:07.879,427.14342870768814,11
2024-09-20 11:37:07.909,427.1304729050398,96
2024-09-20 11:37:08.296,427.1485118821748,999
2024-09-20 11:37:08.384,427.1337403822144,14
2024-09-20 11:37:09.081,427.1377665483376,15
2024-09-20 11:37:09.085,427.13332807246974,99
2024-09-20 11:37:09.146,427.1185511247387,100
2024-09-20 11:37:09.160,427.1406334008919,12
2024-09-20 11:37:09.243,427.1562852085642,995
2024-09-20 11:37:09.363,427.15275368082087,8
2024-09-20 11:37:09.391,427.1300391555824,1000
2024-09-20 11:37:09.442,427.12286637075846,12
2024-09-20 11:37:09.518,427.1221192858119,8
2024-09-20 11:37:09.861,427.1440436474646,8
2024-09-20 11:37:11.128,427.1998810282181,12
2024-09-20 11:37:11.131,427.2038145797357,8
2024-09-20 11:37:11.149,427.123323207272,5
2024-09-20 11:37:11.152,427.1208642166978,98
2024-09-20 11:37:11.152,427.1140709939224,104
2024-09-20 11:37:11.282,427.20320985693127,7
2024-09-20 11:37:11.292,427.1558331922785,101
2024-09-20 11:37:11.330,427.13424698267806,105
2024-09-20 11:37:11.419,427.2264580768516,999
2024-09-20 11:37:11.465,427.1397996920813,96
2024-09-20 11:37:11.561,427.17055555583016,7
2024-09-20 11:37:11.689,427.2251329801913,1000
2024-09-20 11:37:11.762,427.228925275682,97
2024-09-20 11:37:11.926,427.2184462025969,7
2024-09-20 11:37:12.121,427.2175962383312,102
2024-09-20 11:37:12.135,427.2196369295508,999
2024-09-20 11:37:12.345,427.2103285530824,97
2024-09-20 11:37:12.453,427.2126303603836,8
2024-09-20 11:37:12.823,427.2026609904256,105
2024-09-20 11:37:12.929,427.23152947792585,1000
2024-09-20 11:37:13.100,-427.21290972057966,95
2024-09-20 11:37:13.127,427.2896546822609,96
2024-09-20 11:37:13.148,427.1987092737649,13
2024-09-20 11:37:13.150,427.3309672920758,11
2024-09-20 11:37:13.183,427.24904704643694,1003
2024-09-20 11:37:13.228,427.2744012107009,1005
2024-09-20 11:37:13.273,427.2493668071304,11
2024-09-20 11:37:13.354,427.28920773963887,996
2024-09-20 11:37:13.363,427.2482094642098,7
2024-09-20 11:37:13.382,427.350214512034,1000
2024-09-20 11:37:13.445,427.2965152588828,95
2024-09-20 11:37:13.481,427.2878818276288,99
2024-09-20 11:37:13.497,427.2588082640239,1000
2024-09-20 11:37:13.536,427.3535573264111,95
2024-09-20 11:37:13.602,427.2631250322602,996
2024-09-20 11:37:13.682,427.3281503622856,7
2024-09-20 11:37:13.712,427.3076013682494,1000
2024-09-20 11:37:13.761,427.3488731046839,999
2024-09-20 11:37:13.846,427.30480086832057,96
2024-09-20 11:37:13.872,427.2022811333105,102
2024-09-20 11:37:13.980,427.3202671456213,12
2024-09-20 11:37:13.990,427.3535057850227,1005
2024-09-20 11:37:14.036,427.3453880896949,9
2024-09-20 11:37:14.037,427.3013956098225,995
2024-09-20 11:37:14.099,427.3412004923473,14
2024-09-20 11:37:14.128,427.3397014151091,103
2024-09-20 11:37:14.163,427.3434589970946,996
2024-09-20 11:37:14.245,427.3282823035796,96
2024-09-20 11:37:14.257,427.3263287971877,101
2024-09-20 11:37:14.346,427.3055322700307,102
2024-09-20 11:37:14.374,427.3506872398344,8
2024-09-20 11:37:14.399,427.3207729303029,10
2024-09-20 11:37:14.403,427.3181506518475,97
2024-09-20 11:37:14.442,427.3354675861241,1000
2024-09-20 11:37:14.518,427.3424245408951,998
2024-09-20 11:37:14.545,427.32841810790615,1002
2024-09-20 11:37:14.579,427.3356708560628,105
2024-09-20 11:37:14.589,427.36862883012856,9
2024-09-20 11:37:14.611,427.3206738652248,99
2024-09-20 11:37:14.625,427.3324851389772,1003
2024-09-20 11:37:14.688,427.3374356253243,8
2024-09-20 11:37:14.702,427.2982205062304,1002
2024-09-20 11:37:14.727,427.3186189492572,1003
2024-09-20 11:37:14.737,427.3512788000687,14
2024-09-20 11:37:14.894,427.3056978932988,100
2024-09-20 11:37:14.930,427.3111508971697,8
2024-09-20 11:37:14.948,427.33372286801614,1000
2024-09-20 11:37:14.987,427.31766844174894,5
2024-09-20 11:37:15.523,427.3080062730463,1000
2024-09-20 11:37:16.043,427.2798382681757,12
2024-09-20 11:37:16.162,427.309813286496,100
2024-09-20 11:37:16.318,427.2805775198474,11
2024-09-20 11:37:16.346,427.2967752074454,105
2024-09-20 11:37:16.411,427.2898929654374,999
2024-09-20 11:37:16.453,427.2696320790979,15
2024-09-20 11:37:16.455,427.2582601576575,96
2024-09-20 11:37:16.561,427.2761826896759,7
2024-09-20 11:37:16.624,427.3101481234875,105
2024-09-20 11:37:16.689,427.2758390151088,99
2024-09-20 11:37:16.730,427.2887483078132,105
2024-09-20 11:37:16.755,427.2509761479024,1005
2024-09-20 11:37:16.785,427.2844112857479,998
2024-09-20 11:37:16.833,427.2860566207513,102
2024-09-20 11:37:17.021,,1001
2024-09-20 11:37:17.083,427.2635100350885,99
2024-09-20 11:37:17.090,427.304154262816,1004
2024-09-20 11:37:17.101,427.2938333978238,1001
2024-09-20 11:37:17.148,427.2840643611582,5
2024-09-20 11:37:17.248,427.28174456827634,14
2024-09-20 11:37:17.319,427.2827431224196,999
2024-09-20 11:37:17.412,427.2688475432519,8
2024-09-20 11:37:17.477,427.3005164027298,8
2024-09-20 11:37:17.479,427.2792037031364,1003
2024-09-20 11:37:17.563,427.27828228475454,103
2024-09-20 11:37:17.594,427.29501160927504,103
2024-09-20 11:37:17.600,427.28527449303857,9
2024-09-20 11:37:17.686,427.2976498694383,15
2024-09-20 11:37:17.816,427.2760115109709,5
2024-09-20 11:37:17.837,427.2917286308988,1000
2024-09-20 11:37:17.999,427.2760299422539,14
2024-09-20 11:37:18.029,427.29151732537633,13
2024-09-20 11:37:18.059,427.2647966549236,103
2024-09-20 11:37:18.069,427.2580164382836,9
2024-09-20 11:37:18.101,427.316583512962,999
2024-09-20 11:37:18.131,427.2968095770944,7
2024-09-20 11:37:18.171,427.2532686311905,997
2024-09-20 11:37:18.229,427.2662941804761,7
2024-09-20 11:37:18.250,427.29679568512864,997
2024-09-20 11:37:18.263,427.2608789062936,1003
2024-09-20 11:37:18.280,427.26631179725655,100
2024-09-20 11:37:18.301,427.2971354268466,103
2024-09-20 11:37:18.355,427.25003108725446,105
2024-09-20 11:37:18.377,42.72747779778908,5
2024-09-20 11:37:18.385,427.27785587578944,97
2024-09-20 11:37:18.385,427.2646721550148,15
2024-09-20 11:37:18.458,427.3309377664067,1000
2024-09-20 11:37:18.617,427.25917099859527,99
2024-09-20 11:37:18.622,427.2687873052407,1003
2024-09-20 11:37:18.683,427.2924865424037,1005
2024-09-20 11:37:18.714,427.3030824400992,98
2024-09-20 11:37:18.834,427.2480898895524,1001
2024-09-20 11:37:18.899,427.2736937260451,9
2024-09-20 11:37:18.912,427.30663209038863,14
2024-09-20 11:37:18.986,427.2601952179192,105
2024-09-20 11:37:19.061,427.2287034957905,10
2024-09-20 11:37:19.101,427.23471336177874,996
2024-09-20 11:37:19.131,427.2322896402361,7
2024-09-20 11:37:19.162,427.2795936335486,13
2024-09-20 11:37:19.176,427.2267652363763,97
2024-09-20 11:37:19.193,427.2800991695385,1001
2024-09-20 11:37:19.208,427.2275553704576,104
2024-09-20 11:37:19.289,-427.26132314555343,95
2024-09-20 11:37:19.323,427.2270815132009,96
2024-09-20 11:37:19.368,-427.21816185970727,1003
2024-09-20 11:37:19.423,427.2582308216547,6
2024-09-20 11:37:19.433,427.2651396237034,9
2024-09-20 11:37:19.434,427.2130346336519,5
2024-09-20 11:37:19.445,427.2067392958879,15
2024-09-20 11:37:19.512,427.2522836775583,104
2024-09-20 11:37:19.540,427.2669077018032,97
2024-09-20 11:37:19.620,427.2430973258083,105
2024-09-20 11:37:19.720,427.2674280835482,96
2024-09-20 11:37:19.722,427.22458814973913,10
2024-09-20 11:37:19.777,427.2492886266867,15
2024-09-20 11:37:19.777,-427.2354600296305,997
2024-09-20 11:37:19.797,427.21566997567646,1001
2024-09-20 11:37:19.828,427.2120982497625,996
2024-09-20 11:37:19.910,427.2076566891442,12
2024-09-20 11:37:19.917,427.2544143094707,105
2024-09-20 11:37:19.917,427.24074335781904,14
2024-09-20 11:37:19.933,427.2645961696747,996
2024-09-20 11:37:19.996,427.2499238932037,104
2024-09-20 11:37:20.419,427.2455056315354,102
2024-09-20 11:37:20.541,427.22910516967227,104
2024-09-20 11:37:20.855,427.2135947768961,1004
2024-09-20 11:37:22.001,427.2628710357312,12
2024-09-20 11:37:22.032,427.26299677053913,1005
2024-09-20 11:37:22.082,427.24154951314847,1001
2024-09-20 11:37:22.093,427.25904865208526,99
2024-09-20 11:37:22.096,427.2244724117639,999
2024-09-20 11:37:22.127,427.3125372634111,1004
2024-09-20 11:37:22.170,427.3161690114832,997
2024-09-20 11:37:22.192,427.2980378413674,100
2024-09-20 11:37:22.199,427.31494845062406,995
2024-09-20 11:37:22.202,427.2735526959358,10
2024-09-20 11:37:22.229,427.2267928355767,995
2024-09-20 11:37:22.254,427.2941662182495,1005
2024-09-20 11:37:22.256,427.3026394729528,999
2024-09-20 11:37:22.311,427.2906324556248,1002
2024-09-20 11:37:22.344,427.2640004593332,97
2024-09-20 11:37:22.363,427.2509784847555,997
2024-09-20 11:37:22.375,427.24719550655936,7
2024-09-20 11:37:22.402,427.3177015226385,7
2024-09-20 11:37:22.439,427.261205653399,103
2024-09-20 11:37:22.513,427.2941293649457,10
2024-09-20 11:37:22.595,427.30253403756006,6
2024-09-20 11:37:22.732,427.3191536908328,999
2024-09-20 11:37:22.740,427.2198901390432,98
2024-09-20 11:37:22.824,427.31348759951305,1001
2024-09-20 11:37:22.840,427.2994072617817,96
2024-09-20 11:37:22.875,427.2996972663134,1000
2024-09-20 11:37:22.902,427.2663336133936,100
2024-09-20 11:37:22.947,427.23265437860215,105
2024-09-20 11:37:22.979,427.22877093826327,998
2024-09-20 11:37:23.025,427.2748196627615,12
2024-09-20 11:37:23.116,427.2714421862124,12
2024-09-20 11:37:23.145,427.287838094771,96
2024-09-20 11:37:23.337,427.2685015831472,5
2024-09-20 11:37:23.497,427.2648760595721,11
2024-09-20 11:37:23.805,427.273092637843,105
2024-09-20 11:37:23.908,427.28877903038347,12
2024-09-20 11:37:23.912,427.2799449676186,997
2024-09-20 11:37:24.105,427.256161059052,14
2024-09-20 11:37:24.176,427.2780737991162,10
2024-09-20 11:37:24.213,427.26828331683936,10
2024-09-20 11:37:24.278,427.2661244226709,99
2024-09-20 11:37:24.372,427.2673150857069,104
2024-09-20 11:37:24.449,,101
2024-09-20 11:37:24.489,427.2494927341082,103
2024-09-20 11:37:24.636,427.2322777900655,105
2024-09-20 11:37:25.020,427.2463768879416,12
2024-09-20 11:37:25.032,427.28191392200097,7
2024-09-20 11:37:25.039,427.3004359664458,999
2024-09-20 11:37:25.068,427.235809701138,997
2024-09-20 11:37:25.092,427.2755514667696,14
2024-09-20 11:37:25.142,,100
2024-09-20 11:37:25.251,427.2194371441111,8
2024-09-20 11:37:25.256,427.2699586501267,6
2024-09-20 11:37:25.266,427.3005964781264,96
2024-09-20 11:37:25.310,427.2790650330385,11
2024-09-20 11:37:25.319,427.25247862899874,15
2024-09-20 11:37:25.348,427.3009200282724,6
2024-09-20 11:37:25.371,427.27967796466766,100
2024-09-20 11:37:25.384,427.2826691457738,101
2024-09-20 11:37:25.409,427.30495484023874,6
2024-09-20 11:37:25.433,427.3168326153814,8
2024-09-20 11:37:25.438,427.3068256331918,97
2024-09-20 11:37:25.455,427.2361139353578,15
2024-09-20 11:37:25.465,427.2947921910989,95
2024-09-20 11:37:25.466,427.30734960729336,997
2024-09-20 11:37:25.492,427.2727306421056,1004
2024-09-20 11:37:25.542,427.3302762080054,1001
2024-09-20 11:37:25.543,427.2283292283327,96
2024-09-20 11:37:25.593,427.3035665719015,97
2024-09-20 11:37:25.727,427.2830338352392,996
2024-09-20 11:37:25.775,427.2799947730828,105
2024-09-20 11:37:25.827,427.3145835515499,95
2024-09-20 11:37:25.907,427.2816669455906,5
2024-09-20 11:37:25.947,427.2970767677507,7
2024-09-20 11:37:25.989,427.2286628351583,97
2024-09-20 11:37:26.002,427.3739798260992,14
2024-09-20 11:37:26.137,427.3992641021933,104
2024-09-20 11:37:26.209,427.40367884810416,14
2024-09-20 11:37:26.260,427.4040975405845,9
2024-09-20 11:37:26.268,427.43684062373126,9
2024-09-20 11:37:26.369,427.3586457394407,8
2024-09-20 11:37:26.456,427.4043630123723,99
2024-09-20 11:37:26.496,427.4107674160035,96
2024-09-20 11:37:26.562,427.35888105375096,997
2024-09-20 11:37:26.736,427.3880744346324,1005
2024-09-20 11:37:26.739,427.4070320449265,11
2024-09-20 11:37:26.779,427.36363775003,104
2024-09-20 11:37:26.793,427.4016619132917,11
2024-09-20 11:37:26.819,427.3930691643545,1004
2024-09-20 11:37:26.820,427.3588763570456,104
2024-09-20 11:37:26.822,427.4347676666709,12
2024-09-20 11:37:26.838,427.3437102628503,1003
2024-09-20 11:37:26.842,427.3635960319373,5
2024-09-20 11:37:26.846,427.4378402235101,996
2024-09-20 11:37:26.963,427.3884736899709,7
2024-09-20 11:37:26.987,427.4162961753378,101
2024-09-20 11:37:27.371,427.43916734505297,996
2024-09-20 11:37:27.404,427.4475699430219,105
2024-09-20 11:37:27.473,427.43085949297074,10
2024-09-20 11:37:27.778,427.4474107993632,1000
2024-09-20 11:37:27.919,427.4327467346946,105
2024-09-20 11:37:28.000,427.4142277569998,998
2024-09-20 11:37:28.049,427.4557657125576,104
2024-09-20 11:37:28.351,427.4721801850365,103
2024-09-20 11:37:28.462,427.4504176034169,12
2024-09-20 11:37:28.489,427.4345374142287,11
2024-09-20 11:37:28.533,427.4457338766334,97
2024-09-20 11:37:28.601,427.466680176882,1004
2024-09-20 11:37:28.611,427.4733628725196,996
2024-09-20 11:37:28.621,427.4498384140179,997
2024-09-20 11:37:28.647,427.471227164731,1002
2024-09-20 11:37:28.934,427.4367961221417,12
2024-09-20 11:37:28.988,427.4470995065311,101
2024-09-20 11:37:28.991,427.4578476761838,1003
2024-09-20 11:37:29.165,427.42405748005376,6
2024-09-20 11:37:29.188,427.42934426927474,998
2024-09-20 11:37:29.329,427.4490373790844,11
2024-09-20 11:37:29.373,427.4291078204144,11
2024-09-20 11:37:29.583,427.43493641881656,95
2024-09-20 11:37:29.680,427.4499822811113,99
2024-09-20 11:37:29.947,427.4365737087101,1004
2024-09-20 11:37:29.959,427.4511591039391,103
2024-09-20 11:37:30.982,427.4721750488421,995
2024-09-20 11:37:31.272,427.46213187149,996
2024-09-20 11:37:31.327,427.4953045848426,7
2024-09-20 11:37:31.423,427.4802337912004,9
2024-09-20 11:37:31.461,427.4668900695325,999
2024-09-20 11:37:31.474,427.470758166629,104
2024-09-20 11:37:31.588,427.50404417138685,11
2024-09-20 11:37:31.617,427.4870983353878,1000
2024-09-20 11:37:31.770,427.4756641779956,1004
2024-09-20 11:37:32.191,427.4984075298879,995
2024-09-20 11:37:32.359,427.550683862518,7
2024-09-20 11:37:32.476,427.5173759700392,8
2024-09-20 11:37:32.564,427.53507451206167,104
2024-09-20 11:37:32.592,427.5632425551546,10
2024-09-20 11:37:32.636,427.5481508131076,99
2024-09-20 11:37:32.746,427.5154008955483,1005
2024-09-20 11:37:32.763,427.5546637363735,6
2024-09-20 11:37:32.804,427.503032924554,102
2024-09-20 11:37:32.895,427.50634063576985,9
2024-09-20 11:37:32.908,427.5276237957198,6
2024-09-20 11:37:32.958,427.5373870005552,1004
2024-09-20 11:37:33.051,427.5655299596372,95
2024-09-20 11:37:33.070,427.5772056663322,98
2024-09-20 11:37:33.136,427.5656675637406,95
2024-09-20 11:37:33.224,427.5495191606365,6
2024-09-20 11:37:33.332,427.5444290925125,100
2024-09-20 11:37:33.355,427.5649151993633,995
2024-09-20 11:37:33.384,427.5665367271424,8
2024-09-20 11:37:33.406,427.55082436853087,99
2024-09-20 11:37:33.430,427.5975796655191,14
2024-09-20 11:37:33.562,427.5489730125694,12
2024-09-20 11:37:33.703,427.5647349645755,13
2024-09-20 11:37:33.703,427.5511874170421,1003
2024-09-20 11:37:33.758,427.5668109198123,998
2024-09-20 11:37:33.763,427.5614098391742,997
2024-09-20 11:37:33.790,427.5653902833877,10
2024-09-20 11:37:33.791,427.5552207403631,98
2024-09-20 11:37:33.848,427.59520773590447,1005
2024-09-20 11:37:33.926,427.574800921442,8
2024-09-20 11:37:33.939,427.5700279773752,996
2024-09-20 11:37:34.072,427.6217442364572,8
2024-09-20 11:37:34.124,427.54390346936776,96
2024-09-20 11:37:34.125,427.5858882806042,1001
2024-09-20 11:37:34.144,427.583978993739,9
2024-09-20 11:37:34.153,427.55277218188354,1002
2024-09-20 11:37:34.216,427.56760615660033,103
2024-09-20 11:37:34.278,427.60108937218,101
2024-09-20 11:37:34.309,427.562068489218,12
2024-09-20 11:37:34.434,427.5979635691097,997
2024-09-20 11:37:34.435,427.61123342976657,7
2024-09-20 11:37:34.492,-427.6180575194427,6
2024-09-20 11:37:34.497,427.5637623922125,103
2024-09-20 11:37:34.541,427.5575073855876,998
2024-09-20 11:37:34.611,427.6064939820092,1001
2024-09-20 11:37:34.648,427.5584987447792,11
2024-09-20 11:37:34.744,427.6057482305674,997
2024-09-20 11:37:34.809,427.6067166289297,10
2024-09-20 11:37:34.849,427.55354006486607,5
2024-09-20 11:37:34.923,427.6194869629088,101
2024-09-20 11:37:35.001,427.5769209127179,995
2024-09-20 11:37:35.037,427.5668002180821,10
2024-09-20 11:37:35.067,427.5944523916388,103
2024-09-20 11:37:35.109,427.52882587570593,5
2024-09-20 11:37:35.129,427.5592333297522,12
2024-09-20 11:37:35.140,427.5189242560036,96
2024-09-20 11:37:35.163,427.52419170373406,998
2024-09-20 11:37:35.216,427.5738794724209,1002
2024-09-20 11:37:35.315,427.50451386987606,15
2024-09-20 11:37:35.404,427.55924246194496,11
2024-09-20 11:37:35.410,427.5692833380757,11
2024-09-20 11:37:35.447,427.5142845017791,8
2024-09-20 11:37:35.486,427.5613869880309,96
2024-09-20 11:37:35.522,427.5089805353568,103
2024-09-20 11:37:35.531,427.5798853394493,5
2024-09-20 11:37:35.662,427.57136671463593,1004
2024-09-20 11:37:35.680,427.57620383909307,102
2024-09-20 11:37:35.696,427.5805248856396,13
2024-09-20 11:37:35.711,427.562360645966,999
2024-09-20 11:37:35.721,427.5805807624569,15
2024-09-20 11:37:35.778,427.5420955516266,15
2024-09-20 11:37:35.783,427.58088521204127,997
2024-09-20 11:37:35.788,427.4959098967206,1005
2024-09-20 11:37:35.827,427.5716839274893,7
2024-09-20 11:37:35.893,427.582622192963,1005
2024-09-20 11:37:35.921,427.5523446727893,996
2024-09-20 11:37:35.924,427.5505823194807,97
2024-09-20 11:37:35.973,427.5428926094067,102
2024-09-20 11:37:36.026,427.5755071690298,6
2024-09-20 11:37:36.099,427.54927655682445,6
2024-09-20 11:37:36.161,427.50918893154034,9
2024-09-20 11:37:36.273,427.5250874554744,998
2024-09-20 11:37:36.280,427.5220421154203,101
2024-09-20 11:37:36.310,427.6110097314013,1005
2024-09-20 11:37:36.354,427.601300989926,996
2024-09-20 11:37:36.417,427.5861298259906,8
2024-09-20 11:37:36.421,427.55593825580087,8
2024-09-20 11:37:36.429,427.59095474819486,999
2024-09-20 11:37:36.455,427.50589262269153,11
2024-09-20 11:37:36.509,427.5032889531786,103
2024-09-20 11:37:36.585,427.58627696096414,998
2024-09-20 11:37:36.633,427.5826991129016,1004
2024-09-20 11:37:36.637,427.5875714962015,1005
2024-09-20 11:37:36.689,427.5106866301255,15
2024-09-20 11:37:36.704,427.59511237181374,102
2024-09-20 11:37:36.811,427.487465412471,995
2024-09-20 11:37:36.830,427.5667917097648,997
2024-09-20 11:37:36.858,427.54241000463793,5
2024-09-20 11:37:36.886,427.5392678596281,105
2024-09-20 11:37:36.914,427.52231980184325,97
2024-09-20 11:37:36.950,427.5614568257658,1003
2024-09-20 11:37:36.979,427.4995697943498,997
2024-09-20 11:37:37.089,427.6460684407282,1001
2024-09-20 11:37:37.100,427.5841773244848,12
2024-09-20 11:37:37.149,427.5793581422111,1005
2024-09-20 11:37:37.152,427.59074954092864,996
2024-09-20 11:37:37.220,427.621556791747,5
2024-09-20 11:37:37.263,427.62293582357694,996
2024-09-20 11:37:37.291,427.66134852648185,1003
2024-09-20 11:37:37.313,427.66710341702657,100
2024-09-20 11:37:37.355,427.63952391210336,99
2024-09-20 11:37:37.406,427.6351795761351,103
2024-09-20 11:37:37.525,427.62817006473887,1004
2024-09-20 11:37:37.597,427.6649068169469,11
2024-09-20 11:37:37.608,427.6052715468792,11
2024-09-20 11:37:37.610,427.5764332149398,6
2024-09-20 11:37:37.633,427.6574426980025,15
2024-09-20 11:37:37.703,427.6564865393751,999
2024-09-20 11:37:37.727,427.61191309575577,5
2024-09-20 11:37:37.814,427.6618447298735,11
2024-09-20 11:37:37.817,427.67080033918097,997
2024-09-20 11:37:37.825,427.6636065725247,13
2024-09-20 11:37:37.842,427.6574097540454,1001
2024-09-20 11:37:37.865,427.66268699022606,95
2024-09-20 11:37:38.062,427.6792795732726,100
2024-09-20 11:37:38.094,427.6897235263681,11
2024-09-20 11:37:38.185,427.7247094212888,8
2024-09-20 11:37:38.211,427.67406482762425,1001
2024-09-20 11:37:38.259,427.70621338654087,99
2024-09-20 11:37:38.291,427.66521187822775,6
2024-09-20 11:37:38.355,427.685350636955,105
2024-09-20 11:37:38.439,427.6893165179819,105
2024-09-20 11:37:38.704,427.7009962976313,998
2024-09-20 11:37:38.830,427.6730136735361,995
2024-09-20 11:37:38.978,427.7096756596419,101
2024-09-20 11:37:39.046,427.70598211702486,998
2024-09-20 11:37:39.137,427.6949228422373,5
2024-09-20 11:37:39.202,427.6783956183862,8
2024-09-20 11:37:39.218,427.70980301303393,100
2024-09-20 11:37:39.356,427.6866182898269,998
2024-09-20 11:37:39.482,427.6832098600872,95
2024-09-20 11:37:39.533,427.6643615076984,7
2024-09-20 11:37:39.725,427.69323236413095,1002
2024-09-20 11:37:39.730,427.68772506416457,1001
2024-09-20 11:37:40.069,427.67585410462846,7
2024-09-20 11:37:40.099,427.71212299672726,1004
2024-09-20 11:37:40.145,,104
2024-09-20 11:37:40.173,427.6809193383421,1003
2024-09-20 11:37:40.261,427.6986182478313,1002
2024-09-20 11:37:40.445,427.6781528990416,7
2024-09-20 11:37:40.482,427.69029052229007,100
2024-09-20 11:37:40.484,427.676896313275,11
2024-09-20 11:37:40.500,427.6801306121676,1000
2024-09-20 11:37:40.532,427.6863013612873,9
2024-09-20 11:37:40.532,427.7030436288607,98
2024-09-20 11:37:40.547,427.7106481694736,1001
2024-09-20 11:37:40.556,427.6852761342607,1003
2024-09-20 11:37:40.584,427.71501948713023,9
2024-09-20 11:37:40.602,427.6862050458054,12
2024-09-20 11:37:40.626,427.7198452986791,1005
2024-09-20 11:37:40.734,427.7109025080114,101
2024-09-20 11:37:40.755,427.7297554924399,1002
2024-09-20 11:37:40.759,427.6816044342358,12
2024-09-20 11:37:40.759,427.727454281094,5
2024-09-20 11:37:40.793,427.7132665813258,1000
2024-09-20 11:37:40.838,427.7146541835394,10
2024-09-20 11:37:40.875,427.678717434994,98
2024-09-20 11:37:40.905,427.7073303263189,97
2024-09-20 11:37:40.973,427.7299384057018,97
2024-09-20 11:37:40.982,427.67732028575136,1002
2024-09-20 11:37:40.983,427.6893769685119,1000
2024-09-20 11:37:41.056,427.7217010355407,10
2024-09-20 11:37:41.061,427.7019671567716,10
2024-09-20 11:37:41.064,427.655851005657,999
2024-09-20 11:37:41.102,42.76421653374024,7
2024-09-20 11:37:41.142,427.714808898232,104
2024-09-20 11:37:41.157,427.692882291515,5
2024-09-20 11:37:41.226,427.6967923069584,97
2024-09-20 11:37:41.237,427.74124473565695,7
2024-09-20 11:37:41.240,427.7342405871336,12
2024-09-20 11:37:41.328,427.6650120763149,13
2024-09-20 11:37:41.348,427.6996465662583,998
2024-09-20 11:37:41.370,427.72328300401,1004
2024-09-20 11:37:41.372,427.7346210281613,104
2024-09-20 11:37:41.373,427.7287990795415,1002
2024-09-20 11:37:41.377,427.6981617971521,10
2024-09-20 11:37:41.398,427.7404788225394,103
2024-09-20 11:37:41.527,427.64960158306747,996
2024-09-20 11:37:41.530,427.6873697995753,104
2024-09-20 11:37:41.542,427.7083061398327,97
2024-09-20 11:37:41.550,427.6845616726762,9
2024-09-20 11:37:41.567,427.70395536085,98
2024-09-20 11:37:41.587,427.69435183955096,101
2024-09-20 11:37:41.631,427.7211761836921,1005
2024-09-20 11:37:41.666,427.68889246223046,1002
2024-09-20 11:37:41.783,427.7505323175288,999
2024-09-20 11:37:41.798,427.7044757733805,97
2024-09-20 11:37:41.862,427.7062967296204,100
2024-09-20 11:37:41.927,427.6659393259546,95
2024-09-20 11:37:41.951,427.676574721748,96
2024-09-20 11:37:42.143,,5
2024-09-20 11:37:42.258,427.71724733293695,99
2024-09-20 11:37:42.593,427.7040139726831,6
2024-09-20 11:37:43.024,427.6845771988984,15
2024-09-20 11:37:43.108,427.6924324385176,6
2024-09-20 11:37:43.132,427.7033696280842,1001
2024-09-20 11:37:43.175,427.6753912161424,1005
2024-09-20 11:37:43.216,427.6726391148856,1004
2024-09-20 11:37:43.230,427.6687922220488,14
2024-09-20 11:37:43.231,427.6674444214575,7
2024-09-20 11:37:43.263,427.6983318930532,11
2024-09-20 11:37:43.284,427.70347320915096,10
2024-09-20 11:37:43.512,427.6954784827023,1003
2024-09-20 11:37:43.530,427.66877294249247,103
2024-09-20 11:37:43.587,427.6813748289295,1004
2024-09-20 11:37:43.608,427.6911430919764,6
2024-09-20 11:37:43.676,427.65474848910833,1004
2024-09-20 11:37:43.708,427.6767049358494,1005
2024-09-20 11:37:43.815,427.7010557090492,1002
2024-09-20 11:37:43.844,427.6663874452264,96
2024-09-20 11:37:43.875,427.6868199674883,8
2024-09-20 11:37:43.877,427.7037153516217,104
2024-09-20 11:37:43.886,427.70921992827846,12
2024-09-20 11:37:43.981,427.70594296600046,999
2024-09-20 11:37:43.998,427.6693519042285,1004
2024-09-20 11:37:44.117,427.7371562789994,12
2024-09-20 11:37:44.143,427.71295153836417,9
2024-09-20 11:37:44.144,427.6918068941661,995
2024-09-20 11:37:44.236,427.6956151095721,103
2024-09-20 11:37:44.309,427.7139205702225,7
2024-09-20 11:37:44.663,427.6911810150276,996
2024-09-20 11:37:44.728,427.6883512266824,9
2024-09-20 11:37:44.914,427.6994332659242,10
2024-09-20 11:37:44.921,427.7368298421063,1005
2024-09-20 11:37:44.945,427.6953628482125,102
2024-09-20 11:37:44.979,427.7132225696153,10
2024-09-20 11:37:45.050,427.7595496068768,8
2024-09-20 11:37:45.098,427.77844533186345,100
2024-09-20 11:37:45.102,427.7843930502866,11
2024-09-20 11:37:45.181,427.769351749968,6
2024-09-20 11:37:45.190,427.7072772403366,7
2024-09-20 11:37:45.274,427.7141237101006,12
2024-09-20 11:37:45.310,427.7191496012141,1004
2024-09-20 11:37:45.316,427.7850862045207,14
2024-09-20 11:37:45.344,427.7780725494923,996
2024-09-20 11:37:45.424,427.8059850949849,999
2024-09-20 11:37:45.457,427.76696602691936,11
2024-09-20 11:37:45.522,427.7976184524624,998
2024-09-20 11:37:45.525,427.713793280139,1000
2024-09-20 11:37:45.631,427.78900246948575,100
2024-09-20 11:37:45.632,427.7198669624125,999
2024-09-20 11:37:45.678,427.7132225354041,105
2024-09-20 11:37:45.679,427.815606489459,999
2024-09-20 11:37:45.724,42.77809680616578,13
2024-09-20 11:37:45.733,427.7839314673983,105
2024-09-20 11:37:45.756,427.6949578766317,10
2024-09-20 11:37:45.758,427.80555394519126,96
2024-09-20 11:37:45.807,427.8003649832276,101
2024-09-20 11:37:45.857,427.795194954432,1003
2024-09-20 11:37:45.866,427.7651351833973,5
2024-09-20 11:37:45.899,427.8075245937987,104
2024-09-20 11:37:45.911,427.68548607439976,7
2024-09-20 11:37:45.930,427.75944935912526,997
2024-09-20 11:37:45.968,427.7238262742931,100
2024-09-20 11:37:47.078,427.8114670152943,96
2024-09-20 11:37:47.120,427.79039902826094,6
2024-09-20 11:37:47.131,427.7801809466216,6
2024-09-20 11:37:47.197,427.8026760189129,5
2024-09-20 11:37:47.292,427.8286931762125,14
2024-09-20 11:37:47.313,427.8166470714498,1004
2024-09-20 11:37:47.450,427.797725241088,996
2024-09-20 11:37:47.480,427.7992082593704,104
2024-09-20 11:37:47.498,427.8152140440256,100
2024-09-20 11:37:47.504,42.77891218740142,9
2024-09-20 11:37:47.530,427.8281604514488,1004
2024-09-20 11:37:47.548,427.80028217628336,1000
2024-09-20 11:37:47.586,427.799965152463,103
2024-09-20 11:37:47.594,427.80482432179446,995
2024-09-20 11:37:47.629,427.7968901728512,6
2024-09-20 11:37:47.752,427.7990192091787,95
2024-09-20 11:37:47.839,427.82376374412206,101
2024-09-20 11:37:47.882,427.7957259076511,102
2024-09-20 11:37:47.894,427.8205164975016,995
2024-09-20 11:37:47.980,427.78771866298587,1001
2024-09-20 11:37:47.994,427.80589832486754,101
2024-09-20 11:37:48.460,427.8295997529058,101
2024-09-20 11:37:48.831,427.8276933592717,99
2024-09-20 11:37:48.883,427.81417514591584,101
2024-09-20 11:37:49.017,427.8236685809696,1000
2024-09-20 11:37:49.201,427.8482750186218,13
2024-09-20 11:37:49.300,427.79278169503806,8
2024-09-20 11:37:49.315,427.8023278656122,103
2024-09-20 11:37:49.317,427.826077849098,13
2024-09-20 11:37:49.358,427.8187803696781,1001
2024-09-20 11:37:49.378,427.8271098039016,104
2024-09-20 11:37:49.483,427.8167630603232,1001
2024-09-20 11:37:49.653,427.788925591543,995
2024-09-20 11:37:49.717,427.7957394342436,996
2024-09-20 11:37:49.797,427.83514656600806,10
2024-09-20 11:37:49.822,427.8069339135216,6
2024-09-20 11:37:50.209,427.7418528427144,1004
2024-09-20 11:37:50.213,427.7424159506117,105
2024-09-20 11:37:50.235,427.7485723722231,11
2024-09-20 11:37:50.369,427.7785601808794,102
2024-09-20 11:37:50.388,427.7373745530281,999
2024-09-20 11:37:50.411,427.73659776845005,997
2024-09-20 11:37:50.475,427.7445710446463,997
2024-09-20 11:37:50.478,427.77783412246674,997
2024-09-20 11:37:50.518,427.7699551497405,997
2024-09-20 11:37:50.635,427.7433403574778,101
2024-09-20 11:37:50.684,427.7857610655405,1005
2024-09-20 11:37:50.773,427.766114023666,998
2024-09-20 11:37:50.773,427.7883375432037,1000
2024-09-20 11:37:50.794,427.7442231720029,1004
2024-09-20 11:37:50.872,427.740011180935,10
2024-09-20 11:37:50.980,427.7909785972556,997
2024-09-20 11:37:50.995,427.7666847061615,12
2024-09-20 11:37:51.806,427.7471217848798,96
2024-09-20 11:37:52.045,427.7295120624382,14
2024-09-20 11:37:52.194,427.7439509883035,13
2024-09-20 11:37:52.241,427.7175221478549,101
2024-09-20 11:37:52.265,,1002
2024-09-20 11:37:52.385,427.73643297459415,96
2024-09-20 11:37:52.387,427.7269115696704,999
2024-09-20 11:37:52.534,427.7120899229677,996
2024-09-20 11:37:52.554,427.7500756332788,97
2024-09-20 11:37:52.830,427.73770108919086,104
2024-09-20 11:37:52.898,427.7134288506311,996
2024-09-20 11:37:53.009,427.6573529955564,1002
2024-09-20 11:37:53.063,427.6535041481308,1005
2024-09-20 11:37:53.117,427.7003018087013,995
2024-09-20 11:37:53.198,427.6824311610616,1001
2024-09-20 11:37:53.229,427.6674843659905,1005
2024-09-20 11:37:53.259,427.6640387500014,98
2024-09-20 11:37:53.346,427.6924107055316,100
2024-09-20 11:37:53.358,427.6702524916256,5
2024-09-20 11:37:53.411,427.6938727859856,999
2024-09-20 11:37:53.447,,5
2024-09-20 11:37:53.484,427.6785755892645,105
2024-09-20 11:37:53.516,427.65584977758505,5
2024-09-20 11:37:53.544,427.68303782282175,998
2024-09-20 11:37:53.557,427.6800630456325,7
2024-09-20 11:37:53.583,427.7005625499399,102
2024-09-20 11:37:53.600,-427.7174661961855,11
2024-09-20 11:37:53.619,427.691027458224,9
2024-09-20 11:37:53.637,427.6668606597707,995
2024-09-20 11:37:53.720,427.6743089191637,6
2024-09-20 11:37:53.721,427.6927083504131,8
2024-09-20 11:37:53.754,427.6823999269057,97
2024-09-20 11:37:53.768,427.6637784688897,999
2024-09-20 11:37:53.873,427.6939506126524,6
2024-09-20 11:37:53.901,427.6759660039648,7
2024-09-20 11:37:53.938,427.6463884483719,102
2024-09-20 11:37:53.961,427.640470824978,7
2024-09-20 11:37:53.997,427.6731373641434,99
2024-09-20 11:37:54.007,427.5652844612166,997
2024-09-20 11:37:54.021,427.6307323648083,1002
2024-09-20 11:37:54.021,427.5665197844149,96
2024-09-20 11:37:54.156,427.6140168381696,15
2024-09-20 11:37:54.240,427.6353070908343,11
2024-09-20 11:37:54.326,427.5715046580533,1003
2024-09-20 11:37:54.337,427.6246846311258,105
2024-09-20 11:37:54.397,427.5841733613518,11
2024-09-20 11:37:54.428,427.55223844412905,98
2024-09-20 11:37:54.473,427.55106556441785,8
2024-09-20 11:37:54.530,427.5502161951402,103
2024-09-20 11:37:54.566,427.56388602947,6
2024-09-20 11:37:54.647,427.5743962192423,99
2024-09-20 11:37:54.653,427.6219339197052,6
2024-09-20 11:37:54.832,427.55885478472186,1001
2024-09-20 11:37:54.835,427.5369174266714,996
2024-09-20 11:37:54.853,427.5821589971033,1005
2024-09-20 11:37:54.853,427.6420557049533,99
2024-09-20 11:37:54.885,427.5334543669456,9
2024-09-20 11:37:54.924,427.6515612044763,96
2024-09-20 11:37:54.950,427.5916748090767,996
2024-09-20 11:37:54.957,427.552080019361,998
2024-09-20 11:37:54.963,427.6097046527733,100
2024-09-20 11:37:54.968,427.54283328582295,996
2024-09-20 11:37:55.031,427.5855261265971,96
2024-09-20 11:37:55.031,427.5936705038811,996
2024-09-20 11:37:55.108,427.5858525069466,996
2024-09-20 11:37:55.119,427.5661382221576,96
2024-09-20 11:37:55.152,427.61029377241096,995
2024-09-20 11:37:55.167,427.6028141087169,96
2024-09-20 11:37:55.195,427.5599521421738,14
2024-09-20 11:37:55.292,427.5894383389053,12
2024-09-20 11:37:55.319,427.5428270359384,1000
2024-09-20 11:37:55.333,427.56100863142166,1002
2024-09-20 11:37:55.334,427.589997420008,14
2024-09-20 11:37:55.504,427.5501290956087,995
2024-09-20 11:37:55.588,427.5540288410306,1000
2024-09-20 11:37:55.649,427.5897451729976,96
2024-09-20 11:37:55.664,427.5400042448561,96
2024-09-20 11:37:55.692,427.52221591377815,105
2024-09-20 11:37:55.731,427.5660611862602,105
2024-09-20 11:37:55.744,427.5398202174279,95
2024-09-20 11:37:55.895,427.5461777947017,8
2024-09-20 11:37:55.973,427.5772495560757,995
2024-09-20 11:37:55.974,427.5262925750984,996
2024-09-20 11:37:56.072,427.6834332292688,95
2024-09-20 11:37:56.156,427.6425701161552,1004
2024-09-20 11:37:56.213,427.6210378852031,13
2024-09-20 11:37:56.228,427.627647946575,15
2024-09-20 11:37:56.322,427.6124919306011,1003
2024-09-20 11:37:56.329,427.6002856083714,1002
2024-09-20 11:37:56.357,427.68571184505055,1004
2024-09-20 11:37:56.366,-427.64316316949896,999
2024-09-20 11:37:56.433,427.6404190611462,1002
2024-09-20 11:37:56.447,427.65376104802647,104
2024-09-20 11:37:56.497,427.63046201918354,99
2024-09-20 11:37:56.513,427.6704211699851,100
2024-09-20 11:37:56.554,427.6376600749928,996
2024-09-20 11:37:56.571,427.64101664493154,103
2024-09-20 11:37:56.645,427.6348130959797,1000
2024-09-20 11:37:56.689,427.63244221963583,1002
2024-09-20 11:37:56.736,427.6339224531251,1004
2024-09-20 11:37:56.758,427.6647255791928,105
2024-09-20 11:37:56.789,427.64143586886655,999
2024-09-20 11:37:56.820,427.6303246454193,105
2024-09-20 11:37:56.840,427.5973003285772,999
2024-09-20 11:37:56.879,427.5932625165994,1004
2024-09-20 11:37:56.883,427.599898564215,103
2024-09-20 11:37:56.919,427.5974227060666,6
2024-09-20 11:37:56.928,427.6539719185007,1004
2024-09-20 11:37:56.973,427.6801483298961,996
2024-09-20 11:37:57.146,427.69479814687134,995
2024-09-20 11:37:57.897,-427.6819195944796,99
2024-09-20 11:37:57.934,-427.678279147689,98
2024-09-20 11:37:58.046,427.7081762437561,15
2024-09-20 11:37:58.082,427.707303785375,104
2024-09-20 11:37:58.128,427.7094626431111,999
2024-09-20 11:37:58.165,427.7244951530032,102
2024-09-20 11:37:58.192,427.6991872896109,12
2024-09-20 11:37:58.199,427.7065672218463,1003
2024-09-20 11:37:58.313,427.71429090548486,12
2024-09-20 11:37:58.316,427.7036251124104,99
2024-09-20 11:37:58.359,427.68885665721626,8
2024-09-20 11:37:58.510,427.69455940006,9
2024-09-20 11:37:58.528,427.7048423912853,996
2024-09-20 11:37:58.552,427.716856223166,11
2024-09-20 11:37:58.699,427.7112476566388,101
2024-09-20 11:37:58.793,427.6920903532984,13
2024-09-20 11:37:58.832,427.6964771752433,7
2024-09-20 11:37:58.944,-427.6737552878871,97
2024-09-20 11:37:59.069,427.6840262498379,98
2024-09-20 11:37:59.191,427.6962253725733,11
2024-09-20 11:37:59.273,427.68319167324415,999
2024-09-20 11:37:59.628,427.7041459088983,1002
2024-09-20 11:37:59.646,427.6891360125367,997
2024-09-20 11:37:59.680,427.6828880128952,12
