Timestamp,Price,Size
2024-09-17 11:01:00.000,415.0031699513037,1001
2024-09-17 11:01:00.009,414.9705474288013,999
2024-09-17 11:01:00.055,414.9949591660621,14
2024-09-17 11:01:00.075,415.0079050172828,100
2024-09-17 11:01:00.081,414.99897262656896,100
2024-09-17 11:01:00.176,414.98431510769984,6
2024-09-17 11:01:00.201,414.9803909475573,14
2024-09-17 11:01:00.224,414.9675727385148,6
2024-09-17 11:01:00.285,415.0026665210239,10
2024-09-17 11:01:00.528,414.9903931250554,1000
2024-09-17 11:01:00.576,414.9672735275041,15
2024-09-17 11:01:00.787,414.96416333458126,11
2024-09-17 11:01:00.920,414.9821155255201,102
2024-09-17 11:01:00.970,414.96717690703287,1000
2024-09-17 11:01:01.001,414.9462292345497,9
2024-09-17 11:01:01.027,414.9759504635032,1000
2024-09-17 11:01:01.120,414.9649602601523,15
2024-09-17 11:01:01.124,414.9789715094445,13
2024-09-17 11:01:01.164,414.9804028866598,1005
2024-09-17 11:01:01.183,41.49576943344387,12
2024-09-17 11:01:01.194,414.9634639875935,15
2024-09-17 11:01:01.203,414.9513448832118,1005
2024-09-17 11:01:01.207,414.9590204627987,1003
2024-09-17 11:01:01.226,414.9860190888683,13
2024-09-17 11:01:01.248,414.97748144287374,1001
2024-09-17 11:01:01.339,414.99604808859374,1003
2024-09-17 11:01:01.413,414.99501954905577,996
2024-09-17 11:01:01.421,414.9417172352958,1000
2024-09-17 11:01:01.455,414.9620177982988,1002
2024-09-17 11:01:01.475,414.9700022890653,10
2024-09-17 11:01:01.559,414.9563259359824,12
2024-09-17 11:01:01.574,414.9924835639284,97
2024-09-17 11:01:01.588,41.49308669309045,1005
2024-09-17 11:01:01.666,414.9988704744408,98
2024-09-17 11:01:01.687,414.96056925531263,1003
2024-09-17 11:01:01.772,414.9849798528723,11
2024-09-17 11:01:01.926,414.9656592514047,104
2024-09-17 11:01:01.947,414.97974811504463,101
2024-09-17 11:01:02.042,414.93750853898206,996
2024-09-17 11:01:02.046,414.9564266396277,999
2024-09-17 11:01:02.059,414.9311588453296,101
2024-09-17 11:01:02.086,414.9716520564209,10
2024-09-17 11:01:02.109,414.953904829754,8
2024-09-17 11:01:02.161,414.9624727192953,995
2024-09-17 11:01:02.201,414.89089440491705,15
2024-09-17 11:01:02.213,414.9431892711628,12
2024-09-17 11:01:02.255,414.96025273768606,7
2024-09-17 11:01:02.366,414.91629475995626,104
2024-09-17 11:01:02.420,414.9489435382848,8
2024-09-17 11:01:02.444,414.9416953153169,14
2024-09-17 11:01:02.478,414.9266889422446,97
2024-09-17 11:01:02.499,414.913145426402,999
2024-09-17 11:01:02.532,414.93587595864943,1001
2024-09-17 11:01:02.559,414.9432351575823,8
2024-09-17 11:01:02.591,414.94887492923885,103
2024-09-17 11:01:02.721,414.9318708616454,9
2024-09-17 11:01:02.730,41.49459343718096,998
2024-09-17 11:01:02.741,414.9725561156541,997
2024-09-17 11:01:02.753,414.9427817708371,13
2024-09-17 11:01:02.780,414.90468026718736,1000
2024-09-17 11:01:02.783,414.9453029319437,95
2024-09-17 11:01:02.825,414.90467384265537,104
2024-09-17 11:01:02.880,414.9443995966992,1001
2024-09-17 11:01:02.930,414.91262633632704,105
2024-09-17 11:01:02.988,414.95019866814806,103
2024-09-17 11:01:03.100,414.9462693167316,1002
2024-09-17 11:01:03.225,414.95852721004337,11
2024-09-17 11:01:03.537,414.9587074215156,12
2024-09-17 11:01:03.674,-414.9346279978971,104
2024-09-17 11:01:03.676,414.9386917613051,100
2024-09-17 11:01:03.768,414.93766546999706,1004
2024-09-17 11:01:04.072,415.0122356400021,1004
2024-09-17 11:01:04.244,415.0358940830716,11
2024-09-17 11:01:04.258,415.0348762977503,13
2024-09-17 11:01:04.320,415.0524437500813,999
2024-09-17 11:01:04.387,415.0420890873452,96
2024-09-17 11:01:04.491,415.0187170913343,95
2024-09-17 11:01:04.521,414.9701161872304,13
2024-09-17 11:01:04.623,415.0080510694436,995
2024-09-17 11:01:04.628,414.951431595177,15
2024-09-17 11:01:04.633,415.0440924587262,103
2024-09-17 11:01:04.876,415.0560917102296,97
2024-09-17 11:01:05.701,415.0496247127543,100
2024-09-17 11:01:05.747,415.0776349577276,995
2024-09-17 11:01:06.075,415.0518268653478,10
2024-09-17 11:01:06.081,-415.02677974531264,997
2024-09-17 11:01:06.131,415.0426111880197,102
2024-09-17 11:01:06.133,415.0665569655058,997
2024-09-17 11:01:06.155,415.0544241017314,1001
2024-09-17 11:01:06.208,415.0218674045795,14
2024-09-17 11:01:06.239,415.0501551562457,999
2024-09-17 11:01:06.359,415.0779806475833,9
2024-09-17 11:01:06.566,415.0344355349526,1005
2024-09-17 11:01:06.573,415.0600332478781,1002
2024-09-17 11:01:06.589,415.0495323552906,101
2024-09-17 11:01:06.721,415.0276797258532,14
2024-09-17 11:01:06.725,415.06316804139055,15
2024-09-17 11:01:06.757,415.03082497480966,1002
2024-09-17 11:01:06.820,415.0567709893007,10
2024-09-17 11:01:06.850,415.07815011822015,9
2024-09-17 11:01:06.935,415.0697912805187,97
2024-09-17 11:01:06.972,415.033056158329,1004
2024-09-17 11:01:07.037,,5
2024-09-17 11:01:07.041,415.1410085984277,8
2024-09-17 11:01:07.226,415.10340839728434,101
2024-09-17 11:01:07.236,415.12650325038135,1005
2024-09-17 11:01:07.246,415.1268130122828,103
2024-09-17 11:01:07.267,415.12954897852063,96
2024-09-17 11:01:07.282,415.13679494602087,99
2024-09-17 11:01:07.297,415.1088898174631,1003
2024-09-17 11:01:07.323,415.1098206686384,103
2024-09-17 11:01:07.352,415.11336005720045,999
2024-09-17 11:01:07.380,415.09434137127386,95
2024-09-17 11:01:07.399,415.1353968785761,1002
2024-09-17 11:01:07.440,415.1123079749463,6
2024-09-17 11:01:07.469,415.1142945853908,96
2024-09-17 11:01:07.524,415.1423308090572,10
2024-09-17 11:01:07.541,415.1428392280536,6
2024-09-17 11:01:07.614,415.1422320687145,13
2024-09-17 11:01:07.667,415.1437215203634,104
2024-09-17 11:01:07.736,415.12349036491713,7
2024-09-17 11:01:07.741,415.1197618645946,995
2024-09-17 11:01:07.746,-415.0809391479219,97
2024-09-17 11:01:07.750,415.1048788624435,15
2024-09-17 11:01:07.828,415.0594904167194,103
2024-09-17 11:01:07.872,415.14059918056665,97
2024-09-17 11:01:07.874,415.1317667467184,999
2024-09-17 11:01:07.892,415.1190102013617,12
2024-09-17 11:01:07.903,415.12587323335,1000
2024-09-17 11:01:07.906,415.1258199812584,9
2024-09-17 11:01:07.910,415.1569776151834,98
2024-09-17 11:01:07.919,415.1278057828404,13
2024-09-17 11:01:08.066,415.1327100566885,9
2024-09-17 11:01:08.094,415.1573002610083,997
2024-09-17 11:01:08.160,415.1473009386437,103
2024-09-17 11:01:08.179,415.11701197438487,96
2024-09-17 11:01:08.287,415.10559321788304,14
2024-09-17 11:01:08.563,415.1524843727966,101
2024-09-17 11:01:08.660,415.1321491179215,5
2024-09-17 11:01:08.933,415.13366646613207,103
2024-09-17 11:01:09.045,415.1615989176568,15
2024-09-17 11:01:09.127,415.1282637169489,102
2024-09-17 11:01:09.259,415.145387931042,105
2024-09-17 11:01:09.311,415.1332988000477,15
2024-09-17 11:01:09.393,415.14424202535423,101
2024-09-17 11:01:09.560,415.1394931792102,998
2024-09-17 11:01:09.592,415.1433347095381,1005
2024-09-17 11:01:09.604,415.1382937512242,102
2024-09-17 11:01:09.715,415.1252410360184,100
2024-09-17 11:01:09.751,415.13974357392135,15
2024-09-17 11:01:09.861,415.1213242602988,96
2024-09-17 11:01:09.883,415.13019310669904,1002
2024-09-17 11:01:09.895,415.1496438776789,997
2024-09-17 11:01:10.047,415.1249591534056,12
2024-09-17 11:01:10.074,415.1333824224938,105
2024-09-17 11:01:10.096,415.1172366597515,997
2024-09-17 11:01:10.153,415.1183782654516,11
2024-09-17 11:01:10.249,415.11645378520456,100
2024-09-17 11:01:10.427,415.139271511769,15
2024-09-17 11:01:10.446,415.1221682008605,998
2024-09-17 11:01:10.566,415.1422335234563,11
2024-09-17 11:01:10.643,415.1273568964374,103
2024-09-17 11:01:10.703,415.1096184960045,95
2024-09-17 11:01:10.767,415.1218970002655,6
2024-09-17 11:01:10.982,415.105603248856,105
2024-09-17 11:01:11.060,415.0890332148011,998
2024-09-17 11:01:11.064,415.1569502171285,96
2024-09-17 11:01:11.156,415.14730967980375,1000
2024-09-17 11:01:11.295,415.1395830838584,995
2024-09-17 11:01:11.304,415.1084020277976,1000
2024-09-17 11:01:11.306,415.1306627971321,7
2024-09-17 11:01:11.388,415.11005098676793,99
2024-09-17 11:01:11.401,415.10265735157367,1001
2024-09-17 11:01:11.475,415.09405364156265,105
2024-09-17 11:01:11.502,415.1360474547593,1005
2024-09-17 11:01:11.585,415.1227633237343,1000
2024-09-17 11:01:11.599,415.13498502072616,96
2024-09-17 11:01:11.611,415.09867316141776,105
2024-09-17 11:01:11.649,415.1529539300629,6
2024-09-17 11:01:11.694,415.1071915603771,999
2024-09-17 11:01:11.738,415.10494219903615,11
2024-09-17 11:01:11.755,415.0996556697536,104
2024-09-17 11:01:11.790,415.0969417561688,97
2024-09-17 11:01:11.827,415.1022330955866,13
2024-09-17 11:01:11.891,415.1146774951057,12
2024-09-17 11:01:11.932,415.1511890284588,997
2024-09-17 11:01:11.942,415.151041045031,999
2024-09-17 11:01:11.982,415.1113522315016,9
2024-09-17 11:01:12.073,415.1302821419414,104
2024-09-17 11:01:12.092,415.1377109711123,5
2024-09-17 11:01:12.106,415.15499571532735,7
2024-09-17 11:01:12.177,415.1652940943488,103
2024-09-17 11:01:12.192,415.1462488028324,1004
2024-09-17 11:01:12.304,415.15668946999625,103
2024-09-17 11:01:12.331,415.1668761480583,996
2024-09-17 11:01:12.431,415.1571572969385,14
2024-09-17 11:01:12.445,415.1549349973694,100
2024-09-17 11:01:12.446,415.1648279627543,96
2024-09-17 11:01:12.446,415.1500575731416,105
2024-09-17 11:01:12.489,415.1228496999946,1004
2024-09-17 11:01:12.519,415.1526896309539,95
2024-09-17 11:01:12.534,415.1420934926545,6
2024-09-17 11:01:12.586,415.1370407314208,104
2024-09-17 11:01:12.591,415.1434207686201,1001
2024-09-17 11:01:12.753,415.13941200140414,1003
2024-09-17 11:01:12.782,415.1425818885295,14
2024-09-17 11:01:12.797,415.1572877947231,98
2024-09-17 11:01:12.837,415.16214349833086,95
2024-09-17 11:01:12.867,415.16413387979344,96
2024-09-17 11:01:12.912,415.135351479937,99
2024-09-17 11:01:12.913,415.1742532063117,103
2024-09-17 11:01:12.948,415.12190702066977,101
2024-09-17 11:01:12.975,415.1489362053159,102
2024-09-17 11:01:12.985,415.1645929387994,1000
2024-09-17 11:01:12.993,415.1626519853497,13
2024-09-17 11:01:13.125,415.11528963393823,1002
2024-09-17 11:01:13.221,415.1408680914913,996
2024-09-17 11:01:13.291,415.14498881715815,1005
2024-09-17 11:01:13.387,415.120360430389,103
2024-09-17 11:01:13.427,415.1293020590177,997
2024-09-17 11:01:13.574,415.1327810665244,999
2024-09-17 11:01:13.777,,15
2024-09-17 11:01:13.840,415.1167912020438,8
2024-09-17 11:01:13.878,415.1315167727946,9
2024-09-17 11:01:13.988,415.1195893864749,1000
2024-09-17 11:01:13.990,41.5143806617381,999
2024-09-17 11:01:15.021,415.15779370703285,15
2024-09-17 11:01:15.040,415.1574840231477,101
2024-09-17 11:01:15.056,415.23554826121546,12
2024-09-17 11:01:15.066,415.1844913519093,13
2024-09-17 11:01:15.095,415.2226117243276,95
2024-09-17 11:01:15.116,415.21465624484114,104
2024-09-17 11:01:15.293,415.230721693008,100
2024-09-17 11:01:15.330,415.2425378687309,11
2024-09-17 11:01:15.345,415.1773955780518,103
2024-09-17 11:01:15.433,415.21530788140166,7
2024-09-17 11:01:15.457,415.2372973087006,10
2024-09-17 11:01:15.489,415.1520995276995,10
2024-09-17 11:01:15.500,415.15113642897234,14
2024-09-17 11:01:15.626,415.1426590244954,1005
2024-09-17 11:01:15.889,415.1964220315018,998
2024-09-17 11:01:15.892,415.2415863547396,100
2024-09-17 11:01:15.911,415.177565616243,6
2024-09-17 11:01:15.994,415.2409756701986,100
2024-09-17 11:01:16.051,415.23682663006326,6
2024-09-17 11:01:16.063,415.2380399954215,1000
2024-09-17 11:01:16.073,415.23581777392826,98
2024-09-17 11:01:16.104,415.2085437893359,95
2024-09-17 11:01:16.121,415.2156751675203,1004
2024-09-17 11:01:16.161,415.22149254327945,997
2024-09-17 11:01:16.199,415.2308726827814,97
2024-09-17 11:01:16.315,415.2184036846869,1004
2024-09-17 11:01:16.320,415.23846254821575,101
2024-09-17 11:01:16.346,415.2151550710941,8
2024-09-17 11:01:16.375,415.2267594180039,101
2024-09-17 11:01:16.464,-415.228218935004,100
2024-09-17 11:01:16.469,415.2240050626749,104
2024-09-17 11:01:16.470,415.2328329247676,103
2024-09-17 11:01:16.496,415.2410520285764,6
2024-09-17 11:01:16.539,415.23565938180366,103
2024-09-17 11:01:16.549,415.2354014528613,1002
2024-09-17 11:01:16.571,415.2365672719207,101
2024-09-17 11:01:16.658,415.2213723864677,96
2024-09-17 11:01:16.668,415.2362080019102,996
2024-09-17 11:01:16.708,415.2111352398018,99
2024-09-17 11:01:16.726,415.2405150989493,15
2024-09-17 11:01:16.756,415.2293572116313,97
2024-09-17 11:01:16.820,415.23806963094165,5
2024-09-17 11:01:16.829,415.2513953060887,6
2024-09-17 11:01:16.902,415.23393315699326,8
2024-09-17 11:01:16.975,415.2369787724912,995
2024-09-17 11:01:16.988,415.2242258830871,5
2024-09-17 11:01:16.993,415.2344121812083,1005
2024-09-17 11:01:17.039,415.2654176894062,12
2024-09-17 11:01:17.113,415.2462233786477,1001
2024-09-17 11:01:17.125,415.2708613644167,101
2024-09-17 11:01:17.170,415.2824115015435,999
2024-09-17 11:01:17.175,415.2660162591621,996
2024-09-17 11:01:17.314,415.2485683340496,10
2024-09-17 11:01:17.403,415.2422575077847,1003
2024-09-17 11:01:17.485,415.25735193354274,101
2024-09-17 11:01:17.607,415.2831812253499,99
2024-09-17 11:01:17.619,415.2481157780792,1004
2024-09-17 11:01:17.619,415.2757803790525,13
2024-09-17 11:01:17.711,415.246066033209,7
2024-09-17 11:01:17.888,415.24944182099415,98
2024-09-17 11:01:17.933,415.2708658387212,1002
2024-09-17 11:01:17.960,415.2818410479614,13
2024-09-17 11:01:18.081,415.2634482506754,14
2024-09-17 11:01:18.170,415.2873603114603,13
2024-09-17 11:01:18.323,415.2547425196842,8
2024-09-17 11:01:18.469,415.24256226789606,1005
2024-09-17 11:01:18.513,415.2421263644368,103
2024-09-17 11:01:18.534,415.27719002318565,1000
2024-09-17 11:01:18.590,415.2702933663938,102
2024-09-17 11:01:18.710,41.52451456829407,5
2024-09-17 11:01:18.786,415.28669798337074,95
2024-09-17 11:01:18.858,415.2338632134781,15
2024-09-17 11:01:18.901,415.2376216996784,996
2024-09-17 11:01:19.287,415.24372813435895,14
2024-09-17 11:01:19.504,415.26198520099,995
2024-09-17 11:01:19.567,41.52442310078366,1000
2024-09-17 11:01:19.592,415.253842376517,9
2024-09-17 11:01:19.644,415.2492926432899,999
2024-09-17 11:01:19.647,415.23331214926816,9
2024-09-17 11:01:19.696,415.264667910836,1002
2024-09-17 11:01:19.774,415.2426543190037,1000
2024-09-17 11:01:19.791,415.2488117139314,101
2024-09-17 11:01:20.129,415.2605606747972,98
2024-09-17 11:01:21.039,415.2706072252815,101
2024-09-17 11:01:21.282,415.2502736972836,10
2024-09-17 11:01:21.338,,105
2024-09-17 11:01:21.367,415.2684004200535,1002
2024-09-17 11:01:21.451,415.2509607290136,8
2024-09-17 11:01:21.549,415.2791763107791,5
2024-09-17 11:01:21.594,415.2571418670394,96
2024-09-17 11:01:21.623,415.2568109080104,5
2024-09-17 11:01:21.665,415.2561463617743,7
2024-09-17 11:01:21.728,415.2795118478458,10
2024-09-17 11:01:21.742,415.2725312119344,95
2024-09-17 11:01:21.792,415.2823953921664,103
2024-09-17 11:01:21.797,415.26069434658007,1001
2024-09-17 11:01:21.801,415.2864505397171,1001
2024-09-17 11:01:21.802,415.2683199471427,995
2024-09-17 11:01:21.937,415.27537169774143,97
2024-09-17 11:01:21.957,415.25519527121327,13
2024-09-17 11:01:22.049,415.2820805568126,1003
2024-09-17 11:01:22.145,415.2837222235931,105
2024-09-17 11:01:22.161,415.2906791892805,14
2024-09-17 11:01:22.198,415.2698086233965,12
2024-09-17 11:01:22.364,415.2756036435036,95
2024-09-17 11:01:22.594,415.27135841539376,98
2024-09-17 11:01:22.742,415.2981921130352,105
2024-09-17 11:01:22.871,415.26628173699993,97
2024-09-17 11:01:22.892,415.3002951650836,1003
2024-09-17 11:01:22.941,415.29722125893926,1003
2024-09-17 11:01:22.954,41.52827643488863,103
2024-09-17 11:01:22.958,415.2901315716554,7
2024-09-17 11:01:23.006,415.32607400580514,8
2024-09-17 11:01:23.056,415.29773419640907,1002
2024-09-17 11:01:23.064,415.30185475584585,997
2024-09-17 11:01:23.082,415.3117967694077,996
2024-09-17 11:01:23.092,415.293859118219,6
2024-09-17 11:01:23.122,415.3236635371164,12
2024-09-17 11:01:23.137,415.291604487397,1004
2024-09-17 11:01:23.158,415.3024406766977,12
2024-09-17 11:01:23.207,415.313052229029,1001
2024-09-17 11:01:23.248,415.3272524036034,10
2024-09-17 11:01:23.256,415.3160916080861,14
2024-09-17 11:01:23.334,415.3193052301168,102
2024-09-17 11:01:23.376,415.3082359000858,100
2024-09-17 11:01:23.425,415.292000018069,13
2024-09-17 11:01:23.454,415.3190494735877,1001
2024-09-17 11:01:23.460,415.3367430175523,999
2024-09-17 11:01:23.543,415.3192858823525,12
2024-09-17 11:01:23.593,415.3193731658777,104
2024-09-17 11:01:23.634,415.3144194515054,1004
2024-09-17 11:01:23.716,415.3225111349233,996
2024-09-17 11:01:23.717,415.3084779785151,98
2024-09-17 11:01:23.740,415.3076235439678,998
2024-09-17 11:01:23.748,415.3104619819064,102
2024-09-17 11:01:23.808,415.29947789513824,104
2024-09-17 11:01:23.831,415.3089519006999,102
2024-09-17 11:01:23.846,415.3045952868644,995
2024-09-17 11:01:23.862,415.3288461976398,101
2024-09-17 11:01:24.011,415.4173777143422,97
2024-09-17 11:01:24.028,415.37856974966405,9
2024-09-17 11:01:24.101,415.4130531371367,103
2024-09-17 11:01:24.167,415.4021159240168,1001
2024-09-17 11:01:24.252,415.3838938893701,10
2024-09-17 11:01:24.289,415.3183168877122,97
2024-09-17 11:01:24.368,415.3849201176017,7
2024-09-17 11:01:24.370,415.322679453158,1000
2024-09-17 11:01:24.412,415.3833815012976,102
2024-09-17 11:01:24.438,415.3932469311712,8
2024-09-17 11:01:24.470,415.3502261247508,1001
2024-09-17 11:01:24.498,415.3445263252423,15
2024-09-17 11:01:24.507,415.4046854110919,996
2024-09-17 11:01:24.533,415.3487324057255,6
2024-09-17 11:01:24.565,415.3846835581487,8
2024-09-17 11:01:24.576,415.37159843465207,15
2024-09-17 11:01:24.601,415.3207293026143,999
2024-09-17 11:01:24.745,415.4094014890098,104
2024-09-17 11:01:24.761,415.3273486937982,11
2024-09-17 11:01:24.813,415.366257700504,96
2024-09-17 11:01:24.929,415.3890546742261,1001
2024-09-17 11:01:24.936,415.4011956841351,99
2024-09-17 11:01:24.989,415.3267523123608,8
2024-09-17 11:01:25.146,415.40013732534857,7
2024-09-17 11:01:25.371,415.3695637296073,13
2024-09-17 11:01:25.389,415.3820253282515,1005
2024-09-17 11:01:25.534,415.3759879461509,7
2024-09-17 11:01:25.723,415.3741137863965,6
2024-09-17 11:01:26.296,415.3481833515399,11
2024-09-17 11:01:26.297,415.3691515820544,1004
2024-09-17 11:01:26.335,,100
2024-09-17 11:01:26.424,415.3727552981676,105
2024-09-17 11:01:26.485,415.3713738967898,6
2024-09-17 11:01:26.712,415.3519704994126,8
2024-09-17 11:01:26.745,415.372343838906,14
2024-09-17 11:01:26.774,415.34954686623263,99
2024-09-17 11:01:26.792,415.3577547170987,999
2024-09-17 11:01:26.802,415.34909905466185,102
2024-09-17 11:01:26.913,415.37510001534446,7
2024-09-17 11:01:27.008,415.3750873819555,998
2024-09-17 11:01:27.016,415.3934635799304,15
2024-09-17 11:01:27.074,415.3856696958541,1000
2024-09-17 11:01:27.100,415.3301441402835,95
2024-09-17 11:01:27.169,415.3523525555061,105
2024-09-17 11:01:27.195,415.3694768130992,14
2024-09-17 11:01:27.208,415.37566293786347,10
2024-09-17 11:01:27.270,415.360489047405,98
2024-09-17 11:01:27.271,415.3719899989468,15
2024-09-17 11:01:27.396,415.3744270065064,103
2024-09-17 11:01:27.448,415.3802015622801,1002
2024-09-17 11:01:27.452,415.3773535745708,13
2024-09-17 11:01:27.481,415.3761894434415,100
2024-09-17 11:01:27.516,415.3470099107164,105
2024-09-17 11:01:27.551,415.3354909629247,97
2024-09-17 11:01:27.599,415.38333543131534,12
2024-09-17 11:01:27.672,415.3443691031191,99
2024-09-17 11:01:27.703,415.3488855964767,1000
2024-09-17 11:01:27.728,415.3576140551215,1001
2024-09-17 11:01:27.732,415.3288097680961,999
2024-09-17 11:01:27.733,415.3476413243962,1001
2024-09-17 11:01:27.733,415.35270446638367,1002
2024-09-17 11:01:27.745,415.3250517330957,9
2024-09-17 11:01:27.780,415.39641692668135,102
2024-09-17 11:01:27.871,415.4005318699231,13
2024-09-17 11:01:27.903,415.3921382248256,100
2024-09-17 11:01:27.912,415.3904925331264,998
2024-09-17 11:01:28.044,415.2629321689076,104
2024-09-17 11:01:28.251,415.2284927247088,998
2024-09-17 11:01:28.279,415.4077781439756,13
2024-09-17 11:01:28.335,415.4058193520548,998
2024-09-17 11:01:28.348,415.2390135861163,102
2024-09-17 11:01:28.360,415.41203067843935,998
2024-09-17 11:01:28.374,415.373152950165,995
2024-09-17 11:01:28.393,415.3490237867852,98
2024-09-17 11:01:28.524,415.3933351797659,13
2024-09-17 11:01:28.540,415.2709676425097,1004
2024-09-17 11:01:28.588,415.26626579449504,1001
2024-09-17 11:01:28.598,415.36468118601096,104
2024-09-17 11:01:28.641,-415.3405567797273,1000
2024-09-17 11:01:28.671,415.2317124012495,97
2024-09-17 11:01:28.684,415.39314882483296,102
2024-09-17 11:01:28.685,415.430174040608,998
2024-09-17 11:01:28.724,415.26622947343145,996
2024-09-17 11:01:28.746,415.29232445661694,998
2024-09-17 11:01:28.790,415.36087009729016,8
2024-09-17 11:01:28.872,415.2282457989031,998
2024-09-17 11:01:28.903,415.27898689744575,1000
2024-09-17 11:01:28.931,415.404127256216,103
2024-09-17 11:01:28.934,415.35373211657134,100
2024-09-17 11:01:28.937,415.3661383974268,1001
2024-09-17 11:01:28.952,415.23653636134,12
2024-09-17 11:01:28.973,415.2470524751016,9
2024-09-17 11:01:28.982,415.40811252890825,7
2024-09-17 11:01:29.143,41.53000954076726,5
2024-09-17 11:01:29.184,415.2793153008645,7
2024-09-17 11:01:29.216,415.225468399213,998
2024-09-17 11:01:29.223,415.2317788133641,1000
2024-09-17 11:01:29.264,415.2839160450533,100
2024-09-17 11:01:29.318,415.2863156584514,14
2024-09-17 11:01:29.321,415.3035077181486,100
2024-09-17 11:01:29.360,415.28653053138686,95
2024-09-17 11:01:29.410,415.24786047337017,99
2024-09-17 11:01:29.428,415.3111698396129,100
2024-09-17 11:01:29.457,415.30637785935335,7
2024-09-17 11:01:29.471,415.27039047177766,1003
2024-09-17 11:01:29.501,415.2940219377208,11
2024-09-17 11:01:29.505,415.2513182437631,996
2024-09-17 11:01:29.549,415.25623757630393,6
2024-09-17 11:01:29.552,415.2756252383357,12
2024-09-17 11:01:29.567,415.280863127672,1003
2024-09-17 11:01:29.665,415.2629502786398,1002
2024-09-17 11:01:29.670,415.3023105692772,12
2024-09-17 11:01:29.725,415.2655500849765,97
2024-09-17 11:01:29.728,415.2777723844641,6
2024-09-17 11:01:29.735,415.2603019374483,103
2024-09-17 11:01:29.764,415.2967230986701,1005
2024-09-17 11:01:29.830,415.2629508379444,1004
2024-09-17 11:01:29.867,415.2623688292013,105
2024-09-17 11:01:29.919,415.25745916427326,8
2024-09-17 11:01:29.970,415.26800638963607,1005
2024-09-17 11:01:29.986,415.218492846013,104
2024-09-17 11:01:30.027,415.2631050884249,100
2024-09-17 11:01:30.106,415.2978538084447,999
2024-09-17 11:01:30.109,415.2891386195842,101
2024-09-17 11:01:30.146,415.307348095831,99
2024-09-17 11:01:30.182,415.2772279021522,14
2024-09-17 11:01:30.199,41.52542877715698,105
2024-09-17 11:01:30.292,415.2534234301115,13
2024-09-17 11:01:30.309,415.2516876064908,104
2024-09-17 11:01:30.325,415.2692349034371,999
2024-09-17 11:01:30.364,415.305861734372,101
2024-09-17 11:01:30.452,415.279111439621,999
2024-09-17 11:01:30.465,415.2942641201408,997
2024-09-17 11:01:30.466,415.2765703476697,11
2024-09-17 11:01:30.653,415.2772665306865,998
2024-09-17 11:01:30.666,415.2732388483675,6
2024-09-17 11:01:30.690,415.2573370723617,999
2024-09-17 11:01:30.755,415.2712355625028,104
2024-09-17 11:01:30.812,415.2698469879752,12
2024-09-17 11:01:30.856,415.2722912570351,9
2024-09-17 11:01:30.979,415.2919470304568,9
2024-09-17 11:01:30.992,-415.309200298984,996
2024-09-17 11:01:31.394,415.3238575901423,7
2024-09-17 11:01:31.525,415.3399376958869,5
2024-09-17 11:01:31.952,415.3232584037588,7
2024-09-17 11:01:33.006,415.3311087150618,999
2024-09-17 11:01:33.032,415.3272970220095,5
2024-09-17 11:01:33.157,415.3452857820265,12
2024-09-17 11:01:33.176,415.3327998879553,9
2024-09-17 11:01:33.237,415.3147524405262,95
2024-09-17 11:01:33.309,415.3319479813167,102
2024-09-17 11:01:33.309,415.32395750202073,998
2024-09-17 11:01:33.328,415.3015437413978,997
2024-09-17 11:01:33.758,415.334112621247,997
2024-09-17 11:01:33.886,415.3129286861828,1000
2024-09-17 11:01:34.114,415.317208926715,97
2024-09-17 11:01:34.150,415.3190467880449,995
2024-09-17 11:01:34.153,415.3349875556419,101
2024-09-17 11:01:34.196,415.3288389593801,995
2024-09-17 11:01:34.207,415.2977286597588,1004
2024-09-17 11:01:34.221,415.31571362771774,995
2024-09-17 11:01:34.345,415.31156226835895,10
2024-09-17 11:01:34.411,415.33243785206287,10
2024-09-17 11:01:34.435,415.3134350377768,1003
2024-09-17 11:01:34.474,415.3261441426701,95
2024-09-17 11:01:34.489,415.3238300917738,14
2024-09-17 11:01:34.513,415.3086850684769,995
2024-09-17 11:01:34.548,415.3019332104786,104
2024-09-17 11:01:34.598,415.31778914353873,102
2024-09-17 11:01:34.636,415.3122003542676,7
2024-09-17 11:01:34.639,415.3194401470575,13
2024-09-17 11:01:34.666,415.3035902495238,10
2024-09-17 11:01:34.690,415.30731517476096,1004
2024-09-17 11:01:34.703,415.30483216180176,14
2024-09-17 11:01:34.761,415.32663218778407,5
2024-09-17 11:01:34.915,415.2968955323676,7
2024-09-17 11:01:34.994,415.3150581628203,104
2024-09-17 11:01:35.368,415.3303884790734,101
2024-09-17 11:01:35.383,415.3366315801897,97
2024-09-17 11:01:35.395,415.335094067534,104
2024-09-17 11:01:35.435,415.3089315145706,9
2024-09-17 11:01:35.445,415.3345861887318,1001
2024-09-17 11:01:35.689,415.32902731136136,5
2024-09-17 11:01:35.876,415.3501860153832,98
2024-09-17 11:01:36.538,415.3154232271292,7
2024-09-17 11:01:37.567,415.3100068408448,15
2024-09-17 11:01:38.087,415.33651840060014,101
2024-09-17 11:01:38.147,415.3879910957461,995
2024-09-17 11:01:38.191,415.3381284037398,996
2024-09-17 11:01:38.235,415.3466889148466,100
2024-09-17 11:01:38.252,415.3767162609145,98
2024-09-17 11:01:38.268,415.3641983210563,103
2024-09-17 11:01:38.412,415.3592269434379,101
2024-09-17 11:01:38.564,415.3519646272694,14
2024-09-17 11:01:38.591,415.351323385994,13
2024-09-17 11:01:38.621,415.36959127678347,6
2024-09-17 11:01:38.739,415.3464550419684,1005
2024-09-17 11:01:38.768,415.34780394182064,996
2024-09-17 11:01:38.819,415.3585954307554,13
2024-09-17 11:01:38.835,415.3527642069261,13
2024-09-17 11:01:38.885,415.3911944258121,5
2024-09-17 11:01:40.197,415.3983544877126,1005
2024-09-17 11:01:40.695,415.3731940184887,7
2024-09-17 11:01:40.702,41.53827926259862,10
2024-09-17 11:01:41.063,415.3671554356754,105
2024-09-17 11:01:41.310,415.3803797059626,98
2024-09-17 11:01:41.422,415.376416662541,1005
2024-09-17 11:01:41.509,415.3424260294439,102
2024-09-17 11:01:41.961,415.3270997424544,101
2024-09-17 11:01:42.037,415.3200246897245,95
2024-09-17 11:01:42.087,415.35265191071977,997
2024-09-17 11:01:42.129,415.3410619275885,96
2024-09-17 11:01:42.141,415.3128793455237,14
2024-09-17 11:01:42.235,415.366590283379,100
2024-09-17 11:01:42.302,41.53366757559867,105
2024-09-17 11:01:42.304,415.30401993769385,9
2024-09-17 11:01:42.337,415.2892890022829,105
2024-09-17 11:01:42.402,415.3256386979602,95
2024-09-17 11:01:42.408,415.3372206164496,998
2024-09-17 11:01:42.426,415.2875008717712,96
2024-09-17 11:01:42.438,415.25799361170425,95
2024-09-17 11:01:42.443,415.3700576538475,15
2024-09-17 11:01:42.443,415.3678620813498,10
2024-09-17 11:01:42.476,415.3286539030381,98
2024-09-17 11:01:42.486,415.2445568127167,102
2024-09-17 11:01:42.561,415.3225523427005,101
2024-09-17 11:01:42.562,415.2481850020377,1004
2024-09-17 11:01:42.621,415.3468277137287,95
2024-09-17 11:01:42.697,415.3546594510773,998
2024-09-17 11:01:42.704,415.34968220946416,103
2024-09-17 11:01:42.710,415.31942397186737,11
2024-09-17 11:01:42.844,415.28027898436784,7
2024-09-17 11:01:42.848,415.35697646923626,104
2024-09-17 11:01:42.872,415.3466460615901,1004
2024-09-17 11:01:42.879,415.24736563219176,8
2024-09-17 11:01:42.915,415.3012026732384,105
2024-09-17 11:01:42.919,415.2402512748085,9
2024-09-17 11:01:42.986,415.3636912534711,100
2024-09-17 11:01:43.092,415.13325912437006,101
2024-09-17 11:01:43.097,415.1513253662153,15
2024-09-17 11:01:43.106,415.1840075399779,104
2024-09-17 11:01:43.116,415.18188630295646,1001
2024-09-17 11:01:43.170,415.1577695962891,96
2024-09-17 11:01:43.190,415.1456034598768,8
2024-09-17 11:01:43.221,415.1772051709039,105
2024-09-17 11:01:43.328,415.2149613559188,5
2024-09-17 11:01:43.331,415.1413133704588,97
2024-09-17 11:01:43.367,415.17908584065833,6
2024-09-17 11:01:43.430,415.2515931776872,1003
2024-09-17 11:01:43.434,415.25101178577535,1005
2024-09-17 11:01:43.477,415.1912681731869,10
2024-09-17 11:01:43.536,415.1968057711249,1001
2024-09-17 11:01:43.553,415.2045414512593,998
2024-09-17 11:01:43.889,415.1928718012084,100
2024-09-17 11:01:43.916,415.1430766513338,998
2024-09-17 11:01:43.957,415.222792565069,995
2024-09-17 11:01:43.991,415.1509617917338,1000
2024-09-17 11:01:44.003,415.09854572823104,998
2024-09-17 11:01:44.012,415.1144225472819,9
2024-09-17 11:01:44.089,415.1440840451047,96
2024-09-17 11:01:44.153,415.1413249869064,995
2024-09-17 11:01:44.226,415.1408581676642,102
2024-09-17 11:01:44.257,415.1275119323692,997
2024-09-17 11:01:44.314,415.12509844245153,5
2024-09-17 11:01:44.326,415.14771185463866,1001
2024-09-17 11:01:44.393,415.1257284285117,1004
2024-09-17 11:01:44.434,415.1065305398351,998
2024-09-17 11:01:44.453,415.12649159625255,1000
2024-09-17 11:01:44.560,415.1097645762936,5
2024-09-17 11:01:44.612,415.1131542337629,996
2024-09-17 11:01:44.710,415.1511097731248,999
2024-09-17 11:01:44.743,415.1018819064016,1000
2024-09-17 11:01:44.870,415.1212190158364,8
2024-09-17 11:01:44.913,415.1165696805274,5
2024-09-17 11:01:44.927,415.10860319412905,100
2024-09-17 11:01:44.939,415.1606439061581,996
2024-09-17 11:01:45.020,415.09787828027714,6
2024-09-17 11:01:45.295,415.025550584398,997
2024-09-17 11:01:45.418,415.0508450792203,998
2024-09-17 11:01:45.465,415.0994972293527,5
2024-09-17 11:01:45.535,415.0350421332216,995
2024-09-17 11:01:45.576,415.0246729048332,1001
2024-09-17 11:01:45.655,415.12303074834495,1000
2024-09-17 11:01:45.707,415.1224257064983,11
2024-09-17 11:01:45.714,415.04118711059033,6
2024-09-17 11:01:45.733,415.0646794318368,8
2024-09-17 11:01:45.795,415.03619402806,1005
2024-09-17 11:01:45.833,415.0678912690309,999
2024-09-17 11:01:45.883,415.1105239134747,104
2024-09-17 11:01:46.038,415.0344923754336,1000
2024-09-17 11:01:46.136,415.2072860397534,105
2024-09-17 11:01:46.136,415.1952237641055,104
2024-09-17 11:01:46.194,415.0255967323084,999
2024-09-17 11:01:46.247,415.1149310884191,100
2024-09-17 11:01:46.253,415.0634843556451,7
2024-09-17 11:01:46.286,415.15132643603073,1005
2024-09-17 11:01:46.353,415.0943753099648,99
2024-09-17 11:01:46.369,415.1862630974355,9
2024-09-17 11:01:46.371,415.1782105094333,9
2024-09-17 11:01:46.414,415.0404651824083,100
2024-09-17 11:01:46.546,415.1810391504544,1003
2024-09-17 11:01:46.551,415.1039563243078,102
2024-09-17 11:01:46.583,415.0167115299407,105
2024-09-17 11:01:46.665,-415.02531996647866,14
2024-09-17 11:01:46.714,415.0412227287478,1001
2024-09-17 11:01:46.993,415.1894228646312,1004
2024-09-17 11:01:47.058,415.2060119896369,996
2024-09-17 11:01:47.096,415.18268962183606,995
2024-09-17 11:01:47.098,415.1802168024356,1005
2024-09-17 11:01:47.172,415.1921116204257,101
2024-09-17 11:01:47.195,415.166058714695,996
2024-09-17 11:01:47.224,415.17767308128674,997
2024-09-17 11:01:47.248,415.1681727706121,99
2024-09-17 11:01:47.368,415.1569079159873,1004
2024-09-17 11:01:47.411,415.19452955156464,6
2024-09-17 11:01:47.439,415.2136795978668,104
2024-09-17 11:01:47.439,415.1817548788558,6
2024-09-17 11:01:47.458,415.16588285764425,9
2024-09-17 11:01:47.543,415.1714008500642,9
2024-09-17 11:01:47.552,415.16453087150273,8
2024-09-17 11:01:47.620,415.1646631569593,10
2024-09-17 11:01:47.628,415.1865304902461,7
2024-09-17 11:01:47.681,415.1596523712506,1001
2024-09-17 11:01:47.695,415.1712841066956,10
2024-09-17 11:01:47.724,415.20263499601225,105
2024-09-17 11:01:47.788,415.2056328156699,1004
2024-09-17 11:01:47.795,415.1588477949488,995
2024-09-17 11:01:47.813,415.172371430507,13
2024-09-17 11:01:47.855,415.20756197673256,998
2024-09-17 11:01:47.938,415.1521339982993,103
2024-09-17 11:01:47.997,415.1928749093836,1004
2024-09-17 11:01:48.038,415.1626642065358,5
2024-09-17 11:01:48.125,415.1682220897448,105
2024-09-17 11:01:48.166,415.1559591054296,100
2024-09-17 11:01:48.179,415.1714425015669,103
2024-09-17 11:01:48.205,415.16130771278506,96
2024-09-17 11:01:48.211,415.1590994574356,999
2024-09-17 11:01:48.255,415.2239431451424,8
2024-09-17 11:01:48.361,415.1477765446863,97
2024-09-17 11:01:48.652,415.2008358867618,15
2024-09-17 11:01:48.754,415.16366863411776,10
2024-09-17 11:01:48.793,415.1538716266507,99
2024-09-17 11:01:48.867,415.186058093921,1001
2024-09-17 11:01:48.909,415.1968425798455,99
2024-09-17 11:01:48.916,415.1631843764576,1000
2024-09-17 11:01:49.441,415.2661490268131,101
2024-09-17 11:01:49.519,415.2302501280121,995
2024-09-17 11:01:49.519,415.2716531675533,99
2024-09-17 11:01:49.546,415.2297270212164,1003
2024-09-17 11:01:49.586,415.244143073794,7
2024-09-17 11:01:49.869,415.2310193914879,14
2024-09-17 11:01:50.553,415.24700286105696,100
2024-09-17 11:01:50.602,415.2629008867461,998
2024-09-17 11:01:50.625,415.22561313593457,102
2024-09-17 11:01:50.761,415.23480167231816,1002
2024-09-17 11:01:50.926,415.26123437219655,98
2024-09-17 11:01:50.954,415.2336492130373,1002
2024-09-17 11:01:51.049,415.1855822716083,5
2024-09-17 11:01:51.088,415.1796458179971,104
2024-09-17 11:01:51.096,415.1671303123265,102
2024-09-17 11:01:51.097,415.2182484197539,104
2024-09-17 11:01:51.166,415.17148904846897,9
2024-09-17 11:01:51.227,415.1747356261203,105
2024-09-17 11:01:51.310,415.2210013382244,995
2024-09-17 11:01:51.410,415.20006882221696,7
2024-09-17 11:01:51.556,415.20918435063896,1002
2024-09-17 11:01:51.592,415.1241685874612,104
2024-09-17 11:01:51.594,415.1355590331564,998
2024-09-17 11:01:51.628,415.1168804773992,1002
2024-09-17 11:01:51.638,415.1281732157061,99
2024-09-17 11:01:51.860,415.1727306548455,105
2024-09-17 11:01:51.916,415.230098829424,1000
2024-09-17 11:01:51.949,415.2240635040226,101
2024-09-17 11:01:51.959,415.1615185869304,1000
2024-09-17 11:01:52.052,415.14909382169935,104
2024-09-17 11:01:52.132,415.1740823548176,5
2024-09-17 11:01:52.141,415.1531151744805,12
2024-09-17 11:01:52.170,415.1367143079616,5
2024-09-17 11:01:52.225,415.2272842234569,96
2024-09-17 11:01:52.241,415.2241181447444,1001
2024-09-17 11:01:52.285,415.1802444684762,996
2024-09-17 11:01:52.299,415.13842636334704,9
2024-09-17 11:01:52.311,415.156466595928,97
2024-09-17 11:01:52.331,415.2104976036025,998
2024-09-17 11:01:52.352,415.2206822828477,1001
2024-09-17 11:01:52.382,415.1579974552252,997
2024-09-17 11:01:52.408,415.2014019643237,97
2024-09-17 11:01:52.432,-415.1395576880616,11
2024-09-17 11:01:52.442,415.127898569846,1004
2024-09-17 11:01:52.465,415.2179201442196,1000
2024-09-17 11:01:52.596,415.1432317795637,9
2024-09-17 11:01:52.639,415.1397179259093,1002
2024-09-17 11:01:52.640,415.199575946918,96
2024-09-17 11:01:52.658,415.2023896655774,96
2024-09-17 11:01:52.700,415.15080344943976,102
2024-09-17 11:01:52.702,415.1281663260286,995
2024-09-17 11:01:52.720,415.1430660053996,14
2024-09-17 11:01:52.758,415.1588631803532,10
2024-09-17 11:01:52.767,415.1517969219975,5
2024-09-17 11:01:52.836,415.13759746460016,100
2024-09-17 11:01:52.985,415.139351827873,1001
2024-09-17 11:01:53.008,415.2575959046906,6
2024-09-17 11:01:53.056,415.2437145590037,13
2024-09-17 11:01:53.138,415.21853312440606,1000
2024-09-17 11:01:53.139,415.2704611543597,997
2024-09-17 11:01:53.208,415.2466076164706,14
2024-09-17 11:01:53.217,415.2063437534328,7
2024-09-17 11:01:53.255,415.235109733193,995
2024-09-17 11:01:53.396,415.1989516467313,104
2024-09-17 11:01:53.435,415.2361252895284,96
2024-09-17 11:01:53.489,415.27063222952063,1003
2024-09-17 11:01:53.521,415.24400976622246,9
2024-09-17 11:01:53.536,415.1961032824261,103
2024-09-17 11:01:53.557,415.22899532717554,11
2024-09-17 11:01:53.564,415.2360909378384,997
2024-09-17 11:01:53.580,415.2278817597452,1003
2024-09-17 11:01:53.584,415.2127852330056,95
2024-09-17 11:01:53.723,415.2509630321405,105
2024-09-17 11:01:53.748,415.24325452914593,1005
2024-09-17 11:01:53.764,415.2738367607501,101
2024-09-17 11:01:53.788,415.21180492907,5
2024-09-17 11:01:53.882,415.2247997912876,5
2024-09-17 11:01:53.952,415.2302128632998,998
2024-09-17 11:01:54.841,415.2644513679955,10
2024-09-17 11:01:55.126,415.3545467183584,105
2024-09-17 11:01:55.167,415.35166394071626,97
2024-09-17 11:01:55.267,415.30102950472246,96
2024-09-17 11:01:55.330,415.2983906113386,11
2024-09-17 11:01:55.347,415.2519192950667,12
2024-09-17 11:01:55.373,415.2917995854369,101
2024-09-17 11:01:55.394,415.2882446960298,14
2024-09-17 11:01:55.412,415.2934484035157,100
2024-09-17 11:01:55.564,415.2840765382271,104
2024-09-17 11:01:55.579,415.3142747289178,13
2024-09-17 11:01:55.601,415.3550680842342,10
2024-09-17 11:01:55.607,415.25542804196834,5
2024-09-17 11:01:55.624,415.3364129881083,1002
2024-09-17 11:01:55.665,415.3439314919716,99
2024-09-17 11:01:55.697,415.3458494201684,104
2024-09-17 11:01:55.762,415.2980576496062,1000
2024-09-17 11:01:55.775,415.26458513399376,96
2024-09-17 11:01:55.804,415.2981120351739,98
2024-09-17 11:01:55.968,415.3441066742528,999
2024-09-17 11:01:56.125,415.3225140651769,5
2024-09-17 11:01:56.140,415.3230551397245,997
2024-09-17 11:01:56.160,415.3385859128419,14
2024-09-17 11:01:56.237,-415.3396139586637,996
2024-09-17 11:01:56.347,415.3489283277604,997
2024-09-17 11:01:56.612,415.3378917471978,13
2024-09-17 11:01:56.751,415.3315393621844,1003
2024-09-17 11:01:56.754,415.3362219877299,999
2024-09-17 11:01:56.839,415.3507331197582,96
2024-09-17 11:01:56.845,415.3419045319561,996
2024-09-17 11:01:56.893,415.3303213050565,1002
2024-09-17 11:01:56.953,415.3528469770167,97
2024-09-17 11:01:56.987,415.3388341719804,1004
2024-09-17 11:01:58.026,415.33512519403126,8
2024-09-17 11:01:58.058,415.2820843672947,999
2024-09-17 11:01:58.109,415.2974960020245,998
2024-09-17 11:01:58.125,415.2984957612716,997
2024-09-17 11:01:58.180,415.2747298569079,1005
2024-09-17 11:01:58.206,415.3390752079323,12
2024-09-17 11:01:58.294,415.3147288474616,1005
2024-09-17 11:01:58.307,415.2774592478152,100
2024-09-17 11:01:58.441,415.2839691903692,96
2024-09-17 11:01:58.482,415.3293568691545,1001
2024-09-17 11:01:58.504,415.3358569472941,12
2024-09-17 11:01:58.516,415.34406042556407,103
2024-09-17 11:01:58.606,415.3320955453791,5
2024-09-17 11:01:58.610,415.3044620117768,105
2024-09-17 11:01:58.679,415.331992621372,997
2024-09-17 11:01:58.728,415.3112419640045,1003
2024-09-17 11:01:58.757,415.2878850055456,11
2024-09-17 11:01:58.798,415.3423259645148,98
2024-09-17 11:01:58.820,415.32659206555536,97
2024-09-17 11:01:58.913,415.28387347081593,97
2024-09-17 11:01:59.000,415.2606912627436,1000
2024-09-17 11:01:59.003,415.29218625438,1000
2024-09-17 11:01:59.009,415.2591435438311,10
2024-09-17 11:01:59.081,415.2731119621446,12
2024-09-17 11:01:59.103,415.275616342108,15
2024-09-17 11:01:59.191,415.2842917277788,14
2024-09-17 11:01:59.301,415.28524054389095,105
2024-09-17 11:01:59.338,41.52902187067731,9
2024-09-17 11:01:59.372,415.2638824193453,99
2024-09-17 11:01:59.410,415.276835665228,999
2024-09-17 11:01:59.589,415.2745201818244,5
2024-09-17 11:01:59.590,415.2782033977331,1005
2024-09-17 11:01:59.612,415.2900339696645,100
2024-09-17 11:01:59.620,415.25905482982927,100
2024-09-17 11:01:59.724,415.28688511153416,995
2024-09-17 11:01:59.760,415.2862874896326,97
