Timestamp,Price,Size
2024-09-19 12:53:00.034,424.3493278064429,96
2024-09-19 12:53:00.113,424.3346657944647,104
2024-09-19 12:53:00.115,424.3391952567416,14
2024-09-19 12:53:00.115,424.3751924921406,102
2024-09-19 12:53:00.204,424.3426556539204,12
2024-09-19 12:53:00.273,424.3411047757102,996
2024-09-19 12:53:00.325,424.3694815248666,99
2024-09-19 12:53:00.369,424.3508653985864,1003
2024-09-19 12:53:00.399,424.358818571868,101
2024-09-19 12:53:00.507,424.3599143385108,997
2024-09-19 12:53:00.561,424.3730516874265,99
2024-09-19 12:53:00.571,424.3612767858659,6
2024-09-19 12:53:00.741,424.3559217306213,998
2024-09-19 12:53:00.754,424.3275503270381,12
2024-09-19 12:53:00.877,-424.3380572814135,1001
2024-09-19 12:53:00.997,424.3420445995101,15
2024-09-19 12:53:01.102,424.38169495195615,1003
2024-09-19 12:53:01.118,424.38228211423706,15
2024-09-19 12:53:01.141,424.3895583883676,13
2024-09-19 12:53:01.286,424.385636050452,102
2024-09-19 12:53:01.414,424.36567287439954,7
2024-09-19 12:53:01.540,424.34531122613225,10
2024-09-19 12:53:01.559,424.3649778719727,1004
2024-09-19 12:53:01.593,424.35461975009895,14
2024-09-19 12:53:01.673,424.3923071339599,12
2024-09-19 12:53:01.711,424.3742906573549,103
2024-09-19 12:53:01.711,424.369118473598,101
2024-09-19 12:53:01.741,424.3384878701491,5
2024-09-19 12:53:01.749,424.4127570711714,1002
2024-09-19 12:53:02.081,424.4224090458295,7
2024-09-19 12:53:02.083,424.4175098945601,1005
2024-09-19 12:53:02.193,424.3979741105364,96
2024-09-19 12:53:02.198,424.4129914979095,103
2024-09-19 12:53:02.265,424.4280737560038,999
2024-09-19 12:53:02.312,424.4242412746188,104
2024-09-19 12:53:02.446,424.3932873157392,100
2024-09-19 12:53:02.510,42.440734511447175,95
2024-09-19 12:53:02.534,424.40413714581,1001
2024-09-19 12:53:02.592,424.38885650432405,95
2024-09-19 12:53:02.605,424.3836903001612,8
2024-09-19 12:53:02.629,424.3979936626245,13
2024-09-19 12:53:02.634,424.3986443289917,95
2024-09-19 12:53:02.653,424.4220582672126,1001
2024-09-19 12:53:02.662,424.4083704793823,5
2024-09-19 12:53:02.676,424.3905346891816,95
2024-09-19 12:53:02.738,424.38949586153,995
2024-09-19 12:53:02.783,424.4029011873852,998
2024-09-19 12:53:02.814,424.42893268171696,98
2024-09-19 12:53:02.847,424.4036123225438,103
2024-09-19 12:53:02.876,424.3964417628844,1004
2024-09-19 12:53:02.912,424.38995404844496,999
2024-09-19 12:53:02.997,424.3990600438,101
2024-09-19 12:53:03.013,424.33709383823697,1002
2024-09-19 12:53:03.048,424.3681644636889,14
2024-09-19 12:53:03.120,424.3637364671411,12
2024-09-19 12:53:03.143,424.3868106513202,9
2024-09-19 12:53:03.221,424.3570770112922,999
2024-09-19 12:53:03.362,424.3781591040641,101
2024-09-19 12:53:03.367,424.3832404359531,15
2024-09-19 12:53:03.371,424.35607035264223,1001
2024-09-19 12:53:03.371,424.3448862243389,1005
2024-09-19 12:53:03.377,424.36963904749786,12
2024-09-19 12:53:03.450,424.3560285126207,96
2024-09-19 12:53:03.520,424.3775879731536,5
2024-09-19 12:53:03.674,424.3899407078427,101
2024-09-19 12:53:03.703,424.3673327898979,103
2024-09-19 12:53:03.826,424.34599538946645,97
2024-09-19 12:53:03.875,424.3399956988784,8
2024-09-19 12:53:04.302,424.3751927404853,9
2024-09-19 12:53:04.340,424.3939945808628,11
2024-09-19 12:53:04.523,424.3763391653927,1005
2024-09-19 12:53:04.619,424.3490247565664,95
2024-09-19 12:53:05.068,424.3262962676526,1005
2024-09-19 12:53:05.075,424.38615698241296,99
2024-09-19 12:53:05.441,424.3579710898293,7
2024-09-19 12:53:05.472,424.375994421991,1003
2024-09-19 12:53:05.563,424.3453077256668,9
2024-09-19 12:53:05.568,424.3789380578922,1002
2024-09-19 12:53:05.578,424.3707280574912,100
2024-09-19 12:53:05.619,424.3379268290717,105
2024-09-19 12:53:05.716,424.3721874888555,96
2024-09-19 12:53:05.719,424.3911660863572,1002
2024-09-19 12:53:05.743,424.36021779141606,1003
2024-09-19 12:53:05.886,424.35041298115055,11
2024-09-19 12:53:05.892,424.351118566812,998
2024-09-19 12:53:05.927,424.3790029506192,1001
2024-09-19 12:53:05.978,424.33307814580047,97
2024-09-19 12:53:05.996,424.39282235331547,12
2024-09-19 12:53:06.006,424.4338735013566,9
2024-09-19 12:53:06.015,424.3721925684629,9
2024-09-19 12:53:06.117,424.4597846946782,100
2024-09-19 12:53:06.186,424.431940501713,11
2024-09-19 12:53:06.338,424.361622569397,101
2024-09-19 12:53:06.357,424.3964927637613,998
2024-09-19 12:53:06.358,424.34444378923854,104
2024-09-19 12:53:06.494,424.3533618666133,1000
2024-09-19 12:53:06.499,424.3977266768469,997
2024-09-19 12:53:06.529,424.3831007053746,8
2024-09-19 12:53:06.586,424.4223215201768,105
2024-09-19 12:53:06.666,424.36184026848827,6
2024-09-19 12:53:06.731,424.3622883442918,11
2024-09-19 12:53:06.739,424.36583901256057,104
2024-09-19 12:53:06.770,424.446972351933,996
2024-09-19 12:53:06.853,424.3687532246755,98
2024-09-19 12:53:06.921,424.4409946130341,1004
2024-09-19 12:53:06.929,424.3992744667994,998
2024-09-19 12:53:06.943,424.3677237353056,1004
2024-09-19 12:53:06.982,424.41022493935617,10
2024-09-19 12:53:07.142,424.43946273251765,12
2024-09-19 12:53:07.281,424.446884654773,1005
2024-09-19 12:53:07.320,424.4567778797257,14
2024-09-19 12:53:07.410,424.4417314635657,997
2024-09-19 12:53:07.428,424.4264391106552,101
2024-09-19 12:53:07.434,424.44281985930576,102
2024-09-19 12:53:07.447,424.4494396197576,1002
2024-09-19 12:53:07.518,424.4571507172993,104
2024-09-19 12:53:07.806,424.4526060959896,6
2024-09-19 12:53:07.868,-424.4533585614163,15
2024-09-19 12:53:07.872,424.4409137692539,998
2024-09-19 12:53:07.943,424.44755784641904,100
2024-09-19 12:53:07.996,424.4427304609383,1005
2024-09-19 12:53:08.123,424.409596507421,14
2024-09-19 12:53:08.314,424.4268230512797,999
2024-09-19 12:53:09.024,424.4097767066416,12
2024-09-19 12:53:09.024,424.3923630999501,105
2024-09-19 12:53:09.078,424.4313693298609,10
2024-09-19 12:53:09.092,424.4129550594766,1000
2024-09-19 12:53:09.158,424.3993895373874,995
2024-09-19 12:53:09.223,424.4067896206243,6
2024-09-19 12:53:09.237,424.374395659779,997
2024-09-19 12:53:09.267,424.3871801087609,97
2024-09-19 12:53:09.298,424.3837704353328,8
2024-09-19 12:53:09.453,424.3980816597199,996
2024-09-19 12:53:09.466,424.3809317741513,96
2024-09-19 12:53:09.476,424.4017144604334,5
2024-09-19 12:53:09.486,424.3815270492651,101
2024-09-19 12:53:09.516,424.3826111751869,14
2024-09-19 12:53:09.531,424.3780971440288,7
2024-09-19 12:53:09.541,424.3752554922735,997
2024-09-19 12:53:09.612,424.366941540882,999
2024-09-19 12:53:09.649,424.4136696910618,101
2024-09-19 12:53:09.654,424.3791955517135,101
2024-09-19 12:53:09.713,424.39119205432,9
2024-09-19 12:53:09.767,424.36987691549024,105
2024-09-19 12:53:09.783,424.4022937874631,100
2024-09-19 12:53:09.784,424.3883049521106,103
2024-09-19 12:53:09.871,424.4067439672839,998
2024-09-19 12:53:09.885,424.3916016240401,10
2024-09-19 12:53:09.924,424.3836783941391,1003
2024-09-19 12:53:09.941,424.3772972056889,100
2024-09-19 12:53:09.979,424.391765853724,101
2024-09-19 12:53:09.989,424.3986025448365,15
2024-09-19 12:53:09.997,424.3956404738069,10
2024-09-19 12:53:10.006,424.35287198507314,999
2024-09-19 12:53:10.016,424.3742515313875,1002
2024-09-19 12:53:10.140,424.3388759248247,999
2024-09-19 12:53:10.199,424.38297877244713,1004
2024-09-19 12:53:10.274,424.3669300070088,6
2024-09-19 12:53:10.290,424.3758707332794,996
2024-09-19 12:53:10.310,424.3654862414583,995
2024-09-19 12:53:10.423,424.38339540715634,99
2024-09-19 12:53:10.483,424.3718863970959,999
2024-09-19 12:53:10.500,424.3654677999026,1000
2024-09-19 12:53:10.546,424.3571482811298,103
2024-09-19 12:53:10.558,424.37876112520286,102
2024-09-19 12:53:10.573,424.37307586003567,98
2024-09-19 12:53:10.587,424.36370752788656,1005
2024-09-19 12:53:10.589,424.3768253161407,1003
2024-09-19 12:53:10.607,424.38310592959925,103
2024-09-19 12:53:10.694,424.3728765455538,11
2024-09-19 12:53:10.729,424.36807644663617,9
2024-09-19 12:53:10.750,,999
2024-09-19 12:53:10.834,424.3724591492162,103
2024-09-19 12:53:10.876,424.3647496274475,1005
2024-09-19 12:53:10.903,424.3654124164266,9
2024-09-19 12:53:10.974,424.3782896299359,102
2024-09-19 12:53:11.163,424.4227529003596,6
2024-09-19 12:53:11.257,424.42976496723,1001
2024-09-19 12:53:11.260,424.4348392580577,98
2024-09-19 12:53:11.271,424.4358222656295,10
2024-09-19 12:53:11.326,424.43526756214766,999
2024-09-19 12:53:11.412,424.43350068905954,1004
2024-09-19 12:53:11.459,424.3928829059477,95
2024-09-19 12:53:11.514,424.4027377201368,5
2024-09-19 12:53:11.557,424.4178243295645,1003
2024-09-19 12:53:11.604,424.4309615403092,12
2024-09-19 12:53:11.614,424.38350323525646,10
2024-09-19 12:53:11.690,424.3943511807128,1002
2024-09-19 12:53:11.700,424.4096871587735,5
2024-09-19 12:53:11.978,424.4287555414896,12
2024-09-19 12:53:12.096,424.3930319180267,8
2024-09-19 12:53:12.420,424.40605273605297,13
2024-09-19 12:53:12.506,424.399769926158,103
2024-09-19 12:53:12.543,424.3969865037377,6
2024-09-19 12:53:12.584,424.4222452901227,96
2024-09-19 12:53:12.609,424.3809754523828,105
2024-09-19 12:53:12.633,424.3775883576911,12
2024-09-19 12:53:12.697,424.4037746915728,997
2024-09-19 12:53:12.774,424.37243230920114,6
2024-09-19 12:53:12.861,424.3582678297129,996
2024-09-19 12:53:12.988,424.3727453126843,1000
2024-09-19 12:53:13.010,424.3704095894613,11
2024-09-19 12:53:13.013,424.31538737037965,998
2024-09-19 12:53:13.117,424.306131922294,5
2024-09-19 12:53:13.224,424.320872694604,15
2024-09-19 12:53:13.342,424.3217009516552,101
2024-09-19 12:53:13.366,424.3543144337733,5
2024-09-19 12:53:13.479,424.2888083274027,1005
2024-09-19 12:53:13.552,424.3531494961699,1001
2024-09-19 12:53:13.670,424.299327379086,996
2024-09-19 12:53:13.701,424.325933461086,997
2024-09-19 12:53:13.719,424.3581324654869,99
2024-09-19 12:53:13.752,424.3090019153823,6
2024-09-19 12:53:13.856,424.3172453542656,102
2024-09-19 12:53:13.958,424.3188712094093,7
2024-09-19 12:53:13.972,424.3411016519971,105
2024-09-19 12:53:13.978,424.3026192142653,100
2024-09-19 12:53:14.078,424.3592461646369,5
2024-09-19 12:53:14.088,-42.438645119826646,8
2024-09-19 12:53:14.093,424.39421380574265,12
2024-09-19 12:53:14.098,424.3725570611101,1000
2024-09-19 12:53:14.171,424.3467748170694,1002
2024-09-19 12:53:14.330,424.3800311425553,999
2024-09-19 12:53:14.429,424.3942835391753,102
2024-09-19 12:53:14.470,424.3558560540798,1000
2024-09-19 12:53:14.478,424.3600202230234,101
2024-09-19 12:53:14.531,424.3445901153805,5
2024-09-19 12:53:14.539,424.4343508022119,103
2024-09-19 12:53:14.544,424.3478138588482,5
2024-09-19 12:53:14.615,424.3795654336069,997
2024-09-19 12:53:14.629,424.3551291046781,1004
2024-09-19 12:53:14.713,424.3469985738158,999
2024-09-19 12:53:14.719,424.3782187784741,7
2024-09-19 12:53:14.748,424.41099345927626,997
2024-09-19 12:53:14.770,424.3406966371359,10
2024-09-19 12:53:14.859,424.4239417771957,95
2024-09-19 12:53:14.877,424.4143164118623,101
2024-09-19 12:53:14.908,424.3676552257646,12
2024-09-19 12:53:14.921,424.399786269304,95
2024-09-19 12:53:14.966,424.3697160249511,995
2024-09-19 12:53:14.983,424.345214212033,12
2024-09-19 12:53:14.999,424.3834512045248,98
2024-09-19 12:53:15.008,424.3920147467823,99
2024-09-19 12:53:15.010,424.3632112114447,101
2024-09-19 12:53:15.041,424.3648002498675,11
2024-09-19 12:53:15.097,424.38534052422176,14
2024-09-19 12:53:15.155,424.3839935005017,996
2024-09-19 12:53:15.328,-424.4111502702124,102
2024-09-19 12:53:15.407,424.4084885022519,1005
2024-09-19 12:53:15.495,424.4018042135556,105
2024-09-19 12:53:15.640,424.3792527558025,1002
2024-09-19 12:53:15.673,424.3827569358989,14
2024-09-19 12:53:15.724,424.40171356157015,998
2024-09-19 12:53:15.727,424.3913232404749,995
2024-09-19 12:53:15.760,424.399337346242,105
2024-09-19 12:53:15.763,424.40663326194135,8
2024-09-19 12:53:15.939,424.3756968183214,1003
2024-09-19 12:53:16.036,424.348102801857,13
2024-09-19 12:53:16.092,424.3456332110252,1000
2024-09-19 12:53:16.094,424.3448719087593,105
2024-09-19 12:53:16.142,424.3393851560253,95
2024-09-19 12:53:16.190,424.334703276657,996
2024-09-19 12:53:16.199,424.3874472539383,103
2024-09-19 12:53:16.291,424.3658986025277,13
2024-09-19 12:53:16.319,424.3515160432421,101
2024-09-19 12:53:16.365,-424.3460516000978,1004
2024-09-19 12:53:16.370,424.3515015145771,13
2024-09-19 12:53:16.422,424.3438021398179,999
2024-09-19 12:53:16.575,424.3359037286076,96
2024-09-19 12:53:16.600,424.335601896018,996
2024-09-19 12:53:16.673,424.3568983524185,99
2024-09-19 12:53:16.673,424.36057873687207,1000
2024-09-19 12:53:16.708,424.3496279064668,999
2024-09-19 12:53:16.783,424.3633674451841,105
2024-09-19 12:53:16.784,424.3490571574234,9
2024-09-19 12:53:16.797,424.34629975166047,6
2024-09-19 12:53:16.815,424.3871413571369,1003
2024-09-19 12:53:16.824,424.3495519245118,100
2024-09-19 12:53:16.927,424.3217519565205,999
2024-09-19 12:53:16.936,424.3346574665969,7
2024-09-19 12:53:17.102,424.3185821277719,9
2024-09-19 12:53:17.182,424.3327741084846,99
2024-09-19 12:53:17.205,,95
2024-09-19 12:53:17.333,424.3137395219911,104
2024-09-19 12:53:17.372,424.33279854707865,101
2024-09-19 12:53:17.374,424.3297142798259,15
2024-09-19 12:53:17.501,424.2934328471724,8
2024-09-19 12:53:17.502,424.3408404777456,1005
2024-09-19 12:53:17.505,424.2997091924673,11
2024-09-19 12:53:17.533,424.3333832102857,1001
2024-09-19 12:53:17.545,424.3214126991072,15
2024-09-19 12:53:17.556,424.3122264271814,14
2024-09-19 12:53:17.664,424.3414815783634,8
2024-09-19 12:53:17.677,424.3347971776976,97
2024-09-19 12:53:17.813,424.3402865779023,96
2024-09-19 12:53:17.903,424.3348930765802,1005
2024-09-19 12:53:17.939,424.332835235556,95
2024-09-19 12:53:17.950,424.3287914345191,102
2024-09-19 12:53:18.017,424.35920891488246,5
2024-09-19 12:53:18.053,424.40218770587535,96
2024-09-19 12:53:18.118,424.3636546336371,1000
2024-09-19 12:53:18.197,424.344243133319,105
2024-09-19 12:53:18.225,424.3691080693762,1005
2024-09-19 12:53:18.279,424.3865728388072,996
2024-09-19 12:53:18.282,424.3967933700868,1004
2024-09-19 12:53:18.318,424.3539981604317,9
2024-09-19 12:53:18.318,424.3687301766189,14
2024-09-19 12:53:18.342,424.3639191901224,9
2024-09-19 12:53:18.373,424.3345462615992,997
2024-09-19 12:53:18.376,424.3897118538873,102
2024-09-19 12:53:18.447,424.3588544437226,1003
2024-09-19 12:53:18.488,424.3837324068578,11
2024-09-19 12:53:18.510,424.35102303038,5
2024-09-19 12:53:18.624,42.43881586314917,1002
2024-09-19 12:53:18.661,424.38222266913874,97
2024-09-19 12:53:18.712,424.3940995174973,5
2024-09-19 12:53:18.719,424.3760379549129,7
2024-09-19 12:53:18.742,424.3462008587945,10
2024-09-19 12:53:18.750,424.3969282136081,11
2024-09-19 12:53:18.765,424.3893549129704,8
2024-09-19 12:53:18.802,424.3859698033024,1003
2024-09-19 12:53:18.824,424.3771415839172,12
2024-09-19 12:53:18.887,424.397303518325,5
2024-09-19 12:53:18.906,424.3860474681279,999
2024-09-19 12:53:19.058,424.4030340281452,998
2024-09-19 12:53:19.081,424.39863955804856,8
2024-09-19 12:53:19.179,424.4022580497016,15
2024-09-19 12:53:19.308,424.3980082753024,11
2024-09-19 12:53:19.959,424.384859030177,1000
2024-09-19 12:53:19.986,424.3985080683797,6
2024-09-19 12:53:20.010,424.3272325149866,999
2024-09-19 12:53:20.058,42.44110059054941,997
2024-09-19 12:53:20.087,424.3884948535277,996
2024-09-19 12:53:20.170,424.3843344887197,10
2024-09-19 12:53:20.208,424.3437428992104,1002
2024-09-19 12:53:20.237,424.3944463345574,104
2024-09-19 12:53:20.266,424.35982119024703,998
2024-09-19 12:53:20.282,424.4084823470873,99
2024-09-19 12:53:20.322,424.3772192820214,996
2024-09-19 12:53:20.360,424.397434114528,996
2024-09-19 12:53:20.362,424.395120445883,11
2024-09-19 12:53:20.395,424.3327192125879,10
2024-09-19 12:53:20.452,424.31628955792814,995
2024-09-19 12:53:20.498,424.3101821025321,98
2024-09-19 12:53:20.519,424.3827837499485,999
2024-09-19 12:53:20.521,424.3827334954368,1001
2024-09-19 12:53:20.539,424.3252184631967,11
2024-09-19 12:53:20.806,424.3974535402351,1001
2024-09-19 12:53:20.819,424.3740804647466,104
2024-09-19 12:53:20.819,424.4282828405628,101
2024-09-19 12:53:20.835,424.3593643024015,1005
2024-09-19 12:53:20.885,424.334234238366,11
2024-09-19 12:53:20.885,424.32268795389166,11
2024-09-19 12:53:20.913,424.3850209752403,99
2024-09-19 12:53:20.946,424.3315293700613,104
2024-09-19 12:53:21.480,424.31230227160233,995
2024-09-19 12:53:21.657,424.312436943148,97
2024-09-19 12:53:21.784,424.3173059525436,998
2024-09-19 12:53:22.647,424.30893243817735,105
2024-09-19 12:53:23.033,424.15023710817707,1002
2024-09-19 12:53:23.060,424.1487858109471,95
2024-09-19 12:53:23.131,424.2275853039255,6
2024-09-19 12:53:23.203,424.154472352124,10
2024-09-19 12:53:23.208,424.2707483225157,1001
2024-09-19 12:53:23.214,424.2972433619216,11
2024-09-19 12:53:23.265,424.2860204554749,99
2024-09-19 12:53:23.428,424.1734434468594,98
2024-09-19 12:53:23.683,424.1898644368336,1004
2024-09-19 12:53:23.697,,103
2024-09-19 12:53:23.702,424.2956920521239,6
2024-09-19 12:53:23.718,424.1435701351458,101
2024-09-19 12:53:23.769,424.2131226261623,15
2024-09-19 12:53:23.805,424.15646799639006,99
2024-09-19 12:53:23.972,424.2636041586173,8
2024-09-19 12:53:24.012,424.16643664528215,9
2024-09-19 12:53:24.083,424.1630206653568,1005
2024-09-19 12:53:24.212,424.1629371437355,15
2024-09-19 12:53:24.241,424.1594239398602,105
2024-09-19 12:53:24.256,424.1527565336345,101
2024-09-19 12:53:24.273,424.1968314328863,13
2024-09-19 12:53:24.277,424.1657816264264,97
2024-09-19 12:53:24.304,424.1715289015208,98
2024-09-19 12:53:24.390,424.13337615386416,997
2024-09-19 12:53:24.400,424.17512041708807,1004
2024-09-19 12:53:24.412,424.1756834988476,998
2024-09-19 12:53:24.510,424.1516908089822,1005
2024-09-19 12:53:24.534,424.2004629742868,95
2024-09-19 12:53:24.566,424.1728156718677,1001
2024-09-19 12:53:24.619,424.195988185424,1001
2024-09-19 12:53:24.627,424.1711279244572,11
2024-09-19 12:53:24.629,424.1660662949024,1004
2024-09-19 12:53:24.673,424.1842616843193,98
2024-09-19 12:53:24.693,424.14875485771694,999
2024-09-19 12:53:24.738,424.16983376220975,7
2024-09-19 12:53:24.844,424.1469832501829,96
2024-09-19 12:53:24.855,424.1551379755239,105
2024-09-19 12:53:24.879,424.135094089089,995
2024-09-19 12:53:24.884,424.2074552971376,996
2024-09-19 12:53:24.947,424.15306894372,10
2024-09-19 12:53:24.950,424.1305266373897,10
2024-09-19 12:53:24.984,424.18306293189374,99
2024-09-19 12:53:24.986,424.1951210795269,99
2024-09-19 12:53:24.997,424.1741761569226,1001
2024-09-19 12:53:25.076,424.1862012747836,98
2024-09-19 12:53:25.106,424.2271522759746,995
2024-09-19 12:53:25.306,424.2267563901442,1003
2024-09-19 12:53:25.398,424.1885814599072,1001
2024-09-19 12:53:25.533,424.20421175214295,14
2024-09-19 12:53:25.537,424.2145511561632,105
2024-09-19 12:53:25.616,424.1950463262623,102
2024-09-19 12:53:25.757,424.22752448242807,998
2024-09-19 12:53:25.796,424.1923709526836,97
2024-09-19 12:53:25.800,424.1991232250594,103
2024-09-19 12:53:25.841,424.24110199778215,1001
2024-09-19 12:53:25.960,424.1866148429892,15
2024-09-19 12:53:26.145,424.2497754956949,96
2024-09-19 12:53:26.183,424.243164648684,10
2024-09-19 12:53:26.252,424.2520998241986,997
2024-09-19 12:53:26.283,424.2626214293562,995
2024-09-19 12:53:26.520,424.2586824567485,104
2024-09-19 12:53:26.642,424.2398736762853,96
2024-09-19 12:53:26.647,424.2360688899584,99
2024-09-19 12:53:26.717,424.2176621458405,997
2024-09-19 12:53:26.801,424.24491369429103,1004
2024-09-19 12:53:26.847,424.22778009174624,8
2024-09-19 12:53:27.035,42.42260077967372,102
2024-09-19 12:53:27.439,424.2323820973356,6
2024-09-19 12:53:27.689,424.2078212304815,101
2024-09-19 12:53:27.731,42.42320725713993,97
2024-09-19 12:53:27.854,42.42226978415286,11
2024-09-19 12:53:27.882,424.2225573962688,9
2024-09-19 12:53:28.087,424.2258638604775,1005
2024-09-19 12:53:28.183,424.1897032235549,97
2024-09-19 12:53:28.200,424.2064556979868,9
2024-09-19 12:53:28.334,424.2017907309821,996
2024-09-19 12:53:28.383,424.18651884504857,6
2024-09-19 12:53:28.409,424.19526635796734,997
2024-09-19 12:53:28.432,424.204801917968,7
2024-09-19 12:53:28.476,424.186145257896,5
2024-09-19 12:53:28.518,424.19945750245614,1000
2024-09-19 12:53:28.531,424.1815851275378,95
2024-09-19 12:53:28.606,424.2048815776388,6
2024-09-19 12:53:28.670,424.2042454945221,1005
2024-09-19 12:53:28.672,42.41907461031713,1004
2024-09-19 12:53:28.678,424.1700318170031,102
2024-09-19 12:53:28.689,424.1861617463241,98
2024-09-19 12:53:28.698,424.1784817267685,996
2024-09-19 12:53:28.721,424.1999870327571,996
2024-09-19 12:53:28.728,424.19602677720815,97
2024-09-19 12:53:28.739,424.2020746257845,12
2024-09-19 12:53:28.786,424.2033357845108,97
2024-09-19 12:53:28.813,424.166346344229,101
2024-09-19 12:53:29.172,-424.2277528638381,102
2024-09-19 12:53:29.824,424.22711686732777,13
2024-09-19 12:53:30.146,424.2294688938842,98
2024-09-19 12:53:30.496,424.1943047424455,996
2024-09-19 12:53:30.821,424.1822437669943,998
2024-09-19 12:53:30.827,424.2153195901416,996
2024-09-19 12:53:30.890,424.2095414928098,1005
2024-09-19 12:53:31.122,424.1686649868882,96
2024-09-19 12:53:31.361,424.1550416398492,11
2024-09-19 12:53:31.407,424.15980313807216,10
2024-09-19 12:53:31.756,424.17493042243865,103
2024-09-19 12:53:34.025,424.1489948999172,995
2024-09-19 12:53:34.068,424.12692675882977,11
2024-09-19 12:53:34.150,424.1279180441357,1001
2024-09-19 12:53:34.216,424.1510585586008,15
2024-09-19 12:53:34.247,424.13137129829545,998
2024-09-19 12:53:34.288,424.1410594199234,13
2024-09-19 12:53:34.305,424.1169368771901,103
2024-09-19 12:53:34.373,424.15967806502726,9
2024-09-19 12:53:34.379,424.1270221736729,1001
2024-09-19 12:53:34.429,424.1496487224172,96
2024-09-19 12:53:34.475,42.41647145667265,8
2024-09-19 12:53:34.545,424.1149804630241,1000
2024-09-19 12:53:34.671,424.1342059125439,103
2024-09-19 12:53:34.692,424.1361830425355,95
2024-09-19 12:53:34.873,424.1459561014029,96
2024-09-19 12:53:34.929,424.1548884184689,1003
2024-09-19 12:53:34.973,424.1448215074134,97
2024-09-19 12:53:35.004,424.16937423407154,9
2024-09-19 12:53:35.008,424.1418443718389,100
2024-09-19 12:53:35.015,424.1658671650521,14
2024-09-19 12:53:35.043,424.24948285400393,995
2024-09-19 12:53:35.069,424.1298597875859,1005
2024-09-19 12:53:35.130,424.15685270072447,1000
2024-09-19 12:53:35.152,424.24032092354287,103
2024-09-19 12:53:35.195,424.1734619983576,1005
2024-09-19 12:53:35.372,424.193464410468,7
2024-09-19 12:53:35.374,424.2363063106444,12
2024-09-19 12:53:35.383,424.1919871421772,99
2024-09-19 12:53:35.442,424.2431704699292,9
2024-09-19 12:53:35.615,424.1604643468788,103
2024-09-19 12:53:35.674,424.2402168350748,7
2024-09-19 12:53:35.768,424.15832261700615,103
2024-09-19 12:53:35.787,424.1645436950395,998
2024-09-19 12:53:35.812,424.1639703658266,999
2024-09-19 12:53:35.826,424.2380789546053,12
2024-09-19 12:53:35.861,424.1267365730455,95
2024-09-19 12:53:35.980,424.23930174002544,1000
2024-09-19 12:53:35.981,424.25079049472055,102
2024-09-19 12:53:35.985,424.2589609686482,15
2024-09-19 12:53:36.562,424.2435501038677,7
2024-09-19 12:53:36.696,424.2544379875349,7
2024-09-19 12:53:37.035,424.3123065675604,95
2024-09-19 12:53:37.055,424.3076897014536,6
2024-09-19 12:53:37.061,424.3508177670708,11
2024-09-19 12:53:37.068,424.2737517318352,11
2024-09-19 12:53:37.186,424.324914614705,13
2024-09-19 12:53:37.193,424.2780072591751,103
2024-09-19 12:53:37.242,424.2991946909195,1004
2024-09-19 12:53:37.515,424.3012344130897,103
2024-09-19 12:53:37.551,,9
2024-09-19 12:53:37.558,424.30020956077976,1002
2024-09-19 12:53:37.605,424.2939726214786,105
2024-09-19 12:53:37.728,424.30846087928455,9
2024-09-19 12:53:37.786,-424.3420619786036,9
2024-09-19 12:53:37.787,424.3101032825104,100
2024-09-19 12:53:37.799,424.3060346142843,96
2024-09-19 12:53:37.806,424.309464494493,13
2024-09-19 12:53:37.840,424.3057759647721,97
2024-09-19 12:53:37.873,424.29913801998106,999
2024-09-19 12:53:37.959,-424.3273310191171,105
2024-09-19 12:53:37.960,424.324421627214,97
2024-09-19 12:53:37.968,424.2938569276487,1003
2024-09-19 12:53:37.985,424.31784971074586,1003
2024-09-19 12:53:37.986,424.26954287012217,997
2024-09-19 12:53:37.989,424.3007677540917,96
2024-09-19 12:53:38.226,424.444002704536,1003
2024-09-19 12:53:38.253,424.3250399733719,101
2024-09-19 12:53:38.339,424.3261038053154,97
2024-09-19 12:53:38.346,424.3194907391044,8
2024-09-19 12:53:38.375,424.3959412828729,997
2024-09-19 12:53:38.383,,997
2024-09-19 12:53:38.427,424.36887653944245,104
2024-09-19 12:53:38.461,424.4192470898161,6
2024-09-19 12:53:38.485,424.3156978831533,11
2024-09-19 12:53:38.523,424.3109658334854,95
2024-09-19 12:53:38.579,424.34183571821313,6
2024-09-19 12:53:38.705,424.32198344664846,6
2024-09-19 12:53:38.767,424.4673765866305,97
2024-09-19 12:53:38.792,42.44532919247996,1002
2024-09-19 12:53:38.824,424.4210059768698,9
2024-09-19 12:53:38.892,424.3429083899492,5
2024-09-19 12:53:38.909,424.3171589571947,95
2024-09-19 12:53:38.951,424.3616020381064,98
2024-09-19 12:53:39.014,424.4093349432072,96
2024-09-19 12:53:39.084,424.4144474734378,10
2024-09-19 12:53:39.103,424.4124121950516,103
2024-09-19 12:53:39.434,,9
2024-09-19 12:53:39.469,424.41270269958807,8
2024-09-19 12:53:39.475,424.438330500049,97
2024-09-19 12:53:39.643,424.4055260247602,997
2024-09-19 12:53:39.754,424.4250809623504,1000
2024-09-19 12:53:39.887,424.442885213312,7
2024-09-19 12:53:40.113,424.40567541949366,998
2024-09-19 12:53:40.127,424.40671335128286,98
2024-09-19 12:53:40.136,424.4000061747499,7
2024-09-19 12:53:40.285,424.36743147206585,101
2024-09-19 12:53:40.351,424.3669389468084,97
2024-09-19 12:53:40.416,424.36198027992,1001
2024-09-19 12:53:40.486,424.3494350817805,12
2024-09-19 12:53:40.486,424.4091048620216,9
2024-09-19 12:53:40.542,424.4112112264654,6
2024-09-19 12:53:40.638,424.3795586305473,1004
2024-09-19 12:53:40.689,424.406706360102,9
2024-09-19 12:53:40.715,424.3921996507796,8
2024-09-19 12:53:40.732,424.41505364033736,11
2024-09-19 12:53:40.797,424.373636252283,6
2024-09-19 12:53:40.861,-424.3486722707841,15
2024-09-19 12:53:40.869,424.35544075087,104
2024-09-19 12:53:40.892,424.3615506200964,96
2024-09-19 12:53:40.902,424.4063330374834,999
2024-09-19 12:53:40.991,424.37421204609234,12
2024-09-19 12:53:41.225,424.361478828023,10
2024-09-19 12:53:41.455,424.35621945075786,7
2024-09-19 12:53:41.456,424.36086079425553,7
2024-09-19 12:53:41.458,424.374919075552,996
2024-09-19 12:53:41.590,424.377762931747,1002
2024-09-19 12:53:41.685,424.3645678825224,1003
2024-09-19 12:53:41.746,424.3691473493392,1003
2024-09-19 12:53:41.818,424.3634730879141,1001
2024-09-19 12:53:41.937,424.37187389375794,13
2024-09-19 12:53:41.980,424.35691762240936,999
2024-09-19 12:53:42.116,424.3670169708307,1005
2024-09-19 12:53:42.282,424.3919172856423,105
2024-09-19 12:53:42.580,424.3719771508722,6
2024-09-19 12:53:42.721,424.38103546004817,997
2024-09-19 12:53:42.743,424.3870263538428,15
2024-09-19 12:53:42.792,424.36355847960016,96
2024-09-19 12:53:42.933,424.3990019297213,104
2024-09-19 12:53:43.003,424.327637553036,104
2024-09-19 12:53:43.038,424.3093794064889,998
2024-09-19 12:53:43.135,424.2073963008585,10
2024-09-19 12:53:43.215,424.2085424134282,998
2024-09-19 12:53:43.228,424.27467161691584,999
2024-09-19 12:53:43.260,424.2808987979773,8
2024-09-19 12:53:43.305,424.2035917129928,1003
2024-09-19 12:53:43.344,424.342173647259,8
2024-09-19 12:53:43.490,424.3685961567518,1001
2024-09-19 12:53:43.534,424.199360594499,1004
2024-09-19 12:53:43.661,424.2097015572915,13
2024-09-19 12:53:43.671,424.2460748813421,9
2024-09-19 12:53:43.672,424.2309367597269,102
2024-09-19 12:53:43.748,424.3536710114669,8
2024-09-19 12:53:43.794,424.3201822932247,1001
2024-09-19 12:53:43.813,424.274896740634,11
2024-09-19 12:53:43.846,424.2196993167186,995
2024-09-19 12:53:43.846,424.3087511288596,1004
2024-09-19 12:53:43.963,424.2880867535499,1004
2024-09-19 12:53:44.025,424.3282659506224,99
2024-09-19 12:53:44.038,424.2291717723701,98
2024-09-19 12:53:44.058,424.3290247615745,999
2024-09-19 12:53:44.229,424.30819990019904,9
2024-09-19 12:53:44.286,424.22206595636834,996
2024-09-19 12:53:44.298,424.218505335471,95
2024-09-19 12:53:44.332,424.2761217295411,999
2024-09-19 12:53:44.356,424.29885139445065,6
2024-09-19 12:53:44.392,424.3106664278731,13
2024-09-19 12:53:44.492,424.30481295302,11
2024-09-19 12:53:44.544,424.2693961419415,1000
2024-09-19 12:53:44.574,424.2765943633688,99
2024-09-19 12:53:44.644,424.3067460661074,1001
2024-09-19 12:53:44.671,424.3058791049762,10
2024-09-19 12:53:44.733,424.32573062159344,100
2024-09-19 12:53:44.752,424.2808144511209,97
2024-09-19 12:53:44.782,424.31660986360566,6
2024-09-19 12:53:44.863,424.25832823925776,11
2024-09-19 12:53:44.904,42.42133307728378,9
2024-09-19 12:53:44.906,424.2519017420193,7
2024-09-19 12:53:44.968,424.31807134270406,95
2024-09-19 12:53:44.994,424.23666064793656,1004
2024-09-19 12:53:45.001,424.31512702492574,6
2024-09-19 12:53:45.009,424.298470421062,14
2024-09-19 12:53:45.128,424.3073211658455,14
2024-09-19 12:53:45.208,424.3213418028221,14
2024-09-19 12:53:45.219,424.3234555030614,11
2024-09-19 12:53:45.394,424.32953584735657,999
2024-09-19 12:53:45.519,424.29132664730633,1004
2024-09-19 12:53:45.657,424.3119657104896,101
2024-09-19 12:53:45.658,424.2902571935296,101
2024-09-19 12:53:45.663,424.3184809363864,1004
2024-09-19 12:53:46.189,424.3159099704664,9
2024-09-19 12:53:46.305,424.3228881961176,105
2024-09-19 12:53:46.531,424.3051402189472,7
2024-09-19 12:53:46.991,424.2984201654391,9
2024-09-19 12:53:47.058,424.2740201662789,7
2024-09-19 12:53:47.065,424.3109177163777,996
2024-09-19 12:53:47.139,424.30034455297016,102
2024-09-19 12:53:47.150,424.3244463056448,103
2024-09-19 12:53:47.237,424.2611404126766,5
2024-09-19 12:53:47.327,424.2945564070929,1003
2024-09-19 12:53:47.437,424.2711730009476,995
2024-09-19 12:53:47.442,424.2786345196057,1004
2024-09-19 12:53:47.462,424.29171060602187,97
2024-09-19 12:53:47.480,424.2613086940764,11
2024-09-19 12:53:47.606,424.2848659995256,8
2024-09-19 12:53:47.640,424.2856307466664,999
2024-09-19 12:53:47.688,424.2892673893113,95
2024-09-19 12:53:47.689,424.258657749432,96
2024-09-19 12:53:47.709,424.2750590345044,9
2024-09-19 12:53:47.768,424.2675257327401,100
2024-09-19 12:53:47.899,424.2914068616639,997
2024-09-19 12:53:47.911,424.2508382576975,8
2024-09-19 12:53:47.933,424.26968869112335,998
2024-09-19 12:53:47.947,424.2646060000195,13
2024-09-19 12:53:47.965,,99
2024-09-19 12:53:48.016,424.2626689077086,7
2024-09-19 12:53:48.020,424.2484057028216,6
2024-09-19 12:53:48.026,424.2535385767166,13
2024-09-19 12:53:48.044,424.2303650465806,97
2024-09-19 12:53:48.070,424.2466135541994,98
2024-09-19 12:53:48.094,,103
2024-09-19 12:53:48.106,424.2621619740361,15
2024-09-19 12:53:48.167,424.2498943968395,13
2024-09-19 12:53:48.227,424.2686654407269,11
2024-09-19 12:53:48.391,424.2374732980124,11
2024-09-19 12:53:48.431,424.2509406759582,12
2024-09-19 12:53:48.445,424.2473700748351,98
2024-09-19 12:53:48.459,424.2530724536485,96
2024-09-19 12:53:48.579,424.2715801857606,1005
2024-09-19 12:53:48.626,424.2678087018666,15
2024-09-19 12:53:48.631,424.25696540613967,6
2024-09-19 12:53:48.631,424.2586884413366,8
2024-09-19 12:53:48.666,424.2665376453685,11
2024-09-19 12:53:48.789,424.2561245494872,95
2024-09-19 12:53:48.791,424.2371887932042,997
2024-09-19 12:53:48.909,424.2384685738508,100
2024-09-19 12:53:48.963,424.2675679713839,95
2024-09-19 12:53:49.025,424.22691363036967,996
2024-09-19 12:53:49.113,424.2296038694281,102
2024-09-19 12:53:49.350,424.2291378046006,12
2024-09-19 12:53:50.127,424.2423150998864,995
2024-09-19 12:53:50.159,424.2503177934597,1000
2024-09-19 12:53:50.197,424.2373873882912,104
2024-09-19 12:53:50.258,424.2051591605541,7
2024-09-19 12:53:50.349,424.2401624966742,95
2024-09-19 12:53:50.473,424.2127060666673,996
2024-09-19 12:53:50.529,,1000
2024-09-19 12:53:50.556,424.26261868074647,96
2024-09-19 12:53:50.615,424.2265693605245,15
2024-09-19 12:53:50.759,424.23638774995146,10
2024-09-19 12:53:50.888,424.237689171853,6
2024-09-19 12:53:50.914,424.2386321495897,100
2024-09-19 12:53:51.070,424.2465073522338,11
2024-09-19 12:53:51.325,424.2265208930806,97
2024-09-19 12:53:51.350,424.2704848547781,8
2024-09-19 12:53:51.639,424.2563813726507,11
2024-09-19 12:53:51.693,424.2635185078418,997
2024-09-19 12:53:52.066,424.3053963667212,13
2024-09-19 12:53:52.153,424.2924530636107,15
2024-09-19 12:53:52.209,424.3034764755877,1005
2024-09-19 12:53:52.218,424.3371783993736,97
2024-09-19 12:53:52.246,424.2835620052217,100
2024-09-19 12:53:52.250,424.2441432499942,12
2024-09-19 12:53:52.278,424.3287139308043,102
2024-09-19 12:53:52.372,424.3202341010179,997
2024-09-19 12:53:52.389,424.2743598424364,11
2024-09-19 12:53:52.433,424.24254932271305,11
2024-09-19 12:53:52.473,424.2513909819389,1005
2024-09-19 12:53:52.488,424.2771906020417,1001
2024-09-19 12:53:52.493,424.3238801794924,995
2024-09-19 12:53:52.509,424.3318634221628,99
2024-09-19 12:53:52.528,424.3057781222388,104
2024-09-19 12:53:52.538,424.2334892173138,5
2024-09-19 12:53:52.540,424.3303489664572,1001
2024-09-19 12:53:52.614,424.3329786084091,104
2024-09-19 12:53:52.715,424.32615220565634,95
2024-09-19 12:53:52.806,424.315607450106,97
2024-09-19 12:53:52.856,424.2987284089984,1005
2024-09-19 12:53:52.872,424.2985810156336,6
2024-09-19 12:53:52.886,424.25578907735263,8
2024-09-19 12:53:52.897,424.298218486805,99
2024-09-19 12:53:52.911,424.2373867989887,101
2024-09-19 12:53:52.951,424.27082873531737,1002
2024-09-19 12:53:52.959,424.33778037224346,998
2024-09-19 12:53:52.991,424.3119422046515,12
2024-09-19 12:53:53.066,424.3604345627908,104
2024-09-19 12:53:53.124,424.3435598048889,1005
2024-09-19 12:53:53.157,424.3797814324834,11
2024-09-19 12:53:53.245,424.3367723778346,999
2024-09-19 12:53:53.297,424.278442282625,996
2024-09-19 12:53:53.302,424.30478427901375,13
2024-09-19 12:53:53.324,424.34970555159583,8
2024-09-19 12:53:53.365,424.3157233190405,1002
2024-09-19 12:53:53.366,424.3321610900568,5
2024-09-19 12:53:53.462,424.336994855432,1001
2024-09-19 12:53:53.477,424.33146968046697,96
2024-09-19 12:53:53.488,424.3491272747434,99
2024-09-19 12:53:53.617,424.3392820834687,1003
2024-09-19 12:53:53.646,424.3395735819907,1005
2024-09-19 12:53:53.647,424.32793337937136,7
2024-09-19 12:53:53.656,424.3055026936256,8
2024-09-19 12:53:53.665,424.3498151812094,98
2024-09-19 12:53:53.692,424.3559978478408,9
2024-09-19 12:53:53.762,424.3200838544241,1005
2024-09-19 12:53:53.772,424.3125252730388,1000
2024-09-19 12:53:53.779,424.33037243908666,95
2024-09-19 12:53:53.859,424.3434361218544,96
2024-09-19 12:53:53.918,424.3338486795442,1003
2024-09-19 12:53:53.920,42.43434516848357,14
2024-09-19 12:53:53.965,424.30907489450016,1005
2024-09-19 12:53:54.561,424.291182798004,101
2024-09-19 12:53:55.001,424.2760318312575,100
2024-09-19 12:53:55.052,424.3234093536146,97
2024-09-19 12:53:55.076,424.2892522808265,8
2024-09-19 12:53:55.160,424.3125465457724,15
2024-09-19 12:53:55.175,424.3579036460593,97
2024-09-19 12:53:55.217,424.3373680245134,9
2024-09-19 12:53:55.251,424.2531916277387,6
2024-09-19 12:53:55.295,424.34737076140846,11
2024-09-19 12:53:55.421,424.3547362295089,999
2024-09-19 12:53:55.424,424.2720877356069,13
2024-09-19 12:53:55.427,424.2414973914156,101
2024-09-19 12:53:55.459,424.234560682246,11
2024-09-19 12:53:55.496,424.3417859408098,1003
2024-09-19 12:53:55.560,424.3447102708725,97
2024-09-19 12:53:55.574,424.23489228024863,9
2024-09-19 12:53:55.599,424.2504912059279,997
2024-09-19 12:53:55.605,424.3504266588952,103
2024-09-19 12:53:55.625,424.3459664280744,8
2024-09-19 12:53:55.627,424.2923303287172,95
2024-09-19 12:53:55.743,424.313578413512,8
2024-09-19 12:53:55.796,424.2226519779612,1001
2024-09-19 12:53:55.916,424.2417145818957,7
2024-09-19 12:53:55.933,424.3311007787549,98
2024-09-19 12:53:55.967,424.3127976236982,105
2024-09-19 12:53:56.008,424.27698598199,1000
2024-09-19 12:53:56.015,424.3019052673103,1002
2024-09-19 12:53:56.077,424.2467543589883,99
2024-09-19 12:53:56.105,424.22861957535787,101
2024-09-19 12:53:56.155,424.24594446203537,101
2024-09-19 12:53:56.164,424.2521153216816,103
2024-09-19 12:53:56.411,424.233027436361,8
2024-09-19 12:53:56.441,424.2708579087294,102
2024-09-19 12:53:56.443,424.2368960117119,100
2024-09-19 12:53:56.444,424.262403414137,5
2024-09-19 12:53:56.447,424.2439025813681,1002
2024-09-19 12:53:56.449,424.2429309811666,1003
2024-09-19 12:53:56.456,424.2757223515891,1000
2024-09-19 12:53:56.461,424.2631032774406,1004
2024-09-19 12:53:56.482,424.25526328776897,98
2024-09-19 12:53:56.514,424.2972372082245,99
2024-09-19 12:53:56.584,424.2475037263132,995
2024-09-19 12:53:56.698,424.2265854627143,5
2024-09-19 12:53:56.707,424.3137024271939,8
2024-09-19 12:53:56.737,,10
2024-09-19 12:53:56.790,42.43058040350502,101
2024-09-19 12:53:56.802,424.2821709319551,1004
2024-09-19 12:53:56.834,424.2962007467141,1005
2024-09-19 12:53:56.883,424.2292711282118,15
2024-09-19 12:53:56.908,424.24304435630165,105
2024-09-19 12:53:56.926,424.2739915745301,999
2024-09-19 12:53:56.927,424.24927929019714,105
2024-09-19 12:53:57.098,424.26742179292165,15
2024-09-19 12:53:57.150,424.3448304332055,996
2024-09-19 12:53:57.200,424.2645655602876,1005
2024-09-19 12:53:57.235,424.33891950566925,5
2024-09-19 12:53:57.242,424.3218778225495,97
2024-09-19 12:53:57.323,424.32653794758,1004
2024-09-19 12:53:57.393,424.3243107953592,14
2024-09-19 12:53:57.477,424.2979768422659,96
2024-09-19 12:53:57.505,424.3213334087043,95
2024-09-19 12:53:57.528,424.2976275799646,9
2024-09-19 12:53:57.567,424.3151988277618,96
2024-09-19 12:53:57.602,424.3273022726483,997
2024-09-19 12:53:57.607,424.3499308310916,99
2024-09-19 12:53:57.680,424.3270930543026,996
2024-09-19 12:53:57.693,424.3152847989079,103
2024-09-19 12:53:57.768,424.2805146273095,5
2024-09-19 12:53:57.793,424.3439780878126,101
2024-09-19 12:53:57.862,424.31636096926974,8
2024-09-19 12:53:57.873,424.3158125512446,15
2024-09-19 12:53:57.878,424.2674223044168,996
2024-09-19 12:53:57.884,424.3025625050432,999
2024-09-19 12:53:57.886,424.3296788598143,1004
2024-09-19 12:53:57.947,42.43271280419168,100
2024-09-19 12:53:58.004,424.39937936130406,1002
2024-09-19 12:53:58.024,424.40919982032005,10
2024-09-19 12:53:58.027,424.434419353694,5
2024-09-19 12:53:58.052,424.4048681785727,12
2024-09-19 12:53:58.107,424.4234264854466,12
2024-09-19 12:53:58.117,424.3571493238816,995
2024-09-19 12:53:58.159,424.4222581917476,97
2024-09-19 12:53:58.343,424.3339999796698,13
2024-09-19 12:53:58.361,424.3910520936605,1004
2024-09-19 12:53:58.426,424.4018619903046,997
2024-09-19 12:53:58.449,424.4344729274724,14
2024-09-19 12:53:58.459,424.3899283483255,105
2024-09-19 12:53:58.474,424.3489254060009,7
2024-09-19 12:53:58.486,424.40295501601696,996
2024-09-19 12:53:58.487,424.3692296458001,997
2024-09-19 12:53:58.505,424.4032976489392,9
2024-09-19 12:53:58.547,424.4132682828103,15
2024-09-19 12:53:58.584,424.4327591289724,102
2024-09-19 12:53:58.624,424.3830322307004,99
2024-09-19 12:53:58.654,424.399090420862,1004
2024-09-19 12:53:58.743,424.3997134641506,1004
2024-09-19 12:53:58.751,424.4301961270706,997
2024-09-19 12:53:58.771,424.35015813784815,999
2024-09-19 12:53:58.799,424.3453643373809,13
2024-09-19 12:53:58.811,424.4048531472308,996
2024-09-19 12:53:58.840,424.397342323981,103
2024-09-19 12:53:58.862,424.3325840024627,13
2024-09-19 12:53:58.867,424.4320367282585,100
2024-09-19 12:53:58.900,424.406469152268,14
2024-09-19 12:53:58.962,424.40588826010776,13
2024-09-19 12:53:59.012,424.38621970915904,10
2024-09-19 12:53:59.078,424.4060000895253,1004
2024-09-19 12:53:59.136,424.39420909886144,13
2024-09-19 12:53:59.173,424.3389841688443,1003
2024-09-19 12:53:59.264,424.3788167150582,995
2024-09-19 12:53:59.278,424.3792180090883,995
2024-09-19 12:53:59.282,424.3807789421554,1002
2024-09-19 12:53:59.282,424.350197862577,14
2024-09-19 12:53:59.336,424.3750501076692,1000
2024-09-19 12:53:59.352,424.3858588049778,1004
2024-09-19 12:53:59.354,424.3650644836594,1002
2024-09-19 12:53:59.407,424.4093021837648,95
2024-09-19 12:53:59.493,424.35216913459146,105
2024-09-19 12:53:59.499,424.3715885638922,12
2024-09-19 12:53:59.513,424.3957628684047,8
2024-09-19 12:53:59.597,424.346145055127,104
2024-09-19 12:53:59.614,424.32448679924494,100
2024-09-19 12:53:59.656,424.37685285362113,104
2024-09-19 12:53:59.712,424.4165097317557,1003
2024-09-19 12:53:59.774,424.3955354717,5
2024-09-19 12:53:59.822,424.37359172823386,101
2024-09-19 12:53:59.855,424.3787653224408,5
2024-09-19 12:53:59.866,424.3288241562049,103
2024-09-19 12:53:59.868,424.33242573762686,5
2024-09-19 12:53:59.876,424.36734593107366,102
2024-09-19 12:53:59.985,424.3603206408962,14
