Timestamp,Price,Size
2024-09-20 09:54:00.027,423.29429482907966,1005
2024-09-20 09:54:00.086,423.319837200139,6
2024-09-20 09:54:00.093,423.290073757756,96
2024-09-20 09:54:00.101,423.3032114550023,1002
2024-09-20 09:54:00.139,423.2101456368024,101
2024-09-20 09:54:00.168,423.283693288964,995
2024-09-20 09:54:00.177,423.31582558082,14
2024-09-20 09:54:00.210,423.2572465505387,100
2024-09-20 09:54:00.221,423.2931199710066,10
2024-09-20 09:54:00.233,423.2229307732907,13
2024-09-20 09:54:00.311,423.206760238986,99
2024-09-20 09:54:00.346,423.2162448856957,7
2024-09-20 09:54:00.385,423.2930223558343,1000
2024-09-20 09:54:00.468,423.3242788631968,103
2024-09-20 09:54:00.505,423.2798035945444,15
2024-09-20 09:54:00.528,423.3022479498937,1005
2024-09-20 09:54:00.552,423.2470524489056,1003
2024-09-20 09:54:00.597,423.2774919272284,99
2024-09-20 09:54:00.600,423.2346200194394,97
2024-09-20 09:54:00.653,423.31491794905327,13
2024-09-20 09:54:00.928,423.29608780544,996
2024-09-20 09:54:00.991,423.3069694538426,11
2024-09-20 09:54:01.104,423.23133760235424,1002
2024-09-20 09:54:01.105,423.2419214359052,95
2024-09-20 09:54:01.170,423.2805168523393,997
2024-09-20 09:54:01.201,423.2581276125821,96
2024-09-20 09:54:01.222,423.31379498575006,96
2024-09-20 09:54:01.277,423.221947087757,997
2024-09-20 09:54:01.349,423.244169769291,1003
2024-09-20 09:54:01.382,423.29493369949824,1000
2024-09-20 09:54:01.413,423.2235276648916,105
2024-09-20 09:54:01.477,423.2686342148568,6
2024-09-20 09:54:01.494,423.2247281492272,8
2024-09-20 09:54:01.507,423.2587451679804,1005
2024-09-20 09:54:01.540,423.2467285085829,96
2024-09-20 09:54:01.549,,1004
2024-09-20 09:54:01.554,423.23550036910734,10
2024-09-20 09:54:01.569,423.2464599556679,98
2024-09-20 09:54:01.666,423.2186330304468,7
2024-09-20 09:54:01.707,423.2357803300967,1001
2024-09-20 09:54:01.761,423.21696797676594,12
2024-09-20 09:54:01.771,423.2430329124088,105
2024-09-20 09:54:01.809,423.2584300385877,14
2024-09-20 09:54:01.842,423.2394830668069,105
2024-09-20 09:54:01.869,423.2593244117951,9
2024-09-20 09:54:01.983,423.24085354926257,1003
2024-09-20 09:54:01.989,423.2387486533101,6
2024-09-20 09:54:02.001,423.2964375009941,8
2024-09-20 09:54:02.025,423.2504469863045,103
2024-09-20 09:54:02.038,423.26317339888897,1000
2024-09-20 09:54:02.053,423.3213984087601,1000
2024-09-20 09:54:02.059,423.3125165692948,95
2024-09-20 09:54:02.138,-423.2968720559947,5
2024-09-20 09:54:02.220,-423.25602718404434,1001
2024-09-20 09:54:02.355,423.300154113574,9
2024-09-20 09:54:02.399,423.302236695527,105
2024-09-20 09:54:02.415,423.2358916679431,103
2024-09-20 09:54:02.437,423.2796607878556,13
2024-09-20 09:54:02.468,423.27063129699087,995
2024-09-20 09:54:02.482,423.26743250769874,98
2024-09-20 09:54:02.493,423.26774125133807,98
2024-09-20 09:54:02.529,423.24078489028346,103
2024-09-20 09:54:02.538,423.292503673159,15
2024-09-20 09:54:02.577,423.2553922337773,13
2024-09-20 09:54:02.597,423.2684513481055,998
2024-09-20 09:54:02.644,423.3021618105669,1001
2024-09-20 09:54:02.709,423.29356126128,9
2024-09-20 09:54:02.729,423.2753381194125,10
2024-09-20 09:54:02.793,423.2985361311959,96
2024-09-20 09:54:02.804,423.2918082949104,102
2024-09-20 09:54:02.911,423.27734061571874,101
2024-09-20 09:54:03.022,423.2231549254072,1004
2024-09-20 09:54:03.030,423.2211313740132,96
2024-09-20 09:54:03.068,423.2312399814946,101
2024-09-20 09:54:03.068,423.2211298358408,10
2024-09-20 09:54:03.124,423.2313922254525,100
2024-09-20 09:54:03.148,423.2658249313672,100
2024-09-20 09:54:03.148,423.197802701935,1004
2024-09-20 09:54:03.150,423.2036357455264,98
2024-09-20 09:54:03.158,423.19993967122,102
2024-09-20 09:54:03.216,423.2255655037471,997
2024-09-20 09:54:03.247,423.2730078234063,6
2024-09-20 09:54:03.288,423.2268403397699,96
2024-09-20 09:54:03.335,423.24968233091965,95
2024-09-20 09:54:03.395,423.2127785804407,1003
2024-09-20 09:54:03.445,423.20793682961016,101
2024-09-20 09:54:03.447,423.2179849892156,12
2024-09-20 09:54:03.456,423.2111588231908,95
2024-09-20 09:54:03.475,423.2134286862452,104
2024-09-20 09:54:03.550,423.2175299779731,13
2024-09-20 09:54:03.563,423.2577655431954,5
2024-09-20 09:54:03.617,423.2252712953795,6
2024-09-20 09:54:03.629,423.20669440929305,997
2024-09-20 09:54:03.651,423.21902751588806,995
2024-09-20 09:54:03.678,423.2296897508992,1003
2024-09-20 09:54:03.777,-423.2117106564009,103
2024-09-20 09:54:03.789,423.2561630159855,14
2024-09-20 09:54:03.869,423.2234774472822,101
2024-09-20 09:54:03.949,42.32422152100424,11
2024-09-20 09:54:04.109,423.24457636135423,97
2024-09-20 09:54:04.110,423.2063246026416,6
2024-09-20 09:54:04.176,423.2456950640733,996
2024-09-20 09:54:04.182,423.25675147176366,98
2024-09-20 09:54:04.191,423.2245371267944,99
2024-09-20 09:54:04.248,423.24426616365,1001
2024-09-20 09:54:04.489,423.23949256586576,105
2024-09-20 09:54:04.505,423.2481650493853,5
2024-09-20 09:54:04.522,423.208182427071,95
2024-09-20 09:54:04.580,423.24008329189024,102
2024-09-20 09:54:04.600,,12
2024-09-20 09:54:04.634,423.23008408757033,1000
2024-09-20 09:54:04.729,423.2457282963141,1000
2024-09-20 09:54:04.740,423.2549669939272,98
2024-09-20 09:54:04.742,423.242068970752,101
2024-09-20 09:54:04.756,423.2435055324623,98
2024-09-20 09:54:04.788,423.2528880953983,98
2024-09-20 09:54:04.920,423.20679966285184,105
2024-09-20 09:54:04.921,423.2354763646806,1004
2024-09-20 09:54:04.925,423.2348511988718,997
2024-09-20 09:54:04.948,423.25199963605513,999
2024-09-20 09:54:04.968,423.2038771794943,105
2024-09-20 09:54:04.998,423.2443271935862,6
2024-09-20 09:54:05.025,423.2147892765391,105
2024-09-20 09:54:05.059,423.1797314918938,95
2024-09-20 09:54:05.083,423.192578495095,103
2024-09-20 09:54:05.207,423.2032330984798,12
2024-09-20 09:54:05.269,423.1626922800143,100
2024-09-20 09:54:05.324,423.163557866286,1001
2024-09-20 09:54:05.396,423.1796902774132,1003
2024-09-20 09:54:05.572,423.1714301210589,14
2024-09-20 09:54:05.590,423.1441351028912,100
2024-09-20 09:54:05.685,423.20299771057046,98
2024-09-20 09:54:05.741,423.2159623453374,10
2024-09-20 09:54:05.898,423.19296568120944,15
2024-09-20 09:54:05.945,423.2048527047226,996
2024-09-20 09:54:05.959,423.2059763563118,100
2024-09-20 09:54:05.978,423.2008621395758,1005
2024-09-20 09:54:06.045,423.2386960693008,15
2024-09-20 09:54:06.107,423.2380323064023,99
2024-09-20 09:54:06.131,423.2301380865184,996
2024-09-20 09:54:06.153,423.23124212134,104
2024-09-20 09:54:06.159,423.2890500679112,1004
2024-09-20 09:54:06.302,423.27365856006526,97
2024-09-20 09:54:06.355,423.2349596535452,1005
2024-09-20 09:54:06.396,423.28032422561,101
2024-09-20 09:54:06.407,423.2935977884325,5
2024-09-20 09:54:06.543,423.2000221874094,1002
2024-09-20 09:54:06.603,423.223132337254,1002
2024-09-20 09:54:06.681,423.26740504642754,998
2024-09-20 09:54:06.802,423.2950583840921,1005
2024-09-20 09:54:06.803,423.2525376050014,99
2024-09-20 09:54:06.916,423.279377559478,12
2024-09-20 09:54:07.061,423.2885323245957,8
2024-09-20 09:54:07.068,423.302942180104,995
2024-09-20 09:54:07.074,423.335261606418,10
2024-09-20 09:54:07.220,423.2917554862887,98
2024-09-20 09:54:07.248,423.2996312790736,14
2024-09-20 09:54:07.322,,11
2024-09-20 09:54:07.334,423.3085437787835,5
2024-09-20 09:54:07.374,423.2980760436132,1002
2024-09-20 09:54:07.378,423.2977840454872,6
2024-09-20 09:54:07.517,423.3334558290717,98
2024-09-20 09:54:07.536,423.3263262667322,9
2024-09-20 09:54:07.540,423.3364289338225,7
2024-09-20 09:54:07.556,423.33184050236014,1003
2024-09-20 09:54:07.598,423.3030388343833,96
2024-09-20 09:54:07.621,423.2756894907399,10
2024-09-20 09:54:07.632,423.3021785271988,98
2024-09-20 09:54:07.633,423.3086289455436,97
2024-09-20 09:54:07.686,423.3077355836426,1001
2024-09-20 09:54:07.783,423.3056510378502,14
2024-09-20 09:54:07.812,423.3271281681268,1003
2024-09-20 09:54:07.844,,99
2024-09-20 09:54:07.845,423.308935828359,13
2024-09-20 09:54:07.850,423.3146623169178,8
2024-09-20 09:54:07.907,423.32540739593406,12
2024-09-20 09:54:07.907,423.3062424876172,14
2024-09-20 09:54:07.925,423.3338194123091,996
2024-09-20 09:54:07.974,42.32812410796265,15
2024-09-20 09:54:08.058,,101
2024-09-20 09:54:08.067,423.36049201248255,102
2024-09-20 09:54:08.070,423.3532552012456,1000
2024-09-20 09:54:08.097,423.3377835976264,13
2024-09-20 09:54:08.254,423.3363960451903,997
2024-09-20 09:54:08.349,423.366490276236,1001
2024-09-20 09:54:08.362,423.3543692451606,996
2024-09-20 09:54:08.391,423.36301158128094,101
2024-09-20 09:54:08.480,423.3799608114609,1005
2024-09-20 09:54:08.568,423.354298202666,10
2024-09-20 09:54:08.603,423.3884576705664,1005
2024-09-20 09:54:08.679,423.3686198133432,97
2024-09-20 09:54:08.738,423.3375255678303,9
2024-09-20 09:54:08.811,423.3397982625754,100
2024-09-20 09:54:08.885,423.35543591978336,12
2024-09-20 09:54:08.889,423.3842639277959,999
2024-09-20 09:54:08.912,423.354367133889,1000
2024-09-20 09:54:08.947,423.3433854932273,1003
2024-09-20 09:54:08.956,423.3420747031171,99
2024-09-20 09:54:09.006,423.3012364227008,99
2024-09-20 09:54:09.015,423.3633243721769,14
2024-09-20 09:54:09.053,423.2828566474867,13
2024-09-20 09:54:09.252,423.2954610951082,11
2024-09-20 09:54:09.285,423.3113933661979,1003
2024-09-20 09:54:09.291,423.3259824782567,13
2024-09-20 09:54:09.348,423.3052946328032,99
2024-09-20 09:54:09.354,423.27854010800206,10
2024-09-20 09:54:09.486,423.3491528670936,1000
2024-09-20 09:54:09.493,423.3089720326533,102
2024-09-20 09:54:09.510,423.2914426715948,1000
2024-09-20 09:54:09.530,423.28469569721534,103
2024-09-20 09:54:09.685,423.3606586326178,5
2024-09-20 09:54:09.711,423.3327714001052,998
2024-09-20 09:54:09.844,423.2988627586258,98
2024-09-20 09:54:09.936,423.2988841335782,6
2024-09-20 09:54:09.943,423.3206089587566,103
2024-09-20 09:54:09.975,423.2811390932927,999
2024-09-20 09:54:09.979,423.3264925238947,100
2024-09-20 09:54:09.994,423.3439153771123,999
2024-09-20 09:54:10.086,423.3127273470602,13
2024-09-20 09:54:10.121,423.3570618915533,105
2024-09-20 09:54:10.234,423.3092591231897,999
2024-09-20 09:54:10.406,423.35537278491006,995
2024-09-20 09:54:10.513,423.3698681414778,96
2024-09-20 09:54:10.538,423.34778844165714,8
2024-09-20 09:54:10.594,423.3638029734384,1000
2024-09-20 09:54:10.602,423.37463767302376,103
2024-09-20 09:54:10.627,423.3670435740254,1005
2024-09-20 09:54:10.640,423.3407340500391,6
2024-09-20 09:54:10.652,423.3031615421694,12
2024-09-20 09:54:10.834,423.31144592655977,5
2024-09-20 09:54:10.853,423.3044297449016,995
2024-09-20 09:54:10.873,423.3707046791163,999
2024-09-20 09:54:10.914,423.31770201364526,5
2024-09-20 09:54:10.919,423.3207464655604,7
2024-09-20 09:54:10.927,423.3785844854396,999
2024-09-20 09:54:10.973,423.31033608530095,100
2024-09-20 09:54:11.001,423.3222851056704,1003
2024-09-20 09:54:11.115,423.311497173718,14
2024-09-20 09:54:11.539,423.31912648889227,97
2024-09-20 09:54:11.581,423.30508025925735,11
2024-09-20 09:54:11.618,423.3031928608212,997
2024-09-20 09:54:11.686,423.3221656595073,15
2024-09-20 09:54:11.749,423.3191882454626,105
2024-09-20 09:54:11.763,423.31258277374,9
2024-09-20 09:54:11.889,423.2893377208636,8
2024-09-20 09:54:12.012,423.3549301983303,102
2024-09-20 09:54:12.025,423.4055454222281,13
2024-09-20 09:54:12.033,423.39491159730017,15
2024-09-20 09:54:12.089,423.2935989904354,996
2024-09-20 09:54:12.129,423.39658483141335,10
2024-09-20 09:54:12.164,423.326380465932,1001
2024-09-20 09:54:12.208,423.4028956464541,6
2024-09-20 09:54:12.241,423.4063222465213,100
2024-09-20 09:54:12.282,423.3666544589631,997
2024-09-20 09:54:12.303,423.41669946785487,105
2024-09-20 09:54:12.309,423.3954142680152,1000
2024-09-20 09:54:12.522,423.3738630084208,997
2024-09-20 09:54:12.580,423.3739881309133,12
2024-09-20 09:54:12.585,423.3954844488549,995
2024-09-20 09:54:12.649,423.28865617322367,1000
2024-09-20 09:54:12.773,423.4007982388847,100
2024-09-20 09:54:12.781,423.3143284254102,1000
2024-09-20 09:54:12.797,423.3009433658976,14
2024-09-20 09:54:12.840,423.35223441589307,1001
2024-09-20 09:54:12.853,423.4073572891601,99
2024-09-20 09:54:12.885,423.400956103882,1001
2024-09-20 09:54:12.899,423.2677118920821,9
2024-09-20 09:54:12.930,423.4158837661571,998
2024-09-20 09:54:12.935,423.3487234393072,997
2024-09-20 09:54:12.944,423.403998893235,102
2024-09-20 09:54:13.037,423.3989443167025,97
2024-09-20 09:54:13.048,423.3849267166856,15
2024-09-20 09:54:13.054,423.4186127356119,97
2024-09-20 09:54:13.072,423.3774079264096,13
2024-09-20 09:54:13.136,423.40273736405385,103
2024-09-20 09:54:13.150,423.3908930424316,105
2024-09-20 09:54:13.151,423.3830937351973,1002
2024-09-20 09:54:13.152,423.3754948030852,11
2024-09-20 09:54:13.164,423.3876527665776,8
2024-09-20 09:54:13.198,423.4190124183304,12
2024-09-20 09:54:13.236,423.3988148163895,102
2024-09-20 09:54:13.370,423.4140756186501,105
2024-09-20 09:54:13.371,423.3985690066384,13
2024-09-20 09:54:13.443,423.4224123811186,8
2024-09-20 09:54:13.482,423.3756545454815,13
2024-09-20 09:54:13.535,423.38087901098345,104
2024-09-20 09:54:13.544,423.4007934127961,102
2024-09-20 09:54:13.574,423.3927409323265,9
2024-09-20 09:54:13.648,423.4153803689064,7
2024-09-20 09:54:13.654,423.3756906791251,5
2024-09-20 09:54:13.754,423.4264726844318,1003
2024-09-20 09:54:13.768,423.4233069804165,7
2024-09-20 09:54:13.882,423.3747273201559,1001
2024-09-20 09:54:13.891,423.4280837039184,9
2024-09-20 09:54:13.911,423.4187449166394,1003
2024-09-20 09:54:13.954,,102
2024-09-20 09:54:13.982,423.4068427998775,101
2024-09-20 09:54:14.499,423.415357441946,105
2024-09-20 09:54:15.157,423.4350166872396,1001
2024-09-20 09:54:15.544,423.4428360208117,999
2024-09-20 09:54:16.141,423.4642760005413,7
2024-09-20 09:54:16.390,423.4610510321118,14
2024-09-20 09:54:16.394,423.4568996619154,7
2024-09-20 09:54:16.699,423.462624480503,95
2024-09-20 09:54:16.715,423.4541743001836,13
2024-09-20 09:54:16.906,423.4666163543265,1004
2024-09-20 09:54:17.020,423.494834684404,1001
2024-09-20 09:54:17.066,423.49966160365295,11
2024-09-20 09:54:17.074,423.4959306490104,1002
2024-09-20 09:54:17.081,423.4664862970008,100
2024-09-20 09:54:17.129,423.4767238914708,97
2024-09-20 09:54:17.171,423.4437412293453,13
2024-09-20 09:54:17.182,423.4774488320876,14
2024-09-20 09:54:17.190,423.4897276544408,97
2024-09-20 09:54:17.216,423.4424422737529,15
2024-09-20 09:54:17.243,,11
2024-09-20 09:54:17.253,423.4568188810393,995
2024-09-20 09:54:17.307,423.4619832318872,102
2024-09-20 09:54:17.362,423.4971397343548,997
2024-09-20 09:54:17.400,423.5019628359178,6
2024-09-20 09:54:17.481,423.4451777941364,997
2024-09-20 09:54:17.554,423.4552759667799,10
2024-09-20 09:54:17.566,423.47087901892615,13
2024-09-20 09:54:17.678,423.4893478394487,11
2024-09-20 09:54:17.684,423.4902545752564,99
2024-09-20 09:54:17.798,423.4616019269104,999
2024-09-20 09:54:17.840,423.4482271217525,98
2024-09-20 09:54:18.617,423.5032028500793,997
2024-09-20 09:54:19.004,423.4945653095502,996
2024-09-20 09:54:19.132,423.51781295998506,11
2024-09-20 09:54:19.138,423.5396090041284,95
2024-09-20 09:54:19.162,423.5330741802663,1004
2024-09-20 09:54:19.181,423.5033225050115,10
2024-09-20 09:54:19.239,423.53673087648895,997
2024-09-20 09:54:19.253,423.52666206487726,1000
2024-09-20 09:54:19.287,423.5077557246,5
2024-09-20 09:54:19.335,423.5267517135081,98
2024-09-20 09:54:19.399,423.4983356495314,1004
2024-09-20 09:54:19.414,423.5517265401113,105
2024-09-20 09:54:19.433,423.508537531577,1005
2024-09-20 09:54:19.443,423.5093935639283,1000
2024-09-20 09:54:19.458,423.540838221615,14
2024-09-20 09:54:19.475,423.52581307844514,97
2024-09-20 09:54:19.643,423.533522213675,1005
2024-09-20 09:54:19.655,423.4901790369071,1003
2024-09-20 09:54:19.717,423.5051485985024,7
2024-09-20 09:54:19.727,423.52363513514894,103
2024-09-20 09:54:19.910,,100
2024-09-20 09:54:19.938,423.5360395965676,1001
2024-09-20 09:54:19.971,423.5263656536298,11
2024-09-20 09:54:19.992,423.53175105594426,5
2024-09-20 09:54:20.042,423.4795747867183,103
2024-09-20 09:54:20.081,423.47914284954703,997
2024-09-20 09:54:20.118,423.4991017916581,96
2024-09-20 09:54:20.387,423.5123931886101,95
2024-09-20 09:54:20.447,423.47635969098815,105
2024-09-20 09:54:20.549,423.4724650739656,1003
2024-09-20 09:54:20.671,423.50010335051,9
2024-09-20 09:54:20.714,423.4793684235335,14
2024-09-20 09:54:20.768,423.5284999695827,102
2024-09-20 09:54:20.797,423.51843481061945,999
2024-09-20 09:54:20.811,423.54246530118274,11
2024-09-20 09:54:20.841,423.49964588566223,101
2024-09-20 09:54:21.179,423.5624603131041,99
2024-09-20 09:54:21.524,423.53123175056527,8
2024-09-20 09:54:21.772,423.543054134377,12
2024-09-20 09:54:22.020,423.5521838548901,1005
2024-09-20 09:54:22.131,423.5645357170245,103
2024-09-20 09:54:22.201,423.58360141545865,1005
2024-09-20 09:54:22.463,423.5824144162805,9
2024-09-20 09:54:22.480,423.57119826681947,103
2024-09-20 09:54:22.498,423.5427095135996,96
2024-09-20 09:54:22.637,423.5908880608901,1004
2024-09-20 09:54:22.701,423.5497390919528,100
2024-09-20 09:54:22.761,423.5604037365094,13
2024-09-20 09:54:22.761,423.5590481264477,1004
2024-09-20 09:54:22.804,423.561619890958,100
2024-09-20 09:54:22.886,423.550111816002,13
2024-09-20 09:54:22.985,423.5596651283328,99
2024-09-20 09:54:23.109,423.4854844109139,997
2024-09-20 09:54:23.156,423.5198990565832,995
2024-09-20 09:54:23.209,423.4275818248967,999
2024-09-20 09:54:23.393,423.4417173236598,1003
2024-09-20 09:54:23.465,423.4603682260553,11
2024-09-20 09:54:23.509,423.48806751885,997
2024-09-20 09:54:23.551,423.42811417628894,14
2024-09-20 09:54:23.606,423.5037819318332,1002
2024-09-20 09:54:23.609,423.47606403028215,96
2024-09-20 09:54:23.629,423.5268012508925,95
2024-09-20 09:54:23.666,423.4435239642898,100
2024-09-20 09:54:23.670,423.4478452784597,101
2024-09-20 09:54:23.697,423.4765892091652,1005
2024-09-20 09:54:23.726,423.4773185381639,1004
2024-09-20 09:54:23.916,423.4945666856285,100
2024-09-20 09:54:23.941,423.4562032615072,105
2024-09-20 09:54:23.973,423.4785574814915,997
2024-09-20 09:54:24.013,423.4308632290464,8
2024-09-20 09:54:24.142,423.40900008471,99
2024-09-20 09:54:24.488,423.4065449023881,96
2024-09-20 09:54:24.645,423.41608872768006,99
2024-09-20 09:54:24.755,423.4189327160002,11
2024-09-20 09:54:24.823,423.3960921680135,96
2024-09-20 09:54:25.006,423.4356193464058,95
2024-09-20 09:54:25.027,423.4560068667203,10
2024-09-20 09:54:25.035,423.4486272550317,15
2024-09-20 09:54:25.114,423.42896521465445,100
2024-09-20 09:54:25.122,423.4448857418572,1003
2024-09-20 09:54:25.138,423.4625560674326,95
2024-09-20 09:54:25.251,423.43153458887423,995
2024-09-20 09:54:25.257,423.451833395148,1002
2024-09-20 09:54:25.273,423.4127729321444,102
2024-09-20 09:54:25.339,423.4564782529102,1003
2024-09-20 09:54:25.375,423.4489729898361,105
2024-09-20 09:54:25.415,423.43959846342057,97
2024-09-20 09:54:25.427,423.4504491513087,999
2024-09-20 09:54:25.430,423.4456800678682,11
2024-09-20 09:54:25.449,423.45294131277024,8
2024-09-20 09:54:25.458,423.4158596724278,8
2024-09-20 09:54:25.503,423.4316540013088,11
2024-09-20 09:54:25.532,423.4195067527406,1002
2024-09-20 09:54:25.541,423.46792505598273,95
2024-09-20 09:54:25.558,423.4327707122218,104
2024-09-20 09:54:25.560,423.4495969970237,1002
2024-09-20 09:54:25.678,423.4296707714397,997
2024-09-20 09:54:25.772,423.4558969636437,1004
2024-09-20 09:54:25.801,423.44189174373753,11
2024-09-20 09:54:25.862,423.43242519438536,1001
2024-09-20 09:54:25.880,423.4524830816695,5
2024-09-20 09:54:26.043,423.4787863788801,103
2024-09-20 09:54:26.069,423.4757242713623,105
2024-09-20 09:54:26.085,423.4590144682029,15
2024-09-20 09:54:26.093,423.4526258463027,10
2024-09-20 09:54:26.138,423.4596361049525,100
2024-09-20 09:54:26.167,423.4638606269525,6
2024-09-20 09:54:26.324,423.5152361628654,101
2024-09-20 09:54:26.443,423.4830435726701,14
2024-09-20 09:54:26.455,42.34503657901885,996
2024-09-20 09:54:26.479,423.487860039495,97
2024-09-20 09:54:26.530,423.459672148404,101
2024-09-20 09:54:26.539,423.4881435333743,102
2024-09-20 09:54:26.611,423.509801268421,10
2024-09-20 09:54:26.707,423.46768107911095,101
2024-09-20 09:54:26.707,423.4780604733738,95
2024-09-20 09:54:26.875,423.4758291750863,95
2024-09-20 09:54:26.886,423.5120365081437,8
2024-09-20 09:54:27.123,423.47211631918793,7
2024-09-20 09:54:27.179,423.4965981462874,12
2024-09-20 09:54:27.595,423.45939100851217,1003
2024-09-20 09:54:27.718,423.4637417522182,1004
2024-09-20 09:54:27.749,423.4771706452897,1000
2024-09-20 09:54:27.964,423.46144479376375,997
2024-09-20 09:54:28.000,423.4913629592076,99
2024-09-20 09:54:28.001,423.4899227981095,996
2024-09-20 09:54:28.017,423.4814412766028,105
2024-09-20 09:54:28.074,423.5423560705989,999
2024-09-20 09:54:28.086,423.541633359904,1002
2024-09-20 09:54:28.134,423.4866435856877,15
2024-09-20 09:54:28.196,423.496140608976,103
2024-09-20 09:54:28.250,423.5577701069016,102
2024-09-20 09:54:28.319,423.5273646998848,99
2024-09-20 09:54:28.330,423.5363360852347,102
2024-09-20 09:54:28.342,423.49161960575015,9
2024-09-20 09:54:28.358,423.5586942472221,997
2024-09-20 09:54:28.515,423.5336736801472,13
2024-09-20 09:54:28.634,423.51933662670905,14
2024-09-20 09:54:28.657,423.5000908525848,997
2024-09-20 09:54:28.705,423.50337086441306,997
2024-09-20 09:54:28.734,423.4854461022885,101
2024-09-20 09:54:28.745,423.5599932456848,6
2024-09-20 09:54:28.746,,14
2024-09-20 09:54:28.859,423.5289888683569,995
2024-09-20 09:54:28.880,423.530680798148,102
2024-09-20 09:54:28.882,42.3546892407242,101
2024-09-20 09:54:28.887,423.5475256789005,10
2024-09-20 09:54:29.009,423.5382079078094,999
2024-09-20 09:54:29.052,423.5393140784451,5
2024-09-20 09:54:29.052,423.5387723607186,12
2024-09-20 09:54:29.061,423.547532310666,995
2024-09-20 09:54:29.062,423.5494620345834,10
2024-09-20 09:54:29.126,423.514310354268,1002
2024-09-20 09:54:29.225,423.56345852499095,998
2024-09-20 09:54:29.285,423.56329212152906,999
2024-09-20 09:54:29.328,423.505446670501,1001
2024-09-20 09:54:29.349,423.53479624481815,998
2024-09-20 09:54:29.357,423.60094495960885,7
2024-09-20 09:54:29.456,423.55074439572775,102
2024-09-20 09:54:29.498,423.5625754199767,8
2024-09-20 09:54:29.509,423.52899367272965,102
2024-09-20 09:54:29.511,423.5495352098784,105
2024-09-20 09:54:29.516,423.5682345764317,98
2024-09-20 09:54:29.595,423.54004950183617,8
2024-09-20 09:54:29.684,423.5629216289845,1003
2024-09-20 09:54:29.703,423.560144980066,105
2024-09-20 09:54:29.759,423.5683455760228,97
2024-09-20 09:54:29.767,423.5303769177976,1003
2024-09-20 09:54:29.803,423.5760712036145,98
2024-09-20 09:54:29.823,423.5809856757757,9
2024-09-20 09:54:29.909,423.54856839770406,997
2024-09-20 09:54:29.916,423.5774909819655,98
2024-09-20 09:54:29.950,423.53917362619376,7
2024-09-20 09:54:29.960,423.5246173758738,7
2024-09-20 09:54:29.977,423.5518438950334,995
2024-09-20 09:54:30.089,423.53014819445366,998
2024-09-20 09:54:30.114,423.549617903595,95
2024-09-20 09:54:30.248,423.5496849870031,1000
2024-09-20 09:54:30.328,423.5156998156161,12
2024-09-20 09:54:30.376,423.5162157553858,104
2024-09-20 09:54:30.545,423.5321404770805,5
2024-09-20 09:54:30.650,423.5145666697279,1001
2024-09-20 09:54:30.778,423.5419396391434,101
2024-09-20 09:54:31.007,423.4437134164421,103
2024-09-20 09:54:31.129,423.4389856039792,102
2024-09-20 09:54:31.132,423.5098746091008,1005
2024-09-20 09:54:31.148,423.4359730827346,6
2024-09-20 09:54:31.161,423.47933387680257,104
2024-09-20 09:54:31.174,423.5128295853127,999
2024-09-20 09:54:31.186,423.501929562282,6
2024-09-20 09:54:31.213,423.52811698758114,99
2024-09-20 09:54:31.220,423.4928937729415,100
2024-09-20 09:54:31.226,423.5057611698232,102
2024-09-20 09:54:31.282,423.4892922860132,104
2024-09-20 09:54:31.325,423.4645762482273,7
2024-09-20 09:54:31.407,423.47039403185295,14
2024-09-20 09:54:31.487,423.45137612515646,99
2024-09-20 09:54:31.526,423.5075923563416,998
2024-09-20 09:54:31.621,,13
2024-09-20 09:54:31.651,423.4808164297437,5
2024-09-20 09:54:31.691,423.500655258216,100
2024-09-20 09:54:31.791,423.4789684096592,995
2024-09-20 09:54:31.812,423.46863374199904,8
2024-09-20 09:54:31.815,423.45494643811503,6
2024-09-20 09:54:31.824,423.4840733400365,14
2024-09-20 09:54:31.900,423.51256073569306,6
2024-09-20 09:54:31.902,423.4601405677392,8
2024-09-20 09:54:31.909,423.5271832920935,15
2024-09-20 09:54:31.912,423.5015130950557,1001
2024-09-20 09:54:31.922,423.5079979280336,997
2024-09-20 09:54:31.976,423.4854167848716,997
2024-09-20 09:54:31.999,423.5065545260208,1000
2024-09-20 09:54:32.011,423.4159622355381,997
2024-09-20 09:54:32.022,423.45005297337167,13
2024-09-20 09:54:32.051,423.4533384444129,6
2024-09-20 09:54:32.054,423.4176851966978,105
2024-09-20 09:54:32.067,423.4299902063474,1002
2024-09-20 09:54:32.091,423.4672946358472,1003
2024-09-20 09:54:32.287,423.4629264413388,996
2024-09-20 09:54:32.291,423.4110807958736,6
2024-09-20 09:54:32.351,423.42665782776345,12
2024-09-20 09:54:32.373,423.4859278160038,997
2024-09-20 09:54:32.397,423.4105590424914,8
2024-09-20 09:54:32.421,423.4684894657379,101
2024-09-20 09:54:32.469,423.4611366868803,7
2024-09-20 09:54:32.479,423.42014799440426,9
2024-09-20 09:54:32.481,423.4796209549952,12
2024-09-20 09:54:32.525,42.34687708078528,1005
2024-09-20 09:54:32.528,423.4182670432256,9
2024-09-20 09:54:32.530,423.434630174873,6
2024-09-20 09:54:32.546,423.4578105690167,95
2024-09-20 09:54:32.557,423.46828122708575,999
2024-09-20 09:54:32.596,423.4040533381514,10
2024-09-20 09:54:32.616,423.4474715274112,5
2024-09-20 09:54:32.679,423.4676893903248,95
2024-09-20 09:54:32.706,423.4173596431711,15
2024-09-20 09:54:32.892,423.4452981956704,104
2024-09-20 09:54:32.929,423.4448649048171,13
2024-09-20 09:54:32.948,423.41435194588826,13
2024-09-20 09:54:33.000,423.4925813810209,8
2024-09-20 09:54:33.051,423.4323198241559,996
2024-09-20 09:54:33.169,423.43725816739646,7
2024-09-20 09:54:33.237,423.451010421084,5
2024-09-20 09:54:33.362,423.4702990067768,101
2024-09-20 09:54:33.395,423.5030630920873,14
2024-09-20 09:54:33.827,423.5005861761822,1002
2024-09-20 09:54:33.844,423.4864299238161,13
2024-09-20 09:54:33.859,423.4871833662646,999
2024-09-20 09:54:33.910,423.4566238770232,10
2024-09-20 09:54:33.925,423.431138946052,105
2024-09-20 09:54:34.009,423.55670521781127,1000
2024-09-20 09:54:34.030,423.51622613805057,105
2024-09-20 09:54:34.041,423.5160973346045,6
2024-09-20 09:54:34.064,423.52494378432624,10
2024-09-20 09:54:34.159,423.52512716112585,96
2024-09-20 09:54:34.216,423.5164512435483,8
2024-09-20 09:54:34.259,423.5124461006697,15
2024-09-20 09:54:34.287,423.5309913592756,15
2024-09-20 09:54:34.292,423.5188756175056,1004
2024-09-20 09:54:34.309,423.5196519100144,9
2024-09-20 09:54:34.373,423.51259511653865,97
2024-09-20 09:54:34.394,423.4891740852737,11
2024-09-20 09:54:34.420,423.5444114843537,99
2024-09-20 09:54:34.441,423.5174301630525,14
2024-09-20 09:54:34.495,423.51958026123305,999
2024-09-20 09:54:34.532,42.35093103730658,95
2024-09-20 09:54:34.677,423.52023705511925,103
2024-09-20 09:54:34.698,423.5104064357599,14
2024-09-20 09:54:34.762,423.5240537499725,9
2024-09-20 09:54:34.818,423.4839113540423,9
2024-09-20 09:54:34.859,423.5140819944902,996
2024-09-20 09:54:34.894,423.4721968432171,12
2024-09-20 09:54:34.896,423.5405559559282,995
2024-09-20 09:54:34.935,423.5229603105329,7
2024-09-20 09:54:34.982,423.5248291533328,1002
2024-09-20 09:54:36.335,423.48365357210446,11
2024-09-20 09:54:37.073,423.4876148226219,995
2024-09-20 09:54:37.092,423.4579732589799,995
2024-09-20 09:54:37.151,423.4885309490637,997
2024-09-20 09:54:37.155,423.4840416592245,1003
2024-09-20 09:54:37.195,423.4964707225757,1000
2024-09-20 09:54:37.230,,999
2024-09-20 09:54:37.252,423.4631774787735,995
2024-09-20 09:54:37.373,423.4503305616124,997
2024-09-20 09:54:37.558,423.4834279156021,10
2024-09-20 09:54:37.580,423.4748234925401,105
2024-09-20 09:54:37.725,423.5000867510398,9
2024-09-20 09:54:37.754,423.4887000732403,99
2024-09-20 09:54:37.768,423.46767929404473,10
2024-09-20 09:54:37.804,423.45932775848223,95
2024-09-20 09:54:37.818,423.4507161849679,11
2024-09-20 09:54:37.915,423.45819668285526,100
2024-09-20 09:54:37.990,423.4910067578065,9
2024-09-20 09:54:38.033,423.4474163897226,1004
2024-09-20 09:54:38.075,-423.4680572040598,1001
2024-09-20 09:54:38.201,423.4801411417495,1002
2024-09-20 09:54:38.254,423.45472340878143,997
2024-09-20 09:54:38.259,423.4797107042045,1005
2024-09-20 09:54:38.400,42.34326852068962,1002
2024-09-20 09:54:38.410,423.46889401742976,100
2024-09-20 09:54:38.465,423.4266003544757,8
2024-09-20 09:54:38.703,423.4750867542256,101
2024-09-20 09:54:38.716,423.4426663774548,10
2024-09-20 09:54:38.728,423.4801994103767,1004
2024-09-20 09:54:38.786,423.4387902298101,102
2024-09-20 09:54:38.887,423.48083328038064,995
2024-09-20 09:54:39.036,423.5173885654172,5
2024-09-20 09:54:39.065,-423.5795723739646,101
2024-09-20 09:54:39.072,423.5629736798786,997
2024-09-20 09:54:39.084,423.4999064120977,98
2024-09-20 09:54:39.099,423.53578256689946,6
2024-09-20 09:54:39.162,423.5277177094528,8
2024-09-20 09:54:39.226,423.4695005102396,1004
2024-09-20 09:54:39.310,423.5174208502156,13
2024-09-20 09:54:39.501,423.4681331276688,1001
2024-09-20 09:54:39.540,423.4750114272099,11
2024-09-20 09:54:39.586,423.5961433285171,15
2024-09-20 09:54:39.592,423.4581097099663,97
2024-09-20 09:54:39.606,423.48327973453394,1000
2024-09-20 09:54:39.669,423.50728556825,1003
2024-09-20 09:54:39.738,423.4926980676816,1003
2024-09-20 09:54:39.748,423.4633659419396,6
2024-09-20 09:54:39.784,423.54290028525895,8
2024-09-20 09:54:39.789,423.5027360915868,1002
2024-09-20 09:54:39.841,423.5161086450371,11
2024-09-20 09:54:39.917,423.5215239040333,8
2024-09-20 09:54:39.918,423.5866433481348,996
2024-09-20 09:54:39.996,423.5110193086173,1003
2024-09-20 09:54:40.161,423.5819347989832,8
2024-09-20 09:54:40.395,423.5905515115932,1000
2024-09-20 09:54:40.522,423.5837847479373,1004
2024-09-20 09:54:40.525,423.57503404844056,998
2024-09-20 09:54:40.848,423.5818973183749,103
2024-09-20 09:54:41.024,423.5661800382396,10
2024-09-20 09:54:41.051,423.5546997640572,14
2024-09-20 09:54:41.096,423.5451631349349,10
2024-09-20 09:54:41.099,423.5901265073744,7
2024-09-20 09:54:41.154,423.5477713869696,96
2024-09-20 09:54:41.184,423.54542964496704,95
2024-09-20 09:54:41.217,423.536193264947,995
2024-09-20 09:54:41.233,423.51545913019214,15
2024-09-20 09:54:41.235,423.5686032125002,102
2024-09-20 09:54:41.267,423.5429365805641,1003
2024-09-20 09:54:41.288,423.5137938919271,104
2024-09-20 09:54:41.328,423.5448400057029,1005
2024-09-20 09:54:41.351,423.5673735048839,6
2024-09-20 09:54:41.399,423.5365557419194,13
2024-09-20 09:54:41.415,423.5156307032962,95
2024-09-20 09:54:41.454,423.5730390508207,15
2024-09-20 09:54:41.493,423.5206840467236,100
2024-09-20 09:54:41.497,423.573168642513,1003
2024-09-20 09:54:41.498,423.5876658023782,9
2024-09-20 09:54:41.579,423.5015168256626,98
2024-09-20 09:54:41.694,423.553095906627,998
2024-09-20 09:54:41.709,423.5786794294489,998
2024-09-20 09:54:41.805,423.5193372645551,11
2024-09-20 09:54:41.835,423.58520819233456,1002
2024-09-20 09:54:41.837,423.568338879542,101
2024-09-20 09:54:41.871,423.56161073121336,8
2024-09-20 09:54:41.872,423.543825374111,997
2024-09-20 09:54:41.919,423.5737765075469,996
2024-09-20 09:54:41.989,423.58286369159663,998
2024-09-20 09:54:42.094,423.42257548136655,14
2024-09-20 09:54:42.110,423.44599806462537,103
2024-09-20 09:54:42.124,423.4361837946953,14
2024-09-20 09:54:42.233,423.45765217751006,11
2024-09-20 09:54:42.239,423.4211919332755,15
2024-09-20 09:54:42.270,423.42598091696806,15
2024-09-20 09:54:42.288,423.4894620487441,105
2024-09-20 09:54:42.298,423.4326578577793,1000
2024-09-20 09:54:42.299,423.4301014910762,1003
2024-09-20 09:54:42.304,423.4026414511518,14
2024-09-20 09:54:42.311,423.41619737582806,12
2024-09-20 09:54:42.328,423.39758061063895,1000
2024-09-20 09:54:42.335,423.4224201003002,1000
2024-09-20 09:54:42.346,423.4409382376616,7
2024-09-20 09:54:42.440,423.45383503156825,6
2024-09-20 09:54:42.558,423.461125976939,995
2024-09-20 09:54:42.593,423.40666260703466,95
2024-09-20 09:54:42.612,423.4406678588896,10
2024-09-20 09:54:42.649,423.38970214789697,13
2024-09-20 09:54:42.686,423.3807220267509,1002
2024-09-20 09:54:42.686,423.4730972977741,97
2024-09-20 09:54:42.687,423.42319703142016,13
2024-09-20 09:54:42.716,423.3912523025499,14
2024-09-20 09:54:42.740,423.39444361902673,1003
2024-09-20 09:54:42.796,423.4994269956988,12
2024-09-20 09:54:42.796,423.41382118913,10
2024-09-20 09:54:42.888,423.4385936076015,1001
2024-09-20 09:54:42.894,423.4162890849383,997
2024-09-20 09:54:43.133,423.4247988482335,1000
2024-09-20 09:54:43.274,423.4505304769374,996
2024-09-20 09:54:43.338,423.4151855821111,999
2024-09-20 09:54:43.357,423.413906436888,11
2024-09-20 09:54:43.437,423.4186138226751,103
2024-09-20 09:54:43.582,423.44010464782826,998
2024-09-20 09:54:43.586,423.4269624036447,11
2024-09-20 09:54:43.601,423.469255026473,999
2024-09-20 09:54:43.697,423.4310464362571,101
2024-09-20 09:54:43.795,423.4195455340567,97
2024-09-20 09:54:44.097,423.5673905223405,12
2024-09-20 09:54:44.137,,1000
2024-09-20 09:54:44.206,423.5958770592417,996
2024-09-20 09:54:44.238,423.5199189877656,100
2024-09-20 09:54:44.274,423.53437084027286,1004
2024-09-20 09:54:44.287,423.54415251276527,995
2024-09-20 09:54:44.391,423.5141926949837,6
2024-09-20 09:54:44.446,423.5795662406202,996
2024-09-20 09:54:44.465,423.49855004184417,1004
2024-09-20 09:54:44.501,423.4984115539402,11
2024-09-20 09:54:44.552,423.5511074747207,100
2024-09-20 09:54:44.586,423.6093018558613,101
2024-09-20 09:54:44.640,423.6046175788191,6
2024-09-20 09:54:44.683,423.537182860452,1001
2024-09-20 09:54:44.689,423.55255284514914,100
2024-09-20 09:54:44.772,423.5746084157075,8
2024-09-20 09:54:44.778,423.5551754845171,999
2024-09-20 09:54:44.792,423.49286913278127,100
2024-09-20 09:54:44.839,423.51803521226,5
2024-09-20 09:54:44.859,423.5737070372181,104
2024-09-20 09:54:44.876,423.5233748522778,95
2024-09-20 09:54:44.888,423.549558567923,11
2024-09-20 09:54:44.949,423.5814322078438,95
2024-09-20 09:54:44.980,423.5182331436492,5
2024-09-20 09:54:45.135,423.55357486998736,100
2024-09-20 09:54:45.207,423.54407585474144,12
2024-09-20 09:54:45.239,423.5541011215044,95
2024-09-20 09:54:45.289,423.5489298411704,1003
2024-09-20 09:54:45.313,423.5568115526477,98
2024-09-20 09:54:45.339,423.5445355815917,15
2024-09-20 09:54:45.473,423.54297244171727,998
2024-09-20 09:54:45.555,423.5447384444096,6
2024-09-20 09:54:45.579,423.5737200996674,997
2024-09-20 09:54:45.708,423.5801807028549,6
2024-09-20 09:54:45.771,423.53723634796455,997
2024-09-20 09:54:45.808,423.5764061659095,995
2024-09-20 09:54:45.842,423.5175183670816,1000
2024-09-20 09:54:45.861,423.5466496398161,6
2024-09-20 09:54:45.867,423.5561604224276,8
2024-09-20 09:54:45.870,423.5300027856612,1003
2024-09-20 09:54:45.919,423.5584283094576,996
2024-09-20 09:54:45.941,423.5767902292982,9
2024-09-20 09:54:46.012,423.51438198912064,103
2024-09-20 09:54:46.299,423.55588535403695,1004
2024-09-20 09:54:46.430,423.5150251166504,104
2024-09-20 09:54:46.799,423.52655168921206,999
2024-09-20 09:54:46.894,423.5463679313757,105
2024-09-20 09:54:46.924,423.5143958463573,6
2024-09-20 09:54:46.962,423.5529867062391,12
2024-09-20 09:54:47.004,423.5370300354453,996
2024-09-20 09:54:47.112,423.49025321668137,11
2024-09-20 09:54:47.113,423.4863720189596,15
2024-09-20 09:54:47.208,423.5434509180785,97
2024-09-20 09:54:47.242,423.5098143701943,9
2024-09-20 09:54:47.244,423.5145058313292,13
2024-09-20 09:54:47.276,423.4993792215484,1005
2024-09-20 09:54:47.282,423.5535554527957,996
2024-09-20 09:54:47.288,423.5193683384462,1000
2024-09-20 09:54:47.295,423.509640814567,14
2024-09-20 09:54:47.390,423.5556676191569,100
2024-09-20 09:54:47.468,423.5036794644776,8
2024-09-20 09:54:47.580,423.54082789217887,8
2024-09-20 09:54:47.588,423.5506665238447,102
2024-09-20 09:54:47.596,423.5487150094651,103
2024-09-20 09:54:47.677,423.5116979313336,1005
2024-09-20 09:54:47.835,423.5321967855053,1005
2024-09-20 09:54:47.900,423.4856580904058,1000
2024-09-20 09:54:47.938,423.4988422397693,99
2024-09-20 09:54:47.960,423.5475439229739,9
2024-09-20 09:54:48.371,423.57566570793045,9
2024-09-20 09:54:48.607,423.591616355632,98
2024-09-20 09:54:48.635,423.602201233227,98
2024-09-20 09:54:48.694,423.5758323271681,999
2024-09-20 09:54:49.021,423.63707100453456,96
2024-09-20 09:54:49.053,423.7317834576996,1002
2024-09-20 09:54:49.053,423.7302541192735,996
2024-09-20 09:54:49.079,423.599383689205,6
2024-09-20 09:54:49.117,423.6060176836223,995
2024-09-20 09:54:49.177,423.63937061739193,100
2024-09-20 09:54:49.249,423.6065166717801,8
2024-09-20 09:54:49.278,423.6775351990128,102
2024-09-20 09:54:49.315,423.5813921963065,14
2024-09-20 09:54:49.478,423.592941853774,104
2024-09-20 09:54:49.534,423.7169029051604,99
2024-09-20 09:54:49.559,423.710955298198,8
2024-09-20 09:54:49.589,423.665552452242,1003
2024-09-20 09:54:49.595,423.65468364858094,99
2024-09-20 09:54:49.600,423.6391979311026,103
2024-09-20 09:54:49.687,423.70248868207005,1003
2024-09-20 09:54:49.719,423.6021336848332,10
2024-09-20 09:54:49.722,423.6122021182161,11
2024-09-20 09:54:49.790,423.6077437193295,1001
2024-09-20 09:54:49.846,423.6129426100106,99
2024-09-20 09:54:49.861,423.6040136189317,996
2024-09-20 09:54:49.880,423.7339941631605,999
2024-09-20 09:54:49.962,423.7170174479973,997
2024-09-20 09:54:49.978,423.6450602365084,104
2024-09-20 09:54:49.995,423.640481433788,1004
2024-09-20 09:54:50.001,423.7461830211751,1003
2024-09-20 09:54:50.055,423.7280717678664,9
2024-09-20 09:54:50.056,423.7508601212554,103
2024-09-20 09:54:50.081,423.7595376698933,1005
2024-09-20 09:54:50.152,423.7479750067614,99
2024-09-20 09:54:50.179,423.75779319433485,103
2024-09-20 09:54:50.228,423.75223406940967,95
2024-09-20 09:54:50.392,-423.774210676951,95
2024-09-20 09:54:50.430,423.7345065889856,999
2024-09-20 09:54:50.455,423.7103309811697,101
2024-09-20 09:54:50.510,423.7248897041385,102
2024-09-20 09:54:50.513,423.7309561280304,100
2024-09-20 09:54:50.523,423.73376547967024,8
2024-09-20 09:54:50.609,423.7572155244015,103
2024-09-20 09:54:50.610,423.7620007479184,96
2024-09-20 09:54:50.640,423.7628754386644,103
2024-09-20 09:54:50.687,423.7651688843624,101
2024-09-20 09:54:50.689,423.72016329243377,102
2024-09-20 09:54:50.716,423.74996050296784,105
2024-09-20 09:54:50.722,423.7539736479045,995
2024-09-20 09:54:50.754,423.7515849753992,100
2024-09-20 09:54:50.826,423.7571586987305,1001
2024-09-20 09:54:50.842,423.7200165844702,13
2024-09-20 09:54:50.891,423.726386297742,5
2024-09-20 09:54:50.912,423.7480802363386,995
2024-09-20 09:54:50.943,423.7558215951589,1000
2024-09-20 09:54:50.962,423.723339719729,6
2024-09-20 09:54:51.001,423.77995113250194,102
2024-09-20 09:54:51.066,423.8100497813986,9
2024-09-20 09:54:51.120,423.76356758175785,10
2024-09-20 09:54:51.132,423.77968266506446,95
2024-09-20 09:54:51.161,423.7921110631589,11
2024-09-20 09:54:51.187,423.7410462513944,6
2024-09-20 09:54:51.230,423.7712187809949,103
2024-09-20 09:54:51.231,423.7840437820064,14
2024-09-20 09:54:51.239,423.8118363758964,1003
2024-09-20 09:54:51.283,423.7254676816924,104
2024-09-20 09:54:51.328,,9
2024-09-20 09:54:51.340,423.7834545974033,103
2024-09-20 09:54:51.352,423.7822141795775,1003
2024-09-20 09:54:51.425,423.7690844703685,13
2024-09-20 09:54:51.445,423.8188616122206,98
2024-09-20 09:54:51.517,423.78695567423176,101
2024-09-20 09:54:51.561,423.76920218671927,996
2024-09-20 09:54:51.607,423.8218237368424,13
2024-09-20 09:54:51.659,423.7468852888734,103
2024-09-20 09:54:51.686,423.7528419554735,1001
2024-09-20 09:54:51.772,423.7941671044755,14
2024-09-20 09:54:51.786,423.71856344893206,100
2024-09-20 09:54:51.844,423.7815760125128,99
2024-09-20 09:54:51.896,423.7322413507657,1002
2024-09-20 09:54:51.953,423.7533265424363,100
2024-09-20 09:54:51.962,423.74343746092137,8
2024-09-20 09:54:52.061,423.8034993064105,997
2024-09-20 09:54:52.069,423.7689002753506,15
2024-09-20 09:54:52.101,423.7667847474429,104
2024-09-20 09:54:52.266,423.7781495873529,1004
2024-09-20 09:54:52.328,-423.77589451171406,14
2024-09-20 09:54:52.335,423.77502021077913,999
2024-09-20 09:54:52.391,423.78743075682667,102
2024-09-20 09:54:52.421,423.7713277876515,6
2024-09-20 09:54:52.422,423.79109209977054,98
2024-09-20 09:54:52.429,423.77145972948745,101
2024-09-20 09:54:52.535,423.79990041727535,995
2024-09-20 09:54:52.603,423.7939775017437,100
2024-09-20 09:54:52.617,,98
2024-09-20 09:54:52.658,423.7985620284761,5
2024-09-20 09:54:52.663,423.7790193624685,101
2024-09-20 09:54:52.687,423.7433905216283,12
2024-09-20 09:54:52.713,423.8057541863141,1000
2024-09-20 09:54:52.718,423.79410111600674,6
2024-09-20 09:54:52.744,423.7849080105621,11
2024-09-20 09:54:52.754,423.7688605090042,1000
2024-09-20 09:54:52.756,423.78193309062897,11
2024-09-20 09:54:52.814,423.7569427390216,1000
2024-09-20 09:54:52.862,423.78873613250335,7
2024-09-20 09:54:52.868,423.7818969314702,1000
2024-09-20 09:54:52.889,423.7512426538064,998
2024-09-20 09:54:52.913,423.78860042800375,1001
2024-09-20 09:54:52.973,423.7998985819861,98
2024-09-20 09:54:53.007,423.7713625489992,95
2024-09-20 09:54:53.008,423.76263749075633,97
2024-09-20 09:54:53.047,423.7637022230924,8
2024-09-20 09:54:53.113,423.7679785545283,98
2024-09-20 09:54:53.144,423.778837458244,95
2024-09-20 09:54:53.144,423.7801299476008,999
2024-09-20 09:54:53.217,423.77395477191294,1002
2024-09-20 09:54:53.242,423.7857911610624,96
2024-09-20 09:54:53.267,423.7758990419359,999
2024-09-20 09:54:53.362,423.7662537220016,1004
2024-09-20 09:54:53.437,423.7796568624785,13
2024-09-20 09:54:53.479,423.7857222132898,102
2024-09-20 09:54:53.483,423.7803775589634,13
2024-09-20 09:54:53.590,423.7417641170208,10
2024-09-20 09:54:53.662,423.7614126743945,102
2024-09-20 09:54:53.713,423.7812147351136,104
2024-09-20 09:54:53.738,423.7823525171035,11
2024-09-20 09:54:53.780,423.7908351392125,5
2024-09-20 09:54:53.786,423.7775232249329,95
2024-09-20 09:54:53.921,423.78112338880265,105
2024-09-20 09:54:54.009,423.81440226319273,8
2024-09-20 09:54:54.039,423.8098868490202,1005
2024-09-20 09:54:54.075,423.75168419695234,13
2024-09-20 09:54:54.146,423.8025620646823,996
2024-09-20 09:54:54.189,423.76463491454575,101
2024-09-20 09:54:54.220,423.7603418972638,99
2024-09-20 09:54:54.273,42.37770050858524,1001
2024-09-20 09:54:54.297,423.7994262554041,97
2024-09-20 09:54:54.353,423.772096990381,1002
2024-09-20 09:54:54.381,423.8096612802363,996
2024-09-20 09:54:54.412,423.7506894105747,1005
2024-09-20 09:54:54.520,423.7468855950712,5
2024-09-20 09:54:54.560,423.7556884660005,102
2024-09-20 09:54:54.609,423.79690909253,11
2024-09-20 09:54:54.613,423.809805465866,1003
2024-09-20 09:54:54.677,423.801674174348,9
2024-09-20 09:54:54.684,423.7833548940846,998
2024-09-20 09:54:54.734,423.78024121061645,9
2024-09-20 09:54:54.735,423.78602757476415,12
2024-09-20 09:54:54.741,423.77152407495873,101
2024-09-20 09:54:54.795,423.80694115045566,102
2024-09-20 09:54:54.906,423.76185877467015,95
2024-09-20 09:54:54.956,423.7722022114233,1002
2024-09-20 09:54:55.092,423.8091001586165,104
2024-09-20 09:54:55.121,423.7997173055598,1003
2024-09-20 09:54:55.362,423.817475601392,103
2024-09-20 09:54:55.541,423.8053778069874,100
2024-09-20 09:54:55.761,423.8162278934788,9
2024-09-20 09:54:55.845,423.7958920297553,101
2024-09-20 09:54:56.070,423.8053729455847,999
2024-09-20 09:54:56.088,423.76911254185023,1004
2024-09-20 09:54:56.209,423.6992041136536,1002
2024-09-20 09:54:56.215,423.7718377261783,9
2024-09-20 09:54:56.294,423.78536315413737,101
2024-09-20 09:54:56.368,42.37192570638594,999
2024-09-20 09:54:56.387,423.775667238668,998
2024-09-20 09:54:56.422,423.70400064411007,96
2024-09-20 09:54:56.439,423.7812852116946,102
2024-09-20 09:54:56.470,423.74192033242406,1003
2024-09-20 09:54:56.539,423.7549020853359,995
2024-09-20 09:54:56.558,423.7217758620709,98
2024-09-20 09:54:56.574,423.7810333879719,98
2024-09-20 09:54:56.589,423.7601976925184,998
2024-09-20 09:54:56.642,423.7828390654429,9
2024-09-20 09:54:56.668,423.70718384813296,105
2024-09-20 09:54:56.703,423.7503899408703,1002
2024-09-20 09:54:56.716,423.7386209957128,999
2024-09-20 09:54:56.727,423.78612684693496,99
2024-09-20 09:54:56.795,423.7726554828943,998
2024-09-20 09:54:56.839,423.7739898819215,99
2024-09-20 09:54:56.896,423.8041171285441,1003
2024-09-20 09:54:56.917,423.7692915965731,12
2024-09-20 09:54:56.949,423.7661840586976,95
2024-09-20 09:54:56.978,423.70119072910734,8
2024-09-20 09:54:56.981,423.8054246036676,97
2024-09-20 09:54:57.032,423.7463668547429,98
2024-09-20 09:54:57.040,423.7229276640932,1004
2024-09-20 09:54:57.089,423.8527256915255,999
2024-09-20 09:54:57.125,423.7543015536965,1001
2024-09-20 09:54:57.144,423.7416276893153,103
2024-09-20 09:54:57.252,423.74843426190006,5
2024-09-20 09:54:57.265,423.85094316044496,998
2024-09-20 09:54:57.274,423.7620046088458,1004
2024-09-20 09:54:57.278,423.76627463199065,14
2024-09-20 09:54:57.304,423.76694744591856,104
2024-09-20 09:54:57.314,423.74125888350346,10
2024-09-20 09:54:57.351,423.7495415740463,996
2024-09-20 09:54:57.429,423.76016916212814,5
2024-09-20 09:54:57.501,423.7147404183033,1003
2024-09-20 09:54:57.511,423.7878837266948,7
2024-09-20 09:54:57.602,423.76230861795375,1004
2024-09-20 09:54:57.636,423.7334632866619,9
2024-09-20 09:54:57.680,423.8387826747077,95
2024-09-20 09:54:57.727,423.848655088773,996
2024-09-20 09:54:57.745,423.7013112355608,102
2024-09-20 09:54:57.770,423.7713152704114,998
2024-09-20 09:54:57.787,423.750840837556,10
2024-09-20 09:54:57.812,423.7596837512618,1000
2024-09-20 09:54:57.814,423.76870089644086,1003
2024-09-20 09:54:57.826,423.74964403830495,996
2024-09-20 09:54:57.892,423.7199730014656,105
2024-09-20 09:54:57.978,423.8224506289342,8
2024-09-20 09:54:58.022,423.855587588458,96
2024-09-20 09:54:58.102,423.9060798301815,1005
2024-09-20 09:54:58.105,423.8729096833416,10
2024-09-20 09:54:58.125,423.8835362969834,105
2024-09-20 09:54:58.192,423.8480106972788,99
2024-09-20 09:54:58.203,423.9045570066321,999
2024-09-20 09:54:58.259,423.89819602062033,95
2024-09-20 09:54:58.278,423.9127399158693,100
2024-09-20 09:54:58.296,423.85038529784936,103
2024-09-20 09:54:58.435,423.8641571618026,14
2024-09-20 09:54:58.493,423.9058322848207,996
2024-09-20 09:54:58.535,423.8682788581456,96
2024-09-20 09:54:58.585,423.8494444960408,13
2024-09-20 09:54:58.600,423.8529440784365,100
2024-09-20 09:54:58.809,423.8571681463432,98
2024-09-20 09:54:58.819,423.8895444964177,95
2024-09-20 09:54:58.844,423.8790760238944,6
2024-09-20 09:54:58.912,423.896981590587,7
2024-09-20 09:54:58.919,423.90404544126426,15
2024-09-20 09:54:58.974,423.8976676732221,96
2024-09-20 09:54:58.975,423.9070336623858,997
2024-09-20 09:54:58.983,423.90972965953904,105
2024-09-20 09:54:59.043,423.9235922820047,11
2024-09-20 09:54:59.823,423.9111008440672,104
