Timestamp,Price,Size
2024-09-17 09:45:00.033,415.79687358249095,1004
2024-09-17 09:45:00.034,415.733173258142,103
2024-09-17 09:45:00.034,415.6541982063439,100
2024-09-17 09:45:00.138,415.731365381162,1001
2024-09-17 09:45:00.169,415.789351893517,15
2024-09-17 09:45:00.176,415.7475827172393,9
2024-09-17 09:45:00.258,415.6642346841528,10
2024-09-17 09:45:00.283,415.68312789141737,13
2024-09-17 09:45:00.284,415.64496939301375,15
2024-09-17 09:45:00.296,415.6892015833349,97
2024-09-17 09:45:00.299,415.693487678338,101
2024-09-17 09:45:00.450,415.6637245403501,105
2024-09-17 09:45:00.475,415.71633427919176,8
2024-09-17 09:45:00.481,41.57249590466088,999
2024-09-17 09:45:00.643,415.6620851656877,1000
2024-09-17 09:45:00.684,415.6660281090712,100
2024-09-17 09:45:00.716,415.8046439915106,15
2024-09-17 09:45:00.719,415.6921410145048,1004
2024-09-17 09:45:00.916,415.6503111729091,10
2024-09-17 09:45:00.931,415.7082054151796,1005
2024-09-17 09:45:01.020,415.8017973640534,11
2024-09-17 09:45:01.116,415.8074352819469,99
2024-09-17 09:45:01.216,415.7935745051622,103
2024-09-17 09:45:01.238,415.8120540397357,99
2024-09-17 09:45:01.437,415.8033046615294,1003
2024-09-17 09:45:01.620,-415.7814795185873,5
2024-09-17 09:45:01.749,415.7861515047446,1003
2024-09-17 09:45:01.750,415.78675428160176,10
2024-09-17 09:45:01.760,415.81177955157216,100
2024-09-17 09:45:01.814,415.79207275121416,99
2024-09-17 09:45:01.967,415.7838394346047,1002
2024-09-17 09:45:01.973,415.7913047855173,15
2024-09-17 09:45:02.050,415.8409345430062,103
2024-09-17 09:45:02.058,415.8215193438826,105
2024-09-17 09:45:02.113,415.814590904417,101
2024-09-17 09:45:02.147,415.8047665365349,999
2024-09-17 09:45:02.185,415.79493045781294,996
2024-09-17 09:45:02.185,415.7797121728536,95
2024-09-17 09:45:02.208,415.8002389676161,100
2024-09-17 09:45:02.291,415.7801932636447,102
2024-09-17 09:45:02.358,415.7979091561414,1001
2024-09-17 09:45:02.385,,12
2024-09-17 09:45:02.430,415.8080069415336,8
2024-09-17 09:45:02.480,415.7855359393924,995
2024-09-17 09:45:02.533,415.8167577192805,1001
2024-09-17 09:45:02.602,415.8113222311359,14
2024-09-17 09:45:02.752,415.80767279949634,102
2024-09-17 09:45:02.783,415.7983756260618,100
2024-09-17 09:45:02.819,415.80463688228207,11
2024-09-17 09:45:02.840,415.8216017019929,99
2024-09-17 09:45:02.878,415.79346821031993,104
2024-09-17 09:45:02.946,415.8229504570195,5
2024-09-17 09:45:03.277,415.8413747561267,9
2024-09-17 09:45:03.552,415.85076418579126,997
2024-09-17 09:45:03.593,415.84263741551257,101
2024-09-17 09:45:03.594,415.843492828314,12
2024-09-17 09:45:03.631,415.8342095712039,1001
2024-09-17 09:45:03.752,415.8438156586824,8
2024-09-17 09:45:03.957,415.8562108281169,104
2024-09-17 09:45:04.038,415.8980056342769,101
2024-09-17 09:45:04.090,415.9022075462384,998
2024-09-17 09:45:04.102,415.9002369155904,104
2024-09-17 09:45:04.125,415.92375832793016,6
2024-09-17 09:45:04.142,415.8911831740471,996
2024-09-17 09:45:04.160,415.8966895465697,101
2024-09-17 09:45:04.177,415.910692236901,101
2024-09-17 09:45:04.196,415.85649098397056,13
2024-09-17 09:45:04.324,415.84153354665176,1003
2024-09-17 09:45:04.375,415.84959059726447,8
2024-09-17 09:45:04.430,415.92763981216666,1000
2024-09-17 09:45:04.461,415.9055664119928,101
2024-09-17 09:45:04.521,415.8481842859895,6
2024-09-17 09:45:04.539,415.89011022762287,102
2024-09-17 09:45:04.556,415.8708407513009,13
2024-09-17 09:45:04.557,415.82852995417466,12
2024-09-17 09:45:04.570,415.90437439475056,105
2024-09-17 09:45:04.578,415.8311968653031,1005
2024-09-17 09:45:04.596,415.8332339286842,1001
2024-09-17 09:45:04.604,415.86315802589286,1001
2024-09-17 09:45:04.624,415.9106365431146,1002
2024-09-17 09:45:04.637,415.8407666914608,101
2024-09-17 09:45:04.648,415.9185567302018,1002
2024-09-17 09:45:04.648,415.8810159630261,996
2024-09-17 09:45:04.666,415.8457901827927,101
2024-09-17 09:45:04.674,415.89724578264935,996
2024-09-17 09:45:04.712,415.8535467653237,11
2024-09-17 09:45:04.798,415.9076613848219,99
2024-09-17 09:45:04.898,415.8854531617457,1003
2024-09-17 09:45:04.920,415.8710659503065,15
2024-09-17 09:45:05.034,415.9101365500021,105
2024-09-17 09:45:05.035,415.8630546348396,5
2024-09-17 09:45:05.058,415.91275421305033,10
2024-09-17 09:45:05.203,415.8941224752118,99
2024-09-17 09:45:05.423,415.918157995249,103
2024-09-17 09:45:05.450,415.8983599074659,103
2024-09-17 09:45:05.457,415.8957248019533,105
2024-09-17 09:45:05.695,415.86278223305067,6
2024-09-17 09:45:05.783,415.85434410839736,99
2024-09-17 09:45:05.820,415.90074208302576,97
2024-09-17 09:45:05.879,415.8638324000172,99
2024-09-17 09:45:05.985,415.9174756247028,103
2024-09-17 09:45:06.048,415.9050089621542,101
2024-09-17 09:45:06.079,415.8496196625447,997
2024-09-17 09:45:06.108,415.9124156099577,98
2024-09-17 09:45:06.189,415.9092853794348,5
2024-09-17 09:45:06.342,415.9071744888396,1005
2024-09-17 09:45:06.496,415.8857987865129,98
2024-09-17 09:45:06.588,415.8989143494364,996
2024-09-17 09:45:06.602,415.8710741922561,995
2024-09-17 09:45:06.770,415.88795813842,996
2024-09-17 09:45:06.782,415.865351622216,105
2024-09-17 09:45:06.812,415.8990612622844,997
2024-09-17 09:45:06.889,415.8815866898319,95
2024-09-17 09:45:06.918,415.87535736552377,102
2024-09-17 09:45:06.961,-415.9143504551856,1005
2024-09-17 09:45:07.047,415.85846115586696,1002
2024-09-17 09:45:07.169,415.860541869296,997
2024-09-17 09:45:07.269,415.879697165256,15
2024-09-17 09:45:07.286,415.8501846589966,9
2024-09-17 09:45:07.295,415.8847237967136,11
2024-09-17 09:45:07.345,415.8476539544256,10
2024-09-17 09:45:07.380,415.8497200767116,1003
2024-09-17 09:45:07.537,415.89896729008944,1004
2024-09-17 09:45:07.627,415.8509618548037,6
2024-09-17 09:45:07.634,415.9233410680562,1002
2024-09-17 09:45:07.667,415.8900021365882,997
2024-09-17 09:45:07.673,415.8783766683548,1004
2024-09-17 09:45:07.687,415.8755392381141,998
2024-09-17 09:45:07.689,415.88527723170665,1004
2024-09-17 09:45:07.698,415.9084801766927,9
2024-09-17 09:45:07.726,415.8973281947833,1000
2024-09-17 09:45:07.876,415.8555939187488,14
2024-09-17 09:45:07.953,415.8902779600815,5
2024-09-17 09:45:08.008,,7
2024-09-17 09:45:08.084,415.8809201626324,99
2024-09-17 09:45:08.106,415.8616305977892,995
2024-09-17 09:45:08.173,415.86419830587033,996
2024-09-17 09:45:08.215,415.858838064132,1004
2024-09-17 09:45:08.319,415.8512074351762,102
2024-09-17 09:45:08.322,415.8795968954314,98
2024-09-17 09:45:08.462,415.8697430135264,13
2024-09-17 09:45:08.468,415.8671826575277,7
2024-09-17 09:45:08.548,415.88080502744685,105
2024-09-17 09:45:08.560,415.8953116246925,15
2024-09-17 09:45:08.562,415.8653041655942,11
2024-09-17 09:45:08.691,415.8813372609922,11
2024-09-17 09:45:08.750,415.8746729499477,15
2024-09-17 09:45:08.773,415.8528811921736,1001
2024-09-17 09:45:08.790,415.8663490615286,997
2024-09-17 09:45:08.896,415.8656165675482,5
2024-09-17 09:45:08.946,415.8761242069536,15
2024-09-17 09:45:08.984,415.8749525279331,999
2024-09-17 09:45:09.041,415.8221277327913,95
2024-09-17 09:45:09.107,415.8246956285205,95
2024-09-17 09:45:09.115,415.8548150859584,999
2024-09-17 09:45:09.157,415.82115529114793,1004
2024-09-17 09:45:09.160,415.8360758527472,999
2024-09-17 09:45:09.209,415.8497985451479,997
2024-09-17 09:45:09.213,415.87630753954494,11
2024-09-17 09:45:09.263,415.8173672824796,6
2024-09-17 09:45:09.286,415.832064256112,5
2024-09-17 09:45:09.335,415.859834458005,98
2024-09-17 09:45:09.746,415.8448182869792,995
2024-09-17 09:45:09.806,415.8355778557579,8
2024-09-17 09:45:10.038,415.8749174972589,98
2024-09-17 09:45:10.045,415.86373287471497,95
2024-09-17 09:45:10.090,415.8380489665544,95
2024-09-17 09:45:10.092,415.85834245973626,11
2024-09-17 09:45:10.122,415.85631376813535,14
2024-09-17 09:45:10.165,415.8578372390275,1004
2024-09-17 09:45:10.171,415.8664686978236,11
2024-09-17 09:45:10.224,415.8465753804627,12
2024-09-17 09:45:10.267,415.87507783983887,98
2024-09-17 09:45:10.273,415.846435670188,12
2024-09-17 09:45:10.285,415.8687698550826,1003
2024-09-17 09:45:10.396,415.8451105312042,12
2024-09-17 09:45:10.485,415.8561700389075,999
2024-09-17 09:45:10.538,415.8621157939487,5
2024-09-17 09:45:10.616,415.8545248452333,96
2024-09-17 09:45:10.670,415.85144955631006,11
2024-09-17 09:45:10.696,415.85857333733935,97
2024-09-17 09:45:10.741,415.8650119187752,8
2024-09-17 09:45:10.823,415.8445604211593,102
2024-09-17 09:45:10.905,415.8312397190311,101
2024-09-17 09:45:10.913,415.8662806983758,996
2024-09-17 09:45:10.933,415.829937377884,100
2024-09-17 09:45:11.022,415.9342694657332,1005
2024-09-17 09:45:11.097,415.9044133383557,105
2024-09-17 09:45:11.205,415.840548636971,1004
2024-09-17 09:45:11.214,415.93677134870495,1005
2024-09-17 09:45:11.286,415.9702527984506,1005
2024-09-17 09:45:11.299,415.9378254737102,12
2024-09-17 09:45:11.306,415.9514481283893,99
2024-09-17 09:45:11.324,415.8493738302151,103
2024-09-17 09:45:11.328,415.92934032135054,105
2024-09-17 09:45:11.353,415.9737315648391,15
2024-09-17 09:45:11.354,415.88060173641344,14
2024-09-17 09:45:11.432,415.9705584681688,1005
2024-09-17 09:45:11.453,415.9130695733489,1004
2024-09-17 09:45:11.466,415.8623693044543,10
2024-09-17 09:45:11.495,415.9255073827579,98
2024-09-17 09:45:11.590,415.91043810622887,12
2024-09-17 09:45:11.592,415.96895716382267,995
2024-09-17 09:45:11.649,415.8421338122801,13
2024-09-17 09:45:11.706,415.9627444931008,1003
2024-09-17 09:45:11.739,415.9000973856636,996
2024-09-17 09:45:11.750,415.9400397335143,103
2024-09-17 09:45:11.759,415.85304634043854,5
2024-09-17 09:45:11.868,415.957226740438,12
2024-09-17 09:45:11.905,415.8630067728332,999
2024-09-17 09:45:11.960,415.9335553264356,6
2024-09-17 09:45:11.983,415.9374199561907,98
2024-09-17 09:45:12.149,415.9410657506686,14
2024-09-17 09:45:12.560,415.9236644335695,11
2024-09-17 09:45:12.603,415.9237162655272,1000
2024-09-17 09:45:12.697,415.9246230933011,1004
2024-09-17 09:45:13.048,415.9469280244944,101
2024-09-17 09:45:13.074,415.93469825778953,98
2024-09-17 09:45:13.101,415.95474144114667,99
2024-09-17 09:45:13.118,415.9433111028915,999
2024-09-17 09:45:13.142,415.9542732877839,101
2024-09-17 09:45:13.196,415.928141141037,102
2024-09-17 09:45:13.396,415.8926934428249,1002
2024-09-17 09:45:13.445,415.968310900191,1005
2024-09-17 09:45:13.445,415.9196713180712,1000
2024-09-17 09:45:13.446,415.9862700572186,10
2024-09-17 09:45:13.479,415.9537144560944,96
2024-09-17 09:45:13.521,415.97678652103735,99
2024-09-17 09:45:13.593,415.9439732613109,5
2024-09-17 09:45:13.689,415.9002195077716,999
2024-09-17 09:45:13.705,415.9044166553205,11
2024-09-17 09:45:13.882,415.9899691737086,6
2024-09-17 09:45:13.891,415.938696050742,98
2024-09-17 09:45:13.916,415.9912081142658,7
2024-09-17 09:45:13.921,415.95920001366585,1001
2024-09-17 09:45:13.943,415.9474775410664,999
2024-09-17 09:45:14.002,415.8877382343956,12
2024-09-17 09:45:14.003,415.9232324565298,997
2024-09-17 09:45:14.034,415.87231766486127,101
2024-09-17 09:45:14.052,415.9184782869788,98
2024-09-17 09:45:14.080,415.8562050668731,11
2024-09-17 09:45:14.233,415.88785608272417,1001
2024-09-17 09:45:14.257,415.8933348023264,10
2024-09-17 09:45:14.289,415.8759379771432,14
2024-09-17 09:45:14.324,415.8905217550604,10
2024-09-17 09:45:14.430,415.888755337012,8
2024-09-17 09:45:14.438,415.8600711609554,5
2024-09-17 09:45:14.468,415.9069946293577,103
2024-09-17 09:45:14.522,415.9130636582775,95
2024-09-17 09:45:14.564,415.9229670903157,7
2024-09-17 09:45:14.590,415.8733135730757,102
2024-09-17 09:45:14.673,415.91894000904784,8
2024-09-17 09:45:14.827,415.88034597164176,103
2024-09-17 09:45:14.879,415.8401464223896,998
2024-09-17 09:45:14.917,415.8974452430192,1005
2024-09-17 09:45:14.921,415.89254343349006,103
2024-09-17 09:45:14.945,415.8544731057578,105
2024-09-17 09:45:15.081,415.9035352623493,99
2024-09-17 09:45:15.099,415.879979380487,5
2024-09-17 09:45:15.100,415.8579150007079,7
2024-09-17 09:45:15.121,415.90975578255234,11
2024-09-17 09:45:15.149,415.8965288040788,995
2024-09-17 09:45:15.154,415.8991623107519,1003
2024-09-17 09:45:15.166,415.9335515068234,101
2024-09-17 09:45:15.224,415.910899357885,997
2024-09-17 09:45:15.270,415.8491992329584,995
2024-09-17 09:45:15.279,415.8792189124632,13
2024-09-17 09:45:15.291,415.919119481717,5
2024-09-17 09:45:15.394,415.90865209121847,999
2024-09-17 09:45:15.507,415.8301678819944,104
2024-09-17 09:45:15.509,415.92022324326217,997
2024-09-17 09:45:15.513,415.9132376555631,6
2024-09-17 09:45:15.525,415.8321810754237,101
2024-09-17 09:45:15.564,415.8964501798487,10
2024-09-17 09:45:15.566,415.8896391457876,6
2024-09-17 09:45:15.574,415.8589475838559,95
2024-09-17 09:45:15.721,415.8794494192081,95
2024-09-17 09:45:15.758,415.8590235558016,6
2024-09-17 09:45:15.768,415.8921716812105,96
2024-09-17 09:45:15.793,415.87773755281614,98
2024-09-17 09:45:15.795,415.90760328766805,104
2024-09-17 09:45:15.908,-415.8828365763361,14
2024-09-17 09:45:15.939,415.8481105783902,105
2024-09-17 09:45:15.962,415.9007698749276,100
2024-09-17 09:45:16.064,-415.8658410097751,99
2024-09-17 09:45:16.263,415.8880341144696,1002
2024-09-17 09:45:16.402,415.877916141245,1003
2024-09-17 09:45:16.567,415.8915291973104,9
2024-09-17 09:45:16.887,415.860037556916,995
2024-09-17 09:45:17.017,,998
2024-09-17 09:45:17.052,415.8703492730118,6
2024-09-17 09:45:17.096,415.90679527986777,997
2024-09-17 09:45:17.158,415.8655936119607,101
2024-09-17 09:45:17.170,415.87047136491736,101
2024-09-17 09:45:17.210,415.8901229134423,96
2024-09-17 09:45:17.225,415.8787265882938,999
2024-09-17 09:45:17.232,415.8836111717006,97
2024-09-17 09:45:17.281,415.9078592285305,96
2024-09-17 09:45:17.327,415.8955016352577,8
2024-09-17 09:45:17.340,415.8531177102082,1003
2024-09-17 09:45:17.394,415.8553955194429,11
2024-09-17 09:45:17.415,415.85973927793793,100
2024-09-17 09:45:17.460,415.864028662637,7
2024-09-17 09:45:17.460,415.8819097409885,1005
2024-09-17 09:45:17.469,415.892253811549,1001
2024-09-17 09:45:17.483,415.865401387639,996
2024-09-17 09:45:17.508,415.8977037317304,14
2024-09-17 09:45:17.565,415.8830647604413,6
2024-09-17 09:45:17.571,415.8799678034552,1005
2024-09-17 09:45:17.577,415.90948152807545,105
2024-09-17 09:45:17.668,415.8787502129888,97
2024-09-17 09:45:17.676,415.856893181566,97
2024-09-17 09:45:17.702,415.9008649789597,10
2024-09-17 09:45:17.864,415.876684063568,11
2024-09-17 09:45:17.890,415.9006124316677,13
2024-09-17 09:45:17.981,415.8933156523677,99
2024-09-17 09:45:17.981,415.8964179498683,95
2024-09-17 09:45:18.007,415.9146537043935,7
2024-09-17 09:45:18.142,415.94205357362176,96
2024-09-17 09:45:18.143,415.9063851586909,104
2024-09-17 09:45:18.186,415.8850095207664,1005
2024-09-17 09:45:18.239,415.9003622597462,997
2024-09-17 09:45:18.254,415.8691157131129,99
2024-09-17 09:45:18.298,415.91857609208125,1003
2024-09-17 09:45:18.404,415.9298021478658,100
2024-09-17 09:45:18.435,415.9061776303335,96
2024-09-17 09:45:18.442,415.9145149023543,100
2024-09-17 09:45:18.468,415.87440488219295,999
2024-09-17 09:45:18.470,415.8892677287405,1001
2024-09-17 09:45:18.591,415.87618746420986,1000
2024-09-17 09:45:18.652,415.8805753046772,11
2024-09-17 09:45:18.667,415.8810957245323,104
2024-09-17 09:45:18.688,415.91671749501296,997
2024-09-17 09:45:18.696,415.9218387257277,103
2024-09-17 09:45:18.712,415.8479461919293,998
2024-09-17 09:45:18.721,415.8740875691022,997
2024-09-17 09:45:18.728,415.8812117125472,100
2024-09-17 09:45:18.772,415.8903462461002,101
2024-09-17 09:45:18.848,415.8727502660121,1005
2024-09-17 09:45:18.856,415.8982287523048,999
2024-09-17 09:45:18.916,415.875820263405,998
2024-09-17 09:45:18.974,415.8710652113314,995
2024-09-17 09:45:19.023,415.91073609163504,6
2024-09-17 09:45:19.324,415.9055517169916,100
2024-09-17 09:45:19.519,415.9040979614791,103
2024-09-17 09:45:19.618,415.9120788880838,101
2024-09-17 09:45:20.040,415.9276456270736,12
2024-09-17 09:45:20.062,415.88367354336174,996
2024-09-17 09:45:20.099,415.8884293666703,95
2024-09-17 09:45:20.100,415.9147193710669,1005
2024-09-17 09:45:20.285,415.9062690447405,103
2024-09-17 09:45:20.371,415.8999656288758,1001
2024-09-17 09:45:20.524,415.883904319612,15
2024-09-17 09:45:20.573,415.9180464884613,10
2024-09-17 09:45:20.582,415.904163777628,999
2024-09-17 09:45:20.643,415.9223394042895,98
2024-09-17 09:45:20.828,415.8878141803672,12
2024-09-17 09:45:20.903,415.912813689306,11
2024-09-17 09:45:21.036,415.9204525679883,99
2024-09-17 09:45:21.085,415.873225169622,1000
2024-09-17 09:45:21.088,415.8776105460991,5
2024-09-17 09:45:21.168,415.8907830280608,998
2024-09-17 09:45:21.191,41.59124220364252,9
2024-09-17 09:45:21.220,415.844054586838,102
2024-09-17 09:45:21.249,415.86761690383867,7
2024-09-17 09:45:21.261,415.8990982996383,12
2024-09-17 09:45:21.280,415.8773979667389,102
2024-09-17 09:45:21.350,415.90099893645146,100
2024-09-17 09:45:21.416,415.8822362265989,103
2024-09-17 09:45:21.423,415.8641021462088,104
2024-09-17 09:45:21.441,415.9243098318704,998
2024-09-17 09:45:21.456,415.8748397161498,5
2024-09-17 09:45:21.493,415.863042621291,6
2024-09-17 09:45:21.514,415.8882695343311,103
2024-09-17 09:45:21.518,41.58850477370535,9
2024-09-17 09:45:21.567,,1000
2024-09-17 09:45:21.602,415.88626691989776,8
2024-09-17 09:45:21.641,415.906348320663,1003
2024-09-17 09:45:21.710,415.8594760049529,14
2024-09-17 09:45:21.754,415.9002955419392,997
2024-09-17 09:45:21.780,415.86214928928285,999
2024-09-17 09:45:21.821,415.8882712890521,99
2024-09-17 09:45:21.852,415.9305530446064,1001
2024-09-17 09:45:21.893,415.8821916342909,14
2024-09-17 09:45:21.904,415.8779330927978,1002
2024-09-17 09:45:21.950,415.9175042537868,103
2024-09-17 09:45:22.378,415.8688861015737,12
2024-09-17 09:45:22.484,415.868055052993,11
2024-09-17 09:45:22.563,415.8728158228412,15
2024-09-17 09:45:22.902,415.87248024540247,100
2024-09-17 09:45:23.014,415.9251121071418,5
2024-09-17 09:45:23.062,415.9549411185122,1004
2024-09-17 09:45:23.078,415.9636892473517,95
2024-09-17 09:45:23.235,415.9458854357792,102
2024-09-17 09:45:23.262,415.9624978484199,13
2024-09-17 09:45:23.278,415.9428397279033,104
2024-09-17 09:45:23.329,415.956025538671,104
2024-09-17 09:45:23.337,415.95619732056025,14
2024-09-17 09:45:23.361,415.94079576917954,6
2024-09-17 09:45:23.398,415.93915125331495,8
2024-09-17 09:45:23.411,415.89267762919104,97
2024-09-17 09:45:23.423,415.873242503678,1003
2024-09-17 09:45:23.449,415.9465243182348,101
2024-09-17 09:45:23.453,415.9551024755,14
2024-09-17 09:45:23.468,415.9508732798336,101
2024-09-17 09:45:23.489,415.96066750325247,100
2024-09-17 09:45:23.587,415.9443236939208,101
2024-09-17 09:45:23.618,415.9466879286422,11
2024-09-17 09:45:23.705,415.9534117898318,7
2024-09-17 09:45:23.714,415.95531304662205,100
2024-09-17 09:45:23.818,415.9403916506594,95
2024-09-17 09:45:23.837,415.95034220559495,995
2024-09-17 09:45:23.868,415.8748667059325,1004
2024-09-17 09:45:23.880,415.8615319875984,102
2024-09-17 09:45:24.129,415.92885372814266,1003
2024-09-17 09:45:24.135,415.91973456213526,104
2024-09-17 09:45:24.159,415.9340012835999,102
2024-09-17 09:45:24.225,415.9100025714916,105
2024-09-17 09:45:24.239,415.9355685082161,101
2024-09-17 09:45:24.279,415.92824177621526,995
2024-09-17 09:45:24.347,415.9440010894783,97
2024-09-17 09:45:24.596,415.9124118592336,102
2024-09-17 09:45:24.634,415.93780257202974,104
2024-09-17 09:45:24.761,415.9331353217162,101
2024-09-17 09:45:24.950,415.9358931940924,104
2024-09-17 09:45:24.987,415.9493006155026,1002
2024-09-17 09:45:25.025,415.9112876260133,996
2024-09-17 09:45:25.158,415.9330567723833,101
2024-09-17 09:45:25.172,415.8743257262829,97
2024-09-17 09:45:25.240,415.85656463804975,1005
2024-09-17 09:45:25.328,415.9191315555928,97
2024-09-17 09:45:25.345,415.86114998312354,11
2024-09-17 09:45:25.371,415.9261563920009,5
2024-09-17 09:45:25.387,415.9232508557507,6
2024-09-17 09:45:25.411,415.84991023995696,1004
2024-09-17 09:45:25.448,415.88308709943846,995
2024-09-17 09:45:25.476,415.9279668196923,998
2024-09-17 09:45:25.495,415.9156173728693,14
2024-09-17 09:45:25.504,415.9330733923894,11
2024-09-17 09:45:25.543,415.9254416154519,103
2024-09-17 09:45:25.582,415.9285377655122,997
2024-09-17 09:45:25.591,415.8633883378501,97
2024-09-17 09:45:25.698,415.8720297905391,98
2024-09-17 09:45:25.747,415.9272301612467,97
2024-09-17 09:45:25.750,415.93223166045743,1005
2024-09-17 09:45:25.818,415.9189080657664,96
2024-09-17 09:45:25.846,415.9247248296041,99
2024-09-17 09:45:25.897,41.58994645736579,95
2024-09-17 09:45:25.934,415.86933540524217,1000
2024-09-17 09:45:26.020,415.90287649343657,102
2024-09-17 09:45:26.067,415.8911616690225,105
2024-09-17 09:45:26.080,415.9039277430186,102
2024-09-17 09:45:26.089,415.8996687697033,7
2024-09-17 09:45:26.144,415.89290973026925,11
2024-09-17 09:45:26.171,415.89281621817554,999
2024-09-17 09:45:26.192,415.881231628464,105
2024-09-17 09:45:26.243,415.88973238983135,1004
2024-09-17 09:45:26.243,415.87424585095926,15
2024-09-17 09:45:26.323,415.88293440008096,5
2024-09-17 09:45:26.408,415.8745889788521,7
2024-09-17 09:45:26.429,415.9121636029102,14
2024-09-17 09:45:26.518,41.590082869734566,9
2024-09-17 09:45:26.527,415.8796121432613,103
2024-09-17 09:45:26.551,415.8929779213596,9
2024-09-17 09:45:26.553,415.8759901133425,1001
2024-09-17 09:45:26.570,-415.89458310478335,15
2024-09-17 09:45:26.592,415.8847409620897,5
2024-09-17 09:45:26.596,-415.8587965902709,996
2024-09-17 09:45:26.608,415.9180377408674,96
2024-09-17 09:45:26.634,415.893755741697,9
2024-09-17 09:45:26.697,415.9010818405106,12
2024-09-17 09:45:26.711,,8
2024-09-17 09:45:26.717,415.87598302888136,99
2024-09-17 09:45:26.748,415.9010876071772,1004
2024-09-17 09:45:26.763,415.8738852084653,11
2024-09-17 09:45:26.810,415.89268651103015,9
2024-09-17 09:45:26.822,415.88091299716615,7
2024-09-17 09:45:26.906,415.8891365925888,998
2024-09-17 09:45:26.961,415.8998634928605,998
2024-09-17 09:45:27.022,415.9058981101225,1000
2024-09-17 09:45:27.041,415.8655579518392,14
2024-09-17 09:45:27.079,415.8893021342422,1004
2024-09-17 09:45:27.108,415.9194322529704,100
2024-09-17 09:45:27.140,415.8825535056196,97
2024-09-17 09:45:27.171,415.86787230731306,1003
2024-09-17 09:45:27.183,415.8588321370248,9
2024-09-17 09:45:27.265,415.8981088115792,1004
2024-09-17 09:45:27.311,415.890471034117,14
2024-09-17 09:45:27.345,415.8618217613217,96
2024-09-17 09:45:27.387,415.9468518498284,996
2024-09-17 09:45:27.430,415.8686883314403,995
2024-09-17 09:45:27.435,415.8950516992609,13
2024-09-17 09:45:27.520,415.9453817212511,1004
2024-09-17 09:45:27.566,415.85858993356953,14
2024-09-17 09:45:27.596,415.8978478049829,102
2024-09-17 09:45:27.692,415.8779456146826,1001
2024-09-17 09:45:27.697,415.891274618971,104
2024-09-17 09:45:27.814,415.89706369258494,99
2024-09-17 09:45:28.017,415.83799830899466,14
2024-09-17 09:45:28.091,415.8608807843611,1002
2024-09-17 09:45:28.124,415.8372637805712,15
2024-09-17 09:45:28.131,415.8875436296745,1003
2024-09-17 09:45:28.173,415.8362325891599,13
2024-09-17 09:45:28.225,415.8423428355579,98
2024-09-17 09:45:28.225,415.85332088047056,15
2024-09-17 09:45:28.237,415.8208767786772,14
2024-09-17 09:45:28.453,415.8558794997402,10
2024-09-17 09:45:28.475,415.86578096562766,14
2024-09-17 09:45:28.612,415.861674693838,7
2024-09-17 09:45:28.625,41.58624205352341,1002
2024-09-17 09:45:28.686,415.8346636155003,103
2024-09-17 09:45:28.711,415.8239237887104,98
2024-09-17 09:45:28.712,415.8504664497389,1000
2024-09-17 09:45:28.754,415.8170560416543,1003
2024-09-17 09:45:28.837,415.87963447328144,15
2024-09-17 09:45:28.843,415.84591830021225,95
2024-09-17 09:45:28.886,415.84649727753305,103
2024-09-17 09:45:28.938,415.8452628963545,5
2024-09-17 09:45:28.950,415.83268196394687,1000
2024-09-17 09:45:28.973,415.8467876191243,105
2024-09-17 09:45:29.428,415.88601365219904,5
2024-09-17 09:45:29.504,415.8606110983225,1004
2024-09-17 09:45:29.604,415.8823063726874,97
2024-09-17 09:45:29.656,415.8428890443027,95
2024-09-17 09:45:29.725,415.87559290968215,98
2024-09-17 09:45:29.891,415.853612613989,105
2024-09-17 09:45:29.988,415.8889226832004,1000
2024-09-17 09:45:30.002,415.9140917277062,998
2024-09-17 09:45:30.010,415.8999639912378,95
2024-09-17 09:45:30.044,415.8706852942397,99
2024-09-17 09:45:30.083,415.8847615618868,1004
2024-09-17 09:45:30.192,415.85093432143736,95
2024-09-17 09:45:30.212,415.91470763159145,14
2024-09-17 09:45:30.239,415.8482120731295,998
2024-09-17 09:45:30.252,415.8824287512013,1004
2024-09-17 09:45:30.286,-415.8776888570484,1003
2024-09-17 09:45:30.331,415.84157852112,96
2024-09-17 09:45:30.482,415.8711560865418,1000
2024-09-17 09:45:30.495,415.90028808759496,999
2024-09-17 09:45:30.524,415.9038340361861,996
2024-09-17 09:45:30.606,415.8712076177623,997
2024-09-17 09:45:30.606,415.8991557651093,102
2024-09-17 09:45:30.615,415.8896664562324,5
2024-09-17 09:45:30.674,415.8828477058447,96
2024-09-17 09:45:30.768,415.86316368739614,99
2024-09-17 09:45:30.805,415.9255077402029,999
2024-09-17 09:45:30.822,,96
2024-09-17 09:45:30.831,415.87546788511753,5
2024-09-17 09:45:30.869,415.881158921498,1005
2024-09-17 09:45:30.886,415.8651882445485,9
2024-09-17 09:45:30.913,415.87491694569,8
2024-09-17 09:45:30.949,415.86376599344015,1002
2024-09-17 09:45:30.962,415.8776344725307,95
2024-09-17 09:45:30.993,415.84663396620704,995
2024-09-17 09:45:31.026,415.8715694050869,96
2024-09-17 09:45:31.169,415.86421201607095,95
2024-09-17 09:45:31.279,415.86939899883566,13
2024-09-17 09:45:31.335,415.89711053294224,999
2024-09-17 09:45:31.382,415.8713593539466,104
2024-09-17 09:45:31.391,415.8623196821077,997
2024-09-17 09:45:31.464,415.8660367269692,9
2024-09-17 09:45:31.837,415.8780649280355,11
2024-09-17 09:45:32.002,415.8779816572471,12
2024-09-17 09:45:32.115,415.846165892336,101
2024-09-17 09:45:32.131,415.84543262861786,15
2024-09-17 09:45:32.191,415.855467629569,997
2024-09-17 09:45:32.284,415.8754602803134,997
2024-09-17 09:45:32.324,415.8898010949874,104
2024-09-17 09:45:32.347,-415.8589538884628,9
2024-09-17 09:45:32.473,415.88079039977566,6
2024-09-17 09:45:32.478,415.9140620625238,102
2024-09-17 09:45:32.488,415.8907571752261,5
2024-09-17 09:45:32.530,415.869516402392,105
2024-09-17 09:45:32.583,415.90827749237474,15
2024-09-17 09:45:32.626,415.89545354260537,1004
2024-09-17 09:45:32.635,415.9020039775466,998
2024-09-17 09:45:32.656,415.83768740688816,100
2024-09-17 09:45:32.808,415.85748542542257,12
2024-09-17 09:45:32.884,415.84611286538046,95
2024-09-17 09:45:32.915,415.8971414978832,1000
2024-09-17 09:45:32.917,415.8587594269639,97
2024-09-17 09:45:33.058,415.8173190354237,1000
2024-09-17 09:45:33.145,415.832895702337,6
2024-09-17 09:45:33.189,415.8057058069476,999
2024-09-17 09:45:33.265,415.8224392704091,98
2024-09-17 09:45:33.338,415.8445412431672,13
2024-09-17 09:45:33.342,415.84532690080994,998
2024-09-17 09:45:33.491,415.8304276981023,1002
2024-09-17 09:45:33.494,415.8493936461926,98
2024-09-17 09:45:33.569,415.831656260696,995
2024-09-17 09:45:33.606,415.80748469613457,104
2024-09-17 09:45:33.624,415.8499008377002,997
2024-09-17 09:45:33.696,415.8210648447347,99
2024-09-17 09:45:33.831,415.8553359425888,102
2024-09-17 09:45:33.838,415.8496952279938,97
2024-09-17 09:45:33.872,415.8412111087087,998
2024-09-17 09:45:33.875,415.85674288857547,97
2024-09-17 09:45:33.900,415.8313397670274,996
2024-09-17 09:45:33.973,415.8329319453101,101
2024-09-17 09:45:34.041,415.8310575361252,14
2024-09-17 09:45:34.054,415.8419531095974,101
2024-09-17 09:45:34.063,415.8290869196538,100
2024-09-17 09:45:34.070,415.8781370449229,1002
2024-09-17 09:45:34.160,415.86666162655627,103
2024-09-17 09:45:34.219,415.8433262807613,9
2024-09-17 09:45:34.252,415.8248622477174,96
2024-09-17 09:45:34.260,415.8684504425096,103
2024-09-17 09:45:34.346,415.8582442895081,8
2024-09-17 09:45:34.355,415.8172128871263,7
2024-09-17 09:45:34.385,415.8709468740462,1001
2024-09-17 09:45:34.449,415.8292695934006,997
2024-09-17 09:45:34.472,415.8197062308548,98
2024-09-17 09:45:34.490,415.8222328812882,99
2024-09-17 09:45:34.522,415.8656506122414,8
2024-09-17 09:45:34.627,415.82337547607005,98
2024-09-17 09:45:34.628,415.875402211854,999
2024-09-17 09:45:34.652,415.839541739421,13
2024-09-17 09:45:34.666,415.8680470034615,101
2024-09-17 09:45:34.714,415.8168650507532,97
2024-09-17 09:45:34.726,415.86264671111775,102
2024-09-17 09:45:34.729,415.8261166251258,103
2024-09-17 09:45:34.751,415.8219008266264,11
2024-09-17 09:45:34.769,415.832493964846,103
2024-09-17 09:45:34.773,415.8825094661732,1003
2024-09-17 09:45:34.791,415.8724651175211,100
2024-09-17 09:45:34.794,415.8321334028839,9
2024-09-17 09:45:34.853,415.8222789102901,13
2024-09-17 09:45:34.874,415.8572670555668,99
2024-09-17 09:45:34.951,415.8476861306817,96
2024-09-17 09:45:35.036,415.84619696676697,1005
2024-09-17 09:45:35.039,415.8466244307936,14
2024-09-17 09:45:35.056,415.8612293475143,13
2024-09-17 09:45:35.067,415.83790182704274,1005
2024-09-17 09:45:35.150,415.9121354390039,97
2024-09-17 09:45:35.182,415.91702775212747,100
2024-09-17 09:45:35.200,415.9298649651507,98
2024-09-17 09:45:35.226,415.8690052427149,14
2024-09-17 09:45:35.318,415.93812811808186,103
2024-09-17 09:45:35.422,415.93219823898056,100
2024-09-17 09:45:35.437,415.86153073654,95
2024-09-17 09:45:35.451,415.9400598426082,102
2024-09-17 09:45:35.462,415.8788508232372,96
2024-09-17 09:45:35.474,415.9506797821251,1001
2024-09-17 09:45:35.488,415.8821178550329,11
2024-09-17 09:45:35.498,415.8608749218545,1005
2024-09-17 09:45:35.559,415.90656193372416,1002
2024-09-17 09:45:35.640,415.87603757701737,102
2024-09-17 09:45:35.661,415.8902889562586,10
2024-09-17 09:45:35.720,,96
2024-09-17 09:45:35.726,415.8655267027017,995
2024-09-17 09:45:35.775,415.92703128563,1003
2024-09-17 09:45:35.824,-415.8797747213322,102
2024-09-17 09:45:35.842,415.8506529807631,100
2024-09-17 09:45:35.857,415.91860374631966,6
2024-09-17 09:45:35.862,415.83302827506407,9
2024-09-17 09:45:35.975,415.8964004028272,1002
2024-09-17 09:45:35.990,415.929237013697,8
2024-09-17 09:45:36.048,416.0224552054133,6
2024-09-17 09:45:36.087,415.973084778716,1004
2024-09-17 09:45:36.104,416.0218097105453,102
2024-09-17 09:45:36.107,416.0080155472147,11
2024-09-17 09:45:36.183,416.0150905683448,9
2024-09-17 09:45:36.303,415.9751325687316,1001
2024-09-17 09:45:36.314,416.0080737720632,7
2024-09-17 09:45:36.336,,1003
2024-09-17 09:45:36.377,415.9738955926025,13
2024-09-17 09:45:36.490,416.0292202160047,996
2024-09-17 09:45:36.542,415.9205021783811,5
2024-09-17 09:45:36.551,415.92541396515895,11
2024-09-17 09:45:36.587,416.0214443261343,5
2024-09-17 09:45:36.633,416.0153814027553,6
2024-09-17 09:45:36.651,415.9526027221164,10
2024-09-17 09:45:36.665,416.0263845287433,99
2024-09-17 09:45:36.762,416.0156265153963,9
2024-09-17 09:45:36.837,,997
2024-09-17 09:45:36.843,416.02010983926687,15
2024-09-17 09:45:37.064,416.0406137490007,999
2024-09-17 09:45:37.067,416.025133185348,11
2024-09-17 09:45:37.135,416.0206192313906,97
2024-09-17 09:45:37.180,416.03066061516654,998
2024-09-17 09:45:37.205,416.0361917468691,11
2024-09-17 09:45:37.268,416.0238640463054,6
2024-09-17 09:45:37.375,416.0046686577885,995
2024-09-17 09:45:37.424,416.0199909036498,103
2024-09-17 09:45:37.449,416.02651341079206,103
2024-09-17 09:45:37.482,416.04020220765113,995
2024-09-17 09:45:37.523,416.0321986676842,999
2024-09-17 09:45:37.551,416.0177636927789,13
2024-09-17 09:45:37.713,416.0179757566379,1005
2024-09-17 09:45:37.989,416.04792817875,99
2024-09-17 09:45:38.003,415.958945764892,1000
2024-09-17 09:45:38.043,416.0408572241479,1001
2024-09-17 09:45:38.052,415.9712601680062,999
2024-09-17 09:45:38.082,415.9857082858458,10
2024-09-17 09:45:38.136,415.941588010494,98
2024-09-17 09:45:38.195,415.97198968086354,1005
2024-09-17 09:45:38.268,415.9812317250032,1000
2024-09-17 09:45:38.272,415.9879172969648,8
2024-09-17 09:45:38.306,415.9595533854708,998
2024-09-17 09:45:38.323,415.9593846400142,98
2024-09-17 09:45:38.375,415.9651197139503,13
2024-09-17 09:45:38.398,416.0049647373595,7
2024-09-17 09:45:38.441,415.95788117590223,15
2024-09-17 09:45:38.479,415.9530565518303,1001
2024-09-17 09:45:38.544,415.9414180025145,1005
2024-09-17 09:45:38.570,415.9628366139783,5
2024-09-17 09:45:38.640,415.9396206747973,101
2024-09-17 09:45:38.648,416.0170115504518,95
2024-09-17 09:45:38.649,415.9689802268418,998
2024-09-17 09:45:38.676,415.9501598931685,995
2024-09-17 09:45:38.690,415.9779821721488,1001
2024-09-17 09:45:38.890,415.9428473976829,5
2024-09-17 09:45:38.891,415.95556423087305,105
2024-09-17 09:45:38.953,415.96047840070753,7
2024-09-17 09:45:38.971,,14
2024-09-17 09:45:39.131,416.01932641880194,14
2024-09-17 09:45:39.268,416.0331230234839,7
2024-09-17 09:45:39.338,415.9525303720373,95
2024-09-17 09:45:39.462,415.9756781433571,1004
2024-09-17 09:45:39.477,416.0040137777699,95
2024-09-17 09:45:39.511,416.018973292294,1000
2024-09-17 09:45:39.557,416.0353396097958,996
2024-09-17 09:45:39.576,415.9225203178682,8
2024-09-17 09:45:39.591,416.00563080124687,7
2024-09-17 09:45:39.647,416.03415257206433,105
2024-09-17 09:45:39.660,416.0158342730924,1000
2024-09-17 09:45:39.671,415.9394352362606,14
2024-09-17 09:45:39.682,415.9367932152077,14
2024-09-17 09:45:39.701,416.0150455149842,8
2024-09-17 09:45:39.721,416.0206510793705,1003
2024-09-17 09:45:39.782,416.0326383911421,97
2024-09-17 09:45:39.799,416.0133090832049,13
2024-09-17 09:45:39.824,416.0240050435247,95
2024-09-17 09:45:39.905,416.0253632572778,104
2024-09-17 09:45:39.985,415.9808735750522,95
2024-09-17 09:45:40.008,416.0568444448512,100
2024-09-17 09:45:40.019,416.0806080962328,13
2024-09-17 09:45:40.042,416.0511731095592,100
2024-09-17 09:45:40.176,416.041292097276,1000
2024-09-17 09:45:40.465,416.0358894560189,99
2024-09-17 09:45:40.491,416.0354878771345,1001
2024-09-17 09:45:40.555,416.072845405012,8
2024-09-17 09:45:40.611,416.059493805974,98
2024-09-17 09:45:40.817,416.0937965780154,9
2024-09-17 09:45:41.039,416.0671826691988,997
2024-09-17 09:45:41.128,416.1128849091661,98
2024-09-17 09:45:41.210,416.1137372306123,14
2024-09-17 09:45:41.447,416.08551053758345,102
2024-09-17 09:45:41.455,416.1015275687565,1004
2024-09-17 09:45:41.602,416.1432107596946,999
2024-09-17 09:45:41.635,416.123252061398,7
2024-09-17 09:45:41.672,416.10435395099023,97
2024-09-17 09:45:41.897,416.0792183476573,1002
2024-09-17 09:45:41.939,416.0771746118407,995
2024-09-17 09:45:42.211,416.1438242682684,1005
2024-09-17 09:45:42.652,416.1721044423226,12
2024-09-17 09:45:42.683,416.1720887767457,10
2024-09-17 09:45:42.922,416.1722091564525,95
2024-09-17 09:45:43.002,416.1698549141461,95
2024-09-17 09:45:43.056,416.18527201095793,14
2024-09-17 09:45:43.183,416.17881925196144,996
2024-09-17 09:45:43.294,416.1909030862414,105
2024-09-17 09:45:43.347,416.1890545936012,1000
2024-09-17 09:45:43.399,416.1772598101689,101
2024-09-17 09:45:43.516,416.1720532529508,1004
2024-09-17 09:45:43.932,416.19583601115096,996
2024-09-17 09:45:44.037,416.22096004832446,95
2024-09-17 09:45:44.149,416.2218698782462,97
2024-09-17 09:45:44.189,416.2759786165469,1002
2024-09-17 09:45:44.220,416.2442017010475,11
2024-09-17 09:45:44.232,416.2141157591008,998
2024-09-17 09:45:44.250,416.2204323486637,96
2024-09-17 09:45:44.254,416.2702476561847,15
2024-09-17 09:45:44.254,416.2258085327997,1001
2024-09-17 09:45:44.276,416.2499724092149,103
2024-09-17 09:45:44.345,416.19703312550047,1004
2024-09-17 09:45:44.422,416.21285361821447,7
2024-09-17 09:45:44.452,416.2529944779213,999
2024-09-17 09:45:44.459,416.22597219883096,1004
2024-09-17 09:45:44.492,416.2394301893336,101
2024-09-17 09:45:44.497,416.206571762272,101
2024-09-17 09:45:44.594,416.2368735645831,997
2024-09-17 09:45:44.597,416.2304115128243,97
2024-09-17 09:45:44.617,416.24304794909017,1005
2024-09-17 09:45:44.671,416.2246092753296,99
2024-09-17 09:45:44.674,416.23169109520063,12
2024-09-17 09:45:44.674,416.2675011164354,1005
2024-09-17 09:45:44.687,416.1964100845255,6
2024-09-17 09:45:44.713,416.2015207323196,999
2024-09-17 09:45:44.785,416.2284147836854,999
2024-09-17 09:45:44.786,416.2860133784884,96
2024-09-17 09:45:44.881,416.24818585636,998
2024-09-17 09:45:44.902,416.2130768013512,101
2024-09-17 09:45:44.944,416.2489459210387,998
2024-09-17 09:45:45.043,416.2855573596087,8
2024-09-17 09:45:45.077,416.2859461360896,6
2024-09-17 09:45:45.155,416.294000776792,1005
2024-09-17 09:45:45.159,416.2618814659541,10
2024-09-17 09:45:45.251,416.2527390751507,13
2024-09-17 09:45:45.620,416.26842233597085,998
2024-09-17 09:45:45.712,416.261627824023,5
2024-09-17 09:45:45.906,416.23818250476944,1004
2024-09-17 09:45:45.974,416.2568528722024,12
2024-09-17 09:45:45.989,416.2915441454381,102
2024-09-17 09:45:46.021,416.2506537439049,1000
2024-09-17 09:45:46.106,416.2615405479179,7
2024-09-17 09:45:46.131,416.2455795247181,1003
2024-09-17 09:45:46.170,,14
2024-09-17 09:45:46.214,416.23462854617617,995
2024-09-17 09:45:46.217,416.25681336471337,1005
2024-09-17 09:45:46.249,416.2551961864613,12
2024-09-17 09:45:46.253,416.25530354091205,1003
2024-09-17 09:45:46.255,416.2629187255878,105
2024-09-17 09:45:46.318,416.2618430540781,7
2024-09-17 09:45:46.323,416.2578756996221,1001
2024-09-17 09:45:46.354,416.2335137252189,95
2024-09-17 09:45:46.360,416.2228677127212,99
2024-09-17 09:45:46.387,416.2475811915984,1000
2024-09-17 09:45:46.390,416.2157520928734,105
2024-09-17 09:45:46.407,416.2810664456158,99
2024-09-17 09:45:46.467,416.2400976582322,5
2024-09-17 09:45:46.477,416.2552028137561,100
2024-09-17 09:45:46.549,416.2576075349978,1002
2024-09-17 09:45:46.560,416.23683951165697,999
2024-09-17 09:45:46.684,416.2671537669817,996
2024-09-17 09:45:46.771,416.26622626134383,6
2024-09-17 09:45:46.832,416.2575048618648,1002
2024-09-17 09:45:46.832,,98
2024-09-17 09:45:46.913,416.2581097751159,11
2024-09-17 09:45:46.931,416.237167427704,98
2024-09-17 09:45:47.008,416.2254866966217,10
2024-09-17 09:45:47.012,416.21134361904905,105
2024-09-17 09:45:47.156,416.19505679924174,97
2024-09-17 09:45:47.195,416.2534205146658,8
2024-09-17 09:45:47.198,416.2532352103564,7
2024-09-17 09:45:47.273,416.2294586933485,103
2024-09-17 09:45:47.287,416.2330373597076,1003
2024-09-17 09:45:47.316,416.2404779043517,6
2024-09-17 09:45:47.357,416.2221029550322,95
2024-09-17 09:45:47.359,416.2594373186176,7
2024-09-17 09:45:47.409,416.2178712982442,96
2024-09-17 09:45:47.435,416.2285832535041,5
2024-09-17 09:45:47.448,416.2273544092259,1003
2024-09-17 09:45:47.469,416.2306630709352,96
2024-09-17 09:45:47.476,416.2548523731775,1002
2024-09-17 09:45:47.571,416.2203677567204,13
2024-09-17 09:45:47.627,416.2329916429212,104
2024-09-17 09:45:47.643,416.2482814443239,9
2024-09-17 09:45:47.646,416.2468681300523,15
2024-09-17 09:45:47.706,416.2563921896002,5
2024-09-17 09:45:47.753,416.2579043604775,15
2024-09-17 09:45:47.763,416.2339823094255,15
2024-09-17 09:45:47.763,416.2526570699957,996
2024-09-17 09:45:47.809,416.2295927767542,1005
2024-09-17 09:45:47.821,416.248482532386,105
2024-09-17 09:45:47.898,416.2668756347919,7
2024-09-17 09:45:47.961,416.2421868105649,1004
2024-09-17 09:45:47.984,416.2546461772141,95
2024-09-17 09:45:47.994,416.2676262841172,8
2024-09-17 09:45:48.005,416.23937427426296,8
2024-09-17 09:45:48.006,416.219627232519,1002
2024-09-17 09:45:48.021,416.1867987089735,14
2024-09-17 09:45:48.069,416.1903215480842,100
2024-09-17 09:45:48.131,416.2044292245215,9
2024-09-17 09:45:48.172,416.2399730722445,1004
2024-09-17 09:45:48.185,416.24423075536896,1003
2024-09-17 09:45:48.248,416.1946537023306,102
2024-09-17 09:45:48.298,416.251489186302,95
2024-09-17 09:45:48.413,416.2238959922952,102
2024-09-17 09:45:48.502,416.2361094412868,12
2024-09-17 09:45:48.521,416.2387090583398,1002
2024-09-17 09:45:48.546,416.21321509510943,997
2024-09-17 09:45:48.549,416.19510243058426,8
2024-09-17 09:45:48.649,41.62192105308766,100
2024-09-17 09:45:48.681,416.22155590553007,99
2024-09-17 09:45:48.758,416.2080250943802,10
2024-09-17 09:45:49.440,416.1980265194389,96
2024-09-17 09:45:50.294,416.20264848096497,997
2024-09-17 09:45:50.374,416.2206497509203,1004
2024-09-17 09:45:50.384,416.1847545561939,10
2024-09-17 09:45:50.385,416.2188671605236,97
2024-09-17 09:45:50.666,416.1968976563617,97
2024-09-17 09:45:51.041,416.1977751495101,1004
2024-09-17 09:45:51.043,416.20609781215785,999
2024-09-17 09:45:51.051,416.1378522349675,96
2024-09-17 09:45:51.105,416.130250626121,100
2024-09-17 09:45:51.171,416.1760445962347,104
2024-09-17 09:45:51.259,416.1924839813101,8
2024-09-17 09:45:51.323,416.1919413542283,100
2024-09-17 09:45:51.344,416.1242314521318,104
2024-09-17 09:45:51.358,416.1389554697553,13
2024-09-17 09:45:51.387,416.19870732593535,7
2024-09-17 09:45:51.392,416.1195935184052,12
2024-09-17 09:45:51.407,416.13633851580784,998
2024-09-17 09:45:51.414,416.1446937663532,6
2024-09-17 09:45:51.420,416.1427521368802,8
2024-09-17 09:45:51.446,416.1876231328528,98
2024-09-17 09:45:51.517,416.13090101488535,7
2024-09-17 09:45:51.585,416.1648540746341,1004
2024-09-17 09:45:51.630,41.61370332702926,1004
2024-09-17 09:45:51.876,416.1636148225753,100
2024-09-17 09:45:51.894,41.613135387846974,1003
2024-09-17 09:45:51.901,416.1467965305548,15
2024-09-17 09:45:51.906,416.14574541254336,997
2024-09-17 09:45:51.910,416.2296991774223,101
2024-09-17 09:45:51.917,416.2080169818667,996
2024-09-17 09:45:51.922,416.1874276292824,11
2024-09-17 09:45:51.949,416.19291081959216,103
2024-09-17 09:45:51.996,416.1737494972029,999
2024-09-17 09:45:52.067,416.2326186627418,1003
2024-09-17 09:45:52.114,416.2132477211404,100
2024-09-17 09:45:52.139,416.18870288638976,1004
2024-09-17 09:45:52.214,416.2095537354411,1002
2024-09-17 09:45:52.214,416.23443016902553,6
2024-09-17 09:45:52.405,416.1943450618844,103
2024-09-17 09:45:52.477,416.2007241903167,102
2024-09-17 09:45:52.502,416.1907941485679,1004
2024-09-17 09:45:52.543,416.159688505148,1003
2024-09-17 09:45:52.710,416.2116140157268,9
2024-09-17 09:45:52.724,416.1871123149283,11
2024-09-17 09:45:52.741,416.1917996498357,99
2024-09-17 09:45:52.745,416.201801494039,97
2024-09-17 09:45:52.753,416.2313881001787,999
2024-09-17 09:45:52.791,416.178124209451,996
2024-09-17 09:45:52.807,41.62157832630072,100
2024-09-17 09:45:52.897,416.1833395038717,15
2024-09-17 09:45:52.951,416.2045838742643,13
2024-09-17 09:45:52.956,416.1905452010853,101
2024-09-17 09:45:52.973,416.23797014517066,105
2024-09-17 09:45:52.991,416.2229668777944,995
2024-09-17 09:45:53.021,416.1098586763623,997
2024-09-17 09:45:53.085,416.1273854354224,104
2024-09-17 09:45:53.102,416.2122469080807,7
2024-09-17 09:45:53.126,416.1043545263572,96
2024-09-17 09:45:53.176,416.12287514415857,97
2024-09-17 09:45:53.369,416.1413804701961,998
2024-09-17 09:45:53.378,416.1737368502612,998
2024-09-17 09:45:53.418,416.1978301342715,103
2024-09-17 09:45:53.431,416.1615636565385,95
2024-09-17 09:45:53.448,416.1287769424839,998
2024-09-17 09:45:53.631,,996
2024-09-17 09:45:53.706,416.1254051287228,14
2024-09-17 09:45:53.742,416.0978778139389,8
2024-09-17 09:45:53.766,416.1792677284434,98
2024-09-17 09:45:53.767,416.0942953467311,999
2024-09-17 09:45:53.782,416.1965233776279,100
2024-09-17 09:45:53.796,416.1158761728287,998
2024-09-17 09:45:53.808,,101
2024-09-17 09:45:53.835,416.1723535494347,1001
2024-09-17 09:45:53.984,416.178329385457,10
2024-09-17 09:45:55.161,416.0846249233791,995
2024-09-17 09:45:55.192,416.0964215894296,99
2024-09-17 09:45:56.097,416.0509008211869,11
2024-09-17 09:45:56.630,416.0675636409355,998
2024-09-17 09:45:57.032,416.091879130882,996
2024-09-17 09:45:57.041,416.1115131401476,6
2024-09-17 09:45:57.043,416.0961663693712,14
2024-09-17 09:45:57.097,416.0970547387936,10
2024-09-17 09:45:57.130,416.0673305615152,1004
2024-09-17 09:45:57.158,416.0951030083734,997
2024-09-17 09:45:57.163,416.065784739676,98
2024-09-17 09:45:57.176,416.1013653536338,11
2024-09-17 09:45:57.210,416.0714777359696,996
2024-09-17 09:45:57.253,416.096382493943,1004
2024-09-17 09:45:57.287,416.10156332406285,7
2024-09-17 09:45:57.374,416.0532497296064,998
2024-09-17 09:45:57.403,416.0907085219149,102
2024-09-17 09:45:57.409,416.094286601415,10
2024-09-17 09:45:57.440,416.06596887036176,96
2024-09-17 09:45:57.441,416.109447583143,100
2024-09-17 09:45:57.454,416.0656956886492,97
2024-09-17 09:45:57.478,416.1107585794183,1001
2024-09-17 09:45:57.498,416.1036987423891,101
2024-09-17 09:45:57.514,416.1003181847383,1001
2024-09-17 09:45:57.564,416.0855251223912,7
2024-09-17 09:45:57.589,416.0784153788803,103
2024-09-17 09:45:57.728,416.1031660768666,102
2024-09-17 09:45:57.738,416.1076162395803,1003
2024-09-17 09:45:57.754,416.0919093791053,105
2024-09-17 09:45:57.788,416.08053566489167,7
2024-09-17 09:45:57.862,416.0911799902085,7
2024-09-17 09:45:58.287,416.0544838064774,95
2024-09-17 09:45:58.318,416.0643774673196,6
2024-09-17 09:45:58.484,416.0313451751551,11
2024-09-17 09:45:58.536,416.05333300756814,13
2024-09-17 09:45:58.587,416.0150034404579,9
2024-09-17 09:45:58.655,416.06049644454527,1001
2024-09-17 09:45:58.683,416.0237648791543,998
2024-09-17 09:45:58.747,416.031341102118,101
2024-09-17 09:45:58.790,416.04025217624365,100
2024-09-17 09:45:58.793,416.04085943894506,95
2024-09-17 09:45:58.848,416.0389902220253,15
2024-09-17 09:45:58.896,416.0314889647973,7
2024-09-17 09:45:58.994,416.0216881917727,998
2024-09-17 09:45:59.155,416.0883247938716,15
2024-09-17 09:45:59.163,416.06648605221534,6
2024-09-17 09:45:59.198,416.0506162947319,99
2024-09-17 09:45:59.246,416.0132151714523,7
2024-09-17 09:45:59.339,416.02682646294033,995
2024-09-17 09:45:59.349,416.0399661122832,100
2024-09-17 09:45:59.406,416.0395242002791,997
2024-09-17 09:45:59.442,416.0379201789408,97
2024-09-17 09:45:59.470,-416.0665439953016,99
2024-09-17 09:45:59.528,416.0226385434339,101
2024-09-17 09:45:59.561,-416.0617101799548,100
2024-09-17 09:45:59.580,416.0317296371436,101
2024-09-17 09:45:59.667,,8
2024-09-17 09:45:59.769,416.0320054541992,6
2024-09-17 09:45:59.814,416.0480002187624,995
2024-09-17 09:45:59.936,416.0382112389798,1002
2024-09-17 09:45:59.942,416.0342686720671,13
2024-09-17 09:45:59.979,416.0540709385695,101
2024-09-17 09:45:59.982,416.09481956242337,101
