Timestamp,Price,Size
2024-09-18 14:18:00.027,414.0990715992715,1001
2024-09-18 14:18:00.032,414.12850075003377,12
2024-09-18 14:18:00.036,414.1601731602117,1002
2024-09-18 14:18:00.060,414.1630699822289,96
2024-09-18 14:18:00.072,414.1036358167683,98
2024-09-18 14:18:00.120,414.08222857640175,100
2024-09-18 14:18:00.122,414.0876615538231,1000
2024-09-18 14:18:00.131,414.0927590304989,1005
2024-09-18 14:18:00.141,414.1400825065245,96
2024-09-18 14:18:00.148,414.1093377248809,101
2024-09-18 14:18:00.223,414.0772174243681,13
2024-09-18 14:18:00.235,414.1366680541347,14
2024-09-18 14:18:00.259,414.0965764520539,1002
2024-09-18 14:18:00.328,414.07780522650273,1000
2024-09-18 14:18:00.353,414.08938770696966,99
2024-09-18 14:18:00.387,414.137600839467,1002
2024-09-18 14:18:00.448,414.16488891558976,14
2024-09-18 14:18:00.455,41.40895381438595,6
2024-09-18 14:18:00.633,414.073723213757,1000
2024-09-18 14:18:00.652,414.1531111035613,1004
2024-09-18 14:18:00.657,414.1555945319806,105
2024-09-18 14:18:00.782,414.13898330767785,96
2024-09-18 14:18:00.835,414.1492901329648,105
2024-09-18 14:18:00.910,414.1278268140653,1004
2024-09-18 14:18:01.291,414.0929015317266,7
2024-09-18 14:18:01.684,414.0783430354734,997
2024-09-18 14:18:03.115,414.06663400421087,103
2024-09-18 14:18:03.454,414.0803793523961,1002
2024-09-18 14:18:03.584,414.0827601788216,9
2024-09-18 14:18:03.702,414.0813026959128,12
2024-09-18 14:18:03.722,414.0847338811005,104
2024-09-18 14:18:03.846,414.0998455703724,1003
2024-09-18 14:18:03.891,414.0831901082026,999
2024-09-18 14:18:04.197,414.0784399702333,1000
2024-09-18 14:18:04.290,414.0845271145616,9
2024-09-18 14:18:04.340,414.106645917823,14
2024-09-18 14:18:04.620,414.10903506234433,97
2024-09-18 14:18:04.689,414.1202426240431,15
2024-09-18 14:18:04.741,414.07956308057146,1005
2024-09-18 14:18:05.020,414.11684012911854,1002
2024-09-18 14:18:05.132,414.146372131958,999
2024-09-18 14:18:05.164,414.1214101140508,14
2024-09-18 14:18:05.191,414.15973228101126,1003
2024-09-18 14:18:05.224,414.1271068114077,5
2024-09-18 14:18:05.279,414.1284790905655,1004
2024-09-18 14:18:05.283,414.17270499396113,12
2024-09-18 14:18:05.391,414.13495567631446,1000
2024-09-18 14:18:05.406,414.1314495856694,100
2024-09-18 14:18:05.411,414.1158630780859,5
2024-09-18 14:18:05.456,414.124739291533,99
2024-09-18 14:18:05.587,414.1174657132448,10
2024-09-18 14:18:05.619,414.1632024396508,8
2024-09-18 14:18:05.646,414.126503692425,997
2024-09-18 14:18:05.694,414.1799170527715,1001
2024-09-18 14:18:05.707,414.1322979026357,997
2024-09-18 14:18:05.734,414.1127791722572,996
2024-09-18 14:18:06.023,414.2237542446251,5
2024-09-18 14:18:06.028,414.1366337082566,97
2024-09-18 14:18:06.033,414.22487365337895,9
2024-09-18 14:18:06.044,414.14114919710886,1005
2024-09-18 14:18:06.105,414.1480977386176,11
2024-09-18 14:18:06.167,414.1954670057058,100
2024-09-18 14:18:06.167,414.1402950323157,1001
2024-09-18 14:18:06.189,414.2240460143335,1001
2024-09-18 14:18:06.319,414.1939023573312,105
2024-09-18 14:18:06.375,414.1105892619952,95
2024-09-18 14:18:06.395,414.1386461723701,997
2024-09-18 14:18:06.423,414.2514002702665,101
2024-09-18 14:18:06.473,414.20942235597954,1003
2024-09-18 14:18:06.517,414.1239301621002,13
2024-09-18 14:18:06.556,414.18485589016274,8
2024-09-18 14:18:06.569,414.13221026556585,1003
2024-09-18 14:18:06.570,414.20605016753336,996
2024-09-18 14:18:06.581,414.2370057032435,9
2024-09-18 14:18:06.597,414.1910584325748,6
2024-09-18 14:18:06.644,414.1159393800369,105
2024-09-18 14:18:06.761,414.1357926121835,6
2024-09-18 14:18:06.816,414.2208732049895,998
2024-09-18 14:18:06.879,414.16734785102113,1004
2024-09-18 14:18:06.890,414.2063290353885,99
2024-09-18 14:18:06.937,414.1911261568213,1004
2024-09-18 14:18:06.967,414.1277859246456,10
2024-09-18 14:18:06.980,414.2288251418125,15
2024-09-18 14:18:06.982,414.2109976823194,10
2024-09-18 14:18:07.019,414.27292593072,100
2024-09-18 14:18:07.109,414.2571796370672,98
2024-09-18 14:18:07.132,414.2694472931472,1004
2024-09-18 14:18:07.187,414.2516890333617,99
2024-09-18 14:18:07.242,414.28774802677134,14
2024-09-18 14:18:07.308,414.2509735519107,999
2024-09-18 14:18:07.367,414.2989617398849,104
2024-09-18 14:18:07.398,414.2787601661236,105
2024-09-18 14:18:07.405,414.2830152907486,9
2024-09-18 14:18:07.553,414.2736609781735,1003
2024-09-18 14:18:07.557,414.2911166969313,1002
2024-09-18 14:18:07.707,414.2642778815129,11
2024-09-18 14:18:07.708,414.3047585315997,103
2024-09-18 14:18:07.728,414.25682105785233,105
2024-09-18 14:18:07.793,414.2595276505436,9
2024-09-18 14:18:07.817,414.2601467451341,10
2024-09-18 14:18:07.832,414.3069940506763,6
2024-09-18 14:18:07.909,414.28405573753815,995
2024-09-18 14:18:07.937,414.25398741544194,104
2024-09-18 14:18:07.957,414.2544243338335,102
2024-09-18 14:18:07.975,414.2871173627723,995
2024-09-18 14:18:07.991,414.2581933849258,104
2024-09-18 14:18:08.159,414.300964552868,999
2024-09-18 14:18:08.194,414.3374368602464,102
2024-09-18 14:18:08.391,414.33196174923216,100
2024-09-18 14:18:08.526,414.3293255583071,10
2024-09-18 14:18:09.144,414.31978576590194,14
2024-09-18 14:18:09.171,414.2702280240579,1000
2024-09-18 14:18:09.274,414.30413465660615,102
2024-09-18 14:18:09.291,414.289438775349,100
2024-09-18 14:18:09.321,414.3059744435614,7
2024-09-18 14:18:09.340,414.3130202831916,997
2024-09-18 14:18:09.373,414.2960808971976,10
2024-09-18 14:18:09.465,414.32603108453736,8
2024-09-18 14:18:09.582,414.2746570986094,102
2024-09-18 14:18:09.630,414.2835612420703,105
2024-09-18 14:18:09.715,414.3056043232972,995
2024-09-18 14:18:09.926,414.2675385381277,999
2024-09-18 14:18:09.974,414.2934092641508,998
2024-09-18 14:18:10.120,414.32548104612897,10
2024-09-18 14:18:10.200,414.3092426865541,1000
2024-09-18 14:18:10.470,414.2998343876723,105
2024-09-18 14:18:10.476,414.3144147434128,104
2024-09-18 14:18:10.666,414.3088263375154,1002
2024-09-18 14:18:10.979,414.2954364811699,99
2024-09-18 14:18:11.182,414.3270713626139,105
2024-09-18 14:18:11.481,414.3268076476954,99
2024-09-18 14:18:11.754,414.3047540429852,1004
2024-09-18 14:18:11.761,414.3137662080006,8
2024-09-18 14:18:11.765,414.3229459358708,8
2024-09-18 14:18:11.903,414.28325249009873,12
2024-09-18 14:18:11.966,414.2706778490426,7
2024-09-18 14:18:12.024,414.2855471524365,5
2024-09-18 14:18:12.043,414.30284226493967,95
2024-09-18 14:18:12.055,414.3337011417669,105
2024-09-18 14:18:12.066,414.2596577219263,98
2024-09-18 14:18:12.070,414.33242523079895,6
2024-09-18 14:18:12.088,414.3303549263072,103
2024-09-18 14:18:12.104,414.3344815993793,11
2024-09-18 14:18:12.143,414.3320238652942,102
2024-09-18 14:18:12.208,414.25463444607936,999
2024-09-18 14:18:12.265,414.31886439229777,13
2024-09-18 14:18:12.454,414.2935448305138,997
2024-09-18 14:18:12.518,414.3356608963431,105
2024-09-18 14:18:12.600,414.2648740422903,1003
2024-09-18 14:18:12.639,414.3011635049016,95
2024-09-18 14:18:12.799,414.3213768586038,102
2024-09-18 14:18:13.047,414.27311918570655,103
2024-09-18 14:18:13.114,414.2646116939764,1005
2024-09-18 14:18:13.151,414.272081209499,999
2024-09-18 14:18:13.162,414.28334070252777,99
2024-09-18 14:18:13.208,414.2637259761892,13
2024-09-18 14:18:13.313,414.3182948022642,995
2024-09-18 14:18:13.345,414.3074557014269,96
2024-09-18 14:18:13.351,414.2513021916042,6
2024-09-18 14:18:13.383,414.27623349793055,11
2024-09-18 14:18:13.413,414.2801055233292,101
2024-09-18 14:18:13.448,414.3247403441089,1005
2024-09-18 14:18:13.472,414.2890378609444,1000
2024-09-18 14:18:13.507,414.3226396001938,1004
2024-09-18 14:18:13.526,414.2797339951249,100
2024-09-18 14:18:13.569,414.2851582550286,8
2024-09-18 14:18:13.578,414.2740446428277,8
2024-09-18 14:18:13.620,414.28247236174167,103
2024-09-18 14:18:13.623,414.2662949314546,104
2024-09-18 14:18:13.647,414.2944007003708,999
2024-09-18 14:18:13.647,414.27180803721575,996
2024-09-18 14:18:13.658,414.321609397602,995
2024-09-18 14:18:13.746,414.2662223020705,998
2024-09-18 14:18:13.747,414.324176485105,1000
2024-09-18 14:18:13.790,414.3054895026262,7
2024-09-18 14:18:13.809,414.28930660226,7
2024-09-18 14:18:13.828,414.2752224572279,1004
2024-09-18 14:18:13.986,414.2894393186845,102
2024-09-18 14:18:14.032,414.3331370973504,97
2024-09-18 14:18:14.105,414.3086397555476,998
2024-09-18 14:18:14.116,414.2941598792409,10
2024-09-18 14:18:14.255,414.3105439724667,105
2024-09-18 14:18:14.276,414.2843575423067,5
2024-09-18 14:18:14.280,414.312397839233,15
2024-09-18 14:18:14.333,414.300760821105,11
2024-09-18 14:18:14.420,414.3256293078314,1000
2024-09-18 14:18:14.436,414.33331308440336,7
2024-09-18 14:18:14.461,414.331563672512,99
2024-09-18 14:18:14.520,414.2971794408105,100
2024-09-18 14:18:14.584,414.32510160192487,998
2024-09-18 14:18:14.598,414.343008857525,996
2024-09-18 14:18:14.607,414.3397823162972,997
2024-09-18 14:18:14.649,414.3204898953848,1000
2024-09-18 14:18:14.659,414.2968345560754,102
2024-09-18 14:18:14.724,414.31511405725,12
2024-09-18 14:18:14.742,414.3079451701134,9
2024-09-18 14:18:14.767,,1004
2024-09-18 14:18:14.849,414.3154749343323,103
2024-09-18 14:18:14.851,414.32628535535184,998
2024-09-18 14:18:14.854,414.31192421601,7
2024-09-18 14:18:15.522,-414.3191066972179,999
2024-09-18 14:18:16.035,414.2284325391558,1003
2024-09-18 14:18:16.077,414.3236499857487,7
2024-09-18 14:18:16.112,414.2592472082679,995
2024-09-18 14:18:16.151,,8
2024-09-18 14:18:16.194,414.303860549608,13
2024-09-18 14:18:16.205,414.2561722557985,99
2024-09-18 14:18:16.301,414.3109580594499,998
2024-09-18 14:18:16.339,414.2239622366397,101
2024-09-18 14:18:16.455,414.2759321778044,105
2024-09-18 14:18:16.553,414.2576059222168,15
2024-09-18 14:18:16.647,414.2656498426031,104
2024-09-18 14:18:16.740,414.3139014321681,1004
2024-09-18 14:18:16.776,414.282703179689,100
2024-09-18 14:18:16.833,414.2794585008281,11
2024-09-18 14:18:16.847,414.31562813582593,999
2024-09-18 14:18:16.898,414.3354646413376,103
2024-09-18 14:18:16.904,414.21844293940296,9
2024-09-18 14:18:17.062,414.2828542439112,6
2024-09-18 14:18:17.078,414.273260104699,997
2024-09-18 14:18:17.152,414.2640489969962,995
2024-09-18 14:18:17.232,414.2699649462799,105
2024-09-18 14:18:17.392,414.25374083179474,101
2024-09-18 14:18:17.484,414.2628984771912,97
2024-09-18 14:18:17.584,414.2413895314903,1002
2024-09-18 14:18:17.684,414.22818284714407,1003
2024-09-18 14:18:17.782,414.2540376901799,15
2024-09-18 14:18:17.838,414.2524523472655,6
2024-09-18 14:18:17.891,414.2591130784888,999
2024-09-18 14:18:17.911,414.27674705268544,12
2024-09-18 14:18:17.914,414.29051547913616,11
2024-09-18 14:18:17.929,414.25520169455615,102
2024-09-18 14:18:18.079,414.2764961937208,997
2024-09-18 14:18:18.148,414.2909756963023,95
2024-09-18 14:18:18.151,414.29305438392026,104
2024-09-18 14:18:18.155,414.2830717559631,96
2024-09-18 14:18:18.181,414.2875858810756,1003
2024-09-18 14:18:18.245,414.27728834906446,997
2024-09-18 14:18:18.307,,995
2024-09-18 14:18:18.351,414.3060619253997,1004
2024-09-18 14:18:18.372,414.2665700398247,12
2024-09-18 14:18:18.427,414.27688904808383,1000
2024-09-18 14:18:18.453,414.2783687681361,996
2024-09-18 14:18:18.501,414.2734632907989,1005
2024-09-18 14:18:18.515,414.2886771533366,995
2024-09-18 14:18:18.522,414.2882475506392,1002
2024-09-18 14:18:18.523,414.3019864598135,95
2024-09-18 14:18:18.540,414.2715513936905,103
2024-09-18 14:18:18.614,414.2915246573243,7
2024-09-18 14:18:18.634,414.27168874150806,102
2024-09-18 14:18:18.760,414.27329206360326,995
2024-09-18 14:18:18.776,414.2657736447854,95
2024-09-18 14:18:18.858,414.28907742097925,97
2024-09-18 14:18:19.044,414.23051102846864,1003
2024-09-18 14:18:19.126,414.210939629316,7
2024-09-18 14:18:19.137,414.2212203877991,998
2024-09-18 14:18:19.151,414.2838148512774,1005
2024-09-18 14:18:19.167,414.1950187514336,97
2024-09-18 14:18:19.185,414.2468900779537,7
2024-09-18 14:18:19.236,414.2888062673173,998
2024-09-18 14:18:19.359,414.20329286555,6
2024-09-18 14:18:19.439,414.2116114720736,100
2024-09-18 14:18:19.447,414.2016740144009,999
2024-09-18 14:18:19.484,414.2539347972335,1000
2024-09-18 14:18:19.487,414.2460214839636,96
2024-09-18 14:18:19.502,414.23321798233377,104
2024-09-18 14:18:19.606,414.25814248740096,15
2024-09-18 14:18:19.693,414.2581835487538,96
2024-09-18 14:18:19.694,41.42693479524578,100
2024-09-18 14:18:19.905,414.265850683552,101
2024-09-18 14:18:19.918,414.2637591805316,999
2024-09-18 14:18:20.040,414.2402701104493,8
2024-09-18 14:18:20.083,414.2656654166592,998
2024-09-18 14:18:20.109,414.2403051465155,104
2024-09-18 14:18:20.111,414.2336630491728,6
2024-09-18 14:18:20.176,414.24057297300135,1003
2024-09-18 14:18:20.231,414.2637338087628,102
2024-09-18 14:18:20.261,414.23276388689175,8
2024-09-18 14:18:20.343,414.2498463872596,12
2024-09-18 14:18:20.351,414.240552467036,6
2024-09-18 14:18:20.372,414.2822610159205,98
2024-09-18 14:18:20.410,-414.2249423531071,98
2024-09-18 14:18:20.552,414.26798367660376,10
2024-09-18 14:18:20.649,414.2440714895711,102
2024-09-18 14:18:20.650,41.42622853156755,1000
2024-09-18 14:18:20.657,414.2497133366743,1000
2024-09-18 14:18:20.737,414.24446899752303,998
2024-09-18 14:18:20.770,414.24333128690336,104
2024-09-18 14:18:20.857,414.23040330887017,100
2024-09-18 14:18:20.885,414.2353862153456,8
2024-09-18 14:18:21.050,414.26121319641646,102
2024-09-18 14:18:21.065,414.2763463383518,1002
2024-09-18 14:18:21.181,414.2719820652583,997
2024-09-18 14:18:21.255,414.28905899740766,11
2024-09-18 14:18:21.276,414.2646755930995,102
2024-09-18 14:18:21.282,414.28269096430057,98
2024-09-18 14:18:21.359,414.2750712988764,104
2024-09-18 14:18:21.387,414.26553697643226,104
2024-09-18 14:18:21.406,414.26430851101856,8
2024-09-18 14:18:21.447,414.25873735897216,13
2024-09-18 14:18:21.504,,998
2024-09-18 14:18:21.513,414.24468182413153,1004
2024-09-18 14:18:21.526,414.2823436193808,12
2024-09-18 14:18:21.538,414.2532269754794,999
2024-09-18 14:18:21.639,414.22598486731727,1005
2024-09-18 14:18:21.641,414.2700401947054,98
2024-09-18 14:18:21.665,414.2710758160042,102
2024-09-18 14:18:21.695,414.2823862873928,999
2024-09-18 14:18:21.728,414.2541210999496,96
2024-09-18 14:18:21.733,414.24316873176525,9
2024-09-18 14:18:21.740,414.26137909869215,15
2024-09-18 14:18:21.780,414.2631636464305,100
2024-09-18 14:18:21.783,414.2419981134372,103
2024-09-18 14:18:21.793,414.2832306730409,998
2024-09-18 14:18:21.799,,95
2024-09-18 14:18:21.818,41.42494602296424,97
2024-09-18 14:18:21.839,414.2556511576624,98
2024-09-18 14:18:21.859,414.2597738771859,102
2024-09-18 14:18:21.861,414.2604011294455,95
2024-09-18 14:18:21.889,414.2758626717394,103
2024-09-18 14:18:22.005,414.2399022152064,105
2024-09-18 14:18:22.028,414.2569263624861,103
2024-09-18 14:18:22.111,414.2135594918117,10
2024-09-18 14:18:22.127,414.2745464087044,97
2024-09-18 14:18:22.133,414.2620382933421,12
2024-09-18 14:18:22.174,414.2467748802004,99
2024-09-18 14:18:22.243,414.2206249627113,103
2024-09-18 14:18:22.340,414.261638904655,105
2024-09-18 14:18:22.454,414.2468779339719,1000
2024-09-18 14:18:22.613,414.2432332643671,100
2024-09-18 14:18:22.770,414.25965689767474,12
2024-09-18 14:18:22.847,414.23398545952176,100
2024-09-18 14:18:22.911,414.2519102943819,96
2024-09-18 14:18:23.012,414.2840469399725,104
2024-09-18 14:18:23.055,414.2593583846035,12
2024-09-18 14:18:23.099,414.2550136732934,6
2024-09-18 14:18:23.139,414.2413147444973,1002
2024-09-18 14:18:23.197,414.2395010188204,95
2024-09-18 14:18:23.206,414.2882691762723,99
2024-09-18 14:18:23.257,414.24929990079465,9
2024-09-18 14:18:23.320,414.24536344492407,1000
2024-09-18 14:18:23.463,414.2936539101678,96
2024-09-18 14:18:23.502,414.2413113730207,95
2024-09-18 14:18:23.521,414.2730986088222,996
2024-09-18 14:18:23.622,414.2546342545061,13
2024-09-18 14:18:23.697,414.3166125737598,14
2024-09-18 14:18:23.715,414.2552359408924,998
2024-09-18 14:18:23.745,414.2373122410241,1001
2024-09-18 14:18:23.748,414.2632461294753,12
2024-09-18 14:18:23.790,414.2682378297047,7
2024-09-18 14:18:23.849,414.2674610931348,1002
2024-09-18 14:18:23.917,414.2610505522985,998
2024-09-18 14:18:23.939,414.2359816906994,12
2024-09-18 14:18:23.952,414.2600082395951,14
2024-09-18 14:18:23.995,414.2596363331315,1005
2024-09-18 14:18:24.003,414.2505041559524,96
2024-09-18 14:18:24.138,414.2606528025997,14
2024-09-18 14:18:24.158,414.25250817784615,1002
2024-09-18 14:18:24.309,414.37334066703215,101
2024-09-18 14:18:24.365,414.3839965446348,998
2024-09-18 14:18:24.382,414.3527641171036,102
2024-09-18 14:18:24.405,414.3785101548261,1003
2024-09-18 14:18:24.453,414.3168334244113,999
2024-09-18 14:18:24.542,414.25403868098425,13
2024-09-18 14:18:24.545,414.3391972740492,95
2024-09-18 14:18:24.560,414.37663671614536,97
2024-09-18 14:18:24.565,414.28819092532126,996
2024-09-18 14:18:24.608,414.2673434418386,995
2024-09-18 14:18:24.621,414.36887202274215,97
2024-09-18 14:18:24.687,414.3022751551418,12
2024-09-18 14:18:24.701,414.3096100111568,998
2024-09-18 14:18:24.734,414.25589316438544,1003
2024-09-18 14:18:24.760,414.2611102786013,12
2024-09-18 14:18:24.763,414.30023162648047,15
2024-09-18 14:18:24.797,414.33980041969687,8
2024-09-18 14:18:24.812,414.24933756230286,13
2024-09-18 14:18:24.823,414.3063578353651,104
2024-09-18 14:18:24.838,414.2734988261835,97
2024-09-18 14:18:24.855,414.2592050174087,104
2024-09-18 14:18:24.861,414.3346905904943,1003
2024-09-18 14:18:24.939,41.43144270418722,96
2024-09-18 14:18:24.958,414.2429948321958,12
2024-09-18 14:18:24.981,414.3429263856388,14
2024-09-18 14:18:24.982,414.273994629496,1001
2024-09-18 14:18:25.966,414.3432749993353,10
2024-09-18 14:18:26.061,414.281279495836,1004
2024-09-18 14:18:26.083,414.327698333794,5
2024-09-18 14:18:26.114,414.3137953886408,95
2024-09-18 14:18:26.146,414.2827749074225,96
2024-09-18 14:18:26.158,414.2973986671585,1003
2024-09-18 14:18:26.183,414.2903139446948,15
2024-09-18 14:18:26.200,414.27651747771057,1002
2024-09-18 14:18:26.204,414.2647526265657,104
2024-09-18 14:18:26.217,414.3203603520008,15
2024-09-18 14:18:26.217,414.3190506779126,5
2024-09-18 14:18:26.258,414.2989146924041,9
2024-09-18 14:18:26.323,414.2768123158028,9
2024-09-18 14:18:26.367,414.29398188560543,13
2024-09-18 14:18:26.393,414.2863649387887,1005
2024-09-18 14:18:26.416,414.2886356105648,8
2024-09-18 14:18:26.460,414.2998020904308,7
2024-09-18 14:18:26.477,414.2781121972443,95
2024-09-18 14:18:26.627,414.31394604767615,996
2024-09-18 14:18:26.633,414.2817143134942,995
2024-09-18 14:18:26.696,414.3228183510056,13
2024-09-18 14:18:26.719,414.3313057645358,8
2024-09-18 14:18:26.721,414.3304308949292,8
2024-09-18 14:18:26.725,414.32191194646015,98
2024-09-18 14:18:26.780,414.31716167594976,103
2024-09-18 14:18:26.808,414.3164788372728,103
2024-09-18 14:18:26.883,414.2776066378799,1004
2024-09-18 14:18:26.974,414.3190256708496,8
2024-09-18 14:18:26.998,414.287733092592,1002
2024-09-18 14:18:27.002,414.2584648204953,1002
2024-09-18 14:18:27.084,41.42690719432821,1002
2024-09-18 14:18:27.134,414.2398322673138,13
2024-09-18 14:18:27.191,414.2665302388515,97
2024-09-18 14:18:27.228,414.2736995057996,104
2024-09-18 14:18:27.228,414.2572361463145,999
2024-09-18 14:18:27.241,414.2283385475131,96
2024-09-18 14:18:27.305,414.268017918786,13
2024-09-18 14:18:27.490,414.2288967016349,1001
2024-09-18 14:18:27.539,414.25912490665394,96
2024-09-18 14:18:27.649,414.2553232789984,12
2024-09-18 14:18:27.658,414.2790329412985,105
2024-09-18 14:18:27.698,414.2476007519829,997
2024-09-18 14:18:27.706,414.253071695768,13
2024-09-18 14:18:27.767,414.2605955160076,11
2024-09-18 14:18:27.832,414.2543269698299,997
2024-09-18 14:18:27.929,414.2379950191389,5
2024-09-18 14:18:28.193,414.2284186545159,103
2024-09-18 14:18:28.227,414.20757608576815,99
2024-09-18 14:18:28.512,414.22120143882273,100
2024-09-18 14:18:28.548,414.2164060084966,11
2024-09-18 14:18:28.564,,104
2024-09-18 14:18:28.823,414.2266687370071,103
2024-09-18 14:18:28.903,414.2072044872385,996
2024-09-18 14:18:28.915,414.2013804433697,97
2024-09-18 14:18:29.070,414.20019837381255,97
2024-09-18 14:18:29.073,414.1748139208184,1001
2024-09-18 14:18:29.118,414.20386080248966,15
2024-09-18 14:18:29.196,414.2258715903852,95
2024-09-18 14:18:29.212,414.2301990506364,6
2024-09-18 14:18:29.255,41.42124890522082,1002
2024-09-18 14:18:29.314,414.2217690582525,10
2024-09-18 14:18:29.361,414.2270025544442,97
2024-09-18 14:18:29.384,414.2221877448291,1003
2024-09-18 14:18:29.388,414.1772993462533,8
2024-09-18 14:18:29.391,414.21570903866586,1000
2024-09-18 14:18:29.393,414.2125939868085,6
2024-09-18 14:18:29.402,414.2157936140471,7
2024-09-18 14:18:29.430,414.2022438088461,9
2024-09-18 14:18:29.476,414.201297474758,7
2024-09-18 14:18:29.478,414.2025501795544,997
2024-09-18 14:18:29.480,414.23535115662696,105
2024-09-18 14:18:29.502,414.17344372805655,100
2024-09-18 14:18:29.510,414.1950289829712,1000
2024-09-18 14:18:29.604,414.198563122701,98
2024-09-18 14:18:29.650,414.2307279502192,1001
2024-09-18 14:18:29.668,414.195393034428,15
2024-09-18 14:18:29.695,414.1906477444493,101
2024-09-18 14:18:29.701,414.2067208716287,102
2024-09-18 14:18:29.798,414.2239760641903,1000
2024-09-18 14:18:29.955,414.228950501625,6
2024-09-18 14:18:31.031,414.1661039103887,95
2024-09-18 14:18:31.040,414.11982288412327,996
2024-09-18 14:18:31.043,414.1430372837606,101
2024-09-18 14:18:31.102,414.1579309074299,11
2024-09-18 14:18:31.113,414.1567739573458,999
2024-09-18 14:18:31.255,414.1444867061715,12
2024-09-18 14:18:31.272,414.12593219582806,11
2024-09-18 14:18:31.370,414.1716513209994,98
2024-09-18 14:18:31.546,414.1306368251349,8
2024-09-18 14:18:31.570,414.1671659910978,95
2024-09-18 14:18:31.581,414.1675476191042,98
2024-09-18 14:18:31.696,414.16568078509175,101
2024-09-18 14:18:31.793,414.130567338277,8
2024-09-18 14:18:31.820,414.1651790260673,98
2024-09-18 14:18:31.927,414.1595926329793,8
2024-09-18 14:18:32.186,414.13760993151567,97
2024-09-18 14:18:32.196,414.1038234166032,100
2024-09-18 14:18:32.212,414.1306531697159,6
2024-09-18 14:18:32.233,414.1321351472562,95
2024-09-18 14:18:32.283,41.412460331613815,98
2024-09-18 14:18:32.315,414.121620105989,7
2024-09-18 14:18:32.392,414.106109975867,96
2024-09-18 14:18:32.493,414.1452826017948,103
2024-09-18 14:18:32.538,414.1429639149361,14
2024-09-18 14:18:32.817,414.12959087694577,97
2024-09-18 14:18:32.962,414.111939911742,5
2024-09-18 14:18:33.012,414.0994351142458,13
2024-09-18 14:18:33.242,414.0903121644243,995
2024-09-18 14:18:33.271,414.09062104550935,999
2024-09-18 14:18:33.286,414.1051155497617,101
2024-09-18 14:18:33.300,414.099836923495,996
2024-09-18 14:18:33.468,414.1049736147913,1001
2024-09-18 14:18:33.558,414.10549966707714,996
2024-09-18 14:18:33.717,414.08062962919206,12
2024-09-18 14:18:33.718,414.0893137037775,998
2024-09-18 14:18:33.806,414.1019423181887,103
2024-09-18 14:18:33.865,414.07539716869,1003
2024-09-18 14:18:34.030,414.0412542515843,11
2024-09-18 14:18:34.032,414.0540439860249,100
2024-09-18 14:18:34.148,414.0287824530813,1002
2024-09-18 14:18:34.335,414.08039361835984,997
2024-09-18 14:18:34.397,414.0562453648666,1000
2024-09-18 14:18:34.401,414.0329597984983,104
2024-09-18 14:18:34.441,414.0415454214362,1005
2024-09-18 14:18:34.470,414.0471355436665,99
2024-09-18 14:18:34.528,414.0175583779321,997
2024-09-18 14:18:34.549,414.0691166919348,5
2024-09-18 14:18:34.568,414.06446402472176,97
2024-09-18 14:18:34.633,414.0483379019736,1002
2024-09-18 14:18:34.641,414.0286178353084,6
2024-09-18 14:18:34.649,413.99475723936825,999
2024-09-18 14:18:34.679,-414.0314603632539,14
2024-09-18 14:18:34.725,414.0468203765821,102
2024-09-18 14:18:34.860,414.0878188734936,996
2024-09-18 14:18:34.899,414.0428918575672,95
2024-09-18 14:18:35.049,414.0565858078608,998
2024-09-18 14:18:35.241,414.05935501512977,104
2024-09-18 14:18:35.333,414.0804458642028,95
2024-09-18 14:18:35.380,-414.0786761682863,101
2024-09-18 14:18:35.477,414.0752651397789,1000
2024-09-18 14:18:35.481,414.0611199727561,101
2024-09-18 14:18:35.606,414.04107302418754,100
2024-09-18 14:18:35.899,414.0761700196249,995
2024-09-18 14:18:35.998,414.05295732265097,105
2024-09-18 14:18:36.000,414.0560082840341,7
2024-09-18 14:18:36.051,414.0760442696212,15
2024-09-18 14:18:36.080,414.0672066796476,12
2024-09-18 14:18:36.168,414.0426866473142,95
2024-09-18 14:18:36.198,414.0682497359747,14
2024-09-18 14:18:36.309,414.0834753928836,995
2024-09-18 14:18:36.366,414.0453899327092,1004
2024-09-18 14:18:36.437,414.02293273440006,11
2024-09-18 14:18:36.483,414.0541800489176,5
2024-09-18 14:18:36.490,41.406717430448325,100
2024-09-18 14:18:36.493,414.0531326033605,97
2024-09-18 14:18:36.528,414.07094724662574,1004
2024-09-18 14:18:36.616,414.0588166142328,10
2024-09-18 14:18:36.682,414.0732940681541,998
2024-09-18 14:18:36.790,414.0594409109868,1000
2024-09-18 14:18:36.866,414.0746753824329,101
2024-09-18 14:18:36.902,414.0729777961246,1003
2024-09-18 14:18:36.930,414.05253931193374,12
2024-09-18 14:18:36.956,414.0762464190796,1000
2024-09-18 14:18:37.053,414.0746408876248,95
2024-09-18 14:18:37.205,414.0546658992947,6
2024-09-18 14:18:37.328,414.0470694721155,1002
2024-09-18 14:18:37.807,414.0431476793111,998
2024-09-18 14:18:38.001,414.0934420479009,1002
2024-09-18 14:18:38.011,414.0685501454057,6
2024-09-18 14:18:38.118,414.0736096026134,13
2024-09-18 14:18:38.129,414.0642444015045,96
2024-09-18 14:18:38.137,414.0402906550031,997
2024-09-18 14:18:38.250,414.0275835433478,8
2024-09-18 14:18:38.263,414.08932370988776,1002
2024-09-18 14:18:38.272,414.03475402481575,9
2024-09-18 14:18:38.287,414.0745541602339,10
2024-09-18 14:18:38.380,414.0879933182913,14
2024-09-18 14:18:38.386,414.0200789845416,5
2024-09-18 14:18:38.391,414.0429620537272,1001
2024-09-18 14:18:38.405,414.06232844239065,996
2024-09-18 14:18:38.485,414.06985667354667,14
2024-09-18 14:18:38.487,414.0611976040957,95
2024-09-18 14:18:38.540,41.407789806257085,95
2024-09-18 14:18:38.582,414.07565960497976,1003
2024-09-18 14:18:38.590,414.0898295829181,11
2024-09-18 14:18:38.590,414.0400665982394,1001
2024-09-18 14:18:38.629,414.0544224899282,104
2024-09-18 14:18:38.701,414.0860469138642,1003
2024-09-18 14:18:38.736,414.04308589454376,95
2024-09-18 14:18:38.805,414.0829366383782,1005
2024-09-18 14:18:38.869,414.0659488909727,100
2024-09-18 14:18:38.892,414.0192341085213,995
2024-09-18 14:18:38.927,414.1044303958727,98
2024-09-18 14:18:38.957,414.05452571006686,11
2024-09-18 14:18:38.964,414.0895151553267,1004
2024-09-18 14:18:38.965,414.08021073313273,999
2024-09-18 14:18:39.164,414.0221988224505,997
2024-09-18 14:18:39.331,414.0348503289758,95
2024-09-18 14:18:40.234,414.03177380281295,997
2024-09-18 14:18:40.376,414.0317399497487,100
2024-09-18 14:18:40.438,414.0403654134761,1003
2024-09-18 14:18:40.544,414.0255122319704,13
2024-09-18 14:18:40.746,414.0615208705765,1003
2024-09-18 14:18:40.770,41.40438317409012,98
2024-09-18 14:18:40.784,414.0463003554596,98
2024-09-18 14:18:40.974,414.0544628503157,13
2024-09-18 14:18:41.021,414.0403638483045,1002
2024-09-18 14:18:41.060,41.403866376572005,104
2024-09-18 14:18:41.205,414.064164789197,95
2024-09-18 14:18:41.239,414.0522342840984,14
2024-09-18 14:18:41.254,414.0320150077116,15
2024-09-18 14:18:41.272,414.0374863377213,96
2024-09-18 14:18:41.293,414.03294958658313,5
2024-09-18 14:18:41.349,414.05507084802366,105
2024-09-18 14:18:41.413,414.0527616008274,996
2024-09-18 14:18:41.434,414.03648734924246,12
2024-09-18 14:18:41.493,414.0365022486693,104
2024-09-18 14:18:41.674,414.0388141023519,997
2024-09-18 14:18:41.681,414.04731821025575,10
2024-09-18 14:18:41.697,414.05712675948615,5
2024-09-18 14:18:41.740,414.0430549030581,1000
2024-09-18 14:18:41.748,414.0363551683712,11
2024-09-18 14:18:41.761,414.0677417895361,1001
2024-09-18 14:18:41.788,414.0446694720801,10
2024-09-18 14:18:41.830,414.0438566174369,995
2024-09-18 14:18:41.904,414.033840602652,96
2024-09-18 14:18:42.126,414.01623643242107,97
2024-09-18 14:18:42.133,414.0274524983479,99
2024-09-18 14:18:42.156,414.05227712320607,103
2024-09-18 14:18:42.159,414.0325912750842,1003
2024-09-18 14:18:42.249,414.004054715398,1005
2024-09-18 14:18:42.258,414.0414118903614,5
2024-09-18 14:18:42.326,414.0244125625615,1004
2024-09-18 14:18:42.394,414.001745049796,996
2024-09-18 14:18:42.403,414.01409132945855,998
2024-09-18 14:18:42.429,414.032243588833,14
2024-09-18 14:18:42.467,414.0477094843529,13
2024-09-18 14:18:42.518,414.0270614278527,102
2024-09-18 14:18:42.554,414.0577237315771,1000
2024-09-18 14:18:42.700,414.0345074204948,99
2024-09-18 14:18:42.712,414.00988289936015,9
2024-09-18 14:18:42.724,414.0419160066134,9
2024-09-18 14:18:42.765,414.041853281072,9
2024-09-18 14:18:42.835,414.0293418444815,1002
2024-09-18 14:18:42.837,414.0034940761149,1000
2024-09-18 14:18:42.852,414.0478985510682,10
2024-09-18 14:18:42.964,414.0315666941689,7
2024-09-18 14:18:42.976,414.0340814439728,10
2024-09-18 14:18:43.109,414.0240315440528,995
2024-09-18 14:18:43.266,414.0288753245653,14
2024-09-18 14:18:43.291,414.0230988291082,999
2024-09-18 14:18:43.303,414.0344498167088,6
2024-09-18 14:18:43.308,414.0308334526493,8
2024-09-18 14:18:43.317,414.0537005145875,1003
2024-09-18 14:18:43.403,414.0421551831412,11
2024-09-18 14:18:43.472,414.0668914909664,13
2024-09-18 14:18:43.498,414.0756653702008,101
2024-09-18 14:18:43.619,414.0636045942061,1000
2024-09-18 14:18:43.628,414.0551096486541,98
2024-09-18 14:18:43.656,414.03154839320814,1001
2024-09-18 14:18:43.753,414.0417787453989,14
2024-09-18 14:18:44.111,414.0559677640692,1004
2024-09-18 14:18:44.198,414.0098096663288,98
2024-09-18 14:18:44.261,414.0115371531295,996
2024-09-18 14:18:44.285,414.0350244987429,9
2024-09-18 14:18:44.453,414.044517786418,14
2024-09-18 14:18:44.467,414.0269945314816,96
2024-09-18 14:18:44.476,414.0237938596579,1000
2024-09-18 14:18:44.728,414.0269910705074,11
2024-09-18 14:18:44.808,414.0525200606073,103
2024-09-18 14:18:44.849,414.0523682882263,7
2024-09-18 14:18:44.871,414.0430004891714,1001
2024-09-18 14:18:44.877,414.01244320774873,999
2024-09-18 14:18:44.993,414.05500751695183,10
2024-09-18 14:18:45.341,414.0507620599208,96
2024-09-18 14:18:45.451,414.0285428922845,103
2024-09-18 14:18:45.457,414.0179266979183,100
2024-09-18 14:18:45.491,414.0369079621886,12
2024-09-18 14:18:45.592,414.0266462140151,103
2024-09-18 14:18:45.615,414.0448732590604,10
2024-09-18 14:18:45.617,414.0265978035076,102
2024-09-18 14:18:45.752,414.0272800300993,1001
2024-09-18 14:18:45.888,414.00759526351135,104
2024-09-18 14:18:45.966,414.0396964971525,11
2024-09-18 14:18:46.008,-414.0139266880472,98
2024-09-18 14:18:46.012,414.01932167411405,97
2024-09-18 14:18:46.023,413.99250715453496,103
2024-09-18 14:18:46.143,414.0180055418263,995
2024-09-18 14:18:46.169,414.00724209507297,15
2024-09-18 14:18:46.277,414.0110350524737,11
2024-09-18 14:18:46.457,414.0183980746218,997
2024-09-18 14:18:46.468,414.0078881536261,1002
2024-09-18 14:18:46.713,414.0086072823266,6
2024-09-18 14:18:46.776,41.40075003747596,97
2024-09-18 14:18:46.871,414.0174041482137,1002
2024-09-18 14:18:46.956,414.0237054526758,15
2024-09-18 14:18:47.359,413.95235257483273,7
2024-09-18 14:18:47.616,413.9481717482348,8
2024-09-18 14:18:47.719,413.99813223485467,1004
2024-09-18 14:18:47.760,413.9469197818496,1005
2024-09-18 14:18:47.783,413.97878042369695,9
2024-09-18 14:18:47.997,413.9642833085399,102
2024-09-18 14:18:48.023,413.9100733777551,999
2024-09-18 14:18:48.042,413.9664105598529,102
2024-09-18 14:18:48.106,413.91417101390334,9
2024-09-18 14:18:48.207,413.9132853572495,7
2024-09-18 14:18:48.219,413.97427760320807,997
2024-09-18 14:18:48.240,413.95752919571686,98
2024-09-18 14:18:48.287,413.9214765100269,102
2024-09-18 14:18:48.298,413.9503325737131,996
2024-09-18 14:18:48.339,-413.9825685614658,103
2024-09-18 14:18:48.430,413.9361795095242,6
2024-09-18 14:18:48.464,413.94358045659664,9
2024-09-18 14:18:48.513,413.9089186636551,105
2024-09-18 14:18:48.523,413.9269505748667,999
2024-09-18 14:18:48.564,413.9264352182722,13
2024-09-18 14:18:48.567,413.9229787225913,103
2024-09-18 14:18:48.656,413.947639011796,15
2024-09-18 14:18:48.670,413.9290693465147,997
2024-09-18 14:18:48.703,413.92522218276525,1004
2024-09-18 14:18:48.731,413.9707017880068,95
2024-09-18 14:18:48.751,413.95132850780897,1002
2024-09-18 14:18:48.770,413.9617086417643,15
2024-09-18 14:18:48.810,413.8922875598237,10
2024-09-18 14:18:48.874,413.96432691925537,14
2024-09-18 14:18:48.901,413.93732934416494,102
2024-09-18 14:18:48.919,413.9869528462699,11
2024-09-18 14:18:48.974,413.9500337489701,997
2024-09-18 14:18:49.053,413.8358526820644,6
2024-09-18 14:18:49.086,413.8864521101312,1001
2024-09-18 14:18:49.093,413.8620034089385,9
2024-09-18 14:18:49.183,413.87754435072617,97
2024-09-18 14:18:49.194,413.8591073190375,10
2024-09-18 14:18:49.233,413.9098109587141,996
2024-09-18 14:18:49.237,413.8531435118172,100
2024-09-18 14:18:49.242,413.85099602716974,9
2024-09-18 14:18:49.260,413.89190466430097,103
2024-09-18 14:18:49.293,413.88849978725904,102
2024-09-18 14:18:49.293,413.9146381917633,996
2024-09-18 14:18:49.307,413.8371107250816,102
2024-09-18 14:18:49.372,413.8904059556922,101
2024-09-18 14:18:49.380,413.8459944652636,997
2024-09-18 14:18:49.387,413.8277666767777,1001
2024-09-18 14:18:49.439,413.84913370023577,1004
2024-09-18 14:18:49.677,41.38277644717593,11
2024-09-18 14:18:49.689,413.84412754911534,99
2024-09-18 14:18:49.716,413.87803954870685,104
2024-09-18 14:18:49.796,413.8216439712393,10
2024-09-18 14:18:49.915,413.9220858901069,97
2024-09-18 14:18:49.926,413.9057127118711,13
2024-09-18 14:18:49.943,413.9055355847369,1004
2024-09-18 14:18:49.944,413.89314698007865,13
2024-09-18 14:18:50.097,413.8383744327788,1000
2024-09-18 14:18:51.588,413.831480096176,10
2024-09-18 14:18:51.853,413.8286293287821,105
2024-09-18 14:18:52.018,,98
2024-09-18 14:18:52.065,413.8461075658002,99
2024-09-18 14:18:52.074,,105
2024-09-18 14:18:52.177,413.89558840306427,102
2024-09-18 14:18:52.197,413.9503602639666,1000
2024-09-18 14:18:52.247,413.95630905088257,12
2024-09-18 14:18:52.384,413.96635686383325,13
2024-09-18 14:18:52.393,413.8776391189734,1001
2024-09-18 14:18:52.462,413.87057200336,98
2024-09-18 14:18:52.477,413.8960915655918,995
2024-09-18 14:18:52.569,413.8630429261487,8
2024-09-18 14:18:52.648,413.9042692211405,14
2024-09-18 14:18:52.652,413.8545928779052,7
2024-09-18 14:18:52.708,413.86521721198704,13
2024-09-18 14:18:52.725,413.93628585304754,1000
2024-09-18 14:18:52.892,413.8774811024906,998
2024-09-18 14:18:52.905,413.8401095696048,97
2024-09-18 14:18:52.917,413.8960519634338,15
2024-09-18 14:18:52.986,413.8586429902464,15
2024-09-18 14:18:53.038,413.9542688377406,8
2024-09-18 14:18:53.070,413.9532893839951,105
2024-09-18 14:18:53.337,413.9384948463246,101
2024-09-18 14:18:53.521,413.9429961085067,1001
2024-09-18 14:18:53.525,413.94419700373305,5
2024-09-18 14:18:53.794,413.9366040586893,1004
2024-09-18 14:18:53.948,413.93455907712365,96
2024-09-18 14:18:55.038,413.893768565574,10
2024-09-18 14:18:55.134,413.96130642100667,999
2024-09-18 14:18:55.178,413.9264669174155,101
2024-09-18 14:18:55.266,-413.888718851669,5
2024-09-18 14:18:55.314,413.9388243321384,1001
2024-09-18 14:18:55.378,413.92123572518,1000
2024-09-18 14:18:55.392,413.9451672675198,100
2024-09-18 14:18:55.500,413.9144741780669,5
2024-09-18 14:18:55.510,413.93478961215146,998
2024-09-18 14:18:55.517,413.9347437894602,998
2024-09-18 14:18:55.577,413.9504792106412,98
2024-09-18 14:18:55.581,413.90941182764135,5
2024-09-18 14:18:55.657,413.8918400523026,7
2024-09-18 14:18:55.694,413.90565022984913,99
2024-09-18 14:18:55.709,413.9247945481943,997
2024-09-18 14:18:55.733,413.8823405712831,104
2024-09-18 14:18:55.757,413.94127958551417,95
2024-09-18 14:18:55.763,413.94401400723217,11
2024-09-18 14:18:55.883,413.9332530372538,96
2024-09-18 14:18:55.898,413.8990332870998,102
2024-09-18 14:18:55.915,413.92527711608057,10
2024-09-18 14:18:55.935,413.9325064179337,1004
2024-09-18 14:18:55.995,413.9265351064264,95
2024-09-18 14:18:56.066,413.9108853978897,995
2024-09-18 14:18:56.100,413.8654665953503,15
2024-09-18 14:18:56.168,413.8672430933945,995
2024-09-18 14:18:56.225,413.94164790786937,998
2024-09-18 14:18:56.235,413.93253696338434,99
2024-09-18 14:18:56.306,413.9073811217496,5
2024-09-18 14:18:56.423,413.89900604159,98
2024-09-18 14:18:56.427,413.87399521596296,13
2024-09-18 14:18:56.482,413.9137290038376,1004
2024-09-18 14:18:56.575,413.9450312400385,14
2024-09-18 14:18:56.695,413.9333145192842,11
2024-09-18 14:18:56.726,413.8622401864916,996
2024-09-18 14:18:56.739,413.9285229549666,996
2024-09-18 14:18:56.783,413.8942240182387,997
2024-09-18 14:18:56.801,413.9161626690157,12
2024-09-18 14:18:56.859,413.92028151098026,10
2024-09-18 14:18:56.897,413.8831020646504,8
2024-09-18 14:18:56.929,413.9198673329741,7
2024-09-18 14:18:56.930,413.9375644384409,11
2024-09-18 14:18:56.981,413.9143328222816,14
2024-09-18 14:18:57.243,413.9451194550846,15
2024-09-18 14:18:57.401,413.93228094638425,96
2024-09-18 14:18:57.928,41.39293266662206,7
2024-09-18 14:18:58.040,413.9455422663529,996
2024-09-18 14:18:58.075,413.9259636554382,100
2024-09-18 14:18:58.103,413.9551222568183,1002
2024-09-18 14:18:58.116,413.95135223618064,104
2024-09-18 14:18:58.160,413.9612469453967,998
2024-09-18 14:18:58.299,413.95457600854127,96
2024-09-18 14:18:58.656,413.9396570063128,98
2024-09-18 14:18:58.748,413.93237870775647,8
2024-09-18 14:18:58.788,413.9539451422347,100
2024-09-18 14:18:58.840,413.9496971592385,96
2024-09-18 14:18:58.977,413.9421400476626,5
2024-09-18 14:18:58.983,413.95280437953255,99
2024-09-18 14:18:59.031,413.8719045467483,1003
2024-09-18 14:18:59.056,413.9480242011723,12
2024-09-18 14:18:59.111,413.9133309187024,1000
2024-09-18 14:18:59.123,413.8960049822761,105
2024-09-18 14:18:59.133,413.8732702993676,95
2024-09-18 14:18:59.134,413.9018385356625,15
2024-09-18 14:18:59.299,413.89266112418346,102
2024-09-18 14:18:59.323,413.9285708746658,105
2024-09-18 14:18:59.431,413.8553142032432,99
2024-09-18 14:18:59.533,413.8794085833375,13
2024-09-18 14:18:59.550,413.8934047660418,102
2024-09-18 14:18:59.572,413.8692570878612,100
2024-09-18 14:18:59.591,413.9414522586519,15
2024-09-18 14:18:59.595,-413.8780587921935,1005
2024-09-18 14:18:59.692,,9
2024-09-18 14:18:59.746,413.8967646806281,101
2024-09-18 14:18:59.760,413.8915155108708,998
2024-09-18 14:18:59.769,413.87276071790967,103
2024-09-18 14:18:59.770,413.849023348652,97
2024-09-18 14:18:59.790,413.8870956898596,97
2024-09-18 14:18:59.820,413.8930170708618,996
2024-09-18 14:18:59.846,413.8805442310036,104
2024-09-18 14:18:59.938,413.8998967438126,8
