Timestamp,Price,Size
2024-09-18 15:49:00.052,416.0720113810208,99
2024-09-18 15:49:00.053,415.9614763286087,103
2024-09-18 15:49:00.054,416.0686896029728,102
2024-09-18 15:49:00.085,415.9573319158404,104
2024-09-18 15:49:00.119,416.05307915671926,5
2024-09-18 15:49:00.162,415.97276160744553,15
2024-09-18 15:49:00.233,416.0585838547571,14
2024-09-18 15:49:00.376,415.9512294150378,95
2024-09-18 15:49:00.381,415.9423572545811,996
2024-09-18 15:49:00.430,415.9852703750298,998
2024-09-18 15:49:00.443,416.03520036214456,9
2024-09-18 15:49:00.541,416.0162078778814,9
2024-09-18 15:49:00.548,415.9825382553618,102
2024-09-18 15:49:00.575,415.9508209069914,101
2024-09-18 15:49:00.642,415.9650781333663,6
2024-09-18 15:49:00.644,415.9242995921719,1001
2024-09-18 15:49:00.681,415.9774561620846,104
2024-09-18 15:49:00.816,415.9946722571657,995
2024-09-18 15:49:00.850,416.0019422636209,995
2024-09-18 15:49:00.869,415.9582599588134,15
2024-09-18 15:49:00.874,416.0263911390978,14
2024-09-18 15:49:00.903,416.02392485861856,98
2024-09-18 15:49:00.975,415.9601354225616,95
2024-09-18 15:49:00.986,415.9563923977457,100
2024-09-18 15:49:02.039,416.004225812844,14
2024-09-18 15:49:02.049,416.0482832097629,996
2024-09-18 15:49:02.097,416.0662033633739,14
2024-09-18 15:49:02.099,415.99570732712914,12
2024-09-18 15:49:02.182,415.9972488846557,1002
2024-09-18 15:49:02.258,416.054929215385,996
2024-09-18 15:49:02.278,416.0081027131639,12
2024-09-18 15:49:02.290,416.002746873491,999
2024-09-18 15:49:02.340,415.9879223954534,14
2024-09-18 15:49:02.368,416.06453346138017,1002
2024-09-18 15:49:02.401,416.0343570638065,995
2024-09-18 15:49:02.415,416.04154965345367,97
2024-09-18 15:49:02.431,416.0082497085912,101
2024-09-18 15:49:02.490,416.0180242930376,12
2024-09-18 15:49:02.542,415.9947502329641,103
2024-09-18 15:49:02.554,415.9931485587939,997
2024-09-18 15:49:02.589,416.0745198693875,1003
2024-09-18 15:49:02.599,415.9756176712229,1002
2024-09-18 15:49:02.619,416.0436880899817,995
2024-09-18 15:49:02.629,416.0029289300784,998
2024-09-18 15:49:02.861,416.0406993950703,13
2024-09-18 15:49:02.894,416.0281066705472,12
2024-09-18 15:49:02.899,416.0023463644343,97
2024-09-18 15:49:02.924,416.0043410202617,10
2024-09-18 15:49:02.943,416.0540201045815,1004
2024-09-18 15:49:03.717,415.98038227296666,997
2024-09-18 15:49:03.791,415.9892139596,96
2024-09-18 15:49:03.848,415.9967333608463,7
2024-09-18 15:49:04.073,416.0036096889822,998
2024-09-18 15:49:04.076,416.0182270334749,9
2024-09-18 15:49:04.148,415.9961128146911,98
2024-09-18 15:49:04.155,416.0106455889936,999
2024-09-18 15:49:04.315,415.9929795033576,7
2024-09-18 15:49:04.434,416.0180513676483,15
2024-09-18 15:49:04.454,416.0066955902256,101
2024-09-18 15:49:04.455,416.0078928845424,7
2024-09-18 15:49:04.465,416.00324070606496,999
2024-09-18 15:49:04.470,416.0148992146906,998
2024-09-18 15:49:04.507,415.9917385464312,102
2024-09-18 15:49:04.508,416.01943428591113,101
2024-09-18 15:49:04.524,416.0068079155191,100
2024-09-18 15:49:04.598,416.02386181968336,5
2024-09-18 15:49:04.620,416.0212181818118,10
2024-09-18 15:49:04.622,415.9937559991256,11
2024-09-18 15:49:04.625,415.99576558459233,998
2024-09-18 15:49:04.644,416.0241902754729,1002
2024-09-18 15:49:04.649,416.0006972524138,1005
2024-09-18 15:49:04.657,415.9928757413192,995
2024-09-18 15:49:04.663,415.997118942229,1004
2024-09-18 15:49:04.684,416.0102180600185,9
2024-09-18 15:49:04.773,416.0101621124822,5
2024-09-18 15:49:04.839,416.0113007804032,14
2024-09-18 15:49:04.885,416.011186998545,998
2024-09-18 15:49:04.888,415.9809566846409,105
2024-09-18 15:49:04.930,416.0050095332684,998
2024-09-18 15:49:04.934,416.0139099887992,104
2024-09-18 15:49:04.982,415.9852769242775,13
2024-09-18 15:49:05.123,415.9914649849368,99
2024-09-18 15:49:05.126,415.9842658428509,995
2024-09-18 15:49:05.179,415.9988589253069,6
2024-09-18 15:49:05.183,416.00165563690126,996
2024-09-18 15:49:05.186,416.0111247713919,995
2024-09-18 15:49:05.257,415.9881644862767,13
2024-09-18 15:49:05.272,415.99892858099184,10
2024-09-18 15:49:05.353,416.0413139465544,1002
2024-09-18 15:49:05.386,416.0366082085485,995
2024-09-18 15:49:05.418,416.0183276304018,996
2024-09-18 15:49:05.505,415.9981335294565,15
2024-09-18 15:49:05.508,416.0083385339894,8
2024-09-18 15:49:05.513,415.9959851502096,1005
2024-09-18 15:49:05.549,415.9872692967492,11
2024-09-18 15:49:05.637,415.96928280669226,5
2024-09-18 15:49:05.723,416.0266492386645,101
2024-09-18 15:49:05.837,415.9672969949972,997
2024-09-18 15:49:05.840,416.0190418334435,14
2024-09-18 15:49:05.842,415.9603317849308,104
2024-09-18 15:49:05.852,415.9805573489441,13
2024-09-18 15:49:05.877,416.02270511749896,5
2024-09-18 15:49:05.890,415.9696269150946,105
2024-09-18 15:49:05.915,415.9764609577618,98
2024-09-18 15:49:05.959,416.0070653898141,95
2024-09-18 15:49:05.974,416.009564638317,1004
2024-09-18 15:49:06.017,415.96264345421696,5
2024-09-18 15:49:06.089,415.940418436621,14
2024-09-18 15:49:06.094,415.9410020976671,101
2024-09-18 15:49:06.231,415.9568875240546,997
2024-09-18 15:49:06.275,415.9864096665447,9
2024-09-18 15:49:06.279,415.9420694752674,1005
2024-09-18 15:49:06.369,415.9614242573913,97
2024-09-18 15:49:06.458,415.944704472942,1005
2024-09-18 15:49:06.467,415.9365354649277,104
2024-09-18 15:49:06.525,415.9649051925071,9
2024-09-18 15:49:06.551,416.003875197484,999
2024-09-18 15:49:06.572,415.9733509880664,14
2024-09-18 15:49:06.672,415.9823952983987,10
2024-09-18 15:49:06.814,415.9457376765578,10
2024-09-18 15:49:06.931,415.944476054152,14
2024-09-18 15:49:07.001,415.87232182699927,15
2024-09-18 15:49:07.022,415.8780244745948,9
2024-09-18 15:49:07.057,415.9145299184628,14
2024-09-18 15:49:07.152,415.900583383477,103
2024-09-18 15:49:07.157,415.85073273579286,995
2024-09-18 15:49:07.164,415.9036983593496,104
2024-09-18 15:49:07.185,415.9060809850792,102
2024-09-18 15:49:07.208,415.8978411141424,999
2024-09-18 15:49:07.263,415.9297463173896,995
2024-09-18 15:49:07.275,415.9005583866093,12
2024-09-18 15:49:07.283,415.9010075837638,1003
2024-09-18 15:49:07.283,415.86022294539447,105
2024-09-18 15:49:07.409,415.8802923873541,10
2024-09-18 15:49:07.418,415.8466690055868,6
2024-09-18 15:49:07.419,415.8944314755551,100
2024-09-18 15:49:07.529,415.8804321553027,1002
2024-09-18 15:49:07.571,415.9156776324208,99
2024-09-18 15:49:07.579,415.8760053220168,1003
2024-09-18 15:49:07.637,415.863179203559,1001
2024-09-18 15:49:07.738,415.882859261933,1003
2024-09-18 15:49:07.739,415.82411399152267,95
2024-09-18 15:49:07.799,415.8941286658585,97
2024-09-18 15:49:07.813,415.88155603070703,5
2024-09-18 15:49:07.886,415.8591113620308,101
2024-09-18 15:49:07.894,415.8969161828597,14
2024-09-18 15:49:07.926,415.9121933566069,6
2024-09-18 15:49:07.950,415.9178632444392,100
2024-09-18 15:49:07.954,415.91063488244606,1002
2024-09-18 15:49:07.981,412.5114349008525,1004
2024-09-18 15:49:07.992,415.867382904007,999
2024-09-18 15:49:08.004,415.857799335982,10
2024-09-18 15:49:08.022,415.83766635626,97
2024-09-18 15:49:08.036,415.8301139437019,996
2024-09-18 15:49:08.110,415.912511320934,5
2024-09-18 15:49:08.138,415.85401129430977,1004
2024-09-18 15:49:08.154,415.8630687085124,996
2024-09-18 15:49:08.245,415.895783340329,996
2024-09-18 15:49:08.273,415.9129649341986,1001
2024-09-18 15:49:08.296,415.83668046764825,998
2024-09-18 15:49:08.377,-415.8745888230542,102
2024-09-18 15:49:08.395,415.84088710666987,101
2024-09-18 15:49:08.440,415.86943857706274,6
2024-09-18 15:49:08.458,415.8651144463691,105
2024-09-18 15:49:08.463,415.8969626561138,98
2024-09-18 15:49:08.467,415.8977521267313,6
2024-09-18 15:49:08.504,415.85446065187904,104
2024-09-18 15:49:08.531,415.8450327070104,9
2024-09-18 15:49:08.543,415.8257059944845,105
2024-09-18 15:49:08.670,415.81874364205873,998
2024-09-18 15:49:08.752,415.8656688163949,104
2024-09-18 15:49:08.800,415.83124013284487,1003
2024-09-18 15:49:08.804,415.88585095819866,995
2024-09-18 15:49:08.894,415.8926958212168,97
2024-09-18 15:49:08.899,415.8972916273614,104
2024-09-18 15:49:09.037,415.9003723909088,104
2024-09-18 15:49:09.132,415.94868356739073,11
2024-09-18 15:49:09.149,415.8909429961035,11
2024-09-18 15:49:09.168,415.9123285546279,7
2024-09-18 15:49:09.292,415.8966718787293,1002
2024-09-18 15:49:09.321,415.8914053010708,15
2024-09-18 15:49:09.341,415.9119926227901,101
2024-09-18 15:49:09.350,415.9050168607635,99
2024-09-18 15:49:09.380,415.9251941056406,11
2024-09-18 15:49:09.394,415.8993044535812,11
2024-09-18 15:49:09.418,415.92329410139297,999
2024-09-18 15:49:09.440,415.8930467245953,997
2024-09-18 15:49:09.493,415.9200918933091,14
2024-09-18 15:49:09.537,415.90379263510687,1002
2024-09-18 15:49:09.584,415.9427872520786,95
2024-09-18 15:49:09.613,415.8957546501417,999
2024-09-18 15:49:09.675,415.91455319943935,12
2024-09-18 15:49:09.701,415.8938260939676,9
2024-09-18 15:49:09.722,415.92635770469326,5
2024-09-18 15:49:09.767,415.9138561933264,105
2024-09-18 15:49:09.837,415.9136296776917,1001
2024-09-18 15:49:09.861,415.91528086038994,98
2024-09-18 15:49:09.978,415.93034911121134,95
2024-09-18 15:49:09.986,415.9250898973703,6
2024-09-18 15:49:11.269,41.59010372929656,1000
2024-09-18 15:49:11.752,415.8940244122337,996
2024-09-18 15:49:12.022,415.8954872075602,98
2024-09-18 15:49:12.233,415.8653945510597,95
2024-09-18 15:49:12.536,415.8908091070491,996
2024-09-18 15:49:12.655,415.87184161514415,1003
2024-09-18 15:49:12.700,415.8741757095602,1000
2024-09-18 15:49:12.811,415.8727821817935,99
2024-09-18 15:49:12.838,415.8918253599204,99
2024-09-18 15:49:12.891,415.85722225187607,105
2024-09-18 15:49:12.944,415.855824791804,98
2024-09-18 15:49:13.001,415.8826000355023,13
2024-09-18 15:49:13.030,415.8575876184759,6
2024-09-18 15:49:13.138,415.86192316338753,97
2024-09-18 15:49:13.165,415.861297909004,12
2024-09-18 15:49:13.299,415.88830953802704,11
2024-09-18 15:49:13.324,412.6222680810094,7
2024-09-18 15:49:13.342,415.8665522877485,104
2024-09-18 15:49:13.392,415.8648482693485,9
2024-09-18 15:49:13.421,415.8536941487234,14
2024-09-18 15:49:13.501,415.8901660919104,12
2024-09-18 15:49:13.583,415.8676208232065,5
2024-09-18 15:49:13.620,41.58639909902746,1003
2024-09-18 15:49:13.625,415.8662055429778,995
2024-09-18 15:49:13.656,415.88058518803984,1000
2024-09-18 15:49:13.685,415.8700433564108,11
2024-09-18 15:49:13.688,415.857676890913,1002
2024-09-18 15:49:13.707,415.8587508581016,96
2024-09-18 15:49:13.707,415.8881059197385,104
2024-09-18 15:49:13.719,415.8524380731316,13
2024-09-18 15:49:13.727,415.8822739290237,1003
2024-09-18 15:49:13.901,415.8779601227244,104
2024-09-18 15:49:13.942,415.8730062172619,1005
2024-09-18 15:49:13.947,415.8790950896847,102
2024-09-18 15:49:13.993,415.8814378733885,13
2024-09-18 15:49:14.452,415.8428426738681,10
2024-09-18 15:49:15.043,415.8320880989886,1001
2024-09-18 15:49:15.056,415.8270871991455,101
2024-09-18 15:49:15.082,415.8328544258897,5
2024-09-18 15:49:15.093,415.8070100401288,95
2024-09-18 15:49:15.153,415.8356985514615,1000
2024-09-18 15:49:15.161,415.8123560885923,104
2024-09-18 15:49:15.216,415.8203808462098,102
2024-09-18 15:49:15.259,415.8256874749795,95
2024-09-18 15:49:15.420,415.8236086443798,99
2024-09-18 15:49:15.428,415.823008160805,11
2024-09-18 15:49:15.474,41.58034350736556,99
2024-09-18 15:49:15.495,415.8223612277966,13
2024-09-18 15:49:15.542,415.80816936162375,103
2024-09-18 15:49:15.648,415.8248272259311,1000
2024-09-18 15:49:15.688,415.8406170494269,1005
2024-09-18 15:49:15.845,,996
2024-09-18 15:49:15.967,41.583605965402974,1003
2024-09-18 15:49:16.115,415.83153748397655,1001
2024-09-18 15:49:17.115,415.882924920381,104
2024-09-18 15:49:17.124,415.87264878698153,15
2024-09-18 15:49:17.176,415.85911227102497,100
2024-09-18 15:49:17.262,415.8833957843418,100
2024-09-18 15:49:17.365,415.87546019769167,8
2024-09-18 15:49:17.572,415.8803938744316,5
2024-09-18 15:49:17.592,415.8615511416138,98
2024-09-18 15:49:17.617,415.84188620695056,997
2024-09-18 15:49:17.708,415.8667682760556,999
2024-09-18 15:49:17.870,415.8784159596913,997
2024-09-18 15:49:17.905,415.88327975325456,12
2024-09-18 15:49:17.985,415.8689105554919,995
2024-09-18 15:49:18.056,415.9533387009866,997
2024-09-18 15:49:18.074,415.943771920912,1005
2024-09-18 15:49:18.152,415.9554641161486,997
2024-09-18 15:49:18.176,415.8902113427281,7
2024-09-18 15:49:18.182,415.9039106023435,102
2024-09-18 15:49:18.185,415.8952163219515,1002
2024-09-18 15:49:18.201,415.8966027462503,103
2024-09-18 15:49:18.261,415.9182727347885,1001
2024-09-18 15:49:18.261,415.9418503516499,95
2024-09-18 15:49:18.314,415.9296254887049,96
2024-09-18 15:49:18.375,415.9516180450042,15
2024-09-18 15:49:18.410,415.9117167816349,101
2024-09-18 15:49:18.432,415.9413017651726,13
2024-09-18 15:49:18.446,415.9305487443189,1001
2024-09-18 15:49:18.495,415.9154376782474,1001
2024-09-18 15:49:18.499,415.9446124690328,100
2024-09-18 15:49:18.534,415.9279229783208,8
2024-09-18 15:49:18.545,415.9358496814944,6
2024-09-18 15:49:18.683,,1000
2024-09-18 15:49:19.065,415.9517823897075,102
2024-09-18 15:49:19.067,415.9644061464825,15
2024-09-18 15:49:19.136,415.9441205647783,14
2024-09-18 15:49:19.144,415.9708269619333,99
2024-09-18 15:49:19.163,415.9488673106606,14
2024-09-18 15:49:19.197,415.97970994898265,995
2024-09-18 15:49:19.198,415.986277823827,12
2024-09-18 15:49:19.203,415.9557894681229,9
2024-09-18 15:49:19.261,415.9704710916839,96
2024-09-18 15:49:19.341,415.9437315763956,1000
2024-09-18 15:49:19.427,415.9519512678056,998
2024-09-18 15:49:19.460,415.9373404849442,99
2024-09-18 15:49:19.495,-415.9974746856242,1004
2024-09-18 15:49:19.524,415.9774503025061,9
2024-09-18 15:49:19.625,415.97367651849385,102
2024-09-18 15:49:19.690,415.96613103236194,101
2024-09-18 15:49:19.710,415.9478700267651,1002
2024-09-18 15:49:19.762,415.9911391640029,11
2024-09-18 15:49:19.770,415.9827384267673,1002
2024-09-18 15:49:19.806,415.9742404274188,95
2024-09-18 15:49:19.901,415.9880212657383,12
2024-09-18 15:49:19.914,415.9494074226401,1001
2024-09-18 15:49:19.924,415.9549205913557,102
2024-09-18 15:49:19.935,415.9505843076844,997
2024-09-18 15:49:19.944,415.9669531973757,1004
2024-09-18 15:49:19.955,415.9701568607413,104
2024-09-18 15:49:19.966,415.9701248814872,103
2024-09-18 15:49:19.970,415.94339483788406,102
2024-09-18 15:49:20.196,415.9365727909878,14
2024-09-18 15:49:20.199,415.94206661475255,98
2024-09-18 15:49:20.254,415.9326936184028,12
2024-09-18 15:49:20.263,415.9388655505371,995
2024-09-18 15:49:20.399,415.91565938213904,998
2024-09-18 15:49:20.450,415.9399406510768,104
2024-09-18 15:49:20.582,415.9456610006992,1001
2024-09-18 15:49:20.927,415.9566195060037,101
2024-09-18 15:49:21.082,415.9029980803137,6
2024-09-18 15:49:21.179,,101
2024-09-18 15:49:21.218,415.910501255619,1004
2024-09-18 15:49:21.229,415.92753770945393,997
2024-09-18 15:49:21.256,415.91646374728015,996
2024-09-18 15:49:21.265,415.9087369828768,14
2024-09-18 15:49:21.382,415.9316790078259,1002
2024-09-18 15:49:21.423,415.9137974998711,105
2024-09-18 15:49:21.436,415.95208209786,1002
2024-09-18 15:49:21.489,415.93525324944073,98
2024-09-18 15:49:21.509,415.93407857574056,1002
2024-09-18 15:49:21.514,415.9333426753926,8
2024-09-18 15:49:21.551,415.92581154867247,14
2024-09-18 15:49:21.643,415.9264731674994,95
2024-09-18 15:49:21.665,415.92847227150094,1005
2024-09-18 15:49:21.698,415.9274097914149,1003
2024-09-18 15:49:21.757,415.9044361972725,997
2024-09-18 15:49:21.773,415.92607218771855,995
2024-09-18 15:49:21.779,41.59243786001115,13
2024-09-18 15:49:21.792,415.9435986095601,10
2024-09-18 15:49:21.923,415.9342362805281,1000
2024-09-18 15:49:21.927,415.8913606413184,998
2024-09-18 15:49:22.021,415.94454288001975,998
2024-09-18 15:49:22.044,415.9033850843085,103
2024-09-18 15:49:22.096,415.95140914289465,100
2024-09-18 15:49:22.107,415.9500111458343,996
2024-09-18 15:49:22.122,415.9608676629842,1002
2024-09-18 15:49:22.132,415.9245356285562,101
2024-09-18 15:49:22.146,415.9283070665091,95
2024-09-18 15:49:22.172,415.8924113701092,997
2024-09-18 15:49:22.224,415.9324112268301,99
2024-09-18 15:49:22.326,415.9054114897641,998
2024-09-18 15:49:22.362,415.89091891196233,998
2024-09-18 15:49:22.385,415.93542922676585,1000
2024-09-18 15:49:22.409,415.9058236927652,12
2024-09-18 15:49:22.495,415.9379100996039,104
2024-09-18 15:49:22.540,415.9181047757157,101
2024-09-18 15:49:22.554,415.93947884599766,97
2024-09-18 15:49:22.562,415.9426049095751,1005
2024-09-18 15:49:22.608,415.9339205317356,13
2024-09-18 15:49:22.610,415.903655885234,996
2024-09-18 15:49:22.634,415.9354183200148,8
2024-09-18 15:49:22.652,415.9450712082216,8
2024-09-18 15:49:22.660,415.9474252506001,105
2024-09-18 15:49:22.710,415.9578332103313,1004
2024-09-18 15:49:22.742,415.9327773965164,97
2024-09-18 15:49:22.866,415.93078176427554,100
2024-09-18 15:49:22.884,415.9463698786319,1002
2024-09-18 15:49:22.937,415.945173874343,11
2024-09-18 15:49:22.943,415.9302929050322,5
2024-09-18 15:49:23.019,415.93239035727777,105
2024-09-18 15:49:23.062,415.9295181531311,1005
2024-09-18 15:49:23.092,415.91850282788096,97
2024-09-18 15:49:23.109,415.9187068175204,7
2024-09-18 15:49:23.137,415.9151601893863,15
2024-09-18 15:49:23.250,415.9258702546874,995
2024-09-18 15:49:23.452,415.92242888630375,99
2024-09-18 15:49:23.454,415.9324296467904,96
2024-09-18 15:49:23.460,415.9100011773036,997
2024-09-18 15:49:23.476,415.9415034046143,95
2024-09-18 15:49:23.577,415.9457422609667,997
2024-09-18 15:49:23.624,415.9257204775399,6
2024-09-18 15:49:23.627,415.95588605207365,11
2024-09-18 15:49:23.639,415.9324461612544,12
2024-09-18 15:49:23.794,415.9042730385318,14
2024-09-18 15:49:23.816,415.90146099623166,5
2024-09-18 15:49:23.829,415.929908245404,7
2024-09-18 15:49:23.841,415.9087195000759,13
2024-09-18 15:49:23.865,415.93421023384894,1000
2024-09-18 15:49:23.897,415.92985539276526,999
2024-09-18 15:49:23.917,41.59343233566807,95
2024-09-18 15:49:23.996,415.93822804595726,101
2024-09-18 15:49:24.033,415.8789395244027,103
2024-09-18 15:49:24.048,415.8702383274468,997
2024-09-18 15:49:24.153,415.8106847879512,15
2024-09-18 15:49:24.168,415.8237675423509,102
2024-09-18 15:49:24.169,415.8588551027469,102
2024-09-18 15:49:24.174,415.8757845085145,1002
2024-09-18 15:49:24.203,415.91942551624686,105
2024-09-18 15:49:24.234,415.8791667129437,14
2024-09-18 15:49:24.237,41.57836622067136,9
2024-09-18 15:49:24.246,415.9086186609794,12
2024-09-18 15:49:24.290,415.763202964642,103
2024-09-18 15:49:24.295,415.9161821225997,1004
2024-09-18 15:49:24.301,415.92277730789874,105
2024-09-18 15:49:24.371,415.9259972632986,995
2024-09-18 15:49:24.372,415.93430943304463,1003
2024-09-18 15:49:24.381,415.9235889319338,97
2024-09-18 15:49:24.385,415.8263184516529,96
2024-09-18 15:49:24.528,415.796198313561,998
2024-09-18 15:49:24.588,415.91658139519103,1005
2024-09-18 15:49:24.639,415.8233060765071,995
2024-09-18 15:49:24.641,415.83921326824486,1004
2024-09-18 15:49:24.733,415.8260037413157,12
2024-09-18 15:49:24.750,415.7649101546467,996
2024-09-18 15:49:24.756,415.76237290542826,1002
2024-09-18 15:49:24.822,415.78890718496416,105
2024-09-18 15:49:24.870,415.7949540915523,1003
2024-09-18 15:49:24.871,415.8365819542164,5
2024-09-18 15:49:24.889,415.8608498417418,995
2024-09-18 15:49:24.919,415.75827099118914,1005
2024-09-18 15:49:24.979,415.7819106469174,1005
2024-09-18 15:49:25.652,415.78863246562753,101
2024-09-18 15:49:26.071,415.8034957187086,8
2024-09-18 15:49:27.077,415.7814002362896,1000
2024-09-18 15:49:27.084,415.79707798688776,1000
2024-09-18 15:49:27.383,415.8010100871463,996
2024-09-18 15:49:27.443,415.8041261860856,13
2024-09-18 15:49:27.629,412.5113669905873,97
2024-09-18 15:49:28.021,415.7687490058893,5
2024-09-18 15:49:28.029,415.7750429577861,12
2024-09-18 15:49:28.056,415.7406865308263,11
2024-09-18 15:49:28.066,415.7787919658063,1005
2024-09-18 15:49:28.084,415.7461296457512,103
2024-09-18 15:49:28.169,415.78457027959774,1002
2024-09-18 15:49:28.182,415.7666791147066,997
2024-09-18 15:49:28.217,415.7510813879398,996
2024-09-18 15:49:28.228,415.7660879738695,96
2024-09-18 15:49:28.310,415.7601354260752,14
2024-09-18 15:49:28.336,415.79537760085935,96
2024-09-18 15:49:28.428,415.7815025695894,1001
2024-09-18 15:49:28.455,415.7565769255356,9
2024-09-18 15:49:28.464,415.76856128969234,14
2024-09-18 15:49:28.527,415.76930005868,6
2024-09-18 15:49:28.553,415.7774941309001,8
2024-09-18 15:49:28.556,415.7782144731148,98
2024-09-18 15:49:28.564,415.7541696716248,13
2024-09-18 15:49:28.583,415.7678393849413,97
2024-09-18 15:49:28.728,415.7527845438317,95
2024-09-18 15:49:28.729,415.7607821693347,98
2024-09-18 15:49:28.813,415.7581643560838,999
2024-09-18 15:49:28.843,415.73295828563255,100
2024-09-18 15:49:28.849,415.7577120366838,998
2024-09-18 15:49:28.879,415.76994431268594,5
2024-09-18 15:49:28.883,415.767752354078,1003
2024-09-18 15:49:28.908,415.7537845453327,997
2024-09-18 15:49:29.024,415.801589697862,8
2024-09-18 15:49:29.170,415.8221070903896,98
2024-09-18 15:49:29.225,415.82036921422167,1001
2024-09-18 15:49:29.229,415.8131555170692,6
2024-09-18 15:49:29.256,41.576621353993154,97
2024-09-18 15:49:29.373,415.7886679916133,997
2024-09-18 15:49:29.526,415.8015443128701,1002
2024-09-18 15:49:29.654,415.8009961793359,103
2024-09-18 15:49:29.658,415.815446340091,9
2024-09-18 15:49:29.834,415.8336645018345,1004
2024-09-18 15:49:29.906,415.7876964396633,998
2024-09-18 15:49:29.949,415.7941428369377,999
2024-09-18 15:49:29.966,415.7941820340991,6
2024-09-18 15:49:30.027,415.7880531053945,104
2024-09-18 15:49:30.171,415.7979278007404,95
2024-09-18 15:49:30.185,415.75942590225503,9
2024-09-18 15:49:30.278,415.79622639701694,1003
2024-09-18 15:49:30.304,415.7911328802104,1004
2024-09-18 15:49:30.386,415.795789777486,5
2024-09-18 15:49:30.402,415.77726500417714,995
2024-09-18 15:49:30.407,415.7902877607803,1000
2024-09-18 15:49:30.423,415.7686198017246,999
2024-09-18 15:49:30.437,415.7992486694136,95
2024-09-18 15:49:30.464,415.7988542994833,9
2024-09-18 15:49:30.523,415.77839932459153,1000
2024-09-18 15:49:30.579,415.78083343927847,6
2024-09-18 15:49:30.637,415.7979782921238,13
2024-09-18 15:49:30.661,415.78265854682286,15
2024-09-18 15:49:30.663,41.57962135793333,103
2024-09-18 15:49:30.677,415.80269501611536,1001
2024-09-18 15:49:30.709,415.80471471534986,1000
2024-09-18 15:49:30.762,415.79606080988407,1003
2024-09-18 15:49:30.799,415.770812635124,8
2024-09-18 15:49:30.821,415.7810095604786,7
2024-09-18 15:49:30.856,415.797192925164,98
2024-09-18 15:49:31.016,415.7662272872621,1005
2024-09-18 15:49:31.023,415.77491052911887,96
2024-09-18 15:49:31.095,415.7758862373424,999
2024-09-18 15:49:31.138,415.779527176821,9
2024-09-18 15:49:31.173,41.57801114472415,12
2024-09-18 15:49:31.182,415.76829348593446,999
2024-09-18 15:49:31.252,415.8350442090353,14
2024-09-18 15:49:31.268,415.7834811822245,100
2024-09-18 15:49:31.367,415.8379823790779,105
2024-09-18 15:49:31.375,415.8210508629933,995
2024-09-18 15:49:31.482,415.7693591636915,102
2024-09-18 15:49:31.483,415.78488810937154,6
2024-09-18 15:49:31.487,415.7599571940227,1005
2024-09-18 15:49:31.527,415.75193856045496,98
2024-09-18 15:49:31.546,415.8186650419648,995
2024-09-18 15:49:31.668,415.8113819370878,997
2024-09-18 15:49:31.699,415.80685173861775,6
2024-09-18 15:49:31.730,415.7943735442313,1004
2024-09-18 15:49:31.749,415.7930615513459,95
2024-09-18 15:49:31.859,415.8020826881612,102
2024-09-18 15:49:31.922,415.7830392850392,99
2024-09-18 15:49:31.936,415.8194323368826,97
2024-09-18 15:49:32.016,415.86389779825913,105
2024-09-18 15:49:32.048,415.8231272659997,996
2024-09-18 15:49:32.143,415.8445521868438,1002
2024-09-18 15:49:32.170,415.8360928762806,11
2024-09-18 15:49:32.173,415.8463253621896,10
2024-09-18 15:49:32.185,415.8425305271975,99
2024-09-18 15:49:32.220,415.8564089999806,997
2024-09-18 15:49:32.244,415.882968046578,12
2024-09-18 15:49:32.371,415.8740449484633,15
2024-09-18 15:49:32.389,415.87687738424927,997
2024-09-18 15:49:32.403,415.8811497269569,12
2024-09-18 15:49:32.410,415.84610754471385,105
2024-09-18 15:49:32.417,415.87619598076304,9
2024-09-18 15:49:32.448,415.8658166512929,105
2024-09-18 15:49:32.460,415.8462713792844,9
2024-09-18 15:49:32.468,415.8739822697254,1000
2024-09-18 15:49:32.493,415.88456482111707,996
2024-09-18 15:49:32.542,412.5321207750822,998
2024-09-18 15:49:32.588,415.8599300406124,1005
2024-09-18 15:49:32.806,415.8556475341864,101
2024-09-18 15:49:32.823,415.8731489335226,99
2024-09-18 15:49:32.921,415.8898117236171,1000
2024-09-18 15:49:32.959,415.8272228240082,13
2024-09-18 15:49:32.963,415.8803496222415,1004
2024-09-18 15:49:32.968,415.8830550351967,995
2024-09-18 15:49:33.157,415.8405960716159,102
2024-09-18 15:49:33.656,415.8516648793676,1005
2024-09-18 15:49:34.079,415.8291070039658,101
2024-09-18 15:49:34.106,415.8226444112551,997
2024-09-18 15:49:34.269,412.5450536948628,14
2024-09-18 15:49:34.275,415.83190309967824,997
2024-09-18 15:49:34.341,415.8001002880367,7
2024-09-18 15:49:34.367,415.8255159141426,1004
2024-09-18 15:49:34.378,415.8465960510967,1000
2024-09-18 15:49:34.397,415.8213892461941,1003
2024-09-18 15:49:34.410,415.8424862847555,5
2024-09-18 15:49:34.451,415.84538120011104,98
2024-09-18 15:49:34.725,415.8388992173652,999
2024-09-18 15:49:34.867,415.8322939657357,102
2024-09-18 15:49:34.949,415.823119922108,998
2024-09-18 15:49:34.995,415.8414964776876,102
2024-09-18 15:49:36.040,415.7841711190981,11
2024-09-18 15:49:36.220,415.815506356738,100
2024-09-18 15:49:36.402,415.7874144581848,1004
2024-09-18 15:49:36.440,415.801805522202,1001
2024-09-18 15:49:36.470,415.79466459877233,101
2024-09-18 15:49:36.583,415.8356496392146,999
2024-09-18 15:49:36.591,415.8014890431969,14
2024-09-18 15:49:36.784,415.7733605071672,104
2024-09-18 15:49:37.092,415.84717502327567,11
2024-09-18 15:49:37.101,415.85595841539,95
2024-09-18 15:49:37.149,415.85660986163214,103
2024-09-18 15:49:37.208,415.8345280819918,1000
2024-09-18 15:49:37.244,415.84043140231967,103
2024-09-18 15:49:37.343,415.848893035276,98
2024-09-18 15:49:37.354,415.8459690715761,7
2024-09-18 15:49:37.452,415.8293082531444,10
2024-09-18 15:49:37.625,415.826642925501,998
2024-09-18 15:49:37.677,415.85292916215457,101
2024-09-18 15:49:37.682,415.8624697528299,103
2024-09-18 15:49:37.770,415.8307627201942,100
2024-09-18 15:49:37.815,415.8620703109143,12
2024-09-18 15:49:37.903,415.8451229493166,13
2024-09-18 15:49:37.944,415.8467856830136,995
2024-09-18 15:49:38.023,,101
2024-09-18 15:49:38.100,415.7897769952051,12
2024-09-18 15:49:38.195,415.8132552234301,105
2024-09-18 15:49:38.284,415.8292405866935,1005
2024-09-18 15:49:38.407,415.8243380692913,8
2024-09-18 15:49:38.450,415.83746116329615,995
2024-09-18 15:49:38.471,415.80925698004216,998
2024-09-18 15:49:38.519,415.7881715639037,100
2024-09-18 15:49:38.539,415.7800418054933,7
2024-09-18 15:49:38.712,415.7999402735156,5
2024-09-18 15:49:38.713,415.794045660253,8
2024-09-18 15:49:38.751,415.8382627515327,1004
2024-09-18 15:49:38.761,-415.7837265941863,99
2024-09-18 15:49:38.786,415.8075029993977,10
2024-09-18 15:49:38.802,415.8011186053637,1002
2024-09-18 15:49:38.904,415.7853744749646,100
2024-09-18 15:49:39.047,415.8578461665657,999
2024-09-18 15:49:39.784,415.8500486775334,15
2024-09-18 15:49:39.795,41.58571609016354,1001
2024-09-18 15:49:39.862,415.8548945817943,8
2024-09-18 15:49:39.881,-415.85007161062174,95
2024-09-18 15:49:40.015,415.94719734510886,12
2024-09-18 15:49:40.022,415.90439665231065,10
2024-09-18 15:49:40.045,415.91666608397645,1002
2024-09-18 15:49:40.113,415.8361632288851,10
2024-09-18 15:49:40.166,415.8337355454457,1001
2024-09-18 15:49:40.198,415.9219562975616,998
2024-09-18 15:49:40.199,415.8648930992811,1004
2024-09-18 15:49:40.245,415.9023987062175,12
2024-09-18 15:49:40.286,415.84839638016746,14
2024-09-18 15:49:40.288,415.908445774841,96
2024-09-18 15:49:40.314,,997
2024-09-18 15:49:40.353,415.9086538110371,1003
2024-09-18 15:49:40.425,415.87184723670686,100
2024-09-18 15:49:40.438,415.8812743889218,103
2024-09-18 15:49:40.600,415.93237353789937,12
2024-09-18 15:49:40.673,415.9439470337132,1002
2024-09-18 15:49:40.677,415.89319548210864,99
2024-09-18 15:49:40.698,415.9364672706621,100
2024-09-18 15:49:40.701,415.90877137507,15
2024-09-18 15:49:40.707,415.89992512437055,12
2024-09-18 15:49:40.753,415.8422590223837,5
2024-09-18 15:49:40.768,415.8576742455203,1002
2024-09-18 15:49:40.772,415.87063775322736,7
2024-09-18 15:49:40.780,415.89044879670143,10
2024-09-18 15:49:40.851,415.8910911506175,996
2024-09-18 15:49:40.970,415.9271810040924,14
2024-09-18 15:49:40.983,415.9154139808657,104
2024-09-18 15:49:40.996,415.94102989008695,1004
2024-09-18 15:49:41.001,415.8683810231264,101
2024-09-18 15:49:41.044,415.8767751271382,102
2024-09-18 15:49:41.169,415.87352951285726,5
2024-09-18 15:49:41.202,415.8678381556441,95
2024-09-18 15:49:41.217,415.9030989119945,1005
2024-09-18 15:49:41.331,415.8955897336149,5
2024-09-18 15:49:41.345,415.8989777015887,1005
2024-09-18 15:49:41.534,415.874951704314,95
2024-09-18 15:49:41.559,415.8798913983014,96
2024-09-18 15:49:41.637,415.88953077295673,999
2024-09-18 15:49:41.774,415.8900404929759,11
2024-09-18 15:49:41.795,415.9061716900297,11
2024-09-18 15:49:41.798,415.8898929204781,99
2024-09-18 15:49:41.890,415.8705794139741,6
2024-09-18 15:49:42.012,415.8295227130029,997
2024-09-18 15:49:42.013,415.85715192279554,997
2024-09-18 15:49:42.122,415.85591296409314,12
2024-09-18 15:49:42.138,415.8555005761185,1000
2024-09-18 15:49:42.175,415.84513868017393,95
2024-09-18 15:49:42.207,415.8699381059113,12
2024-09-18 15:49:42.267,415.8533804758072,102
2024-09-18 15:49:42.421,415.8747650207677,9
2024-09-18 15:49:42.425,415.8447284286893,1004
2024-09-18 15:49:42.435,415.8603140137604,1001
2024-09-18 15:49:42.462,415.8585894741864,102
2024-09-18 15:49:42.469,415.8583648160909,5
2024-09-18 15:49:42.470,,102
2024-09-18 15:49:42.499,415.8578427009381,1005
2024-09-18 15:49:42.565,415.85004865568686,9
2024-09-18 15:49:42.595,415.86517915024746,996
2024-09-18 15:49:42.644,415.8283660973521,102
2024-09-18 15:49:42.654,415.84886255346487,1000
2024-09-18 15:49:42.662,415.8523933819063,995
2024-09-18 15:49:42.671,415.86831639294985,995
2024-09-18 15:49:42.800,415.8408771688923,95
2024-09-18 15:49:42.801,415.84903686926725,1002
2024-09-18 15:49:42.850,415.83992228955697,1004
2024-09-18 15:49:42.867,415.8316046727823,997
2024-09-18 15:49:42.896,415.8450682263452,96
2024-09-18 15:49:42.896,415.86138889242415,105
2024-09-18 15:49:42.897,415.87351232498935,995
2024-09-18 15:49:42.920,415.83348155722086,96
2024-09-18 15:49:42.925,415.8547196544042,1003
2024-09-18 15:49:43.061,415.8572946588042,99
2024-09-18 15:49:43.100,415.8718394087347,96
2024-09-18 15:49:43.154,415.8732756373498,1005
2024-09-18 15:49:43.178,415.88163315779775,8
2024-09-18 15:49:43.179,415.8615807068838,998
2024-09-18 15:49:43.211,415.8840614280104,997
2024-09-18 15:49:43.230,415.8531628371061,99
2024-09-18 15:49:43.240,415.8795111217623,1004
2024-09-18 15:49:43.373,415.8778406275064,5
2024-09-18 15:49:43.439,415.8578966662693,1000
2024-09-18 15:49:43.517,415.8733823966989,1005
2024-09-18 15:49:43.558,415.8779781234889,7
2024-09-18 15:49:43.598,415.8686197666064,1003
2024-09-18 15:49:43.713,415.8577744601313,1002
2024-09-18 15:49:43.836,415.870859968097,104
2024-09-18 15:49:43.898,415.85187869146847,104
2024-09-18 15:49:43.973,415.8590576325225,6
2024-09-18 15:49:43.977,415.8655883820511,998
2024-09-18 15:49:43.980,415.8776312910879,103
2024-09-18 15:49:43.998,415.8920407848325,9
2024-09-18 15:49:44.014,415.8387104725649,11
2024-09-18 15:49:44.026,415.8299754389833,15
2024-09-18 15:49:44.031,415.82436474956415,995
2024-09-18 15:49:44.148,415.8239505925695,1001
2024-09-18 15:49:44.690,415.809424919744,12
2024-09-18 15:49:44.760,415.833777107473,998
2024-09-18 15:49:44.785,415.839690283416,1004
2024-09-18 15:49:45.110,415.82311835750056,97
2024-09-18 15:49:45.202,415.84770381449664,1005
2024-09-18 15:49:45.230,415.8234116679777,105
2024-09-18 15:49:45.329,-415.8062468673415,1001
2024-09-18 15:49:45.617,415.8445367165372,99
2024-09-18 15:49:46.041,415.8099551332376,995
2024-09-18 15:49:46.258,415.7911681198782,14
2024-09-18 15:49:46.825,415.8170768732248,6
2024-09-18 15:49:46.847,415.7957796336565,1000
2024-09-18 15:49:46.902,415.842245183729,14
2024-09-18 15:49:46.911,415.8208399351854,995
2024-09-18 15:49:46.948,415.8341935408178,10
2024-09-18 15:49:46.960,415.801598358564,7
2024-09-18 15:49:47.452,415.8014552806352,998
2024-09-18 15:49:48.027,415.8628846346188,12
2024-09-18 15:49:48.033,415.8782855130263,99
2024-09-18 15:49:48.041,415.8360414921329,15
2024-09-18 15:49:48.150,415.8299209951151,1004
2024-09-18 15:49:48.155,415.81149817303015,12
2024-09-18 15:49:48.217,415.89090906414526,5
2024-09-18 15:49:48.221,415.9037480332608,999
2024-09-18 15:49:48.223,415.8223908496991,10
2024-09-18 15:49:48.309,415.8117764563756,1001
2024-09-18 15:49:48.326,415.8874032776784,101
2024-09-18 15:49:48.360,415.9374950519584,14
2024-09-18 15:49:48.428,415.9007407606388,8
2024-09-18 15:49:48.469,415.9213495587688,9
2024-09-18 15:49:48.470,415.8728522496713,995
2024-09-18 15:49:48.519,415.8941982519674,5
2024-09-18 15:49:48.602,415.94730545306845,5
2024-09-18 15:49:48.685,415.83629632022416,100
2024-09-18 15:49:48.704,415.95439836048587,998
2024-09-18 15:49:48.705,415.8341908693113,96
2024-09-18 15:49:48.733,415.8098798902728,996
2024-09-18 15:49:48.770,415.9145868101008,11
2024-09-18 15:49:48.857,415.8236964457906,1002
2024-09-18 15:49:48.941,415.9199683301524,102
2024-09-18 15:49:48.942,415.9162045475193,999
2024-09-18 15:49:49.082,415.9375286462368,998
2024-09-18 15:49:49.178,415.93413530960726,998
2024-09-18 15:49:49.364,415.9293723548478,8
2024-09-18 15:49:49.571,415.9038766226943,98
2024-09-18 15:49:49.770,415.92758457403215,103
2024-09-18 15:49:49.777,415.9256331320488,102
2024-09-18 15:49:49.889,415.9370329869469,13
2024-09-18 15:49:49.891,415.94463870975767,10
2024-09-18 15:49:49.916,415.925395693778,100
2024-09-18 15:49:50.103,415.95105625146033,1005
2024-09-18 15:49:50.775,415.9438390806201,1004
2024-09-18 15:49:50.877,-415.9530365536692,1001
2024-09-18 15:49:50.967,415.96256584234345,9
2024-09-18 15:49:51.039,415.9781514850749,1001
2024-09-18 15:49:51.138,415.95046076758257,995
2024-09-18 15:49:51.150,415.9393401136893,996
2024-09-18 15:49:51.283,415.968256948622,999
2024-09-18 15:49:51.436,415.9762845612037,1003
2024-09-18 15:49:51.472,415.9232921412963,6
2024-09-18 15:49:51.491,415.9424808181463,102
2024-09-18 15:49:51.503,415.9599617663226,14
2024-09-18 15:49:51.615,415.9730528671376,103
2024-09-18 15:49:51.617,415.9765246388485,101
2024-09-18 15:49:51.641,415.90683733503374,996
2024-09-18 15:49:51.649,415.91262855205656,100
2024-09-18 15:49:51.873,,13
2024-09-18 15:49:51.893,415.94448014548647,10
2024-09-18 15:49:51.981,,7
2024-09-18 15:49:52.005,415.9144256368118,95
2024-09-18 15:49:52.028,415.9102610776423,997
2024-09-18 15:49:52.053,415.9292578054767,10
2024-09-18 15:49:52.086,415.8910797011632,10
2024-09-18 15:49:52.089,415.93525094785866,96
2024-09-18 15:49:52.111,415.9022200164301,8
2024-09-18 15:49:52.248,415.90480573780746,99
2024-09-18 15:49:52.453,415.9310477138667,100
2024-09-18 15:49:52.482,415.9462871378757,5
2024-09-18 15:49:52.483,415.9517732420475,96
2024-09-18 15:49:52.595,415.9084698876905,95
2024-09-18 15:49:52.606,415.9039537759409,999
2024-09-18 15:49:52.684,-415.9159187218714,97
2024-09-18 15:49:52.694,415.8963334660955,98
2024-09-18 15:49:52.708,415.9301738690152,1000
2024-09-18 15:49:52.792,415.9415713724362,100
2024-09-18 15:49:52.852,415.8830550990856,6
2024-09-18 15:49:52.950,415.9042914024536,105
2024-09-18 15:49:52.975,415.94131798581645,1005
2024-09-18 15:49:52.984,415.9625413368997,996
2024-09-18 15:49:54.196,415.9279757895143,7
2024-09-18 15:49:54.478,415.9515268687076,996
2024-09-18 15:49:54.802,415.9483152368611,104
2024-09-18 15:49:54.907,415.9222856587597,997
2024-09-18 15:49:54.958,415.9347366129709,1001
2024-09-18 15:49:55.040,415.9485885989904,13
2024-09-18 15:49:55.091,415.94707429013016,14
2024-09-18 15:49:55.092,415.9531565227166,103
2024-09-18 15:49:55.110,415.943840906956,97
2024-09-18 15:49:55.113,415.9457795455245,100
2024-09-18 15:49:55.148,412.6192402886586,998
2024-09-18 15:49:55.515,415.9542641395828,102
2024-09-18 15:49:55.579,412.57842249111104,995
2024-09-18 15:49:55.779,415.9431826488304,10
2024-09-18 15:49:55.826,415.9497327744146,98
2024-09-18 15:49:55.965,415.9411197055803,103
2024-09-18 15:49:56.110,415.92983938944985,7
2024-09-18 15:49:56.178,415.9370751943934,1003
2024-09-18 15:49:56.286,415.9559569614788,6
2024-09-18 15:49:56.325,415.92036402100666,97
2024-09-18 15:49:56.430,415.925129599193,97
2024-09-18 15:49:56.431,415.9377711307087,101
2024-09-18 15:49:56.480,415.9244480664164,1002
2024-09-18 15:49:56.951,415.9323894388188,101
2024-09-18 15:49:56.957,415.9422413909195,1005
2024-09-18 15:49:57.077,415.95197059584575,12
2024-09-18 15:49:57.088,415.94617378795726,99
2024-09-18 15:49:57.106,415.9441718009545,95
2024-09-18 15:49:57.169,415.97295822221287,15
2024-09-18 15:49:57.175,415.94784616215065,1002
2024-09-18 15:49:57.203,415.9510923132212,15
2024-09-18 15:49:57.227,416.01605086939617,103
2024-09-18 15:49:57.241,415.9928398740586,1005
2024-09-18 15:49:57.336,416.01551674656827,995
2024-09-18 15:49:57.368,415.9634568494264,105
2024-09-18 15:49:57.380,415.95870763971857,98
2024-09-18 15:49:57.381,415.98155657982574,102
2024-09-18 15:49:57.415,415.9423845936165,15
2024-09-18 15:49:57.521,416.0007910776087,5
2024-09-18 15:49:57.700,416.0155223259815,11
2024-09-18 15:49:57.754,415.9486198013605,104
2024-09-18 15:49:57.798,415.9798438469874,9
2024-09-18 15:49:57.805,416.0138118437116,13
2024-09-18 15:49:57.851,415.9897050783509,10
2024-09-18 15:49:57.862,416.0309896730584,96
2024-09-18 15:49:57.885,416.0026016162224,102
2024-09-18 15:49:57.947,415.9861445238217,7
2024-09-18 15:49:57.979,416.011148716554,1003
2024-09-18 15:49:57.992,415.9921999075225,1005
2024-09-18 15:49:58.011,416.0000507327596,14
2024-09-18 15:49:58.021,416.08829372420655,998
2024-09-18 15:49:58.059,416.0549493046125,104
2024-09-18 15:49:58.109,416.01414223215227,104
2024-09-18 15:49:58.109,416.08818876535,1004
2024-09-18 15:49:58.251,416.0665564892727,104
2024-09-18 15:49:58.297,416.0314525965432,1002
2024-09-18 15:49:58.334,416.058034596364,1004
2024-09-18 15:49:58.454,416.0201588049682,996
2024-09-18 15:49:58.516,416.1067408060254,11
2024-09-18 15:49:58.540,416.0321338097218,96
2024-09-18 15:49:58.595,416.0461922518009,7
2024-09-18 15:49:58.600,416.00569467383735,8
2024-09-18 15:49:58.616,416.0169115223405,99
2024-09-18 15:49:58.634,416.0875781692978,104
2024-09-18 15:49:58.644,416.027451500617,13
2024-09-18 15:49:58.700,416.0389122391905,98
2024-09-18 15:49:58.790,416.0538561467219,1004
2024-09-18 15:49:58.829,416.083378545143,103
2024-09-18 15:49:58.834,416.034939103158,1005
2024-09-18 15:49:58.876,416.07171987597167,1001
2024-09-18 15:49:58.894,416.088235715251,9
2024-09-18 15:49:58.932,416.0574471159493,101
2024-09-18 15:49:58.936,416.0548859293039,10
2024-09-18 15:49:58.988,416.0313692811252,14
2024-09-18 15:49:59.020,416.0249060507873,999
2024-09-18 15:49:59.062,415.97660214179257,1005
2024-09-18 15:49:59.069,416.0259865309338,1000
2024-09-18 15:49:59.080,415.9822436574565,101
2024-09-18 15:49:59.118,416.0059570548761,101
2024-09-18 15:49:59.282,415.9861996645489,1005
2024-09-18 15:49:59.285,415.998430943669,105
2024-09-18 15:49:59.299,416.0057903371765,96
2024-09-18 15:49:59.353,416.0101736983432,98
2024-09-18 15:49:59.386,416.0012590879582,1004
2024-09-18 15:49:59.526,415.9852474488978,11
2024-09-18 15:49:59.598,416.0063603338005,1001
2024-09-18 15:49:59.603,415.9925942820648,97
2024-09-18 15:49:59.643,416.034961903284,1004
2024-09-18 15:49:59.730,415.9689264968412,99
2024-09-18 15:49:59.737,416.0158314369841,5
2024-09-18 15:49:59.781,415.97119764276255,1003
2024-09-18 15:49:59.852,416.0172692607199,95
