Timestamp,Price,Size
2024-09-17 13:37:00.050,402.8697925483365,998
2024-09-17 13:37:00.125,402.84682934080814,8
2024-09-17 13:37:00.185,402.8638696086033,1004
2024-09-17 13:37:00.200,402.879639887378,10
2024-09-17 13:37:00.250,402.8638961381906,1000
2024-09-17 13:37:00.276,402.8589587746631,98
2024-09-17 13:37:00.289,402.8595237472013,8
2024-09-17 13:37:00.312,402.8721305638833,14
2024-09-17 13:37:00.343,40.28560866415581,5
2024-09-17 13:37:00.351,402.8170301741922,12
2024-09-17 13:37:00.358,402.85696985351103,105
2024-09-17 13:37:00.421,402.8470258548378,95
2024-09-17 13:37:00.437,402.86385135465287,14
2024-09-17 13:37:00.646,402.8518756978482,1000
2024-09-17 13:37:00.665,402.8381396734934,11
2024-09-17 13:37:00.717,402.8516297476055,1001
2024-09-17 13:37:00.822,402.826217182247,997
2024-09-17 13:37:00.830,402.8673344322629,11
2024-09-17 13:37:00.881,402.8560247017104,997
2024-09-17 13:37:00.951,-402.8781844115326,103
2024-09-17 13:37:00.980,402.83803749222994,1004
2024-09-17 13:37:01.034,402.761534902601,1004
2024-09-17 13:37:01.036,402.8149505036983,98
2024-09-17 13:37:01.063,402.7522422364749,1000
2024-09-17 13:37:01.066,402.7889795410942,8
2024-09-17 13:37:01.085,402.80104643278025,101
2024-09-17 13:37:01.105,-402.8038674647527,95
2024-09-17 13:37:01.145,402.732696123173,95
2024-09-17 13:37:01.162,402.74922814021465,996
2024-09-17 13:37:01.248,402.81397940262735,1004
2024-09-17 13:37:01.276,402.8257587801693,12
2024-09-17 13:37:01.328,402.73632375220905,103
2024-09-17 13:37:01.330,402.7571607484833,98
2024-09-17 13:37:01.353,402.8199214644053,9
2024-09-17 13:37:01.391,402.7467551022863,102
2024-09-17 13:37:01.472,402.7777800232665,104
2024-09-17 13:37:01.618,402.7514194313201,6
2024-09-17 13:37:01.667,402.76867000217294,101
2024-09-17 13:37:01.725,402.7506452563986,14
2024-09-17 13:37:01.749,402.8001689511672,996
2024-09-17 13:37:01.836,402.77340139111305,997
2024-09-17 13:37:01.906,402.7226766004776,1001
2024-09-17 13:37:01.973,402.81877289832414,100
2024-09-17 13:37:02.178,402.687088327996,1004
2024-09-17 13:37:02.221,402.668540569502,9
2024-09-17 13:37:02.261,402.6739974201046,9
2024-09-17 13:37:02.272,402.6971787505515,95
2024-09-17 13:37:02.368,402.6611108128183,1001
2024-09-17 13:37:02.405,402.6723396284029,105
2024-09-17 13:37:02.429,402.70993924951154,96
2024-09-17 13:37:02.488,402.6505785594416,96
2024-09-17 13:37:02.518,402.72326096470016,1001
2024-09-17 13:37:02.521,402.7292715814479,1001
2024-09-17 13:37:02.524,402.6638693148124,105
2024-09-17 13:37:02.541,402.6796038961445,9
2024-09-17 13:37:02.656,402.7070998359119,997
2024-09-17 13:37:02.662,402.6543012756469,9
2024-09-17 13:37:02.675,402.73634916987857,101
2024-09-17 13:37:02.767,402.6621341130591,14
2024-09-17 13:37:02.830,402.66015646219967,104
2024-09-17 13:37:02.892,402.6868863518303,13
2024-09-17 13:37:02.924,402.73408253450816,1002
2024-09-17 13:37:03.002,402.6002481517114,998
2024-09-17 13:37:03.125,402.562634932448,1001
2024-09-17 13:37:03.126,402.5802757406897,13
2024-09-17 13:37:03.225,402.6101079325071,997
2024-09-17 13:37:03.342,402.5823447668306,10
2024-09-17 13:37:03.454,402.6269314026055,97
2024-09-17 13:37:03.559,402.5667568814973,96
2024-09-17 13:37:03.577,40.25678255800408,995
2024-09-17 13:37:03.732,402.57474839643095,1002
2024-09-17 13:37:03.789,402.60081556569696,8
2024-09-17 13:37:03.866,402.6326329301576,15
2024-09-17 13:37:03.877,402.57015223785777,100
2024-09-17 13:37:03.882,402.6373599787871,5
2024-09-17 13:37:04.144,402.645451753366,9
2024-09-17 13:37:04.432,402.60527780608703,998
2024-09-17 13:37:04.808,402.6244366555771,103
2024-09-17 13:37:04.810,402.6157347981888,100
2024-09-17 13:37:05.096,402.6511038775596,98
2024-09-17 13:37:05.132,402.6114762017745,103
2024-09-17 13:37:05.219,402.6656628445047,9
2024-09-17 13:37:05.273,402.6494836207544,1002
2024-09-17 13:37:05.297,402.6642844837514,5
2024-09-17 13:37:05.343,402.649395786184,105
2024-09-17 13:37:05.385,402.6453365528751,1005
2024-09-17 13:37:05.404,402.6280925800298,100
2024-09-17 13:37:05.423,402.6253827194112,9
2024-09-17 13:37:05.442,402.6424017178298,1000
2024-09-17 13:37:05.453,402.6479489978613,997
2024-09-17 13:37:05.489,402.638471245288,97
2024-09-17 13:37:05.503,402.6652458714121,995
2024-09-17 13:37:05.527,402.6259288411595,15
2024-09-17 13:37:05.607,402.6562930978907,996
2024-09-17 13:37:05.675,402.6354116941376,996
2024-09-17 13:37:05.810,402.6371007581546,100
2024-09-17 13:37:05.815,402.6648058669716,11
2024-09-17 13:37:05.888,402.6606217470496,998
2024-09-17 13:37:05.917,402.6211812864111,98
2024-09-17 13:37:05.974,402.6668372660989,1002
2024-09-17 13:37:06.013,402.703699301402,103
2024-09-17 13:37:06.082,402.71176386745657,1001
2024-09-17 13:37:06.120,402.7029109168859,1003
2024-09-17 13:37:06.121,402.6581521569111,13
2024-09-17 13:37:06.198,402.6719646051688,1000
2024-09-17 13:37:06.261,402.63096215804734,14
2024-09-17 13:37:06.338,40.2702685017391,9
2024-09-17 13:37:06.350,402.6952490183798,1001
2024-09-17 13:37:06.455,402.71494640784266,12
2024-09-17 13:37:06.459,402.6977302715024,6
2024-09-17 13:37:06.509,402.6409008673272,105
2024-09-17 13:37:06.629,402.7067357197313,1003
2024-09-17 13:37:06.644,402.65387624639567,101
2024-09-17 13:37:06.686,402.6815789662284,104
2024-09-17 13:37:06.697,402.7054689815761,7
2024-09-17 13:37:06.715,402.68191538705696,995
2024-09-17 13:37:06.732,402.7045417255277,103
2024-09-17 13:37:06.787,402.6439011422001,996
2024-09-17 13:37:06.829,402.6582191647207,14
2024-09-17 13:37:06.829,,100
2024-09-17 13:37:06.882,402.65907840417,12
2024-09-17 13:37:06.909,402.7048346143418,99
2024-09-17 13:37:06.926,402.7015145243767,15
2024-09-17 13:37:06.926,402.7030285615561,998
2024-09-17 13:37:06.957,402.6754472617062,97
2024-09-17 13:37:06.962,402.6852982435457,999
2024-09-17 13:37:06.970,402.66832063123695,13
2024-09-17 13:37:07.163,402.6539030526123,104
2024-09-17 13:37:07.173,402.6626703574652,98
2024-09-17 13:37:07.257,402.6669896570372,13
2024-09-17 13:37:07.279,402.6436985474903,1001
2024-09-17 13:37:07.336,402.6869131392404,98
2024-09-17 13:37:07.405,402.6519169039901,10
2024-09-17 13:37:07.673,402.68737643564816,11
2024-09-17 13:37:07.817,402.7008069272176,102
2024-09-17 13:37:07.901,402.6807590537339,105
2024-09-17 13:37:07.907,402.6711608164229,10
2024-09-17 13:37:08.173,402.6763361037374,103
2024-09-17 13:37:08.191,402.66846683268807,10
2024-09-17 13:37:08.192,402.6362459082838,14
2024-09-17 13:37:08.230,402.6650706842992,6
2024-09-17 13:37:08.232,402.65996961205866,1001
2024-09-17 13:37:08.249,402.6306364959152,1004
2024-09-17 13:37:08.544,402.6566558803453,12
2024-09-17 13:37:08.640,402.6381924864208,105
2024-09-17 13:37:08.723,402.64073238324096,96
2024-09-17 13:37:08.905,40.2670492512867,98
2024-09-17 13:37:08.945,402.6698949896357,102
2024-09-17 13:37:09.048,402.6255226788603,103
2024-09-17 13:37:09.086,402.66026349433713,12
2024-09-17 13:37:09.102,402.7454569415102,103
2024-09-17 13:37:09.224,402.7438536801759,98
2024-09-17 13:37:09.251,402.6931733931619,1004
2024-09-17 13:37:09.282,402.6980386681992,100
2024-09-17 13:37:09.283,402.6253507512978,1002
2024-09-17 13:37:09.330,402.7407135936799,98
2024-09-17 13:37:09.352,402.6390084467175,6
2024-09-17 13:37:09.428,402.7296147338412,1001
2024-09-17 13:37:09.443,402.7495745055955,104
2024-09-17 13:37:09.560,402.6696975936129,100
2024-09-17 13:37:09.595,-402.657082748698,102
2024-09-17 13:37:09.616,402.74152836653406,97
2024-09-17 13:37:09.791,402.74183395571873,103
2024-09-17 13:37:09.807,402.6347146252947,100
2024-09-17 13:37:09.851,402.6425004906691,999
2024-09-17 13:37:10.621,402.7328788554545,10
2024-09-17 13:37:10.896,402.7375863987451,104
2024-09-17 13:37:10.990,402.7381893364128,102
2024-09-17 13:37:11.017,402.7556308306972,1000
2024-09-17 13:37:11.028,402.8525438470491,104
2024-09-17 13:37:11.030,402.8144990700938,1001
2024-09-17 13:37:11.048,402.8212732633228,1005
2024-09-17 13:37:11.152,402.75532943975537,98
2024-09-17 13:37:11.168,402.83788703719296,1004
2024-09-17 13:37:11.198,402.75247315554174,995
2024-09-17 13:37:11.269,402.8610929381525,995
2024-09-17 13:37:11.273,402.8195221710776,996
2024-09-17 13:37:11.281,402.8577655274448,1001
2024-09-17 13:37:11.291,402.75525711714783,1004
2024-09-17 13:37:11.301,402.8178093560619,6
2024-09-17 13:37:11.306,402.83961942214927,995
2024-09-17 13:37:11.341,402.82341852112,15
2024-09-17 13:37:11.434,402.7561475466241,13
2024-09-17 13:37:11.513,402.8081467926895,103
2024-09-17 13:37:11.531,402.826536343137,97
2024-09-17 13:37:11.567,402.8398852731422,99
2024-09-17 13:37:11.614,402.8255537530969,9
2024-09-17 13:37:11.653,402.8543053467044,9
2024-09-17 13:37:11.683,402.8375188992589,96
2024-09-17 13:37:11.740,402.85809060391387,6
2024-09-17 13:37:11.767,402.8393565266243,1004
2024-09-17 13:37:11.777,402.8539241319696,6
2024-09-17 13:37:11.818,402.7953580225208,9
2024-09-17 13:37:11.820,402.8321772305071,998
2024-09-17 13:37:11.884,402.8400221760078,103
2024-09-17 13:37:11.967,402.75310538571824,99
2024-09-17 13:37:11.975,402.8076384887797,1004
2024-09-17 13:37:11.996,402.7830531869429,8
2024-09-17 13:37:12.047,402.91359427957946,1003
2024-09-17 13:37:12.126,402.9104174662927,97
2024-09-17 13:37:12.141,402.8455647016612,14
2024-09-17 13:37:12.191,402.90804103808017,103
2024-09-17 13:37:12.467,402.8880295683027,102
2024-09-17 13:37:12.505,402.878256004938,6
2024-09-17 13:37:12.638,402.8854792302535,12
2024-09-17 13:37:12.666,402.89014808558966,998
2024-09-17 13:37:12.846,402.8543399923436,98
2024-09-17 13:37:12.890,402.9175379217282,1003
2024-09-17 13:37:12.898,402.82759159437103,9
2024-09-17 13:37:12.939,402.88152943409193,14
2024-09-17 13:37:13.004,402.9764059442108,998
2024-09-17 13:37:13.138,402.9737640378827,15
2024-09-17 13:37:13.168,402.9629487180251,15
2024-09-17 13:37:13.174,402.9534859258964,101
2024-09-17 13:37:13.204,402.9527896486711,104
2024-09-17 13:37:13.206,402.93542610068585,1003
2024-09-17 13:37:13.234,402.9342674926493,11
2024-09-17 13:37:13.292,402.9679987762327,104
2024-09-17 13:37:13.374,402.9698094283049,12
2024-09-17 13:37:13.386,402.9265353560565,1005
2024-09-17 13:37:13.510,402.94856647077177,103
2024-09-17 13:37:13.511,402.9649618821044,13
2024-09-17 13:37:13.600,402.9449385067948,7
2024-09-17 13:37:13.632,402.9072996441692,96
2024-09-17 13:37:13.780,402.9353729638152,995
2024-09-17 13:37:13.823,402.97475904270647,103
2024-09-17 13:37:13.855,402.9769674602202,101
2024-09-17 13:37:13.884,402.9624606741757,98
2024-09-17 13:37:13.936,402.9842026363625,6
2024-09-17 13:37:14.017,402.8577813946546,6
2024-09-17 13:37:14.064,402.89814335651937,1003
2024-09-17 13:37:14.086,402.9115530328069,103
2024-09-17 13:37:14.097,402.8845174289177,997
2024-09-17 13:37:14.111,402.8503178754492,10
2024-09-17 13:37:14.119,402.8652915579109,6
2024-09-17 13:37:14.159,402.8494030963125,997
2024-09-17 13:37:14.177,402.8397596710034,104
2024-09-17 13:37:14.236,402.83202777847634,7
2024-09-17 13:37:14.340,402.8995036293628,11
2024-09-17 13:37:14.466,402.8502715986849,105
2024-09-17 13:37:14.506,402.8846844891052,97
2024-09-17 13:37:14.529,402.8438903842167,98
2024-09-17 13:37:14.568,402.9178520477155,96
2024-09-17 13:37:14.611,402.8202967308441,1004
2024-09-17 13:37:14.622,402.8436088390283,1002
2024-09-17 13:37:14.644,402.8888749356004,105
2024-09-17 13:37:14.770,402.8374217807167,996
2024-09-17 13:37:14.771,402.8406052064527,6
2024-09-17 13:37:14.774,402.9142099661616,9
2024-09-17 13:37:14.786,402.8449072598446,1000
2024-09-17 13:37:14.787,402.9089766807561,97
2024-09-17 13:37:14.815,402.874659398731,14
2024-09-17 13:37:14.918,402.8340967256626,100
2024-09-17 13:37:14.955,402.8902275696465,996
2024-09-17 13:37:14.990,402.8602845583309,8
2024-09-17 13:37:15.234,402.9122743081753,103
2024-09-17 13:37:15.425,402.9124438980834,995
2024-09-17 13:37:15.502,402.9074060374603,1005
2024-09-17 13:37:15.621,402.9349183546781,1000
2024-09-17 13:37:15.645,402.9063168337802,1003
2024-09-17 13:37:15.685,402.85626314625193,998
2024-09-17 13:37:15.720,402.8744515792743,1002
2024-09-17 13:37:15.760,402.90225100391376,98
2024-09-17 13:37:15.905,402.9047780248767,999
2024-09-17 13:37:15.926,402.8942467296211,1004
2024-09-17 13:37:15.931,402.8903428810904,11
2024-09-17 13:37:15.978,402.9377183161403,10
2024-09-17 13:37:16.035,402.8652809413339,100
2024-09-17 13:37:16.321,402.8721360293166,99
2024-09-17 13:37:16.581,402.86465070872407,1003
2024-09-17 13:37:17.020,402.9128751851078,5
2024-09-17 13:37:17.198,402.8619690675128,995
2024-09-17 13:37:17.322,402.8686250437906,13
2024-09-17 13:37:17.340,402.8791791920996,97
2024-09-17 13:37:17.409,402.87620793754206,11
2024-09-17 13:37:17.418,402.921294247126,102
2024-09-17 13:37:17.464,402.87754728237576,100
2024-09-17 13:37:17.515,402.8627202847694,105
2024-09-17 13:37:17.527,,11
2024-09-17 13:37:17.673,402.841461428157,9
2024-09-17 13:37:17.684,402.8370374554941,96
2024-09-17 13:37:17.700,402.8788738835137,15
2024-09-17 13:37:17.704,402.83739982241457,6
2024-09-17 13:37:17.777,402.8854529731743,10
2024-09-17 13:37:17.807,402.8851687207823,9
2024-09-17 13:37:17.820,402.8910108228188,95
2024-09-17 13:37:17.822,402.8886867975706,103
2024-09-17 13:37:17.845,402.89570574039874,95
2024-09-17 13:37:17.862,402.8918293609705,105
2024-09-17 13:37:17.891,402.8857369290943,101
2024-09-17 13:37:17.911,402.8589390458043,1000
2024-09-17 13:37:17.913,402.889315054538,8
2024-09-17 13:37:18.024,402.7259873661941,5
2024-09-17 13:37:18.033,402.7289636739933,999
2024-09-17 13:37:18.052,402.80891782584615,6
2024-09-17 13:37:18.114,402.8080129409168,103
2024-09-17 13:37:18.206,402.717226034574,1001
2024-09-17 13:37:18.208,402.8124395136125,1004
2024-09-17 13:37:18.241,402.7567232950188,96
2024-09-17 13:37:18.340,402.792313363429,10
2024-09-17 13:37:18.348,402.7890087120167,104
2024-09-17 13:37:18.352,402.7999217068178,1003
2024-09-17 13:37:18.353,402.8016921604935,996
2024-09-17 13:37:18.419,402.7322738775469,99
2024-09-17 13:37:18.467,402.81337106432727,95
2024-09-17 13:37:18.475,402.7285135284043,6
2024-09-17 13:37:18.589,402.7786767141168,8
2024-09-17 13:37:18.604,402.7367815273397,7
2024-09-17 13:37:18.616,402.7981638590572,95
2024-09-17 13:37:18.623,40.28199914486766,99
2024-09-17 13:37:18.645,402.71915678308807,9
2024-09-17 13:37:18.711,402.75717856596543,95
2024-09-17 13:37:18.764,402.79069646765134,15
2024-09-17 13:37:18.778,402.7236543092951,1005
2024-09-17 13:37:18.808,402.80500307871154,95
2024-09-17 13:37:18.844,402.7542442935071,6
2024-09-17 13:37:18.857,402.8085412493015,15
2024-09-17 13:37:18.989,402.785974355725,104
2024-09-17 13:37:18.992,402.7323899954428,1000
2024-09-17 13:37:19.013,402.7766135019462,100
2024-09-17 13:37:19.113,402.7393015405952,996
2024-09-17 13:37:19.243,402.73586953339776,103
2024-09-17 13:37:19.252,402.74402976178135,96
2024-09-17 13:37:19.254,402.7398208892136,7
2024-09-17 13:37:19.288,402.772939077396,95
2024-09-17 13:37:19.314,402.7420637751046,14
2024-09-17 13:37:19.327,402.7330203991979,98
2024-09-17 13:37:19.335,402.7697027994004,9
2024-09-17 13:37:19.345,-402.7952624220093,99
2024-09-17 13:37:19.346,402.7722148098631,13
2024-09-17 13:37:19.351,402.7641107166742,102
2024-09-17 13:37:19.356,402.77678473671335,99
2024-09-17 13:37:19.395,-402.7419243398693,102
2024-09-17 13:37:19.402,-402.7563426419579,14
2024-09-17 13:37:19.411,402.7859394947644,5
2024-09-17 13:37:19.449,402.7902372960773,105
2024-09-17 13:37:19.537,402.75789580531625,1002
2024-09-17 13:37:19.605,402.7594685240884,1001
2024-09-17 13:37:19.646,402.7530340433965,1000
2024-09-17 13:37:19.816,402.77964778399934,1000
2024-09-17 13:37:19.929,402.7317790603272,9
2024-09-17 13:37:20.031,402.77215641560616,95
2024-09-17 13:37:20.081,402.7800709437506,99
2024-09-17 13:37:20.443,402.78868698339056,999
2024-09-17 13:37:20.933,402.7630122853958,1001
2024-09-17 13:37:20.967,-402.7766680139425,101
2024-09-17 13:37:20.996,402.7691542131717,95
2024-09-17 13:37:21.049,402.7090042577997,95
2024-09-17 13:37:21.159,402.7284925210036,104
2024-09-17 13:37:21.160,402.6842581069442,1005
2024-09-17 13:37:21.222,402.7698279849881,105
2024-09-17 13:37:21.303,402.6795250087277,101
2024-09-17 13:37:21.316,402.7151590294957,95
2024-09-17 13:37:21.362,402.7085325702818,100
2024-09-17 13:37:21.388,,1000
2024-09-17 13:37:21.459,402.716331550389,9
2024-09-17 13:37:21.474,402.7060136679296,103
2024-09-17 13:37:21.499,402.77783413756856,1005
2024-09-17 13:37:21.554,402.7363774134221,1005
2024-09-17 13:37:21.567,402.77381262852873,1005
2024-09-17 13:37:21.625,402.7819002879064,5
2024-09-17 13:37:21.640,402.7487423229561,5
2024-09-17 13:37:21.649,402.7400658404957,105
2024-09-17 13:37:21.717,402.7318292178752,9
2024-09-17 13:37:21.895,402.74485026524303,1002
2024-09-17 13:37:21.924,402.767788952955,104
2024-09-17 13:37:21.937,402.7276166330242,11
2024-09-17 13:37:21.998,402.72369823012514,7
2024-09-17 13:37:22.432,402.6726056223327,98
2024-09-17 13:37:23.015,402.6599337537212,9
2024-09-17 13:37:23.031,402.6587166639154,104
2024-09-17 13:37:23.178,402.6665728465765,1003
2024-09-17 13:37:23.225,402.6779402836338,98
2024-09-17 13:37:23.226,402.6524273095239,10
2024-09-17 13:37:23.269,402.6561890493445,1005
2024-09-17 13:37:23.367,402.6538726963324,8
2024-09-17 13:37:23.385,402.6803303237688,101
2024-09-17 13:37:23.440,402.66964217661234,14
2024-09-17 13:37:23.474,402.67369116461697,14
2024-09-17 13:37:23.490,402.6814740703144,99
2024-09-17 13:37:23.493,402.6710863064265,97
2024-09-17 13:37:23.545,402.670427627928,999
2024-09-17 13:37:23.617,402.62440635366863,15
2024-09-17 13:37:23.658,402.6772595872889,1001
2024-09-17 13:37:23.682,402.6675337844795,12
2024-09-17 13:37:23.765,402.6352593492805,995
2024-09-17 13:37:23.854,402.6590731713525,1001
2024-09-17 13:37:23.888,402.6667187635164,13
2024-09-17 13:37:23.929,402.6557611898927,97
2024-09-17 13:37:24.044,402.6658393843744,6
2024-09-17 13:37:24.050,402.6130050308556,15
2024-09-17 13:37:24.131,402.671183424221,101
2024-09-17 13:37:24.216,402.6117416846011,11
2024-09-17 13:37:24.267,402.6441018699712,105
2024-09-17 13:37:24.268,402.6553578262836,97
2024-09-17 13:37:24.286,402.6306200405197,997
2024-09-17 13:37:24.316,402.6011837836883,97
2024-09-17 13:37:24.326,402.67855071455097,12
2024-09-17 13:37:24.396,402.6253699436246,97
2024-09-17 13:37:24.455,402.66751287391,999
2024-09-17 13:37:24.460,402.6822506765672,103
2024-09-17 13:37:24.481,402.6360158895724,14
2024-09-17 13:37:24.559,402.6124674804989,104
2024-09-17 13:37:24.611,402.66226662324175,101
2024-09-17 13:37:24.617,402.6126637416568,13
2024-09-17 13:37:24.664,402.6069214911905,97
2024-09-17 13:37:24.677,402.6229670828434,15
2024-09-17 13:37:24.685,402.6558161900789,14
2024-09-17 13:37:24.723,402.660678278054,99
2024-09-17 13:37:24.762,402.66292683380783,105
2024-09-17 13:37:24.795,402.6736607416098,104
2024-09-17 13:37:24.809,402.6098392954728,6
2024-09-17 13:37:24.850,402.62918275489807,97
2024-09-17 13:37:25.006,402.66994117399287,99
2024-09-17 13:37:25.045,402.6593257376127,102
2024-09-17 13:37:25.094,402.5635555930037,14
2024-09-17 13:37:25.157,402.57378032771294,7
2024-09-17 13:37:25.162,402.6053891909917,1004
2024-09-17 13:37:25.195,402.5673274386701,11
2024-09-17 13:37:25.207,402.56955291424185,104
2024-09-17 13:37:25.471,402.62282548570494,104
2024-09-17 13:37:25.475,402.5826102195039,997
2024-09-17 13:37:25.499,402.6057705562702,6
2024-09-17 13:37:25.591,402.6002328506522,1001
2024-09-17 13:37:25.608,402.5700158636117,15
2024-09-17 13:37:25.622,402.6333876032103,9
2024-09-17 13:37:25.639,402.6727838139279,101
2024-09-17 13:37:25.813,402.669410563971,104
2024-09-17 13:37:25.838,402.5710352140648,10
2024-09-17 13:37:25.982,-402.6049092804742,998
2024-09-17 13:37:26.020,402.5883798626178,997
2024-09-17 13:37:26.035,402.5036136014359,15
2024-09-17 13:37:26.043,402.5972765517503,996
2024-09-17 13:37:26.043,,102
2024-09-17 13:37:26.063,402.5010938181038,5
2024-09-17 13:37:26.078,402.5607471482359,999
2024-09-17 13:37:26.082,402.5649408788816,1004
2024-09-17 13:37:26.098,402.5944901451078,1005
2024-09-17 13:37:26.274,402.4776619698752,5
2024-09-17 13:37:26.338,402.4751170160656,1004
2024-09-17 13:37:26.417,402.5884445493494,1000
2024-09-17 13:37:26.540,402.5625395135178,5
2024-09-17 13:37:26.633,402.59910127347706,6
2024-09-17 13:37:26.664,402.5045755047209,9
2024-09-17 13:37:26.732,402.5513727838733,11
2024-09-17 13:37:26.747,402.5187939957417,13
2024-09-17 13:37:26.816,402.59239675119153,7
2024-09-17 13:37:26.883,402.60194026713134,1003
2024-09-17 13:37:26.888,402.5425574439038,998
2024-09-17 13:37:26.984,402.57422960290944,13
2024-09-17 13:37:27.002,,7
2024-09-17 13:37:27.041,402.4976019454431,96
2024-09-17 13:37:27.087,402.4728501470359,1003
2024-09-17 13:37:27.097,402.46864458668966,996
2024-09-17 13:37:27.106,402.4615664493972,99
2024-09-17 13:37:27.138,402.3917309696504,12
2024-09-17 13:37:27.271,402.4773291358371,997
2024-09-17 13:37:27.272,402.4864169110775,998
2024-09-17 13:37:27.338,402.4978559597106,11
2024-09-17 13:37:27.381,402.48769726158497,5
2024-09-17 13:37:27.466,402.4501483645631,998
2024-09-17 13:37:27.541,402.4272659597023,1004
2024-09-17 13:37:27.585,402.4788270612182,10
2024-09-17 13:37:27.586,402.4417836097288,1000
2024-09-17 13:37:27.637,402.4814559016503,1003
2024-09-17 13:37:27.649,402.35497765163177,999
2024-09-17 13:37:27.680,402.4736806206441,1002
2024-09-17 13:37:27.709,402.48029649188015,1004
2024-09-17 13:37:27.712,40.24720832841941,995
2024-09-17 13:37:27.728,402.4793249771204,11
2024-09-17 13:37:27.730,402.3744717440424,1005
2024-09-17 13:37:27.794,402.4960989410135,96
2024-09-17 13:37:27.798,402.4173595722996,103
2024-09-17 13:37:27.804,402.4745943155979,998
2024-09-17 13:37:27.831,402.38636687457335,996
2024-09-17 13:37:27.862,402.4809591383137,100
2024-09-17 13:37:27.996,402.4808037340373,103
2024-09-17 13:37:28.041,402.3347452499834,11
2024-09-17 13:37:28.096,402.311573105268,102
2024-09-17 13:37:28.267,402.36672569881614,14
2024-09-17 13:37:28.753,402.3446077654219,95
2024-09-17 13:37:28.930,402.32445738962855,1005
2024-09-17 13:37:29.063,402.3272675674461,99
2024-09-17 13:37:29.107,402.3334632926071,96
2024-09-17 13:37:29.169,402.3235893863994,13
2024-09-17 13:37:29.323,40.23399614443325,998
2024-09-17 13:37:29.347,402.3388101131189,1002
2024-09-17 13:37:29.406,402.31023111539366,100
2024-09-17 13:37:29.418,402.3212767974291,7
2024-09-17 13:37:29.596,402.3246562261427,105
2024-09-17 13:37:29.629,402.33135427649,1000
2024-09-17 13:37:29.632,402.3266861152225,8
2024-09-17 13:37:29.672,402.311090532024,12
2024-09-17 13:37:29.740,402.363245658689,8
2024-09-17 13:37:29.774,402.3351423494723,1005
2024-09-17 13:37:29.783,-402.33719820095104,95
2024-09-17 13:37:29.971,402.3171621911312,97
2024-09-17 13:37:30.411,402.309968750468,1004
2024-09-17 13:37:30.425,402.3190258506571,99
2024-09-17 13:37:31.074,,96
2024-09-17 13:37:31.108,402.3411065334948,15
2024-09-17 13:37:31.119,402.3191290005328,9
2024-09-17 13:37:31.137,402.3140161686428,10
2024-09-17 13:37:31.144,402.3229896878955,1001
2024-09-17 13:37:31.219,402.2983146335318,99
2024-09-17 13:37:31.240,402.3257828602211,97
2024-09-17 13:37:31.264,402.3108966788134,998
2024-09-17 13:37:31.375,402.25661365300687,11
2024-09-17 13:37:31.408,402.2613575977768,9
2024-09-17 13:37:31.412,402.3067801745506,1002
2024-09-17 13:37:31.415,402.306617171187,1004
2024-09-17 13:37:31.622,402.30099522604337,95
2024-09-17 13:37:31.659,402.29692441791457,1001
2024-09-17 13:37:31.682,402.3034814554634,9
2024-09-17 13:37:31.910,402.2781002098252,1005
2024-09-17 13:37:31.927,402.2899068629236,96
2024-09-17 13:37:31.927,402.33421571096767,999
2024-09-17 13:37:31.940,40.2318807448308,15
2024-09-17 13:37:31.979,402.3334295486322,7
2024-09-17 13:37:31.994,402.25298129033615,96
2024-09-17 13:37:32.044,402.2738085343783,1001
2024-09-17 13:37:32.066,402.2743807010814,6
2024-09-17 13:37:32.118,402.27110773356986,1001
2024-09-17 13:37:32.166,402.2742960403796,1004
2024-09-17 13:37:32.174,402.2771985000868,98
2024-09-17 13:37:32.179,402.2614192248178,96
2024-09-17 13:37:32.312,402.2578544691504,997
2024-09-17 13:37:32.349,402.270899506869,10
2024-09-17 13:37:32.373,402.2421649018976,6
2024-09-17 13:37:32.572,402.2719250717786,1000
2024-09-17 13:37:32.705,402.2604292461953,999
2024-09-17 13:37:32.825,402.2560024200552,997
2024-09-17 13:37:32.921,402.2835075639954,104
2024-09-17 13:37:32.938,40.225067519221696,5
2024-09-17 13:37:33.019,402.2536440357439,996
2024-09-17 13:37:33.027,402.2866242356956,101
2024-09-17 13:37:33.139,402.2666647208218,1005
2024-09-17 13:37:33.215,402.2465892944604,1002
2024-09-17 13:37:33.271,402.2278837656157,99
2024-09-17 13:37:33.287,402.2588199326879,12
2024-09-17 13:37:33.310,402.2537377078578,995
2024-09-17 13:37:33.382,402.234396118086,96
2024-09-17 13:37:33.468,402.2715153977204,9
2024-09-17 13:37:33.481,402.2279503453284,1004
2024-09-17 13:37:33.540,402.2582665100479,9
2024-09-17 13:37:33.554,402.2743841900112,1000
2024-09-17 13:37:33.701,402.26565763759953,105
2024-09-17 13:37:33.735,402.2662325526528,1004
2024-09-17 13:37:33.857,402.2685145708294,1005
2024-09-17 13:37:33.861,402.232629627158,1000
2024-09-17 13:37:33.866,402.2757782107602,1001
2024-09-17 13:37:33.867,402.2699798015387,999
2024-09-17 13:37:33.879,402.2243374551544,996
2024-09-17 13:37:33.917,402.2753256476898,996
2024-09-17 13:37:34.008,402.2326692138646,95
2024-09-17 13:37:34.142,402.2495069618761,999
2024-09-17 13:37:34.142,402.2198678886273,98
2024-09-17 13:37:34.193,402.2089419419456,12
2024-09-17 13:37:34.210,402.2550867763092,14
2024-09-17 13:37:34.212,402.21444957614494,997
2024-09-17 13:37:34.220,402.2446648068517,100
2024-09-17 13:37:34.368,402.2685558772295,997
2024-09-17 13:37:34.550,402.21944554305645,100
2024-09-17 13:37:34.563,402.2335103249884,14
2024-09-17 13:37:34.574,402.2398295997263,995
2024-09-17 13:37:34.621,402.2496580565336,102
2024-09-17 13:37:34.709,402.2500585230405,104
2024-09-17 13:37:34.715,402.2302293501575,996
2024-09-17 13:37:34.758,402.23713156595335,97
2024-09-17 13:37:34.831,402.2530903505633,14
2024-09-17 13:37:34.881,402.2368141386812,999
2024-09-17 13:37:34.914,402.2365546998937,15
2024-09-17 13:37:34.971,402.21295193390864,8
2024-09-17 13:37:35.077,402.20288448463134,997
2024-09-17 13:37:35.275,402.2031972579133,1000
2024-09-17 13:37:35.373,402.1930954933691,1004
2024-09-17 13:37:35.564,402.2135590496056,9
2024-09-17 13:37:35.605,402.2026747897816,5
2024-09-17 13:37:35.720,402.2099360914301,13
2024-09-17 13:37:35.822,402.1951261409845,997
2024-09-17 13:37:35.833,402.2025104332761,102
2024-09-17 13:37:35.995,402.19566723801086,95
2024-09-17 13:37:36.081,402.2240222766382,14
2024-09-17 13:37:36.118,402.2151885066617,99
2024-09-17 13:37:36.152,402.2105949070757,9
2024-09-17 13:37:36.362,402.19686810934616,100
2024-09-17 13:37:36.522,402.2177990144668,997
2024-09-17 13:37:36.627,402.2168922795565,999
2024-09-17 13:37:36.746,402.2251273966147,5
2024-09-17 13:37:36.762,402.2318293108616,105
2024-09-17 13:37:37.220,402.2209135310932,97
2024-09-17 13:37:37.237,402.2524062092591,1003
2024-09-17 13:37:37.276,402.2474389448175,104
2024-09-17 13:37:37.293,402.2555086346461,101
2024-09-17 13:37:37.455,402.2243416619801,100
2024-09-17 13:37:37.596,402.2130296171111,1003
2024-09-17 13:37:37.689,402.2337665131543,1003
2024-09-17 13:37:37.765,402.22263443852376,1001
2024-09-17 13:37:37.779,40.22236869205972,13
2024-09-17 13:37:38.239,402.26099088507954,13
2024-09-17 13:37:38.311,402.2682133962397,995
2024-09-17 13:37:38.471,402.274125306516,996
2024-09-17 13:37:38.523,402.273400894911,98
2024-09-17 13:37:38.597,402.2963404535381,99
2024-09-17 13:37:38.608,402.241227324093,7
2024-09-17 13:37:38.626,-402.2547113810555,103
2024-09-17 13:37:38.634,402.2873536732637,101
2024-09-17 13:37:38.717,402.25634650108543,104
2024-09-17 13:37:38.754,402.26826588919016,1002
2024-09-17 13:37:38.817,402.282119689208,103
2024-09-17 13:37:38.872,402.2465077170336,99
2024-09-17 13:37:38.969,402.2629389789148,104
2024-09-17 13:37:39.097,402.2427828341836,7
2024-09-17 13:37:39.148,402.268495177666,1002
2024-09-17 13:37:39.193,402.1869521198079,1001
2024-09-17 13:37:39.219,402.24402630590765,1001
2024-09-17 13:37:39.336,402.3012371746924,997
2024-09-17 13:37:39.491,402.2643175201437,9
2024-09-17 13:37:39.529,402.2141601854706,1000
2024-09-17 13:37:39.538,402.24036142476695,5
2024-09-17 13:37:39.543,-402.2788258503632,1003
2024-09-17 13:37:39.563,402.198454192443,96
2024-09-17 13:37:39.593,402.2302614312237,103
2024-09-17 13:37:39.602,402.21850120069234,998
2024-09-17 13:37:39.636,402.2375002398668,14
2024-09-17 13:37:39.713,402.23277562177753,101
2024-09-17 13:37:39.717,402.2802835300888,1002
2024-09-17 13:37:39.744,402.3001776845285,12
2024-09-17 13:37:39.746,402.2263166702752,13
2024-09-17 13:37:39.843,402.18160684530574,12
2024-09-17 13:37:39.858,402.2386205097837,95
2024-09-17 13:37:39.895,402.2608752140566,1002
2024-09-17 13:37:39.923,402.2822257304831,15
2024-09-17 13:37:39.963,402.20012945457074,14
2024-09-17 13:37:39.975,402.2976901669517,95
2024-09-17 13:37:40.009,402.1764845887836,98
2024-09-17 13:37:40.086,-402.14621802405287,1003
2024-09-17 13:37:40.153,402.1540743399952,998
2024-09-17 13:37:40.206,402.1765027318611,5
2024-09-17 13:37:40.369,402.1351838255087,1004
2024-09-17 13:37:40.437,402.1382744789461,1005
2024-09-17 13:37:40.486,402.15428987653206,11
2024-09-17 13:37:40.740,402.1425896438582,6
2024-09-17 13:37:40.827,402.17166004821104,11
2024-09-17 13:37:40.973,402.16259216235,11
2024-09-17 13:37:40.991,402.16412489488135,99
2024-09-17 13:37:41.252,402.14398684825744,1003
2024-09-17 13:37:41.546,402.1801316105972,14
2024-09-17 13:37:41.755,402.1840229165039,95
2024-09-17 13:37:41.806,402.1779015987674,1003
2024-09-17 13:37:41.807,402.1936659155484,996
2024-09-17 13:37:41.960,402.1851268882732,13
2024-09-17 13:37:42.082,402.14598536033895,1004
2024-09-17 13:37:42.333,402.1784606984067,99
2024-09-17 13:37:42.469,402.1276083934338,95
2024-09-17 13:37:42.607,402.18345848194826,7
2024-09-17 13:37:42.666,402.1101690738144,99
2024-09-17 13:37:42.708,402.14644143648417,997
2024-09-17 13:37:42.738,402.1723851978621,996
2024-09-17 13:37:42.895,402.1250219657064,11
2024-09-17 13:37:42.910,402.1583830436795,98
2024-09-17 13:37:42.928,402.1573805829302,97
2024-09-17 13:37:43.020,402.06539984680927,998
2024-09-17 13:37:43.078,402.0750192518905,8
2024-09-17 13:37:43.097,402.03446961018096,5
2024-09-17 13:37:43.104,402.0590808667943,96
2024-09-17 13:37:43.111,402.08075313310206,5
2024-09-17 13:37:43.160,402.042728000873,1005
2024-09-17 13:37:43.234,402.0838929187738,103
2024-09-17 13:37:43.363,402.06355818376807,999
2024-09-17 13:37:43.473,402.0290982085219,997
2024-09-17 13:37:43.508,402.0616303917929,999
2024-09-17 13:37:43.540,402.091106275365,97
2024-09-17 13:37:43.558,402.0327103488905,15
2024-09-17 13:37:43.608,402.07412626320047,98
2024-09-17 13:37:43.614,402.0759045130301,9
2024-09-17 13:37:43.618,402.0133020624152,96
2024-09-17 13:37:43.634,402.043058926241,998
2024-09-17 13:37:43.641,402.0807995795256,996
2024-09-17 13:37:43.656,402.0698911505639,104
2024-09-17 13:37:43.698,402.05126910604326,1005
2024-09-17 13:37:43.711,402.0541768151277,102
2024-09-17 13:37:43.802,402.0348950550464,998
2024-09-17 13:37:43.810,402.0963553456593,5
2024-09-17 13:37:43.819,402.0392525309469,99
2024-09-17 13:37:43.832,402.0693668745234,995
2024-09-17 13:37:43.855,402.0865088529466,13
2024-09-17 13:37:43.859,402.0450449099959,105
2024-09-17 13:37:43.932,402.035446317968,13
2024-09-17 13:37:43.934,402.08284368139175,101
2024-09-17 13:37:43.977,402.0673066205076,1005
2024-09-17 13:37:44.079,402.0065677346069,998
2024-09-17 13:37:44.089,40.20194678212963,103
2024-09-17 13:37:44.090,402.00853519859976,1004
2024-09-17 13:37:44.172,402.03625442036895,99
2024-09-17 13:37:44.363,402.025144896178,15
2024-09-17 13:37:44.473,402.01557855974784,103
2024-09-17 13:37:44.562,402.0203157909268,9
2024-09-17 13:37:44.614,401.9824502094509,11
2024-09-17 13:37:44.639,402.00210866971526,100
2024-09-17 13:37:44.776,402.0249564715303,998
2024-09-17 13:37:44.782,402.0072802059196,996
2024-09-17 13:37:44.880,401.9874962573627,97
2024-09-17 13:37:44.911,402.01791319544617,105
2024-09-17 13:37:44.942,402.0104124246728,103
2024-09-17 13:37:44.944,402.0177193212461,1004
2024-09-17 13:37:44.985,402.01232760424654,12
2024-09-17 13:37:45.040,401.9316856425512,1003
2024-09-17 13:37:45.173,401.9637579820463,1001
2024-09-17 13:37:45.177,40.19878220133512,100
2024-09-17 13:37:45.181,401.9395343881562,1001
2024-09-17 13:37:45.250,401.9886247296993,10
2024-09-17 13:37:45.252,401.931660425984,96
2024-09-17 13:37:45.261,401.9487539937596,12
2024-09-17 13:37:45.282,401.9578303196463,105
2024-09-17 13:37:45.350,401.95575470540206,105
2024-09-17 13:37:45.398,401.9961959723535,105
2024-09-17 13:37:45.465,401.9832027254281,1004
2024-09-17 13:37:45.471,401.97012722486704,995
2024-09-17 13:37:45.529,401.98604769880615,97
2024-09-17 13:37:45.539,401.97385592217154,100
2024-09-17 13:37:45.602,40.19680988840072,100
2024-09-17 13:37:45.620,401.9858046358551,105
2024-09-17 13:37:45.620,401.98187714565904,96
2024-09-17 13:37:45.657,401.980282096026,1005
2024-09-17 13:37:45.689,401.99955055430274,8
2024-09-17 13:37:45.707,401.9907373660435,1003
2024-09-17 13:37:45.787,401.9562925180438,1001
2024-09-17 13:37:45.856,401.9830564117665,1001
2024-09-17 13:37:45.922,402.0029325847252,103
2024-09-17 13:37:45.960,402.0013199800512,7
2024-09-17 13:37:46.098,401.912146785262,105
2024-09-17 13:37:46.130,401.9066109974759,96
2024-09-17 13:37:46.523,401.94683061229074,997
2024-09-17 13:37:46.754,401.9123188202753,96
2024-09-17 13:37:46.757,401.9338797819671,98
2024-09-17 13:37:46.770,401.93870241781246,13
2024-09-17 13:37:46.877,401.9265750994539,100
2024-09-17 13:37:46.896,401.9478180117471,995
2024-09-17 13:37:47.067,401.8940413970412,104
2024-09-17 13:37:47.070,401.933225408183,1000
2024-09-17 13:37:47.076,401.93838564034,1002
2024-09-17 13:37:47.108,401.9445218763536,1000
2024-09-17 13:37:47.108,401.9202895550139,97
2024-09-17 13:37:47.119,401.8839248250768,103
2024-09-17 13:37:47.151,401.9475809431982,999
2024-09-17 13:37:47.252,401.93452726190327,5
2024-09-17 13:37:47.353,401.94214557198393,14
2024-09-17 13:37:47.377,401.93383077289167,999
2024-09-17 13:37:47.437,401.9252133682615,7
2024-09-17 13:37:47.442,401.9220717318994,1005
2024-09-17 13:37:47.468,401.9474195020268,1003
2024-09-17 13:37:47.608,401.8866174657176,13
2024-09-17 13:37:47.639,401.93002133817095,995
2024-09-17 13:37:47.689,401.95068977127136,9
2024-09-17 13:37:47.709,401.9511064445128,996
2024-09-17 13:37:47.712,401.9086189232208,998
2024-09-17 13:37:47.774,401.9522730467335,14
2024-09-17 13:37:47.985,401.9731028694865,997
2024-09-17 13:37:47.989,401.908781751935,12
2024-09-17 13:37:48.035,401.95621219830576,15
2024-09-17 13:37:48.080,401.9620769887944,101
2024-09-17 13:37:48.185,401.9355240952778,14
2024-09-17 13:37:48.214,401.9630561368466,998
2024-09-17 13:37:48.250,401.95652825213296,14
2024-09-17 13:37:48.307,401.9588294964336,104
2024-09-17 13:37:48.384,401.9437303874917,5
2024-09-17 13:37:48.391,401.9970692851782,14
2024-09-17 13:37:48.423,401.96776326103776,995
2024-09-17 13:37:48.444,401.9659071351023,1003
2024-09-17 13:37:48.479,401.9931391958669,98
2024-09-17 13:37:48.483,401.9850423923386,12
2024-09-17 13:37:48.502,401.9982688803077,103
2024-09-17 13:37:48.648,401.9740511991996,1005
2024-09-17 13:37:48.653,401.962659763144,1000
2024-09-17 13:37:48.661,401.97027254570907,995
2024-09-17 13:37:48.719,401.9281561159457,997
2024-09-17 13:37:48.722,401.9865023629304,1003
2024-09-17 13:37:48.843,401.9594382421188,5
2024-09-17 13:37:48.844,401.9542257641129,105
2024-09-17 13:37:48.901,401.9576781861384,1001
2024-09-17 13:37:48.934,401.97397516156457,14
2024-09-17 13:37:49.154,401.98680418630966,15
2024-09-17 13:37:49.164,401.97357551606007,95
2024-09-17 13:37:49.348,401.99232654989856,8
2024-09-17 13:37:49.492,401.97211547759633,9
2024-09-17 13:37:49.518,402.0086541007968,9
2024-09-17 13:37:49.518,401.97339119881406,5
2024-09-17 13:37:49.522,401.9786252332737,1000
2024-09-17 13:37:49.658,402.0141448906604,104
2024-09-17 13:37:49.789,401.9702830448209,100
2024-09-17 13:37:49.867,401.9783416928346,999
2024-09-17 13:37:49.873,401.9827497147219,103
2024-09-17 13:37:49.925,401.98893506888544,96
2024-09-17 13:37:50.018,401.9616356791293,10
2024-09-17 13:37:50.024,401.9734193801377,1002
2024-09-17 13:37:50.046,401.9761483176394,995
2024-09-17 13:37:50.081,401.9834143915195,100
2024-09-17 13:37:50.121,401.9616523068729,1000
2024-09-17 13:37:50.252,401.9652988616944,8
2024-09-17 13:37:50.291,401.9857436256643,96
2024-09-17 13:37:50.291,401.9593580822981,6
2024-09-17 13:37:50.402,401.98282753041127,997
2024-09-17 13:37:50.439,401.98697486356383,99
2024-09-17 13:37:50.545,401.95530489629977,8
2024-09-17 13:37:50.609,401.9789907124931,13
2024-09-17 13:37:50.649,401.981529403895,14
2024-09-17 13:37:50.660,401.9805586214151,98
2024-09-17 13:37:50.934,401.9565790904272,1003
2024-09-17 13:37:51.005,401.9400364839073,97
2024-09-17 13:37:51.387,401.9344275212773,15
2024-09-17 13:37:52.059,401.94054549181146,996
2024-09-17 13:37:52.637,401.9346503039296,1001
2024-09-17 13:37:52.757,401.9220089765234,1003
2024-09-17 13:37:52.868,401.9254748155273,14
2024-09-17 13:37:53.010,401.9140388018685,996
2024-09-17 13:37:53.063,401.880834990317,1002
2024-09-17 13:37:53.069,401.8990129042744,101
2024-09-17 13:37:53.072,401.8950894947506,14
2024-09-17 13:37:53.113,401.8758745142467,104
2024-09-17 13:37:53.229,401.90717299473897,105
2024-09-17 13:37:53.272,401.9064019768819,10
2024-09-17 13:37:53.275,401.8930345434659,1001
2024-09-17 13:37:53.310,401.8618660190787,14
2024-09-17 13:37:53.385,401.86594572915794,104
2024-09-17 13:37:53.424,401.88172710732727,9
2024-09-17 13:37:53.465,401.9134188905913,105
2024-09-17 13:37:53.489,401.88580792351934,101
2024-09-17 13:37:53.620,401.87064344668914,104
2024-09-17 13:37:53.638,401.8940115970104,8
2024-09-17 13:37:53.665,401.8713431190622,996
2024-09-17 13:37:53.720,401.8725696314064,102
2024-09-17 13:37:53.723,401.8720054659484,99
2024-09-17 13:37:53.749,401.8664896982832,96
2024-09-17 13:37:53.777,401.8968902806559,997
2024-09-17 13:37:53.859,401.86709068488847,1001
2024-09-17 13:37:53.882,,6
2024-09-17 13:37:54.027,401.8649091883908,9
2024-09-17 13:37:54.155,401.8344205994007,96
2024-09-17 13:37:54.270,401.910395402997,14
2024-09-17 13:37:54.397,401.88358006852735,100
2024-09-17 13:37:54.408,401.8852075676447,1000
2024-09-17 13:37:54.439,401.89943809089846,13
2024-09-17 13:37:54.440,40.18623065254517,999
2024-09-17 13:37:54.540,401.90890723326726,9
2024-09-17 13:37:54.542,401.84519534700087,95
2024-09-17 13:37:54.561,401.8477965622281,7
2024-09-17 13:37:54.757,401.8641486762227,1003
2024-09-17 13:37:54.767,401.87636087329935,995
2024-09-17 13:37:54.882,401.8492099924584,995
2024-09-17 13:37:54.899,401.8992176672073,995
2024-09-17 13:37:54.919,401.8751873606655,999
2024-09-17 13:37:54.972,401.8644982329749,104
2024-09-17 13:37:55.060,401.92192359476616,9
2024-09-17 13:37:55.127,401.8750494134629,14
2024-09-17 13:37:55.212,401.9231802193249,96
2024-09-17 13:37:55.220,401.8918041972025,103
2024-09-17 13:37:55.224,401.9236422582473,998
2024-09-17 13:37:55.232,401.94162493041455,101
2024-09-17 13:37:55.234,401.9039897902206,1003
2024-09-17 13:37:55.287,401.9337051375564,95
2024-09-17 13:37:55.314,401.9367546994512,10
2024-09-17 13:37:55.397,401.9193213883152,996
2024-09-17 13:37:55.430,401.9353340335078,102
2024-09-17 13:37:55.431,401.9026722909088,95
2024-09-17 13:37:55.483,401.9203328069852,105
2024-09-17 13:37:55.547,401.9101291087513,95
2024-09-17 13:37:55.549,401.86196400163857,14
2024-09-17 13:37:55.631,401.8547081729769,12
2024-09-17 13:37:55.680,401.9420712166707,1000
2024-09-17 13:37:55.691,401.9280203632715,102
2024-09-17 13:37:55.706,401.8689082094288,999
2024-09-17 13:37:55.817,401.9207248627808,96
2024-09-17 13:37:55.829,401.922376287405,105
2024-09-17 13:37:55.837,401.934874670401,1003
2024-09-17 13:37:55.850,401.91534346668,96
2024-09-17 13:37:55.868,401.9383482412025,5
2024-09-17 13:37:55.899,401.9297581395792,9
2024-09-17 13:37:55.910,-401.8958834346989,1004
2024-09-17 13:37:55.994,401.9052335245833,105
2024-09-17 13:37:57.003,401.8981771929013,15
2024-09-17 13:37:57.095,401.826962181432,9
2024-09-17 13:37:57.140,401.8983974567864,12
2024-09-17 13:37:57.231,-401.9063775304483,12
2024-09-17 13:37:57.269,401.86765047401474,1004
2024-09-17 13:37:57.313,401.8200479717729,1003
2024-09-17 13:37:57.323,401.9117301905944,102
2024-09-17 13:37:57.324,401.81213440486505,1000
2024-09-17 13:37:57.348,401.8274734211968,998
2024-09-17 13:37:57.484,401.9129697532149,7
2024-09-17 13:37:57.497,401.8308173575225,5
2024-09-17 13:37:57.606,401.8389623702613,1003
2024-09-17 13:37:57.695,401.8162031718689,7
2024-09-17 13:37:57.754,401.774258208712,105
2024-09-17 13:37:57.756,401.8172189875253,6
2024-09-17 13:37:57.760,401.8343353976584,9
2024-09-17 13:37:57.813,401.8170346029607,100
2024-09-17 13:37:57.901,401.8553842405748,101
2024-09-17 13:37:57.905,401.8324800902727,9
2024-09-17 13:37:57.947,401.8085572725994,100
2024-09-17 13:37:58.032,401.809993368849,102
2024-09-17 13:37:58.150,401.781304023716,14
2024-09-17 13:37:58.395,401.7928628277732,1000
2024-09-17 13:37:58.697,401.8006921826748,1001
2024-09-17 13:37:58.783,401.7855653930355,995
2024-09-17 13:37:58.851,401.781979445739,999
2024-09-17 13:37:58.878,401.793663068429,10
2024-09-17 13:37:58.912,401.7831009073999,96
2024-09-17 13:37:59.007,401.8193503754693,5
2024-09-17 13:37:59.013,401.8415447494843,8
2024-09-17 13:37:59.058,401.8467497031961,97
2024-09-17 13:37:59.158,401.8053175069298,6
2024-09-17 13:37:59.193,401.8174592852175,1002
2024-09-17 13:37:59.242,401.8252407932322,1004
2024-09-17 13:37:59.260,401.84748644783457,9
2024-09-17 13:37:59.265,401.8304027534917,999
2024-09-17 13:37:59.265,40.183253443072026,1005
2024-09-17 13:37:59.392,401.84122136308366,7
2024-09-17 13:37:59.394,401.81468610595965,103
2024-09-17 13:37:59.476,401.8237269310673,15
2024-09-17 13:37:59.606,401.84104491047566,10
2024-09-17 13:37:59.644,401.8180068103223,996
2024-09-17 13:37:59.747,401.78403255612886,999
2024-09-17 13:37:59.768,401.8452095303807,7
2024-09-17 13:37:59.898,401.8197831712715,10
2024-09-17 13:37:59.909,401.8158666692246,6
2024-09-17 13:37:59.913,401.8289170342362,100
2024-09-17 13:37:59.949,401.8193454066477,995
2024-09-17 13:37:59.964,,1000
2024-09-17 13:37:59.967,401.819425598357,96
