Timestamp,Price,Size
2024-09-18 12:41:00.572,416.4837180138491,12
2024-09-18 12:41:00.875,416.46750681230674,101
2024-09-18 12:41:01.369,416.4870924896644,103
2024-09-18 12:41:01.937,416.4843639499785,10
2024-09-18 12:41:01.940,416.4697904054578,105
2024-09-18 12:41:02.128,416.5095134006755,95
2024-09-18 12:41:02.782,416.482233303058,1001
2024-09-18 12:41:03.103,416.5163310531748,1003
2024-09-18 12:41:03.113,416.5545147151306,6
2024-09-18 12:41:03.284,416.5446521130736,100
2024-09-18 12:41:03.329,416.54741719125633,10
2024-09-18 12:41:03.668,416.5508595984299,995
2024-09-18 12:41:03.797,416.57356460727135,997
2024-09-18 12:41:03.812,416.547408472752,996
2024-09-18 12:41:03.838,416.5511988297686,6
2024-09-18 12:41:03.865,416.5406401778725,6
2024-09-18 12:41:04.025,416.6226585054058,1004
2024-09-18 12:41:04.048,-416.6285654470746,98
2024-09-18 12:41:04.194,416.6069388659775,995
2024-09-18 12:41:04.198,-416.5693333583391,95
2024-09-18 12:41:04.209,416.6201576687285,99
2024-09-18 12:41:04.214,416.6204725733044,1004
2024-09-18 12:41:04.248,41.66157203793844,13
2024-09-18 12:41:04.278,416.6312699420712,7
2024-09-18 12:41:04.310,416.5620922864291,10
2024-09-18 12:41:04.344,416.6187776594016,9
2024-09-18 12:41:04.366,416.6008945644917,98
2024-09-18 12:41:04.423,416.6048486011671,1004
2024-09-18 12:41:04.505,416.5732694770807,104
2024-09-18 12:41:04.517,416.6003039845925,8
2024-09-18 12:41:04.555,416.5482942505048,1001
2024-09-18 12:41:04.639,416.5522316744594,97
2024-09-18 12:41:04.736,416.56415874989335,100
2024-09-18 12:41:04.752,416.58776852312695,8
2024-09-18 12:41:04.904,416.5966096480645,9
2024-09-18 12:41:04.920,416.61078397335154,12
2024-09-18 12:41:04.931,416.6034333216748,101
2024-09-18 12:41:04.973,416.62057730203577,104
2024-09-18 12:41:05.101,416.62343420769656,997
2024-09-18 12:41:05.119,416.6136770120907,103
2024-09-18 12:41:05.265,416.62205724225487,997
2024-09-18 12:41:05.395,416.61574355458487,6
2024-09-18 12:41:05.420,416.6429377055713,13
2024-09-18 12:41:05.549,416.6406705943337,96
2024-09-18 12:41:05.555,416.6068611221053,998
2024-09-18 12:41:05.648,416.62117548309135,997
2024-09-18 12:41:05.664,416.6086783391264,12
2024-09-18 12:41:05.688,416.6364277783404,15
2024-09-18 12:41:05.765,416.61340036290943,999
2024-09-18 12:41:05.778,416.6111892720856,995
2024-09-18 12:41:06.301,416.6170794974639,10
2024-09-18 12:41:06.307,416.6121561312245,103
2024-09-18 12:41:06.769,416.60195693719953,103
2024-09-18 12:41:06.891,416.6136058489731,999
2024-09-18 12:41:07.070,416.6143321309922,5
2024-09-18 12:41:07.076,416.603475320218,104
2024-09-18 12:41:07.132,416.60344950752886,1004
2024-09-18 12:41:07.245,416.5771364732457,100
2024-09-18 12:41:07.455,416.6040331625523,1001
2024-09-18 12:41:07.525,416.60582563741673,995
2024-09-18 12:41:07.538,416.5956714242373,1001
2024-09-18 12:41:07.555,416.5643369699589,11
2024-09-18 12:41:07.559,416.5811128401397,996
2024-09-18 12:41:07.614,416.57256956996406,105
2024-09-18 12:41:07.706,416.5737394680903,1002
2024-09-18 12:41:07.726,416.596594894946,12
2024-09-18 12:41:08.022,416.6224391042843,95
2024-09-18 12:41:08.038,416.64096992597473,104
2024-09-18 12:41:08.086,416.6173017964944,1000
2024-09-18 12:41:08.101,416.625027457109,10
2024-09-18 12:41:08.117,416.6081185798397,5
2024-09-18 12:41:08.131,416.6947187861104,6
2024-09-18 12:41:08.193,416.6700272563677,10
2024-09-18 12:41:08.207,416.66939987985774,95
2024-09-18 12:41:08.283,416.6933936996872,1000
2024-09-18 12:41:08.303,416.6682035145361,101
2024-09-18 12:41:08.368,416.657719536676,998
2024-09-18 12:41:08.411,416.68924224690846,7
2024-09-18 12:41:08.444,416.66549431846295,102
2024-09-18 12:41:08.449,416.6263469252352,13
2024-09-18 12:41:08.453,416.6726544494359,102
2024-09-18 12:41:08.483,416.68398577106456,9
2024-09-18 12:41:08.546,416.6407246696532,99
2024-09-18 12:41:08.570,416.6725234445788,14
2024-09-18 12:41:08.696,416.6357473581645,1000
2024-09-18 12:41:08.745,416.6656644772915,98
2024-09-18 12:41:08.751,416.6674725369596,5
2024-09-18 12:41:08.751,416.61237822238746,10
2024-09-18 12:41:08.824,416.664551322223,8
2024-09-18 12:41:08.846,416.67546037172434,97
2024-09-18 12:41:08.875,416.6608656676491,95
2024-09-18 12:41:08.954,416.6039811700632,96
2024-09-18 12:41:09.065,416.6712226934001,99
2024-09-18 12:41:09.176,416.6632188946414,996
2024-09-18 12:41:09.241,416.6759396563753,999
2024-09-18 12:41:09.243,416.6735057837929,1001
2024-09-18 12:41:09.270,416.6878718016544,98
2024-09-18 12:41:09.312,416.6803192389482,8
2024-09-18 12:41:09.378,416.6743471600517,7
2024-09-18 12:41:09.422,416.6811259964291,9
2024-09-18 12:41:09.494,416.68204576397807,1002
2024-09-18 12:41:09.563,416.6659773195221,9
2024-09-18 12:41:09.574,416.68772014032766,95
2024-09-18 12:41:09.592,416.6741554033121,7
2024-09-18 12:41:09.661,416.6884984614601,1003
2024-09-18 12:41:09.674,416.6885396722638,103
2024-09-18 12:41:09.704,416.6645978659215,6
2024-09-18 12:41:09.754,416.6806032819198,12
2024-09-18 12:41:09.768,416.6567603314657,101
2024-09-18 12:41:09.840,416.67070812787466,95
2024-09-18 12:41:09.860,416.6701355435411,100
2024-09-18 12:41:09.900,416.6650835011202,104
2024-09-18 12:41:09.951,416.66665387486194,1002
2024-09-18 12:41:09.992,416.7005010437298,12
2024-09-18 12:41:11.074,416.5844698960577,1004
2024-09-18 12:41:11.089,416.6597766324842,5
2024-09-18 12:41:11.140,416.5968211786197,1001
2024-09-18 12:41:11.154,416.5936155788575,998
2024-09-18 12:41:11.157,416.6440888770592,100
2024-09-18 12:41:11.161,416.6429218002432,13
2024-09-18 12:41:11.173,416.6839435434842,95
2024-09-18 12:41:11.197,416.63294873008925,13
2024-09-18 12:41:11.198,-416.6155513067283,8
2024-09-18 12:41:11.223,416.6552113518392,8
2024-09-18 12:41:11.226,416.6761114082147,999
2024-09-18 12:41:11.279,416.6634331583484,995
2024-09-18 12:41:11.313,416.6197944190622,1002
2024-09-18 12:41:11.335,416.6003248258378,1005
2024-09-18 12:41:11.349,416.619171330401,6
2024-09-18 12:41:11.378,416.58049547801335,95
2024-09-18 12:41:11.394,416.68128703791,999
2024-09-18 12:41:11.402,416.6660206605434,5
2024-09-18 12:41:11.430,416.60529177245536,9
2024-09-18 12:41:11.520,416.5921208825925,14
2024-09-18 12:41:11.543,416.6766905014087,6
2024-09-18 12:41:11.563,416.6373926242045,102
2024-09-18 12:41:11.601,416.67451379742334,6
2024-09-18 12:41:11.602,416.6780785575778,98
2024-09-18 12:41:11.658,416.6526950135259,997
2024-09-18 12:41:11.670,416.57228858658,1000
2024-09-18 12:41:11.677,416.625351390315,998
2024-09-18 12:41:11.855,416.6114478146423,10
2024-09-18 12:41:11.907,-416.6452608696626,7
2024-09-18 12:41:11.942,416.5832851131421,98
2024-09-18 12:41:12.021,416.62590152599694,95
2024-09-18 12:41:12.106,416.57937325172304,99
2024-09-18 12:41:12.124,416.5401767174074,101
2024-09-18 12:41:12.134,416.54967540406267,998
2024-09-18 12:41:12.189,416.4928971374328,15
2024-09-18 12:41:12.247,416.5489015533333,6
2024-09-18 12:41:12.287,416.60148817037566,15
2024-09-18 12:41:12.326,416.5518782400719,103
2024-09-18 12:41:12.408,416.5234981407969,1002
2024-09-18 12:41:12.441,416.5902071128777,96
2024-09-18 12:41:12.484,416.5859213987139,97
2024-09-18 12:41:12.530,416.5311908365603,995
2024-09-18 12:41:12.545,416.4979416373593,999
2024-09-18 12:41:12.561,416.510240964384,1000
2024-09-18 12:41:12.625,416.57206646772704,1003
2024-09-18 12:41:12.634,416.53959874168777,1004
2024-09-18 12:41:12.650,416.5786715364858,996
2024-09-18 12:41:12.659,416.51738577555375,12
2024-09-18 12:41:12.689,416.5342156939807,98
2024-09-18 12:41:12.739,416.5530113738994,999
2024-09-18 12:41:12.808,416.51970347168685,997
2024-09-18 12:41:12.921,416.6020345953437,13
2024-09-18 12:41:12.955,416.6005520081927,97
2024-09-18 12:41:12.972,416.52659198868014,13
2024-09-18 12:41:13.216,416.4844718361827,996
2024-09-18 12:41:13.228,416.5196542075777,100
2024-09-18 12:41:13.257,416.4849009403575,995
2024-09-18 12:41:13.301,416.51572954554746,7
2024-09-18 12:41:13.375,416.5345323774322,995
2024-09-18 12:41:13.386,416.5192659116071,996
2024-09-18 12:41:13.758,416.5074853005567,13
2024-09-18 12:41:13.767,416.5062574314276,12
2024-09-18 12:41:13.991,41.65035466831188,102
2024-09-18 12:41:13.998,416.4817828509951,105
2024-09-18 12:41:14.041,416.4858557587602,99
2024-09-18 12:41:14.122,416.52807803775454,101
2024-09-18 12:41:14.125,416.4497719194538,1005
2024-09-18 12:41:14.181,416.4534752082437,8
2024-09-18 12:41:14.195,416.5026655008337,13
2024-09-18 12:41:14.202,416.539703078985,997
2024-09-18 12:41:14.213,416.44985021885566,1000
2024-09-18 12:41:14.247,416.4640007197802,103
2024-09-18 12:41:14.291,416.4835912290297,1005
2024-09-18 12:41:14.336,416.4734757753166,100
2024-09-18 12:41:14.377,416.5190757573385,995
2024-09-18 12:41:14.413,416.4830809337841,1002
2024-09-18 12:41:14.449,416.53468905038136,9
2024-09-18 12:41:14.469,416.5259551832005,95
2024-09-18 12:41:14.668,416.52834369051055,5
2024-09-18 12:41:14.672,416.53835967745965,999
2024-09-18 12:41:14.676,416.53151599801777,98
2024-09-18 12:41:14.704,416.4828226227499,11
2024-09-18 12:41:14.741,416.4633722765312,1001
2024-09-18 12:41:14.794,416.4919820977988,104
2024-09-18 12:41:14.814,416.44281177280135,103
2024-09-18 12:41:14.853,416.5367014274238,14
2024-09-18 12:41:14.888,416.5390987398003,997
2024-09-18 12:41:14.958,416.53759224046087,101
2024-09-18 12:41:14.975,416.4484468286044,103
2024-09-18 12:41:15.661,416.5189324587769,10
2024-09-18 12:41:15.808,416.5105057942184,997
2024-09-18 12:41:16.014,416.5158358123995,102
2024-09-18 12:41:16.077,416.5281548076733,1005
2024-09-18 12:41:16.171,416.5377315820416,97
2024-09-18 12:41:16.423,416.52325678841135,1000
2024-09-18 12:41:16.437,416.5786046583413,14
2024-09-18 12:41:16.441,416.5170923013045,14
2024-09-18 12:41:16.476,416.5182934053692,15
2024-09-18 12:41:16.617,416.5599005968604,996
2024-09-18 12:41:16.637,416.538142729131,5
2024-09-18 12:41:16.706,416.5738545858014,1001
2024-09-18 12:41:16.710,416.52054823359856,996
2024-09-18 12:41:16.732,416.5258841736236,100
2024-09-18 12:41:16.794,416.553078631964,995
2024-09-18 12:41:16.810,416.5484519032672,99
2024-09-18 12:41:16.856,416.57186814833005,7
2024-09-18 12:41:16.989,416.5548814818812,15
2024-09-18 12:41:17.000,416.5755820522041,103
2024-09-18 12:41:17.055,416.5643702097544,95
2024-09-18 12:41:17.068,416.5680590091139,101
2024-09-18 12:41:17.108,416.5816890801784,997
2024-09-18 12:41:17.111,416.5747975936495,1003
2024-09-18 12:41:17.137,416.5657776458072,6
2024-09-18 12:41:17.154,416.57879212307546,998
2024-09-18 12:41:17.163,416.58181663668137,1004
2024-09-18 12:41:17.202,416.5621319057708,997
2024-09-18 12:41:17.276,416.56800406384014,102
2024-09-18 12:41:17.290,416.5866635380869,1005
2024-09-18 12:41:17.401,416.5800271447612,11
2024-09-18 12:41:17.487,416.5778155920249,6
2024-09-18 12:41:17.539,416.5730477831205,9
2024-09-18 12:41:17.571,416.5532791942259,13
2024-09-18 12:41:17.601,416.5531788161644,14
2024-09-18 12:41:17.622,416.5798435045534,13
2024-09-18 12:41:17.902,416.5634858629031,1003
2024-09-18 12:41:18.033,416.5331711520278,5
2024-09-18 12:41:18.061,416.5164735558636,97
2024-09-18 12:41:18.092,416.5208206265512,6
2024-09-18 12:41:18.093,416.5396028927785,102
2024-09-18 12:41:18.200,416.5700663851848,999
2024-09-18 12:41:18.227,416.5760126146094,1005
2024-09-18 12:41:18.282,416.52600156891737,9
2024-09-18 12:41:18.365,416.56945672812304,8
2024-09-18 12:41:18.481,416.5191589735205,6
2024-09-18 12:41:18.593,416.5395662943064,11
2024-09-18 12:41:18.843,416.5255937257557,8
2024-09-18 12:41:18.911,416.53862041757657,103
2024-09-18 12:41:19.060,416.5588824437688,100
2024-09-18 12:41:19.178,416.5240661603848,97
2024-09-18 12:41:19.268,416.5377425719359,96
2024-09-18 12:41:19.279,416.52326743837017,103
2024-09-18 12:41:19.289,416.5570855476884,105
2024-09-18 12:41:19.369,416.5468039360669,8
2024-09-18 12:41:19.393,416.5436997017148,15
2024-09-18 12:41:19.420,416.5297021783394,96
2024-09-18 12:41:19.451,416.5422620756906,997
2024-09-18 12:41:19.452,416.5462439350858,1003
2024-09-18 12:41:19.496,416.5328032643114,100
2024-09-18 12:41:19.556,416.5525769980055,995
2024-09-18 12:41:19.570,416.53972938461015,999
2024-09-18 12:41:19.676,416.5312663995944,14
2024-09-18 12:41:19.706,416.5240296249599,97
2024-09-18 12:41:20.097,416.5425958355201,1003
2024-09-18 12:41:20.132,416.4698085333815,9
2024-09-18 12:41:20.136,416.5108831707528,101
2024-09-18 12:41:20.140,416.5310138147427,8
2024-09-18 12:41:20.146,416.5171501974024,1000
2024-09-18 12:41:20.192,416.49253870853113,104
2024-09-18 12:41:20.297,416.5204306337434,103
2024-09-18 12:41:20.307,416.53341694664965,97
2024-09-18 12:41:20.343,416.5301152929733,1003
2024-09-18 12:41:20.504,416.5211911621908,1005
2024-09-18 12:41:20.559,416.4812200433813,7
2024-09-18 12:41:20.658,416.53560989306,995
2024-09-18 12:41:20.908,416.5337417563581,99
2024-09-18 12:41:20.923,416.4632181516181,105
2024-09-18 12:41:20.971,416.4614961687441,7
2024-09-18 12:41:20.974,416.4627731483809,8
2024-09-18 12:41:20.989,416.4725081565405,1005
2024-09-18 12:41:21.020,416.4836294280725,11
2024-09-18 12:41:21.058,416.49105519488114,1001
2024-09-18 12:41:21.077,416.4743538969934,5
2024-09-18 12:41:21.109,416.4572862690672,5
2024-09-18 12:41:21.111,416.4821898060024,1002
2024-09-18 12:41:21.138,416.4823532545322,998
2024-09-18 12:41:21.172,416.4838797723322,995
2024-09-18 12:41:21.380,416.4802308840593,13
2024-09-18 12:41:21.428,416.465598565692,100
2024-09-18 12:41:21.471,416.486439764945,996
2024-09-18 12:41:21.514,416.4880367369976,97
2024-09-18 12:41:21.567,416.477620878242,102
2024-09-18 12:41:21.647,416.46309848953007,101
2024-09-18 12:41:21.651,416.4791062220791,11
2024-09-18 12:41:21.698,416.4656594211249,1005
2024-09-18 12:41:21.742,416.4816298560127,13
2024-09-18 12:41:21.760,416.47085652395,9
2024-09-18 12:41:21.788,416.4866676184366,6
2024-09-18 12:41:21.808,416.4661628676286,10
2024-09-18 12:41:21.856,416.48825014305993,997
2024-09-18 12:41:21.949,416.4779404550783,999
2024-09-18 12:41:21.989,416.46735255830095,6
2024-09-18 12:41:22.079,416.5268041413355,995
2024-09-18 12:41:22.079,416.5209773387209,99
2024-09-18 12:41:22.118,416.4657082647794,996
2024-09-18 12:41:22.172,416.5604577855712,95
2024-09-18 12:41:22.174,416.475423444164,9
2024-09-18 12:41:22.190,416.47861248666055,15
2024-09-18 12:41:22.244,416.4941002912006,1000
2024-09-18 12:41:22.274,416.507202166306,105
2024-09-18 12:41:22.335,416.511499820038,97
2024-09-18 12:41:22.337,41.64683583820575,998
2024-09-18 12:41:22.443,416.4751585862906,1001
2024-09-18 12:41:22.488,416.5777149502138,97
2024-09-18 12:41:22.498,416.4885911872464,6
2024-09-18 12:41:22.569,416.4749225144858,13
2024-09-18 12:41:22.592,416.47868758514994,101
2024-09-18 12:41:22.651,416.4811443007636,995
2024-09-18 12:41:22.670,416.4755726339724,11
2024-09-18 12:41:22.805,416.51732420422553,105
2024-09-18 12:41:22.815,416.56995826170765,11
2024-09-18 12:41:22.822,416.4846415919002,1000
2024-09-18 12:41:22.867,416.4589661861814,995
2024-09-18 12:41:22.888,416.52543971578615,1000
2024-09-18 12:41:22.952,416.5049570206384,15
2024-09-18 12:41:22.963,416.4761191545476,6
2024-09-18 12:41:22.989,416.5115049483189,1005
2024-09-18 12:41:23.047,416.6266764773913,13
2024-09-18 12:41:23.054,416.5511719029594,11
2024-09-18 12:41:23.140,416.568697062506,10
2024-09-18 12:41:23.150,416.620379409871,101
2024-09-18 12:41:23.176,416.56446549947447,8
2024-09-18 12:41:23.203,416.5489735165499,96
2024-09-18 12:41:23.451,416.639592725536,9
2024-09-18 12:41:23.472,416.6605769655772,998
2024-09-18 12:41:23.487,416.6528484330168,995
2024-09-18 12:41:23.501,416.6058870836761,6
2024-09-18 12:41:23.639,416.54904196901305,6
2024-09-18 12:41:23.673,416.6390449779032,10
2024-09-18 12:41:23.684,416.5704474575015,96
2024-09-18 12:41:23.760,416.62707673247365,104
2024-09-18 12:41:23.766,416.6010732322192,1003
2024-09-18 12:41:23.817,416.65595964342026,102
2024-09-18 12:41:23.890,416.5612690330045,102
2024-09-18 12:41:23.910,416.5532930638547,1003
2024-09-18 12:41:23.954,416.6552882374361,105
2024-09-18 12:41:24.021,416.6272689846143,8
2024-09-18 12:41:24.048,416.61467377786187,10
2024-09-18 12:41:24.053,416.6296322202596,99
2024-09-18 12:41:24.131,416.6405736704299,102
2024-09-18 12:41:24.164,416.61386628994063,998
2024-09-18 12:41:24.171,416.62977974358233,105
2024-09-18 12:41:24.250,416.65745662742967,999
2024-09-18 12:41:24.288,416.61907922832427,1002
2024-09-18 12:41:24.298,416.6231823007628,10
2024-09-18 12:41:24.308,416.6632864067173,96
2024-09-18 12:41:24.385,416.6093318204837,102
2024-09-18 12:41:24.409,416.6492880510847,995
2024-09-18 12:41:24.569,416.6493338444576,1000
2024-09-18 12:41:24.584,416.6034216964677,9
2024-09-18 12:41:24.606,416.6317258505376,1005
2024-09-18 12:41:24.662,416.64885039444215,96
2024-09-18 12:41:24.674,416.632589270229,9
2024-09-18 12:41:24.760,416.6215729244077,7
2024-09-18 12:41:24.791,416.62780190616206,9
2024-09-18 12:41:24.814,416.6339181490835,8
2024-09-18 12:41:24.845,416.6215636557996,996
2024-09-18 12:41:24.896,416.60226897767615,102
2024-09-18 12:41:25.018,416.6428826707505,999
2024-09-18 12:41:25.037,416.6556502039692,15
2024-09-18 12:41:25.083,416.6437845161407,15
2024-09-18 12:41:25.099,416.6373622605468,996
2024-09-18 12:41:25.171,416.6472123953949,9
2024-09-18 12:41:25.267,416.6315196572674,998
2024-09-18 12:41:25.272,416.6385599844556,99
2024-09-18 12:41:25.415,416.6441554308765,102
2024-09-18 12:41:25.426,416.6552466598664,8
2024-09-18 12:41:25.475,416.6423273982324,5
2024-09-18 12:41:25.508,416.6284469674444,95
2024-09-18 12:41:25.714,416.6441744524996,9
2024-09-18 12:41:25.716,416.6538877835175,1000
2024-09-18 12:41:25.758,416.6148662341708,1003
2024-09-18 12:41:25.949,416.6441010149375,999
2024-09-18 12:41:25.992,416.6502613014659,1003
2024-09-18 12:41:25.996,416.62743993033854,99
2024-09-18 12:41:25.997,416.6529013172764,1004
2024-09-18 12:41:26.047,416.68053958617486,999
2024-09-18 12:41:26.108,416.6896858272135,1001
2024-09-18 12:41:26.121,416.6914888018379,997
2024-09-18 12:41:26.191,416.6870801090488,100
2024-09-18 12:41:26.195,416.7241749989034,1005
2024-09-18 12:41:26.208,416.7131755036233,1005
2024-09-18 12:41:26.238,416.6687197404052,100
2024-09-18 12:41:26.284,416.6950215819724,1002
2024-09-18 12:41:26.307,416.7007419243175,102
2024-09-18 12:41:26.372,416.67547247211,999
2024-09-18 12:41:26.383,416.662305465734,11
2024-09-18 12:41:26.432,416.6831707513856,99
2024-09-18 12:41:26.481,416.7112902783111,996
2024-09-18 12:41:26.524,416.7124514734223,9
2024-09-18 12:41:26.543,416.7250565711527,99
2024-09-18 12:41:26.565,416.7131115285217,15
2024-09-18 12:41:26.585,416.7084030484296,14
2024-09-18 12:41:26.600,416.7059608971716,95
2024-09-18 12:41:26.602,416.6511937236233,102
2024-09-18 12:41:26.614,416.6921352742101,98
2024-09-18 12:41:26.630,416.70072568037,99
2024-09-18 12:41:26.669,416.6605539340098,99
2024-09-18 12:41:26.690,416.69935483651966,96
2024-09-18 12:41:26.696,416.689837884296,7
2024-09-18 12:41:26.807,416.69870492037984,103
2024-09-18 12:41:26.863,416.6748027829721,10
2024-09-18 12:41:26.866,416.6772040556823,998
2024-09-18 12:41:26.891,416.6410696989106,102
2024-09-18 12:41:26.993,416.6705817166349,105
2024-09-18 12:41:27.063,416.71582567380926,104
2024-09-18 12:41:27.142,416.7142185162088,11
2024-09-18 12:41:27.243,416.7222146715904,999
2024-09-18 12:41:27.501,416.74131831184366,97
2024-09-18 12:41:27.515,416.70435409047184,13
2024-09-18 12:41:28.047,416.7387049196477,99
2024-09-18 12:41:28.048,416.6362824510231,9
2024-09-18 12:41:28.166,416.7553154348893,96
2024-09-18 12:41:28.196,416.6396031827856,998
2024-09-18 12:41:28.204,416.65776904481487,105
2024-09-18 12:41:28.213,416.7234006130035,103
2024-09-18 12:41:28.218,416.64788911066574,13
2024-09-18 12:41:28.281,,1003
2024-09-18 12:41:28.346,416.706263792457,101
2024-09-18 12:41:28.347,416.7509916367029,5
2024-09-18 12:41:28.348,416.76097756546113,997
2024-09-18 12:41:28.495,416.7428987512195,7
2024-09-18 12:41:28.540,416.7234468392904,104
2024-09-18 12:41:28.567,416.68066498831536,1002
2024-09-18 12:41:28.734,41.67010509315149,97
2024-09-18 12:41:28.791,416.6470610925924,95
2024-09-18 12:41:28.861,416.68306827327575,105
2024-09-18 12:41:28.890,416.716561484659,6
2024-09-18 12:41:28.908,416.7360512785514,98
2024-09-18 12:41:28.914,416.6796930755971,1001
2024-09-18 12:41:28.944,416.64049534337664,995
2024-09-18 12:41:28.990,416.76668861336987,9
2024-09-18 12:41:29.085,416.6809344001664,9
2024-09-18 12:41:29.133,416.6707593023582,98
2024-09-18 12:41:29.318,416.67811787153806,103
2024-09-18 12:41:29.552,416.683063683572,12
2024-09-18 12:41:29.670,416.6708127209332,1002
2024-09-18 12:41:29.748,416.6755156942269,996
2024-09-18 12:41:30.050,416.7456434177631,96
2024-09-18 12:41:30.101,416.7400974507552,7
2024-09-18 12:41:30.121,416.6898793856358,101
2024-09-18 12:41:30.299,416.71624639702986,8
2024-09-18 12:41:30.481,416.6887033709796,1000
2024-09-18 12:41:30.584,416.72326016474375,97
2024-09-18 12:41:30.591,416.73943551093134,15
2024-09-18 12:41:30.601,416.7097364936644,996
2024-09-18 12:41:30.605,416.7033432317617,1000
2024-09-18 12:41:30.611,416.6866547691942,11
2024-09-18 12:41:30.629,416.758463760596,100
2024-09-18 12:41:30.633,416.7571560168869,1002
2024-09-18 12:41:30.698,416.757757563987,998
2024-09-18 12:41:30.943,416.7016775874624,101
2024-09-18 12:41:31.005,416.7783399354107,100
2024-09-18 12:41:31.134,416.7729948727517,12
2024-09-18 12:41:31.140,416.7677890922912,14
2024-09-18 12:41:31.225,416.71345723656464,96
2024-09-18 12:41:31.233,416.73899776261993,99
2024-09-18 12:41:31.253,416.7655462339976,996
2024-09-18 12:41:31.383,416.77105750724274,1000
2024-09-18 12:41:31.408,416.76548348674834,997
2024-09-18 12:41:31.429,416.7814424770458,5
2024-09-18 12:41:31.446,416.75847848032674,1005
2024-09-18 12:41:31.462,416.7506567214827,1000
2024-09-18 12:41:31.487,416.7672191075148,6
2024-09-18 12:41:31.505,416.750584047788,999
2024-09-18 12:41:31.523,416.7432223017109,1003
2024-09-18 12:41:31.579,416.78175007893,6
2024-09-18 12:41:31.608,416.7660221317992,100
2024-09-18 12:41:31.613,416.7759255303767,999
2024-09-18 12:41:31.625,416.7242992968597,10
2024-09-18 12:41:31.663,416.7775678248368,95
2024-09-18 12:41:31.691,416.7272955380867,103
2024-09-18 12:41:31.703,416.770354238052,997
2024-09-18 12:41:31.813,416.7393844065778,13
2024-09-18 12:41:31.813,416.7689943833211,101
2024-09-18 12:41:31.845,416.7221776080715,98
2024-09-18 12:41:31.847,416.7467222156924,8
2024-09-18 12:41:31.889,416.7620401194873,9
2024-09-18 12:41:31.924,416.70491896631216,103
2024-09-18 12:41:31.965,416.78589511110073,14
2024-09-18 12:41:31.980,416.76579140087694,8
2024-09-18 12:41:32.139,416.7694722383059,14
2024-09-18 12:41:32.365,416.7500363258212,98
2024-09-18 12:41:32.520,416.76617235514703,105
2024-09-18 12:41:32.932,416.7636746738937,100
2024-09-18 12:41:33.039,416.72441019638086,1001
2024-09-18 12:41:33.064,416.7727621038904,10
2024-09-18 12:41:33.073,416.7898409535888,995
2024-09-18 12:41:33.075,416.7283131459029,999
2024-09-18 12:41:33.087,416.7748851928576,13
2024-09-18 12:41:33.255,416.7314509933527,10
2024-09-18 12:41:33.262,416.71837407267446,101
2024-09-18 12:41:33.275,416.77520678038906,14
2024-09-18 12:41:33.287,416.73063888706463,7
2024-09-18 12:41:33.289,416.76930518577205,12
2024-09-18 12:41:33.351,416.7105381018495,5
2024-09-18 12:41:33.424,416.7486167870121,6
2024-09-18 12:41:33.547,416.72696992586793,11
2024-09-18 12:41:33.612,416.7316084840462,995
2024-09-18 12:41:33.809,416.77581258737206,100
2024-09-18 12:41:34.118,416.7401920792825,8
2024-09-18 12:41:34.136,416.7531231724098,1004
2024-09-18 12:41:34.194,416.74794834232654,996
2024-09-18 12:41:34.407,416.7459595779892,96
2024-09-18 12:41:34.575,416.73682450892136,8
2024-09-18 12:41:35.828,416.7527525821431,8
2024-09-18 12:41:35.880,416.7488426293705,12
2024-09-18 12:41:36.127,416.7296705117859,10
2024-09-18 12:41:36.151,416.7222771298884,103
2024-09-18 12:41:36.228,416.6874435266735,11
2024-09-18 12:41:36.275,416.6471362320093,1002
2024-09-18 12:41:36.382,416.6934053196199,102
2024-09-18 12:41:36.563,416.6709688664823,7
2024-09-18 12:41:36.738,416.6483591979341,1000
2024-09-18 12:41:36.796,416.6444854234044,1005
2024-09-18 12:41:36.862,41.66700711023322,105
2024-09-18 12:41:36.912,416.7133381385133,1000
2024-09-18 12:41:36.983,416.67955970463817,1001
2024-09-18 12:41:37.248,416.6165900721388,9
2024-09-18 12:41:37.729,416.63408974816224,15
2024-09-18 12:41:37.859,416.6240874142565,13
2024-09-18 12:41:38.117,416.65309197099015,7
2024-09-18 12:41:38.140,416.7493344523335,95
2024-09-18 12:41:38.187,416.6688417425689,999
2024-09-18 12:41:38.240,416.6567775187008,98
2024-09-18 12:41:38.302,416.6289589484648,14
2024-09-18 12:41:38.312,416.6297050074214,997
2024-09-18 12:41:38.407,416.7128946073245,6
2024-09-18 12:41:38.435,416.6468831704369,6
2024-09-18 12:41:38.549,416.63501691848927,1000
2024-09-18 12:41:38.596,416.6312412349198,101
2024-09-18 12:41:38.609,416.72868663639406,15
2024-09-18 12:41:38.623,416.6470175673513,12
2024-09-18 12:41:38.661,416.6400793141872,14
2024-09-18 12:41:38.685,416.72840837546937,1004
2024-09-18 12:41:38.725,416.6965187624239,10
2024-09-18 12:41:38.770,416.6554936262643,98
2024-09-18 12:41:38.772,416.64732675691897,105
2024-09-18 12:41:38.781,416.6467798935897,104
2024-09-18 12:41:38.787,416.6452177687831,9
2024-09-18 12:41:38.795,416.7118496581618,98
2024-09-18 12:41:38.796,416.6384642851248,998
2024-09-18 12:41:38.822,416.63004859472426,995
2024-09-18 12:41:38.849,416.6408067907758,11
2024-09-18 12:41:38.856,416.7268651328224,105
2024-09-18 12:41:38.928,416.6285724110962,105
2024-09-18 12:41:38.955,416.6525301373457,104
2024-09-18 12:41:39.057,416.81662780203584,1004
2024-09-18 12:41:39.098,416.7929285093658,998
2024-09-18 12:41:39.116,416.80678101757655,96
2024-09-18 12:41:39.118,416.8280705406736,997
2024-09-18 12:41:39.142,416.75777761402304,5
2024-09-18 12:41:39.157,416.824982489339,999
2024-09-18 12:41:39.194,416.75956058235965,8
2024-09-18 12:41:39.196,416.7599682370292,996
2024-09-18 12:41:39.205,416.7637974474252,101
2024-09-18 12:41:39.350,416.74860830520674,105
2024-09-18 12:41:39.391,-416.75439640034085,996
2024-09-18 12:41:39.418,416.76721046571095,104
2024-09-18 12:41:39.467,416.8231294672224,8
2024-09-18 12:41:39.488,416.75967800301737,5
2024-09-18 12:41:39.561,416.7442678435995,102
2024-09-18 12:41:39.568,416.7688700268683,10
2024-09-18 12:41:39.587,416.7403066880865,997
2024-09-18 12:41:39.719,416.8232205821467,997
2024-09-18 12:41:39.767,416.76562658947023,10
2024-09-18 12:41:39.870,416.7567203979005,98
2024-09-18 12:41:39.884,416.7707497611552,1003
2024-09-18 12:41:40.129,416.83089215092826,99
2024-09-18 12:41:40.940,416.85177683939503,10
2024-09-18 12:41:41.005,416.778667784914,998
2024-09-18 12:41:41.013,416.7720374225508,105
2024-09-18 12:41:41.047,416.8570463823266,1002
2024-09-18 12:41:41.110,416.8243667589879,7
2024-09-18 12:41:41.190,416.7859843134252,1004
2024-09-18 12:41:41.192,416.7570037365216,1004
2024-09-18 12:41:41.219,416.74252788529554,6
2024-09-18 12:41:41.306,416.7648546648394,98
2024-09-18 12:41:41.345,416.7673962825105,99
2024-09-18 12:41:41.358,416.7916324768555,95
2024-09-18 12:41:41.417,416.77833877876174,95
2024-09-18 12:41:41.427,416.8018055022484,7
2024-09-18 12:41:41.438,416.7303870915072,14
2024-09-18 12:41:41.486,416.7886275917825,1001
2024-09-18 12:41:41.494,416.80827279968736,101
2024-09-18 12:41:41.525,416.79395661858536,12
2024-09-18 12:41:41.593,416.8206065145599,10
2024-09-18 12:41:41.611,416.7542227194082,998
2024-09-18 12:41:41.612,416.74923591088987,1003
2024-09-18 12:41:41.644,416.8131215094385,1003
2024-09-18 12:41:41.688,416.77967434280754,1003
2024-09-18 12:41:41.690,416.8005143991128,98
2024-09-18 12:41:41.747,416.82898085606286,99
2024-09-18 12:41:41.781,416.7369830376853,9
2024-09-18 12:41:41.807,416.776758139874,12
2024-09-18 12:41:41.810,416.818267769665,999
2024-09-18 12:41:41.837,416.7711635866127,96
2024-09-18 12:41:41.896,416.78491953217673,100
2024-09-18 12:41:41.909,416.8082022028965,99
2024-09-18 12:41:41.924,416.7621634123215,95
2024-09-18 12:41:42.029,416.7761573953992,1000
2024-09-18 12:41:42.045,416.7876970870152,998
2024-09-18 12:41:42.060,416.7378610272679,1000
2024-09-18 12:41:42.183,416.7794731947276,97
2024-09-18 12:41:42.277,416.75047268184943,1001
2024-09-18 12:41:42.315,416.7960358764797,999
2024-09-18 12:41:42.372,416.7906576243079,104
2024-09-18 12:41:42.445,416.7610863954531,12
2024-09-18 12:41:42.474,416.7496153386452,101
2024-09-18 12:41:42.730,416.75771672727103,97
2024-09-18 12:41:42.866,416.7908181407056,105
2024-09-18 12:41:42.927,416.79465320262784,103
2024-09-18 12:41:42.961,416.7756009165973,98
2024-09-18 12:41:42.962,416.7354542388704,99
2024-09-18 12:41:42.976,416.7482148730065,95
2024-09-18 12:41:43.063,416.7640780589608,98
2024-09-18 12:41:43.076,416.7700010446795,95
2024-09-18 12:41:43.117,416.76065209972927,104
2024-09-18 12:41:43.161,416.752733366887,101
2024-09-18 12:41:43.171,416.76537630258446,1000
2024-09-18 12:41:43.231,416.7702004885592,104
2024-09-18 12:41:43.336,416.7487529811083,997
2024-09-18 12:41:43.357,416.75666951690033,995
2024-09-18 12:41:43.408,416.7608707181586,97
2024-09-18 12:41:43.446,416.7617216570912,98
2024-09-18 12:41:43.480,416.751028551324,1003
2024-09-18 12:41:43.617,416.7714259347344,100
2024-09-18 12:41:43.699,416.7481897217986,12
2024-09-18 12:41:43.712,416.76057938056914,1002
2024-09-18 12:41:43.732,416.7601285462005,15
2024-09-18 12:41:44.024,-416.7431826683461,1003
2024-09-18 12:41:44.047,416.7682855512119,96
2024-09-18 12:41:44.048,416.72616557449305,1002
2024-09-18 12:41:44.096,416.7384933681121,11
2024-09-18 12:41:44.110,416.777177773252,1001
2024-09-18 12:41:44.152,416.7434956188576,1002
2024-09-18 12:41:44.247,416.7338022637178,997
2024-09-18 12:41:44.338,416.7633882531886,9
2024-09-18 12:41:44.422,416.7378577075039,100
2024-09-18 12:41:44.439,416.753338934422,95
2024-09-18 12:41:44.446,416.746414329342,15
2024-09-18 12:41:44.456,416.7473878736352,102
2024-09-18 12:41:44.538,416.7589397944564,97
2024-09-18 12:41:44.567,416.73943701871264,98
2024-09-18 12:41:44.625,416.7810199888881,1002
2024-09-18 12:41:44.655,416.7543975639831,96
2024-09-18 12:41:44.703,416.7297506636128,103
2024-09-18 12:41:44.783,416.7139696609945,1003
2024-09-18 12:41:44.881,416.714924262704,13
2024-09-18 12:41:44.894,416.7370107837776,1005
2024-09-18 12:41:44.939,416.7450592545353,101
2024-09-18 12:41:44.951,416.71594961520447,14
2024-09-18 12:41:45.006,416.7770660525494,1002
2024-09-18 12:41:45.081,416.7652482878282,999
2024-09-18 12:41:45.100,416.7641373552598,95
2024-09-18 12:41:45.201,416.7099805096584,7
2024-09-18 12:41:45.363,416.74077575481,996
2024-09-18 12:41:45.369,416.6823021105139,995
2024-09-18 12:41:45.401,416.7371769224447,997
2024-09-18 12:41:45.407,416.7560303799849,12
2024-09-18 12:41:45.421,416.6890416721171,998
2024-09-18 12:41:45.431,416.7580273719763,104
2024-09-18 12:41:45.431,416.7601627039384,6
2024-09-18 12:41:45.500,416.7552899459531,14
2024-09-18 12:41:45.507,416.7681370798533,6
2024-09-18 12:41:45.589,,97
2024-09-18 12:41:45.593,416.690486205634,13
2024-09-18 12:41:45.707,416.708484213204,997
2024-09-18 12:41:45.982,416.7605378689518,98
2024-09-18 12:41:46.084,416.7231343530401,9
2024-09-18 12:41:46.245,416.6630156913568,15
2024-09-18 12:41:46.374,416.6547840527592,1002
2024-09-18 12:41:46.409,416.6678071101016,995
2024-09-18 12:41:46.501,416.6697139050424,12
2024-09-18 12:41:46.525,416.71510292084247,1000
2024-09-18 12:41:46.541,416.6698888442367,6
2024-09-18 12:41:46.563,416.6700533501547,995
2024-09-18 12:41:46.644,416.6754742754255,15
2024-09-18 12:41:46.663,416.7335790599581,101
2024-09-18 12:41:46.683,416.6987469715746,999
2024-09-18 12:41:46.799,416.654578552997,11
2024-09-18 12:41:46.854,416.7410367120523,13
2024-09-18 12:41:46.970,416.6756195819292,997
2024-09-18 12:41:47.014,416.7471891384325,1005
2024-09-18 12:41:47.067,416.72520323032,98
2024-09-18 12:41:47.099,416.7358721180188,1002
2024-09-18 12:41:47.301,416.7252033825382,103
2024-09-18 12:41:47.340,416.7334076992478,102
2024-09-18 12:41:47.475,416.72545631936174,9
2024-09-18 12:41:47.528,416.72082796872337,96
2024-09-18 12:41:47.913,416.7168163032912,14
2024-09-18 12:41:48.021,416.7960124944981,5
2024-09-18 12:41:48.064,416.7434588088744,101
2024-09-18 12:41:48.144,416.8533227440242,1003
2024-09-18 12:41:48.156,416.8019458234292,105
2024-09-18 12:41:48.170,416.8168213950791,101
2024-09-18 12:41:48.224,416.8571573725151,997
2024-09-18 12:41:48.256,416.7558673273128,996
2024-09-18 12:41:48.265,416.8236401204777,1005
2024-09-18 12:41:48.334,416.7953103004174,11
2024-09-18 12:41:48.358,416.8076529761364,1003
2024-09-18 12:41:48.377,416.7884196157761,99
2024-09-18 12:41:48.424,416.8023288709021,95
2024-09-18 12:41:48.522,416.8036703907604,99
2024-09-18 12:41:48.573,416.779230063577,99
2024-09-18 12:41:48.618,416.7311246699306,1002
2024-09-18 12:41:48.632,416.8145191662399,100
2024-09-18 12:41:48.805,416.8376415001167,14
2024-09-18 12:41:48.817,416.7901922216527,101
2024-09-18 12:41:48.896,416.7608160181725,7
2024-09-18 12:41:49.946,416.871377404384,104
2024-09-18 12:41:50.004,416.8969102469752,99
2024-09-18 12:41:50.359,416.8817016342885,8
2024-09-18 12:41:50.659,416.8934862208653,98
2024-09-18 12:41:50.884,416.9188015940099,9
2024-09-18 12:41:50.924,416.8942184464098,100
2024-09-18 12:41:51.078,416.90318500446335,999
2024-09-18 12:41:51.158,416.9338212165958,998
2024-09-18 12:41:51.193,416.880502641851,995
2024-09-18 12:41:51.249,416.9346628482004,97
2024-09-18 12:41:51.470,416.8790774331408,995
2024-09-18 12:41:51.595,416.88479767276255,12
2024-09-18 12:41:51.635,416.9247339475904,6
2024-09-18 12:41:51.748,41.68798185036153,999
2024-09-18 12:41:51.797,416.8956420353696,7
2024-09-18 12:41:51.817,416.902492933998,95
2024-09-18 12:41:51.855,416.901501759376,997
2024-09-18 12:41:51.888,416.89897289596473,11
2024-09-18 12:41:52.214,416.9047938727432,1001
2024-09-18 12:41:52.368,416.9189562537619,97
2024-09-18 12:41:52.487,,99
2024-09-18 12:41:52.498,416.92077055723365,12
2024-09-18 12:41:52.640,416.9108571776456,105
2024-09-18 12:41:52.830,416.9230227384584,105
2024-09-18 12:41:52.863,416.931413619721,98
2024-09-18 12:41:52.941,416.9407394001431,14
2024-09-18 12:41:53.028,416.9191722238229,95
2024-09-18 12:41:53.033,416.9074746640583,100
2024-09-18 12:41:53.059,416.89564152307975,9
2024-09-18 12:41:53.066,416.94822562506886,8
2024-09-18 12:41:53.067,416.9128133023547,12
2024-09-18 12:41:53.068,416.8154708262457,6
2024-09-18 12:41:53.076,416.9311420779488,14
2024-09-18 12:41:53.100,416.8553178576576,1002
2024-09-18 12:41:53.152,416.8670961207673,99
2024-09-18 12:41:53.247,416.892685346868,6
2024-09-18 12:41:53.265,416.91099904097786,1001
2024-09-18 12:41:53.284,416.86767679336447,6
2024-09-18 12:41:53.298,416.9466062606665,95
2024-09-18 12:41:53.365,416.9929481547807,100
2024-09-18 12:41:53.469,416.9284106891797,1005
2024-09-18 12:41:53.484,416.8391278530062,100
2024-09-18 12:41:53.511,416.84747158341713,998
2024-09-18 12:41:53.623,416.847691564553,6
2024-09-18 12:41:53.630,416.9276470611719,5
2024-09-18 12:41:53.715,416.98481971983625,12
2024-09-18 12:41:53.760,416.8594950861773,104
2024-09-18 12:41:53.820,416.8392976618026,105
2024-09-18 12:41:53.852,416.8662892675223,1001
2024-09-18 12:41:53.882,416.8629676747551,995
2024-09-18 12:41:53.924,416.9736894570108,5
2024-09-18 12:41:53.946,416.8598760455177,96
2024-09-18 12:41:53.957,416.86421978550135,10
2024-09-18 12:41:53.973,416.8673154722651,14
2024-09-18 12:41:54.007,416.8474007950146,999
2024-09-18 12:41:54.162,416.8381377008438,99
2024-09-18 12:41:54.180,416.86533826682535,6
2024-09-18 12:41:54.224,416.847844606665,13
2024-09-18 12:41:54.273,416.8635195092618,10
2024-09-18 12:41:54.381,416.8225528270901,98
2024-09-18 12:41:54.574,416.83801973059343,1003
2024-09-18 12:41:54.815,416.8536108792833,9
2024-09-18 12:41:54.905,416.851702079476,102
2024-09-18 12:41:55.067,416.758883435128,105
2024-09-18 12:41:55.113,416.8333953334023,103
2024-09-18 12:41:55.155,416.7685934070588,98
2024-09-18 12:41:55.231,416.828439416413,998
2024-09-18 12:41:55.239,416.76294646768224,103
2024-09-18 12:41:55.241,416.7247996477283,95
2024-09-18 12:41:55.305,416.84622573538695,1001
2024-09-18 12:41:55.317,416.7710130055698,10
2024-09-18 12:41:55.326,416.752558190195,6
2024-09-18 12:41:55.369,416.8434247853249,1001
2024-09-18 12:41:55.465,416.7856067970801,7
2024-09-18 12:41:55.625,416.74954145848704,1002
2024-09-18 12:41:55.638,416.7702364683939,99
2024-09-18 12:41:55.679,416.7309853163158,15
2024-09-18 12:41:55.723,416.7425877954761,1005
2024-09-18 12:41:55.727,416.7503143621512,12
2024-09-18 12:41:55.746,416.7538719827385,1003
2024-09-18 12:41:55.753,416.7477707752891,102
2024-09-18 12:41:55.753,416.8055004791096,999
2024-09-18 12:41:55.784,416.7638513644786,997
2024-09-18 12:41:55.789,416.7921044309931,1005
2024-09-18 12:41:55.829,416.8089166955218,12
2024-09-18 12:41:55.867,416.8330607739901,997
2024-09-18 12:41:55.878,416.8057241251674,9
2024-09-18 12:41:55.950,416.8302076376549,999
2024-09-18 12:41:56.132,416.7309409402816,104
2024-09-18 12:41:56.195,416.7281638144906,997
2024-09-18 12:41:56.199,416.7176561493471,997
2024-09-18 12:41:56.245,416.72124366429495,1001
2024-09-18 12:41:56.280,416.7364643384973,15
2024-09-18 12:41:56.305,416.7230895351557,103
2024-09-18 12:41:56.445,416.7254466142937,102
2024-09-18 12:41:56.468,416.7233612783872,101
2024-09-18 12:41:56.558,416.7207820279132,15
2024-09-18 12:41:56.593,416.7391178855236,11
2024-09-18 12:41:56.700,416.7289065456126,1002
2024-09-18 12:41:56.757,416.7469928238162,102
2024-09-18 12:41:56.786,416.741166994073,101
2024-09-18 12:41:56.867,416.72710251436894,101
2024-09-18 12:41:56.904,416.7453616895051,99
2024-09-18 12:41:56.910,416.7419960579545,95
2024-09-18 12:41:57.003,416.77383375351695,101
2024-09-18 12:41:57.042,416.7517606626362,12
2024-09-18 12:41:57.049,416.7677970981221,8
2024-09-18 12:41:57.054,416.7834730924196,104
2024-09-18 12:41:57.176,416.7558398092597,101
2024-09-18 12:41:57.187,416.7609567496963,101
2024-09-18 12:41:57.211,416.7731939332471,9
2024-09-18 12:41:57.518,416.7807850087642,101
2024-09-18 12:41:57.541,416.7380383291787,102
2024-09-18 12:41:57.602,416.7866841766818,1004
2024-09-18 12:41:57.704,416.7741714888552,1000
2024-09-18 12:41:57.803,416.77535110591145,996
2024-09-18 12:41:57.827,416.7604510184127,1004
2024-09-18 12:41:57.848,416.7411688376605,998
2024-09-18 12:41:58.159,416.7939821095848,995
2024-09-18 12:41:58.506,416.77157370703753,13
2024-09-18 12:41:58.807,416.8095346034645,99
2024-09-18 12:41:59.445,416.8083054566809,12
2024-09-18 12:41:59.834,416.8229475433856,1005
2024-09-18 12:41:59.884,416.7916666892407,1000
2024-09-18 12:41:59.974,416.7963757747333,5
