Timestamp,Price,Size
2024-09-17 11:15:00.060,414.8516371988013,95
2024-09-17 11:15:00.432,414.8441613075594,999
2024-09-17 11:15:00.492,414.83975833083184,1003
2024-09-17 11:15:01.093,414.8324144181904,995
2024-09-17 11:15:01.174,414.864719144276,8
2024-09-17 11:15:01.376,414.8498885609137,1000
2024-09-17 11:15:01.423,414.8247597928073,98
2024-09-17 11:15:01.435,414.8481539148521,11
2024-09-17 11:15:01.437,41.48117613433499,999
2024-09-17 11:15:01.551,414.843110468152,5
2024-09-17 11:15:01.607,414.8460569518941,996
2024-09-17 11:15:01.830,414.78929146500616,6
2024-09-17 11:15:02.025,414.8066294747316,95
2024-09-17 11:15:02.055,414.8040298480917,996
2024-09-17 11:15:02.148,414.8092217305895,9
2024-09-17 11:15:02.217,414.7843734966964,6
2024-09-17 11:15:02.410,414.8102298971029,9
2024-09-17 11:15:02.482,414.7989289873503,102
2024-09-17 11:15:02.503,414.7948450867527,99
2024-09-17 11:15:02.598,414.82016557028686,999
2024-09-17 11:15:02.671,414.829204332795,99
2024-09-17 11:15:02.686,414.7843375830505,5
2024-09-17 11:15:02.700,414.7977946453269,995
2024-09-17 11:15:02.720,414.779397118401,105
2024-09-17 11:15:02.853,414.8303730312656,96
2024-09-17 11:15:02.866,414.8197217707725,105
2024-09-17 11:15:02.912,414.8156800360857,14
2024-09-17 11:15:02.948,414.8069501651145,103
2024-09-17 11:15:03.677,414.83535835880514,1004
2024-09-17 11:15:03.709,414.8021293339497,1005
2024-09-17 11:15:03.941,414.8273711120306,7
2024-09-17 11:15:04.017,414.8864533271531,104
2024-09-17 11:15:04.019,414.8665571144779,1000
2024-09-17 11:15:04.028,414.8930130491622,96
2024-09-17 11:15:04.032,414.8718464022615,101
2024-09-17 11:15:04.114,414.8620261512304,995
2024-09-17 11:15:04.146,414.8663930444028,1000
2024-09-17 11:15:04.166,414.88323521777056,14
2024-09-17 11:15:04.182,414.8786171049306,101
2024-09-17 11:15:04.211,414.8745698495305,97
2024-09-17 11:15:04.237,414.8671490080591,1002
2024-09-17 11:15:04.361,414.8770030316549,1004
2024-09-17 11:15:04.420,414.8294456371072,100
2024-09-17 11:15:04.477,414.8577447956596,95
2024-09-17 11:15:04.480,414.8880328972757,1004
2024-09-17 11:15:04.588,414.9080654549584,99
2024-09-17 11:15:04.610,414.8278442751681,999
2024-09-17 11:15:04.613,414.81206551613104,14
2024-09-17 11:15:04.619,,13
2024-09-17 11:15:04.622,414.87886643545954,1004
2024-09-17 11:15:04.624,414.881892168196,14
2024-09-17 11:15:04.651,414.87629904832505,5
2024-09-17 11:15:04.675,414.8783372243781,100
2024-09-17 11:15:04.732,414.8977312878706,998
2024-09-17 11:15:04.736,414.8706576750823,1002
2024-09-17 11:15:04.837,414.8923075732463,101
2024-09-17 11:15:04.854,,1003
2024-09-17 11:15:04.922,414.893010604688,1000
2024-09-17 11:15:04.922,414.8899349390688,1000
2024-09-17 11:15:04.982,414.8867227301909,100
2024-09-17 11:15:04.994,414.889891644564,14
2024-09-17 11:15:05.143,414.9028646822746,1002
2024-09-17 11:15:05.177,414.9201728323966,98
2024-09-17 11:15:05.208,414.8615088306552,95
2024-09-17 11:15:05.335,414.9189395881921,14
2024-09-17 11:15:05.337,414.8962222501828,1003
2024-09-17 11:15:05.338,414.8829048606374,996
2024-09-17 11:15:05.422,414.84390342425735,999
2024-09-17 11:15:05.443,414.8475757155997,1000
2024-09-17 11:15:05.534,414.8806757950501,96
2024-09-17 11:15:05.561,414.8933401275637,104
2024-09-17 11:15:05.756,414.9395065685852,997
2024-09-17 11:15:05.772,414.8835801270087,1004
2024-09-17 11:15:05.787,414.9068888964912,8
2024-09-17 11:15:05.826,414.860009654953,1004
2024-09-17 11:15:05.835,414.9036412231904,96
2024-09-17 11:15:05.849,414.8684159141456,999
2024-09-17 11:15:05.881,-414.8455079990661,1003
2024-09-17 11:15:05.967,414.9122198583327,102
2024-09-17 11:15:06.000,414.7775640937815,1000
2024-09-17 11:15:06.022,414.85077713377217,11
2024-09-17 11:15:06.054,414.8015839521608,10
2024-09-17 11:15:06.055,414.8112645949196,1001
2024-09-17 11:15:06.124,414.78863846421655,13
2024-09-17 11:15:06.314,41.48013966267281,1003
2024-09-17 11:15:06.387,414.7648654131501,1003
2024-09-17 11:15:06.391,414.7826825167876,1003
2024-09-17 11:15:06.425,414.829762509524,1004
2024-09-17 11:15:06.571,414.8138655530614,1003
2024-09-17 11:15:06.604,414.8145474516799,97
2024-09-17 11:15:06.750,414.8139040745735,104
2024-09-17 11:15:06.825,414.7990866980934,100
2024-09-17 11:15:06.841,414.8142441819376,5
2024-09-17 11:15:06.880,414.8271718611176,102
2024-09-17 11:15:06.933,-414.81534048313273,105
2024-09-17 11:15:06.993,414.84100868785873,97
2024-09-17 11:15:07.011,414.8240544433591,11
2024-09-17 11:15:07.068,414.7505678872104,6
2024-09-17 11:15:07.080,414.7466359356905,1004
2024-09-17 11:15:07.088,414.7491302957005,995
2024-09-17 11:15:07.115,414.7540491094843,13
2024-09-17 11:15:07.118,414.7649447104217,999
2024-09-17 11:15:07.304,414.78221087383776,7
2024-09-17 11:15:07.343,414.751271282633,1002
2024-09-17 11:15:07.361,414.7792743375862,996
2024-09-17 11:15:07.387,414.7328406953712,97
2024-09-17 11:15:07.392,414.754798321939,102
2024-09-17 11:15:07.574,414.7379265201241,998
2024-09-17 11:15:07.605,414.7828188554778,8
2024-09-17 11:15:07.705,414.743524514416,996
2024-09-17 11:15:07.747,414.78334899656176,1004
2024-09-17 11:15:07.882,414.8181617774412,6
2024-09-17 11:15:08.068,414.854985641927,998
2024-09-17 11:15:08.183,414.8199083566665,1002
2024-09-17 11:15:08.289,414.83728791986704,6
2024-09-17 11:15:08.442,414.8375911826429,997
2024-09-17 11:15:08.448,414.84119572855104,1000
2024-09-17 11:15:09.010,414.8329906772553,15
2024-09-17 11:15:09.080,414.8266377826213,99
2024-09-17 11:15:09.083,414.8457781669565,95
2024-09-17 11:15:09.143,414.8146321839391,5
2024-09-17 11:15:09.153,414.843123198606,11
2024-09-17 11:15:09.167,414.8184132469925,7
2024-09-17 11:15:09.176,414.8544598851368,98
2024-09-17 11:15:09.189,414.79745604095206,999
2024-09-17 11:15:09.205,414.80318800738695,8
2024-09-17 11:15:09.212,414.8133311473627,995
2024-09-17 11:15:09.348,414.8173144132936,97
2024-09-17 11:15:09.407,414.8261996229706,13
2024-09-17 11:15:09.427,414.8232104564763,101
2024-09-17 11:15:09.441,414.8007578242357,1000
2024-09-17 11:15:09.457,414.79814159613,104
2024-09-17 11:15:09.489,414.8128023826991,103
2024-09-17 11:15:09.557,414.81307138811553,8
2024-09-17 11:15:09.591,414.8243067493297,1005
2024-09-17 11:15:09.674,414.82398412057177,97
2024-09-17 11:15:09.732,414.83669380815184,1002
2024-09-17 11:15:09.748,414.8092360651253,105
2024-09-17 11:15:09.768,414.8184339526791,1003
2024-09-17 11:15:09.853,414.8186603900339,14
2024-09-17 11:15:09.900,414.80903230818456,12
2024-09-17 11:15:09.904,414.79168146776624,1004
2024-09-17 11:15:09.912,414.804829773201,97
2024-09-17 11:15:10.105,414.8586278323326,10
2024-09-17 11:15:10.429,414.8524423835052,98
2024-09-17 11:15:10.565,414.8726278112202,7
2024-09-17 11:15:10.650,414.8263854274895,99
2024-09-17 11:15:10.676,414.80567956246495,105
2024-09-17 11:15:10.889,414.8508712058985,11
2024-09-17 11:15:11.119,414.8241637005152,7
2024-09-17 11:15:11.175,414.7932631304,7
2024-09-17 11:15:11.194,414.80161022511857,100
2024-09-17 11:15:11.629,414.7883200382485,998
2024-09-17 11:15:11.791,414.7974847274751,995
2024-09-17 11:15:12.002,414.8125706288622,14
2024-09-17 11:15:12.041,414.8171389724703,99
2024-09-17 11:15:12.049,414.83312623951815,96
2024-09-17 11:15:12.058,414.8095378728114,998
2024-09-17 11:15:12.137,414.7806141793664,10
2024-09-17 11:15:12.246,414.7889544668019,104
2024-09-17 11:15:12.272,414.8407151295567,12
2024-09-17 11:15:12.281,414.8098141852788,6
2024-09-17 11:15:12.291,414.82050827624016,7
2024-09-17 11:15:12.317,414.7874615453825,103
2024-09-17 11:15:12.394,414.8115852899785,104
2024-09-17 11:15:12.410,414.8334767483044,1001
2024-09-17 11:15:12.418,414.7973913676165,11
2024-09-17 11:15:12.429,414.81094341315,6
2024-09-17 11:15:12.445,414.7959877127829,13
2024-09-17 11:15:12.522,414.8486363237837,11
2024-09-17 11:15:12.591,414.8031646366147,103
2024-09-17 11:15:12.645,414.8268674628106,96
2024-09-17 11:15:12.660,414.83772434122665,9
2024-09-17 11:15:12.663,414.8303505742975,1004
2024-09-17 11:15:12.752,414.8099737804952,96
2024-09-17 11:15:12.962,414.8190873260671,9
2024-09-17 11:15:12.964,414.81479499826605,1003
2024-09-17 11:15:12.993,414.8109899600816,1001
2024-09-17 11:15:13.212,414.83032354195865,13
2024-09-17 11:15:13.259,414.8246170893028,995
2024-09-17 11:15:13.328,414.8300149401748,11
2024-09-17 11:15:13.451,414.8195615230496,8
2024-09-17 11:15:13.739,414.8654381770768,101
2024-09-17 11:15:13.745,414.82753290296944,1004
2024-09-17 11:15:13.772,414.8246490434104,14
2024-09-17 11:15:13.795,414.8481972570655,1000
2024-09-17 11:15:13.863,414.857825433476,1003
2024-09-17 11:15:14.029,414.85733248133727,998
2024-09-17 11:15:14.076,414.8239895243454,12
2024-09-17 11:15:14.175,414.8173800453355,999
2024-09-17 11:15:14.428,414.8348782080284,14
2024-09-17 11:15:14.481,414.86135447826047,6
2024-09-17 11:15:14.704,414.877201947729,100
2024-09-17 11:15:14.774,414.8588889565478,97
2024-09-17 11:15:14.870,414.82937409860153,8
2024-09-17 11:15:15.018,414.87106120479285,13
2024-09-17 11:15:15.037,414.8572559616732,102
2024-09-17 11:15:15.075,414.87384011177113,98
2024-09-17 11:15:15.153,414.8565278035699,103
2024-09-17 11:15:15.220,414.8641025052816,7
2024-09-17 11:15:15.251,414.842034766066,99
2024-09-17 11:15:15.307,414.8697743738873,12
2024-09-17 11:15:15.354,,5
2024-09-17 11:15:15.357,414.8374646810744,14
2024-09-17 11:15:15.390,414.8753149933016,1002
2024-09-17 11:15:15.487,414.8837021626241,15
2024-09-17 11:15:15.594,414.86228546724834,105
2024-09-17 11:15:15.602,414.8891081368306,997
2024-09-17 11:15:15.762,414.87813659608753,7
2024-09-17 11:15:15.826,414.8799069186702,1005
2024-09-17 11:15:15.967,414.88013388662944,101
2024-09-17 11:15:15.999,414.8335424180244,12
2024-09-17 11:15:16.072,414.9321547126861,98
2024-09-17 11:15:16.114,414.9149103780774,101
2024-09-17 11:15:16.121,414.9424562575098,998
2024-09-17 11:15:16.204,414.93444741900566,99
2024-09-17 11:15:16.218,414.8670473438112,996
2024-09-17 11:15:16.346,-414.87332664973775,999
2024-09-17 11:15:16.435,414.8668818154995,13
2024-09-17 11:15:16.441,414.8980088681048,14
2024-09-17 11:15:16.494,414.8827673731709,101
2024-09-17 11:15:16.574,414.9202439403159,99
2024-09-17 11:15:16.581,414.9252046080429,13
2024-09-17 11:15:16.593,414.9143678310709,14
2024-09-17 11:15:16.598,414.865027545095,11
2024-09-17 11:15:16.661,414.937134492928,997
2024-09-17 11:15:16.684,414.86396817437446,11
2024-09-17 11:15:16.694,414.8594851650218,5
2024-09-17 11:15:16.726,414.8680544290068,15
2024-09-17 11:15:16.768,414.924878472107,1003
2024-09-17 11:15:16.780,414.8995348340838,6
2024-09-17 11:15:16.799,414.8488846721347,14
2024-09-17 11:15:16.816,414.8502636347772,999
2024-09-17 11:15:16.821,414.9313748377218,12
2024-09-17 11:15:16.841,414.853246057718,999
2024-09-17 11:15:16.844,414.9372760975495,14
2024-09-17 11:15:16.897,414.86800811731297,1002
2024-09-17 11:15:16.902,414.8717978278924,15
2024-09-17 11:15:16.944,414.9310113049686,102
2024-09-17 11:15:16.969,414.9333314022157,998
2024-09-17 11:15:16.971,414.8909968977988,1003
2024-09-17 11:15:17.018,414.9106812339572,1003
2024-09-17 11:15:17.030,414.96722336926456,1000
2024-09-17 11:15:17.049,415.0144271022633,1004
2024-09-17 11:15:17.061,414.9261209767504,13
2024-09-17 11:15:17.102,414.90168259252897,7
2024-09-17 11:15:17.105,414.921212948808,7
2024-09-17 11:15:17.150,414.9635353150013,9
2024-09-17 11:15:17.333,414.8954631641351,6
2024-09-17 11:15:17.333,414.9761767891522,1004
2024-09-17 11:15:17.346,414.9090220362402,1002
2024-09-17 11:15:17.347,414.9599170951547,10
2024-09-17 11:15:17.353,414.91235381041975,1003
2024-09-17 11:15:17.363,-414.9765132944898,102
2024-09-17 11:15:17.435,414.91542214333305,5
2024-09-17 11:15:17.435,414.9096099689909,11
2024-09-17 11:15:17.455,414.974081132109,5
2024-09-17 11:15:17.541,414.8976813548167,12
2024-09-17 11:15:17.618,414.87550157783215,1002
2024-09-17 11:15:17.635,414.9488081368688,12
2024-09-17 11:15:17.705,414.9969417105021,1000
2024-09-17 11:15:17.745,414.8612880732489,103
2024-09-17 11:15:17.805,414.9658229378066,96
2024-09-17 11:15:17.846,414.89518168990855,1000
2024-09-17 11:15:17.895,414.89185515981967,105
2024-09-17 11:15:17.899,414.9265936157861,1003
2024-09-17 11:15:17.956,414.9894626726909,1001
2024-09-17 11:15:17.970,414.9323981579075,1002
2024-09-17 11:15:17.982,414.9630706620028,97
2024-09-17 11:15:17.995,415.01131547740505,997
2024-09-17 11:15:18.761,414.9801381498637,15
2024-09-17 11:15:19.028,414.99524535043895,999
2024-09-17 11:15:19.040,415.0335029952632,11
2024-09-17 11:15:19.149,414.9988621774226,7
2024-09-17 11:15:19.178,414.9922597624493,100
2024-09-17 11:15:19.203,415.0056656314545,104
2024-09-17 11:15:19.247,415.0362172082105,998
2024-09-17 11:15:19.268,415.0306965728308,1004
2024-09-17 11:15:19.284,414.9900975074157,101
2024-09-17 11:15:19.336,415.049264382496,100
2024-09-17 11:15:19.467,415.0251640084477,100
2024-09-17 11:15:19.493,415.0147143681965,102
2024-09-17 11:15:19.514,415.02599010189743,101
2024-09-17 11:15:19.526,415.0033657348496,100
2024-09-17 11:15:19.563,414.97660650587386,10
2024-09-17 11:15:19.606,415.0242787304797,97
2024-09-17 11:15:19.624,415.0030414128029,9
2024-09-17 11:15:19.666,415.0558628334503,98
2024-09-17 11:15:19.676,414.976756578163,99
2024-09-17 11:15:19.709,415.0123713501312,9
2024-09-17 11:15:19.833,414.98110092610426,996
2024-09-17 11:15:19.853,415.04114054744525,6
2024-09-17 11:15:19.854,414.9953762748312,995
2024-09-17 11:15:19.917,,999
2024-09-17 11:15:19.950,415.017314023336,14
2024-09-17 11:15:20.103,415.0515614047311,14
2024-09-17 11:15:20.131,415.0272518075831,14
2024-09-17 11:15:20.182,415.0535025062973,12
2024-09-17 11:15:20.370,415.0186945078844,8
2024-09-17 11:15:20.386,415.026163115488,96
2024-09-17 11:15:20.457,415.0311699665567,1002
2024-09-17 11:15:20.476,,995
2024-09-17 11:15:20.542,415.0378554193225,104
2024-09-17 11:15:20.627,415.05103764092206,7
2024-09-17 11:15:20.635,415.04535436897817,100
2024-09-17 11:15:20.640,415.04307026749217,102
2024-09-17 11:15:20.688,415.0512876258623,996
2024-09-17 11:15:20.688,415.0278803409319,14
2024-09-17 11:15:20.704,415.0447652112657,996
2024-09-17 11:15:20.882,415.0298431193394,9
2024-09-17 11:15:20.993,415.03772949655513,998
2024-09-17 11:15:21.061,-415.054388258106,6
2024-09-17 11:15:21.074,415.0634484215456,1004
2024-09-17 11:15:21.123,415.0427758888496,105
2024-09-17 11:15:21.200,415.0545976151556,9
2024-09-17 11:15:21.223,415.06251501103,1002
2024-09-17 11:15:21.231,415.0593569025724,11
2024-09-17 11:15:21.234,415.0568334523814,10
2024-09-17 11:15:21.250,415.0657501210655,8
2024-09-17 11:15:21.336,415.0472895099493,98
2024-09-17 11:15:21.353,415.0542537109365,103
2024-09-17 11:15:21.353,415.0439645978879,15
2024-09-17 11:15:21.459,415.0679389070167,1001
2024-09-17 11:15:21.492,415.06016684980847,14
2024-09-17 11:15:21.519,415.04969409370256,999
2024-09-17 11:15:21.520,415.0494227573196,1001
2024-09-17 11:15:21.579,415.057234243229,99
2024-09-17 11:15:21.646,415.0666357808983,96
2024-09-17 11:15:21.808,415.0551177203346,995
2024-09-17 11:15:21.885,415.0622086127116,104
2024-09-17 11:15:21.946,415.0445928846988,10
2024-09-17 11:15:23.136,415.1262240715269,103
2024-09-17 11:15:23.137,415.0991170408732,98
2024-09-17 11:15:23.156,415.0975441500758,8
2024-09-17 11:15:23.236,415.12828550120975,14
2024-09-17 11:15:23.252,415.1521128285331,105
2024-09-17 11:15:23.318,415.13800889942127,15
2024-09-17 11:15:23.320,415.0959406958564,997
2024-09-17 11:15:23.368,415.1477327469712,999
2024-09-17 11:15:23.418,415.1671455652526,5
2024-09-17 11:15:23.450,415.0799338577712,97
2024-09-17 11:15:23.453,415.1494401996579,1001
2024-09-17 11:15:23.480,415.1382305869983,998
2024-09-17 11:15:23.538,415.1382331800835,1003
2024-09-17 11:15:23.568,415.061056146168,7
2024-09-17 11:15:23.592,415.12974767047547,8
2024-09-17 11:15:23.713,415.1385504271923,996
2024-09-17 11:15:23.776,415.1666135179268,1000
2024-09-17 11:15:23.839,415.1261649761954,100
2024-09-17 11:15:23.856,415.0717756533605,15
2024-09-17 11:15:23.858,415.14743558318577,104
2024-09-17 11:15:23.915,415.11886278390296,9
2024-09-17 11:15:23.935,415.1235507777593,999
2024-09-17 11:15:24.022,415.1472303626985,996
2024-09-17 11:15:24.128,415.1480577577304,95
2024-09-17 11:15:24.188,415.1375305834558,13
2024-09-17 11:15:24.238,415.1503454370438,998
2024-09-17 11:15:24.435,415.1677038707241,96
2024-09-17 11:15:24.608,415.16803599905353,102
2024-09-17 11:15:24.624,415.1635104527351,1000
2024-09-17 11:15:24.880,415.14812941946593,13
2024-09-17 11:15:25.127,415.1465392264104,98
2024-09-17 11:15:25.335,415.1554856209021,5
2024-09-17 11:15:25.469,415.1514300585689,1000
2024-09-17 11:15:25.511,415.1644531176245,1001
2024-09-17 11:15:25.865,415.15582377467626,12
2024-09-17 11:15:26.000,415.1310618452628,1000
2024-09-17 11:15:26.008,415.1441490854419,96
2024-09-17 11:15:26.029,415.15255280887766,13
2024-09-17 11:15:26.036,415.1306401891363,1002
2024-09-17 11:15:26.096,415.23810001781743,98
2024-09-17 11:15:26.097,415.1261876425744,96
2024-09-17 11:15:26.101,415.1962734275159,95
2024-09-17 11:15:26.106,415.21590093503806,15
2024-09-17 11:15:26.133,415.1682494252827,1000
2024-09-17 11:15:26.135,415.16130786532216,996
2024-09-17 11:15:26.200,415.1602642610274,1001
2024-09-17 11:15:26.201,415.1526037943698,13
2024-09-17 11:15:26.265,415.1474578466504,102
2024-09-17 11:15:26.330,415.1592475699251,13
2024-09-17 11:15:26.341,415.1641668921197,1001
2024-09-17 11:15:26.400,415.1482707471988,998
2024-09-17 11:15:26.410,415.1858089908539,99
2024-09-17 11:15:26.432,415.1175990604208,96
2024-09-17 11:15:26.434,415.1323307748708,1001
2024-09-17 11:15:26.463,415.1844549324459,1003
2024-09-17 11:15:26.482,415.1392576184299,101
2024-09-17 11:15:26.565,41.5135453657613,6
2024-09-17 11:15:26.569,415.1969113425088,14
2024-09-17 11:15:26.659,415.18023683269234,105
2024-09-17 11:15:26.679,415.1371864766796,14
2024-09-17 11:15:26.690,415.1462531044057,10
2024-09-17 11:15:26.773,415.1741467507471,1005
2024-09-17 11:15:26.883,415.14748987683737,101
2024-09-17 11:15:26.956,415.1505116784894,997
2024-09-17 11:15:27.908,415.2410413886294,98
2024-09-17 11:15:28.058,415.2506618111188,100
2024-09-17 11:15:28.128,415.2353074475914,98
2024-09-17 11:15:28.637,415.23622140706914,104
2024-09-17 11:15:28.694,415.250379862877,998
2024-09-17 11:15:28.871,415.2545794226221,10
2024-09-17 11:15:29.048,415.2406432369436,998
2024-09-17 11:15:29.156,415.22699797435865,103
2024-09-17 11:15:29.235,415.2238480402715,12
2024-09-17 11:15:29.487,,997
2024-09-17 11:15:29.510,-415.2281303646637,8
2024-09-17 11:15:29.593,415.2439660749076,1005
2024-09-17 11:15:29.747,415.23924516297006,995
2024-09-17 11:15:29.959,415.24351022169833,100
2024-09-17 11:15:30.069,415.20001546134966,998
2024-09-17 11:15:30.980,415.2051149871323,1002
2024-09-17 11:15:31.008,415.2149505720529,10
2024-09-17 11:15:31.093,415.2446999632487,14
2024-09-17 11:15:31.114,415.2572902561281,98
2024-09-17 11:15:31.196,415.199253479973,12
2024-09-17 11:15:31.210,415.251270937001,105
2024-09-17 11:15:31.321,415.2230376312157,999
2024-09-17 11:15:31.334,415.2398307317222,101
2024-09-17 11:15:31.359,415.2154084279939,12
2024-09-17 11:15:31.443,415.214959058698,101
2024-09-17 11:15:31.447,415.2341620425081,9
2024-09-17 11:15:31.475,415.2003914212742,995
2024-09-17 11:15:31.541,415.2383746061472,1004
2024-09-17 11:15:31.700,415.2295158621312,996
2024-09-17 11:15:31.885,415.2523188692818,13
2024-09-17 11:15:32.010,415.3030938847087,999
2024-09-17 11:15:32.017,415.29629710636914,13
2024-09-17 11:15:32.082,415.2774698323636,1000
2024-09-17 11:15:32.122,415.2702499257273,97
2024-09-17 11:15:32.136,415.29563510020006,104
2024-09-17 11:15:32.186,415.2716011978665,10
2024-09-17 11:15:32.206,415.260879363854,100
2024-09-17 11:15:32.274,415.2835661637093,1000
2024-09-17 11:15:32.308,415.2854222167265,996
2024-09-17 11:15:32.339,415.2775431449453,13
2024-09-17 11:15:32.449,415.2338680453736,96
2024-09-17 11:15:32.546,415.290773037578,105
2024-09-17 11:15:32.594,415.3293433803571,1004
2024-09-17 11:15:32.650,415.32281624792256,105
2024-09-17 11:15:32.667,415.271412078577,97
2024-09-17 11:15:32.673,415.2792548514583,96
2024-09-17 11:15:32.733,415.2835089425976,999
2024-09-17 11:15:32.771,415.2990048323135,103
2024-09-17 11:15:32.786,415.29199827520966,95
2024-09-17 11:15:32.798,415.2711448710148,999
2024-09-17 11:15:32.808,415.28269702390816,101
2024-09-17 11:15:32.886,415.2707892210351,11
2024-09-17 11:15:32.891,415.2675266108274,1005
2024-09-17 11:15:32.893,41.53031041770793,98
2024-09-17 11:15:33.059,415.2506909384342,1001
2024-09-17 11:15:33.158,415.2681998658696,15
2024-09-17 11:15:33.178,415.267996877892,1005
2024-09-17 11:15:33.192,415.23381010262335,13
2024-09-17 11:15:33.236,415.25939044549,11
2024-09-17 11:15:33.295,415.2417494495769,13
2024-09-17 11:15:33.320,415.23416510798506,102
2024-09-17 11:15:33.324,415.2330885385639,15
2024-09-17 11:15:33.389,415.2853685135907,14
2024-09-17 11:15:33.452,415.2496929833986,14
2024-09-17 11:15:33.453,415.242391408538,1002
2024-09-17 11:15:33.478,415.2629792873174,998
2024-09-17 11:15:33.550,415.258442958827,998
2024-09-17 11:15:33.662,415.278895937112,103
2024-09-17 11:15:33.675,415.27701034707184,99
2024-09-17 11:15:33.693,415.283138761172,102
2024-09-17 11:15:33.782,415.2633376329573,996
2024-09-17 11:15:33.782,415.233842647834,1002
2024-09-17 11:15:33.847,415.2573378830155,1005
2024-09-17 11:15:33.853,415.22724826559136,5
2024-09-17 11:15:33.901,415.237514208497,95
2024-09-17 11:15:33.945,415.25207379961375,6
2024-09-17 11:15:33.960,415.2279496071687,13
2024-09-17 11:15:34.230,415.2360308948891,996
2024-09-17 11:15:34.271,415.2548700295305,97
2024-09-17 11:15:34.355,415.2117417693408,98
2024-09-17 11:15:34.430,415.20789002931065,102
2024-09-17 11:15:34.493,415.2390744182632,98
2024-09-17 11:15:34.500,415.2222486283392,998
2024-09-17 11:15:34.563,415.2260186602534,8
2024-09-17 11:15:34.630,415.2537918680212,96
2024-09-17 11:15:34.657,415.2248752113631,102
2024-09-17 11:15:34.709,415.196260015405,102
2024-09-17 11:15:34.728,415.2166357836884,1004
2024-09-17 11:15:34.927,415.218471928929,101
2024-09-17 11:15:34.944,415.228273048345,14
2024-09-17 11:15:34.969,415.22074831452807,100
2024-09-17 11:15:35.014,415.1255245054171,9
2024-09-17 11:15:35.017,415.19576634805753,1000
2024-09-17 11:15:35.017,415.1233604895851,1000
2024-09-17 11:15:35.024,415.1137062746762,105
2024-09-17 11:15:35.033,415.1415083819156,10
2024-09-17 11:15:35.064,415.13389775159794,96
2024-09-17 11:15:35.103,415.1301419384375,1001
2024-09-17 11:15:35.108,415.1069160492758,6
2024-09-17 11:15:35.254,415.13058205474266,997
2024-09-17 11:15:35.299,415.1647414116673,101
2024-09-17 11:15:35.367,415.1294541684688,103
2024-09-17 11:15:35.473,415.144194306248,103
2024-09-17 11:15:35.476,415.1086462585228,1003
2024-09-17 11:15:35.506,41.51312966093884,995
2024-09-17 11:15:35.542,415.1445884496722,99
2024-09-17 11:15:35.551,415.1319899123248,1005
2024-09-17 11:15:35.577,415.1443279457499,15
2024-09-17 11:15:35.608,415.1301065845842,98
2024-09-17 11:15:35.635,415.1355422235674,11
2024-09-17 11:15:35.642,415.14425777111046,1003
2024-09-17 11:15:35.652,415.1292213586362,12
2024-09-17 11:15:35.694,415.17088286574216,997
2024-09-17 11:15:35.714,415.13261629508327,5
2024-09-17 11:15:35.720,415.13063968927565,1001
2024-09-17 11:15:35.759,415.13362742994497,98
2024-09-17 11:15:35.800,415.1959926392288,7
2024-09-17 11:15:35.897,415.14850664990007,105
2024-09-17 11:15:35.998,415.1346965527392,1000
2024-09-17 11:15:36.080,415.118665005817,102
2024-09-17 11:15:36.185,415.120349863604,14
2024-09-17 11:15:36.243,415.1025912651732,995
2024-09-17 11:15:36.300,415.0992517379967,1000
2024-09-17 11:15:36.419,415.1388337099327,104
2024-09-17 11:15:36.483,415.1482648217818,1003
2024-09-17 11:15:36.542,415.0935105908932,99
2024-09-17 11:15:36.846,415.0913653736283,12
2024-09-17 11:15:36.872,415.1296199223115,11
2024-09-17 11:15:36.885,415.142265890583,9
2024-09-17 11:15:36.949,415.1605697823604,105
2024-09-17 11:15:37.091,415.13985607606486,1003
2024-09-17 11:15:37.120,415.1444000048252,1001
2024-09-17 11:15:37.121,415.18250514744926,12
2024-09-17 11:15:37.197,415.1634958590112,1003
2024-09-17 11:15:37.242,415.1566715083536,7
2024-09-17 11:15:37.251,415.1432933558804,102
2024-09-17 11:15:37.268,415.1864437617912,103
2024-09-17 11:15:37.269,415.1624783098872,999
2024-09-17 11:15:37.300,415.1945258372113,98
2024-09-17 11:15:37.319,415.1392553862176,100
2024-09-17 11:15:37.324,415.1355843738356,5
2024-09-17 11:15:37.332,415.1541182169217,7
2024-09-17 11:15:37.495,415.1620003508952,96
2024-09-17 11:15:37.552,415.1413610335998,1002
2024-09-17 11:15:37.554,415.1434723094045,998
2024-09-17 11:15:37.568,415.14182780551823,5
2024-09-17 11:15:37.596,415.16320205240174,8
2024-09-17 11:15:37.679,415.19909847591816,998
2024-09-17 11:15:37.769,415.1398771382001,7
2024-09-17 11:15:37.777,415.16380223103465,95
2024-09-17 11:15:37.827,415.15421800450616,13
2024-09-17 11:15:37.921,,10
2024-09-17 11:15:38.026,415.1604816624137,997
2024-09-17 11:15:38.038,415.1465599649802,6
2024-09-17 11:15:38.295,415.1566487687495,1005
2024-09-17 11:15:38.355,415.175762322884,5
2024-09-17 11:15:38.544,415.1704828037283,1005
2024-09-17 11:15:38.718,415.1604213342067,96
2024-09-17 11:15:38.726,415.15645579025,100
2024-09-17 11:15:39.040,415.1819737939911,995
2024-09-17 11:15:39.085,415.1613696599469,15
2024-09-17 11:15:39.117,415.1913060843689,15
2024-09-17 11:15:39.145,415.2204793815862,95
2024-09-17 11:15:39.188,415.154365192849,99
2024-09-17 11:15:39.315,415.1734541251512,96
2024-09-17 11:15:39.319,415.2191455043285,1000
2024-09-17 11:15:39.332,415.2006233678965,1003
2024-09-17 11:15:39.353,415.1842411996055,9
2024-09-17 11:15:39.367,415.1829987265259,95
2024-09-17 11:15:39.389,415.1877679389452,1005
2024-09-17 11:15:39.470,415.1670399633459,6
2024-09-17 11:15:39.498,415.160350763476,1005
2024-09-17 11:15:39.510,415.2052075201633,100
2024-09-17 11:15:39.603,415.1716994586217,1002
2024-09-17 11:15:39.620,415.1673540571218,14
2024-09-17 11:15:39.653,415.1820834659184,5
2024-09-17 11:15:39.655,415.18312931038,97
2024-09-17 11:15:39.744,415.2243542859165,13
2024-09-17 11:15:39.763,415.2236008275633,99
2024-09-17 11:15:39.764,415.1672528068016,96
2024-09-17 11:15:39.900,415.1762770628311,13
2024-09-17 11:15:39.918,415.2107321719897,105
2024-09-17 11:15:39.996,415.1718252997065,8
2024-09-17 11:15:40.007,415.1855898978221,97
2024-09-17 11:15:40.082,415.2119071501685,101
2024-09-17 11:15:40.187,415.1877993741828,1004
2024-09-17 11:15:40.614,415.2196342383224,102
2024-09-17 11:15:40.715,415.2003845758717,104
2024-09-17 11:15:41.459,415.2011771949493,100
2024-09-17 11:15:41.833,415.2219153282424,998
2024-09-17 11:15:42.039,415.1698939637564,11
2024-09-17 11:15:42.045,415.1854958558061,1003
2024-09-17 11:15:42.058,415.2106916872231,102
2024-09-17 11:15:42.075,415.2094068798542,997
2024-09-17 11:15:42.123,415.192191803258,9
2024-09-17 11:15:42.216,415.1874285097565,995
2024-09-17 11:15:42.218,415.1839381365452,998
2024-09-17 11:15:42.244,415.2001110807222,105
2024-09-17 11:15:42.252,415.2047469946501,10
2024-09-17 11:15:42.424,415.19680999404784,995
2024-09-17 11:15:42.428,415.1841076220964,101
2024-09-17 11:15:42.465,415.18814340595753,102
2024-09-17 11:15:42.481,415.1758823002037,8
2024-09-17 11:15:42.531,41.52272488934355,99
2024-09-17 11:15:42.591,415.2159102552829,998
2024-09-17 11:15:42.611,415.1940879023856,11
2024-09-17 11:15:42.658,415.19325326348206,7
2024-09-17 11:15:42.661,,6
2024-09-17 11:15:42.780,415.17488195291935,1005
2024-09-17 11:15:42.830,415.23531418057206,13
2024-09-17 11:15:42.895,415.214278025252,105
2024-09-17 11:15:42.916,415.2217245036168,104
2024-09-17 11:15:43.120,415.2256283753705,104
2024-09-17 11:15:43.579,415.2594317850296,996
2024-09-17 11:15:43.656,415.257889663133,100
2024-09-17 11:15:44.031,415.2931109624306,996
2024-09-17 11:15:44.043,415.2460438468482,100
2024-09-17 11:15:44.104,415.2989142004873,15
2024-09-17 11:15:44.188,415.2972461108605,102
2024-09-17 11:15:44.236,415.2387080604932,96
2024-09-17 11:15:44.285,415.23940302589045,97
2024-09-17 11:15:44.301,415.3146897400495,105
2024-09-17 11:15:44.357,415.295311721668,1002
2024-09-17 11:15:44.418,415.29979277811526,105
2024-09-17 11:15:44.473,415.2726287624517,1000
2024-09-17 11:15:44.500,415.3044313479372,100
2024-09-17 11:15:44.538,415.24338391898425,11
2024-09-17 11:15:44.545,415.2978732574191,1003
2024-09-17 11:15:44.567,415.2557898461292,100
2024-09-17 11:15:44.661,415.240567497071,100
2024-09-17 11:15:44.670,415.3134614282391,96
2024-09-17 11:15:44.731,415.2993313540567,11
2024-09-17 11:15:44.801,415.27361506057326,104
2024-09-17 11:15:44.833,415.2716073206045,103
2024-09-17 11:15:44.836,415.2981085575294,103
2024-09-17 11:15:44.855,415.3061499904677,15
2024-09-17 11:15:44.888,415.2344167470901,15
2024-09-17 11:15:44.888,415.28860986796417,102
2024-09-17 11:15:44.899,41.524434515211205,11
2024-09-17 11:15:44.956,415.3117647028458,1002
2024-09-17 11:15:44.957,415.2701674262618,997
2024-09-17 11:15:45.063,415.3151317388079,1002
2024-09-17 11:15:45.102,415.306643486314,100
2024-09-17 11:15:45.355,415.3114838402746,995
2024-09-17 11:15:45.425,415.31437771862966,102
2024-09-17 11:15:45.525,415.31801963596257,995
2024-09-17 11:15:45.555,415.3072914351218,103
2024-09-17 11:15:45.791,415.3091822245556,10
2024-09-17 11:15:45.842,415.30740837634994,5
2024-09-17 11:15:45.999,415.3103957152576,103
2024-09-17 11:15:46.031,415.2924928520877,998
2024-09-17 11:15:46.046,415.307919608502,1000
2024-09-17 11:15:46.106,415.3092897302715,15
2024-09-17 11:15:46.134,415.31374225753257,8
2024-09-17 11:15:46.454,415.30171589802114,1003
2024-09-17 11:15:46.487,415.2666438481202,1003
2024-09-17 11:15:46.538,415.2615454085154,105
2024-09-17 11:15:46.602,415.31763205917713,99
2024-09-17 11:15:46.659,415.2649258897021,11
2024-09-17 11:15:46.680,415.2772640359722,8
2024-09-17 11:15:46.710,415.2800694269737,998
2024-09-17 11:15:46.818,415.3094720395848,5
2024-09-17 11:15:46.893,415.2724403073428,1004
2024-09-17 11:15:47.069,415.228833580641,9
2024-09-17 11:15:47.083,415.2272222677256,101
2024-09-17 11:15:47.093,415.2664131191796,995
2024-09-17 11:15:47.097,415.2081911813474,995
2024-09-17 11:15:47.174,415.25665181347534,1000
2024-09-17 11:15:47.186,415.266347162153,101
2024-09-17 11:15:47.254,415.22862793286674,12
2024-09-17 11:15:47.297,415.2097430090709,997
2024-09-17 11:15:47.353,415.2092303593088,100
2024-09-17 11:15:47.494,415.2249474058268,102
2024-09-17 11:15:47.502,415.2504139745354,98
2024-09-17 11:15:47.533,415.2284879308615,9
2024-09-17 11:15:47.579,415.2094751180097,100
2024-09-17 11:15:47.707,415.20773891082047,996
2024-09-17 11:15:47.719,415.274122289666,995
2024-09-17 11:15:47.774,415.21914949927645,11
2024-09-17 11:15:47.815,415.2633117368617,8
2024-09-17 11:15:47.949,415.2333653729628,13
2024-09-17 11:15:47.985,415.2168493041997,103
2024-09-17 11:15:47.998,415.2118957642887,104
2024-09-17 11:15:48.000,415.1320284719324,6
2024-09-17 11:15:48.027,415.2129345435217,14
2024-09-17 11:15:48.041,415.1825970363409,999
2024-09-17 11:15:48.048,415.1689906844247,99
2024-09-17 11:15:48.129,415.1401540111031,1003
2024-09-17 11:15:48.155,415.108173794128,101
2024-09-17 11:15:48.171,415.17606291855947,103
2024-09-17 11:15:48.239,415.21892872082094,1004
2024-09-17 11:15:48.255,415.1298940479803,10
2024-09-17 11:15:48.267,415.1676928974311,100
2024-09-17 11:15:48.288,415.0995887412688,15
2024-09-17 11:15:48.377,415.1329503086329,1002
2024-09-17 11:15:48.378,415.1099244261128,1001
2024-09-17 11:15:48.400,415.10554134991605,5
2024-09-17 11:15:48.481,415.2222455346436,1004
2024-09-17 11:15:48.499,415.2281075812587,996
2024-09-17 11:15:48.527,415.1394181153364,997
2024-09-17 11:15:48.553,415.1351013538219,104
2024-09-17 11:15:48.640,415.1149460125727,95
2024-09-17 11:15:48.705,415.1479168351204,10
2024-09-17 11:15:48.737,415.1383185303777,999
2024-09-17 11:15:48.917,415.1305864836883,1002
2024-09-17 11:15:48.970,415.1354982078279,99
2024-09-17 11:15:49.031,415.1175280316337,995
2024-09-17 11:15:49.114,415.1381676439717,95
2024-09-17 11:15:49.116,415.13165740902593,101
2024-09-17 11:15:49.177,415.1306473600797,13
2024-09-17 11:15:49.273,415.1346553654313,1005
2024-09-17 11:15:49.479,415.1124749500364,997
2024-09-17 11:15:49.481,415.1246185942745,1004
2024-09-17 11:15:49.512,415.1355260127512,1003
2024-09-17 11:15:49.660,415.1356427441413,102
2024-09-17 11:15:49.673,415.1525398128507,1000
2024-09-17 11:15:49.892,415.1307021697434,96
2024-09-17 11:15:49.899,415.15664907111534,95
2024-09-17 11:15:49.908,415.1414336023306,98
2024-09-17 11:15:49.944,415.154395248647,8
2024-09-17 11:15:50.227,41.51005816604273,13
2024-09-17 11:15:50.318,41.51254126765437,102
2024-09-17 11:15:50.525,415.10209018506526,8
2024-09-17 11:15:50.620,415.1267731897518,105
2024-09-17 11:15:50.820,415.098934144081,11
2024-09-17 11:15:50.886,415.1201227770687,5
2024-09-17 11:15:51.097,415.0879309851416,1001
2024-09-17 11:15:51.164,415.1081192738308,999
2024-09-17 11:15:51.321,415.0868415301072,104
2024-09-17 11:15:51.396,415.0925519827052,97
2024-09-17 11:15:51.479,415.1104659752248,995
2024-09-17 11:15:51.532,415.1010561532999,10
2024-09-17 11:15:52.063,415.059552409689,8
2024-09-17 11:15:52.075,415.0765269196201,14
2024-09-17 11:15:52.328,415.0538971169064,95
2024-09-17 11:15:52.449,415.0873293799278,1003
2024-09-17 11:15:52.604,415.0660270505976,104
2024-09-17 11:15:52.937,415.0777299356802,7
2024-09-17 11:15:52.969,415.0741599972956,97
2024-09-17 11:15:53.005,415.0326528282772,1000
2024-09-17 11:15:53.181,415.0129785381629,96
2024-09-17 11:15:53.270,414.99866043008535,100
2024-09-17 11:15:53.283,415.0137474239543,95
2024-09-17 11:15:53.475,415.0518234473407,995
2024-09-17 11:15:53.685,415.000157329794,1004
2024-09-17 11:15:53.721,414.9898170613713,105
2024-09-17 11:15:53.755,415.0040698738504,1003
2024-09-17 11:15:53.774,415.017908049521,998
2024-09-17 11:15:54.050,415.13626291276455,7
2024-09-17 11:15:54.210,415.0767077171747,97
2024-09-17 11:15:54.229,415.0437993653384,1005
2024-09-17 11:15:54.312,414.9783267492009,10
2024-09-17 11:15:54.314,415.0218373239301,95
2024-09-17 11:15:54.385,415.0388332745049,1002
2024-09-17 11:15:54.415,414.9666878058223,12
2024-09-17 11:15:54.510,415.0074437721012,7
2024-09-17 11:15:54.555,415.1228589590077,1004
2024-09-17 11:15:54.557,415.04661430262695,12
2024-09-17 11:15:54.647,415.06086890936393,96
2024-09-17 11:15:54.753,415.0132397240541,998
2024-09-17 11:15:54.780,414.9765943168979,95
2024-09-17 11:15:54.787,415.1067553914263,1003
2024-09-17 11:15:54.820,415.00376224367335,1002
2024-09-17 11:15:54.845,414.9995044885192,98
2024-09-17 11:15:54.845,415.10407932372993,10
2024-09-17 11:15:54.873,415.0054043742672,1001
2024-09-17 11:15:55.022,415.0578791769241,100
2024-09-17 11:15:55.023,415.0583915850872,6
2024-09-17 11:15:55.071,415.101917815689,1004
2024-09-17 11:15:55.090,415.0680415953737,104
2024-09-17 11:15:55.094,415.0932690295488,1004
2024-09-17 11:15:55.124,415.11390957363824,1005
2024-09-17 11:15:55.205,415.0871008893437,995
2024-09-17 11:15:55.232,415.0569693213863,105
2024-09-17 11:15:55.276,415.1071009875891,95
2024-09-17 11:15:55.377,415.1331336693586,15
2024-09-17 11:15:55.462,415.1068496594148,10
2024-09-17 11:15:55.664,415.0906435126773,1001
2024-09-17 11:15:55.696,415.072971557139,12
2024-09-17 11:15:55.723,415.0523086199285,5
2024-09-17 11:15:55.853,415.0543740701206,5
2024-09-17 11:15:55.901,415.11583019531633,1002
2024-09-17 11:15:55.985,415.0632319166407,1003
2024-09-17 11:15:55.998,415.0963865507961,101
2024-09-17 11:15:56.496,415.0428407057436,95
2024-09-17 11:15:57.016,415.0288402297196,6
2024-09-17 11:15:57.068,415.0400088145049,15
2024-09-17 11:15:57.081,415.05498402765454,99
2024-09-17 11:15:57.085,415.0345880609127,98
2024-09-17 11:15:57.137,415.0325412004167,14
2024-09-17 11:15:57.145,415.03197798146914,5
2024-09-17 11:15:57.366,415.0438452915253,10
2024-09-17 11:15:57.374,415.02489301666816,13
2024-09-17 11:15:57.434,415.0159950343461,5
2024-09-17 11:15:57.561,415.0393722271341,999
2024-09-17 11:15:57.665,415.04391566718704,100
2024-09-17 11:15:57.688,415.0476099814823,97
2024-09-17 11:15:57.866,415.0529415556723,102
2024-09-17 11:15:59.000,414.9635670637259,11
2024-09-17 11:15:59.327,414.9914476137496,1000
2024-09-17 11:15:59.485,415.0101142556328,5
2024-09-17 11:15:59.555,414.973494070098,98
2024-09-17 11:15:59.802,414.99796060617655,1002
2024-09-17 11:15:59.825,414.9466131101171,1000
2024-09-17 11:15:59.832,414.9646989489706,1001
2024-09-17 11:15:59.860,414.9941068051726,99
2024-09-17 11:15:59.878,415.0223890407893,104
