Timestamp,Price,Size
2024-09-17 15:00:00.015,407.7418315060991,995
2024-09-17 15:00:00.043,407.6989611275965,101
2024-09-17 15:00:00.072,407.7136641067972,6
2024-09-17 15:00:00.187,407.7106393238764,1005
2024-09-17 15:00:00.248,407.72898562695,98
2024-09-17 15:00:00.340,407.7039537911984,98
2024-09-17 15:00:00.380,407.7013993141507,14
2024-09-17 15:00:00.403,415.0596761362949,995
2024-09-17 15:00:00.444,407.69401725780426,1000
2024-09-17 15:00:00.472,,997
2024-09-17 15:00:00.549,407.74997533410993,104
2024-09-17 15:00:00.670,407.7101936936793,1002
2024-09-17 15:00:00.685,407.74902494734926,998
2024-09-17 15:00:00.741,407.6825429701617,100
2024-09-17 15:00:00.745,407.7340887012581,11
2024-09-17 15:00:00.763,407.732436371506,9
2024-09-17 15:00:00.771,407.7068686631124,996
2024-09-17 15:00:00.777,407.71003113661016,15
2024-09-17 15:00:00.791,407.7496441449915,11
2024-09-17 15:00:00.849,407.74888758855866,997
2024-09-17 15:00:00.937,407.730727665648,8
2024-09-17 15:00:00.986,407.69328240591926,12
2024-09-17 15:00:01.028,407.7109634849797,99
2024-09-17 15:00:01.062,407.7402082893652,100
2024-09-17 15:00:01.107,407.69050460204073,8
2024-09-17 15:00:01.108,407.6976499832189,102
2024-09-17 15:00:01.131,407.7332170805292,1004
2024-09-17 15:00:01.136,407.7248894165738,6
2024-09-17 15:00:01.136,407.72122052960367,5
2024-09-17 15:00:01.166,407.7073570108394,998
2024-09-17 15:00:01.262,407.6726491357134,998
2024-09-17 15:00:01.286,407.6990430532382,96
2024-09-17 15:00:01.311,407.7169374840285,1001
2024-09-17 15:00:01.342,407.72945493923913,9
2024-09-17 15:00:01.584,407.7286525444079,102
2024-09-17 15:00:01.680,407.7240114713864,9
2024-09-17 15:00:01.812,407.70266426828704,14
2024-09-17 15:00:01.814,407.72139114546695,1001
2024-09-17 15:00:01.879,407.7015358871562,8
2024-09-17 15:00:01.896,407.73952526820347,95
2024-09-17 15:00:01.954,,998
2024-09-17 15:00:01.969,407.7382353510479,105
2024-09-17 15:00:02.870,407.7130032153657,11
2024-09-17 15:00:02.950,407.7214840823026,13
2024-09-17 15:00:03.022,407.722993900778,1003
2024-09-17 15:00:03.051,407.7452920257374,996
2024-09-17 15:00:03.059,407.72263935170366,1005
2024-09-17 15:00:03.080,407.7258748519302,996
2024-09-17 15:00:03.106,407.6863095804637,1005
2024-09-17 15:00:03.212,407.7234914842397,13
2024-09-17 15:00:03.228,407.7196555609095,13
2024-09-17 15:00:03.257,407.7709134396201,101
2024-09-17 15:00:03.277,407.7360877281389,9
2024-09-17 15:00:03.288,407.7216993111533,15
2024-09-17 15:00:03.304,407.7064146905548,99
2024-09-17 15:00:03.304,407.6991519037363,996
2024-09-17 15:00:03.399,407.72788855688776,996
2024-09-17 15:00:03.439,407.6561435387488,102
2024-09-17 15:00:03.475,407.7243529997327,104
2024-09-17 15:00:03.562,407.65631330470114,8
2024-09-17 15:00:03.687,407.6945447664378,998
2024-09-17 15:00:03.727,407.7087726583832,12
2024-09-17 15:00:03.751,407.6827722647984,1000
2024-09-17 15:00:03.757,407.702553872481,12
2024-09-17 15:00:03.774,407.72667812978943,1001
2024-09-17 15:00:03.803,407.6578743678208,7
2024-09-17 15:00:03.805,407.7065057368703,102
2024-09-17 15:00:03.820,407.7215593259185,1003
2024-09-17 15:00:03.832,407.7349207044884,1000
2024-09-17 15:00:03.869,407.6976102014642,96
2024-09-17 15:00:03.899,407.76796411987226,10
2024-09-17 15:00:03.955,407.6521604897175,95
2024-09-17 15:00:03.978,407.6971986400484,995
2024-09-17 15:00:04.006,407.7531823986203,1004
2024-09-17 15:00:04.042,407.7403297074756,7
2024-09-17 15:00:04.291,407.76110125849976,100
2024-09-17 15:00:04.415,407.7551677787527,7
2024-09-17 15:00:04.415,407.7569122255074,1004
2024-09-17 15:00:04.478,407.7704385869844,104
2024-09-17 15:00:04.547,407.75636877688174,999
2024-09-17 15:00:04.553,,97
2024-09-17 15:00:04.628,407.7821365958699,9
2024-09-17 15:00:04.656,407.7616580284189,997
2024-09-17 15:00:04.687,407.74594924289744,98
2024-09-17 15:00:04.767,407.7709780498759,995
2024-09-17 15:00:04.805,407.74986824973394,1000
2024-09-17 15:00:05.006,407.7546600972514,1000
2024-09-17 15:00:05.120,-407.77985450920346,95
2024-09-17 15:00:05.174,407.7714984458712,1005
2024-09-17 15:00:05.180,407.74290715873866,6
2024-09-17 15:00:05.288,40.77907426367557,1005
2024-09-17 15:00:05.382,407.7612707792737,98
2024-09-17 15:00:05.440,407.7744956616828,1000
2024-09-17 15:00:05.473,407.7799220196555,100
2024-09-17 15:00:05.473,407.7710755580442,6
2024-09-17 15:00:05.532,407.7851404682673,95
2024-09-17 15:00:05.703,407.78196648580393,14
2024-09-17 15:00:05.746,407.77569383894206,11
2024-09-17 15:00:05.749,407.7470887684521,8
2024-09-17 15:00:05.758,407.776212714514,1005
2024-09-17 15:00:05.803,407.7461389308585,5
2024-09-17 15:00:05.839,407.7783453323488,998
2024-09-17 15:00:05.873,407.7902106665206,11
2024-09-17 15:00:05.881,407.7624473681565,9
2024-09-17 15:00:05.924,407.7621101919126,95
2024-09-17 15:00:06.061,407.73461654245,998
2024-09-17 15:00:07.021,407.8029742320517,996
2024-09-17 15:00:07.145,407.7661828279707,95
2024-09-17 15:00:07.208,407.7856912201626,100
2024-09-17 15:00:07.718,407.7861886329486,7
2024-09-17 15:00:07.805,407.7668333545435,96
2024-09-17 15:00:07.808,407.81238662054585,1005
2024-09-17 15:00:07.827,407.799231745309,1000
2024-09-17 15:00:07.831,407.7995384589953,999
2024-09-17 15:00:07.881,407.7487789558726,98
2024-09-17 15:00:07.981,407.8077562187461,96
2024-09-17 15:00:07.984,407.7561979210578,101
2024-09-17 15:00:08.036,407.8301801270546,997
2024-09-17 15:00:08.052,-407.8451500575718,104
2024-09-17 15:00:08.133,407.8067985179592,105
2024-09-17 15:00:08.138,407.8331548266124,1002
2024-09-17 15:00:08.143,407.7960216775952,97
2024-09-17 15:00:08.159,407.7922432857384,96
2024-09-17 15:00:08.215,407.792551403054,14
2024-09-17 15:00:08.268,407.79498529170064,1002
2024-09-17 15:00:08.298,407.83572210549966,1001
2024-09-17 15:00:08.325,407.78924272614415,14
2024-09-17 15:00:08.445,407.8000908268232,101
2024-09-17 15:00:08.451,407.7974937534464,1002
2024-09-17 15:00:08.509,407.8324279245589,999
2024-09-17 15:00:08.517,407.7844789885593,995
2024-09-17 15:00:08.604,407.7998028174981,1001
2024-09-17 15:00:08.642,407.7955606391026,12
2024-09-17 15:00:08.726,407.80655972766783,15
2024-09-17 15:00:08.789,407.8151173198757,1003
2024-09-17 15:00:08.832,407.81693109168623,999
2024-09-17 15:00:08.841,407.8038788450857,101
2024-09-17 15:00:08.884,407.7995006413975,998
2024-09-17 15:00:08.925,407.77855672527534,1002
2024-09-17 15:00:08.964,407.7981917844392,1005
2024-09-17 15:00:08.999,407.8094762229375,12
2024-09-17 15:00:08.999,407.7856015557935,998
2024-09-17 15:00:09.059,407.8028998561224,996
2024-09-17 15:00:09.317,407.7778059639169,95
2024-09-17 15:00:09.438,407.7940624908194,9
2024-09-17 15:00:09.551,407.7682044934052,10
2024-09-17 15:00:09.751,407.7717669336503,103
2024-09-17 15:00:09.754,407.7853422053592,100
2024-09-17 15:00:09.814,407.77047327805167,103
2024-09-17 15:00:09.834,407.7503062826175,10
2024-09-17 15:00:09.927,407.78853420599006,7
2024-09-17 15:00:10.000,407.7177951477632,104
2024-09-17 15:00:10.079,407.7036630290133,9
2024-09-17 15:00:10.146,415.0964849259488,6
2024-09-17 15:00:10.241,407.74132927881146,996
2024-09-17 15:00:10.287,407.76237831637087,1004
2024-09-17 15:00:10.440,407.69094522129393,1001
2024-09-17 15:00:10.461,407.7665757017855,1004
2024-09-17 15:00:10.564,407.7672276635101,996
2024-09-17 15:00:10.574,407.72144384799753,105
2024-09-17 15:00:10.606,407.7055502331378,104
2024-09-17 15:00:10.610,407.7076567855651,102
2024-09-17 15:00:10.650,407.71129974921104,100
2024-09-17 15:00:10.780,407.7087195937438,995
2024-09-17 15:00:11.020,407.66960443840935,100
2024-09-17 15:00:11.044,407.6590105705285,999
2024-09-17 15:00:11.051,-407.6918308826917,101
2024-09-17 15:00:11.105,407.6914516575219,15
2024-09-17 15:00:11.137,407.6709046344216,1003
2024-09-17 15:00:11.201,407.68024648586345,102
2024-09-17 15:00:11.227,407.6933135729869,998
2024-09-17 15:00:11.247,407.6779160704372,1001
2024-09-17 15:00:11.286,407.6760079634079,11
2024-09-17 15:00:11.306,407.6714710826971,100
2024-09-17 15:00:11.356,407.680254359066,5
2024-09-17 15:00:11.374,407.68616793512217,96
2024-09-17 15:00:11.385,407.678536649565,1000
2024-09-17 15:00:11.422,407.664943853856,105
2024-09-17 15:00:11.437,407.6883984341461,9
2024-09-17 15:00:11.469,407.6576337517736,104
2024-09-17 15:00:11.502,407.69040085292,6
2024-09-17 15:00:11.582,407.6693113330485,10
2024-09-17 15:00:11.606,407.6835102583494,102
2024-09-17 15:00:11.650,407.6772815142695,998
2024-09-17 15:00:11.655,407.6754945273313,5
2024-09-17 15:00:11.802,407.6816236122898,5
2024-09-17 15:00:11.915,407.6711119303778,97
2024-09-17 15:00:11.939,407.6765279347311,95
2024-09-17 15:00:11.960,-407.6733195630577,1002
2024-09-17 15:00:11.962,407.6846270433695,13
2024-09-17 15:00:11.986,407.6935950170828,99
2024-09-17 15:00:11.987,40.76895733121429,1001
2024-09-17 15:00:12.018,407.5893353806894,96
2024-09-17 15:00:12.019,407.6390237344033,15
2024-09-17 15:00:12.081,407.654417629904,102
2024-09-17 15:00:12.109,407.6326250330418,1003
2024-09-17 15:00:12.165,407.7133326696528,1002
2024-09-17 15:00:12.167,407.6156769646034,1001
2024-09-17 15:00:12.189,407.666084470773,1000
2024-09-17 15:00:12.285,407.6091001354154,103
2024-09-17 15:00:12.334,407.6158720194745,103
2024-09-17 15:00:12.416,407.6644228463225,104
2024-09-17 15:00:12.464,407.70745650224416,97
2024-09-17 15:00:12.586,407.6288653287601,13
2024-09-17 15:00:12.679,407.6130399043376,99
2024-09-17 15:00:12.700,407.7206524507096,7
2024-09-17 15:00:12.701,407.64690003860096,997
2024-09-17 15:00:12.755,407.59613666110965,96
2024-09-17 15:00:12.776,407.6182029561264,13
2024-09-17 15:00:12.826,407.6635533327449,7
2024-09-17 15:00:12.975,407.658503905064,6
2024-09-17 15:00:13.732,407.60046515391673,5
2024-09-17 15:00:13.760,407.575321322157,105
2024-09-17 15:00:13.771,407.6009139810009,6
2024-09-17 15:00:14.005,407.5554552207727,99
2024-09-17 15:00:14.005,407.57710563350673,104
2024-09-17 15:00:14.069,407.5842241653375,98
2024-09-17 15:00:14.077,407.5617691235372,1003
2024-09-17 15:00:14.109,407.55788720413375,5
2024-09-17 15:00:14.208,,99
2024-09-17 15:00:14.215,407.5812759737831,1004
2024-09-17 15:00:14.318,407.5582668040944,10
2024-09-17 15:00:14.463,407.5519448346455,14
2024-09-17 15:00:14.630,407.55526841709263,10
2024-09-17 15:00:14.705,407.5745052126495,1000
2024-09-17 15:00:14.783,407.5593314946928,103
2024-09-17 15:00:14.814,407.5713083442817,10
2024-09-17 15:00:14.818,407.5969701847971,96
2024-09-17 15:00:14.883,407.58802866390994,1001
2024-09-17 15:00:14.905,407.6011216750746,98
2024-09-17 15:00:14.925,407.5535647314197,9
2024-09-17 15:00:14.941,407.5764978385408,10
2024-09-17 15:00:15.084,407.5995479380449,1005
2024-09-17 15:00:15.166,407.5702711967536,99
2024-09-17 15:00:15.168,407.5427301958382,95
2024-09-17 15:00:15.189,407.5628368857082,999
2024-09-17 15:00:15.195,407.5696603447173,96
2024-09-17 15:00:15.203,407.5574036166886,1000
2024-09-17 15:00:15.297,407.54950702498434,9
2024-09-17 15:00:15.383,407.5586874025871,102
2024-09-17 15:00:15.385,407.54373790627096,97
2024-09-17 15:00:15.416,407.5377647135718,1005
2024-09-17 15:00:15.449,407.5946488551837,1002
2024-09-17 15:00:15.485,407.5524270200693,100
2024-09-17 15:00:15.489,407.52727211630815,102
2024-09-17 15:00:15.578,407.55312654361785,1001
2024-09-17 15:00:15.647,407.5358222867269,1002
2024-09-17 15:00:15.845,407.5353226295445,8
2024-09-17 15:00:15.903,407.53331203330754,101
2024-09-17 15:00:15.909,407.5352481203296,95
2024-09-17 15:00:15.928,407.5630539568723,6
2024-09-17 15:00:15.972,407.6064205842032,98
2024-09-17 15:00:15.997,407.5338402762821,98
2024-09-17 15:00:17.027,407.51226220755,1004
2024-09-17 15:00:17.082,407.5372667948888,13
2024-09-17 15:00:17.224,407.5457047330559,1005
2024-09-17 15:00:17.236,407.4958480912037,105
2024-09-17 15:00:17.267,407.5121137276933,105
2024-09-17 15:00:17.318,407.5049055324074,104
2024-09-17 15:00:17.333,407.5417962934071,1002
2024-09-17 15:00:17.399,407.5171983226322,95
2024-09-17 15:00:17.491,407.5172649976313,1005
2024-09-17 15:00:17.532,407.5098498965586,97
2024-09-17 15:00:17.555,407.5167579379925,7
2024-09-17 15:00:17.638,407.5014352738157,1005
2024-09-17 15:00:17.648,407.4897400823095,95
2024-09-17 15:00:17.715,407.52125790852944,101
2024-09-17 15:00:17.783,407.5285514451616,995
2024-09-17 15:00:17.822,-407.5187141381362,101
2024-09-17 15:00:17.853,407.5676256963865,14
2024-09-17 15:00:17.871,407.5725400073532,5
2024-09-17 15:00:17.884,407.5017096914945,98
2024-09-17 15:00:17.893,407.5299492847968,1003
2024-09-17 15:00:17.984,407.5178573023414,995
2024-09-17 15:00:17.984,407.4926819863826,1001
2024-09-17 15:00:17.990,407.5578619541618,998
2024-09-17 15:00:18.095,407.49836722295487,105
2024-09-17 15:00:18.096,407.4879837432747,95
2024-09-17 15:00:18.171,407.50477981981646,996
2024-09-17 15:00:18.233,407.5055096504787,12
2024-09-17 15:00:18.359,407.5173017630513,8
2024-09-17 15:00:18.367,407.4848193396776,1005
2024-09-17 15:00:18.547,407.4815148062135,95
2024-09-17 15:00:18.606,407.5033253822423,105
2024-09-17 15:00:18.651,407.50661948059366,8
2024-09-17 15:00:18.744,407.4967481863732,5
2024-09-17 15:00:19.026,407.5706647675429,99
2024-09-17 15:00:19.053,407.54604560826425,996
2024-09-17 15:00:19.079,407.5061063549252,1002
2024-09-17 15:00:19.138,407.5213921053819,99
2024-09-17 15:00:19.224,407.5897747870361,1003
2024-09-17 15:00:19.240,407.5194793864693,9
2024-09-17 15:00:19.248,407.5384217605968,1005
2024-09-17 15:00:19.251,407.5752569807785,1004
2024-09-17 15:00:19.287,407.58215888152006,998
2024-09-17 15:00:19.348,407.523539892942,996
2024-09-17 15:00:19.450,407.53599747379087,1004
2024-09-17 15:00:19.469,407.5326647011754,999
2024-09-17 15:00:19.481,407.5602252525785,95
2024-09-17 15:00:19.517,407.5862747976258,996
2024-09-17 15:00:19.527,407.4904314327243,995
2024-09-17 15:00:19.540,407.5902403384157,1000
2024-09-17 15:00:19.548,407.5266493660664,1002
2024-09-17 15:00:19.553,407.5741670953633,10
2024-09-17 15:00:19.561,407.5234070810598,5
2024-09-17 15:00:19.649,407.54241121229626,101
2024-09-17 15:00:19.687,407.5797688964481,1001
2024-09-17 15:00:19.729,407.5598160664218,101
2024-09-17 15:00:19.758,407.6043274641118,15
2024-09-17 15:00:19.866,407.5314120502158,12
2024-09-17 15:00:19.981,407.5847411936807,14
2024-09-17 15:00:20.001,407.5849438336109,15
2024-09-17 15:00:20.010,407.5800375879701,102
2024-09-17 15:00:20.121,,95
2024-09-17 15:00:20.166,407.5634052926719,97
2024-09-17 15:00:20.253,407.5576221196889,999
2024-09-17 15:00:20.319,407.5819461725957,1003
2024-09-17 15:00:20.321,-407.5633983860619,997
2024-09-17 15:00:20.352,407.567890507676,1004
2024-09-17 15:00:20.536,407.5859819341395,101
2024-09-17 15:00:20.576,407.5808834706984,999
2024-09-17 15:00:20.630,407.5583622295917,105
2024-09-17 15:00:20.693,407.60406917861553,13
2024-09-17 15:00:20.741,407.5819011847845,96
2024-09-17 15:00:20.754,407.56986885192975,95
2024-09-17 15:00:20.991,407.5874825641277,996
2024-09-17 15:00:21.009,407.5553821110336,101
2024-09-17 15:00:21.024,407.5706809757495,15
2024-09-17 15:00:21.030,407.5694042791434,100
2024-09-17 15:00:21.145,407.5515788184178,97
2024-09-17 15:00:21.221,407.571573832356,96
2024-09-17 15:00:21.389,407.56012576987456,102
2024-09-17 15:00:21.422,407.56247921039966,10
2024-09-17 15:00:21.427,407.6261308887146,1002
2024-09-17 15:00:21.450,407.5476454037761,1004
2024-09-17 15:00:21.515,407.5810833301989,998
2024-09-17 15:00:21.516,407.62036312468894,5
2024-09-17 15:00:21.522,407.5592816640406,96
2024-09-17 15:00:21.583,407.6076433172988,9
2024-09-17 15:00:21.609,407.5898712174689,996
2024-09-17 15:00:21.709,407.5871971222044,8
2024-09-17 15:00:21.783,407.5853014823078,11
2024-09-17 15:00:21.829,407.58280672682514,95
2024-09-17 15:00:21.837,407.58741620918914,95
2024-09-17 15:00:22.068,407.572258818736,99
2024-09-17 15:00:22.140,407.5419867510219,1000
2024-09-17 15:00:22.141,407.5605856678411,995
2024-09-17 15:00:22.186,407.5678942176133,7
2024-09-17 15:00:22.259,407.58179668399816,105
2024-09-17 15:00:22.259,407.5834942377597,101
2024-09-17 15:00:22.288,407.5582091873516,1005
2024-09-17 15:00:22.355,407.544930081072,13
2024-09-17 15:00:22.479,407.5525859236389,99
2024-09-17 15:00:22.529,407.5790435082769,11
2024-09-17 15:00:22.571,407.5481803157881,996
2024-09-17 15:00:22.620,407.5669906987358,14
2024-09-17 15:00:22.653,407.58444844331336,10
2024-09-17 15:00:22.795,407.5621780945281,14
2024-09-17 15:00:22.819,407.59006257473374,105
2024-09-17 15:00:22.845,407.5403537545605,105
2024-09-17 15:00:22.847,407.5642361827004,15
2024-09-17 15:00:22.891,407.56358702070514,101
2024-09-17 15:00:23.031,407.5498108902107,102
2024-09-17 15:00:23.100,407.5410126030768,995
2024-09-17 15:00:23.155,407.5459866988005,101
2024-09-17 15:00:23.257,407.5727482721596,100
2024-09-17 15:00:23.318,407.5502385378075,1003
2024-09-17 15:00:23.413,407.5418192932332,12
2024-09-17 15:00:23.430,407.5489220865511,102
2024-09-17 15:00:23.549,407.545342592416,999
2024-09-17 15:00:23.750,407.5770099983016,103
2024-09-17 15:00:23.857,407.5589263687246,1001
2024-09-17 15:00:23.903,407.54574870657575,9
2024-09-17 15:00:24.374,407.5891863366253,105
2024-09-17 15:00:24.972,407.5786153804849,1003
2024-09-17 15:00:25.199,407.64481672101607,10
2024-09-17 15:00:25.207,407.6446602416312,998
2024-09-17 15:00:25.296,407.6420815297325,996
2024-09-17 15:00:25.326,407.6304529037615,14
2024-09-17 15:00:25.367,407.6043024707357,96
2024-09-17 15:00:25.375,407.5721265933943,5
2024-09-17 15:00:25.425,407.6238137557136,104
2024-09-17 15:00:25.437,407.6263577357526,998
2024-09-17 15:00:25.442,407.6281739251272,15
2024-09-17 15:00:25.511,407.59767613081135,995
2024-09-17 15:00:25.521,407.6338576002572,8
2024-09-17 15:00:25.543,407.6147635251279,1003
2024-09-17 15:00:25.550,407.6479114463269,97
2024-09-17 15:00:25.665,407.5810255431883,9
2024-09-17 15:00:25.708,407.59599592594014,102
2024-09-17 15:00:25.712,407.63605736415707,96
2024-09-17 15:00:25.724,-407.6474063823077,1005
2024-09-17 15:00:25.730,407.58723003636027,5
2024-09-17 15:00:25.784,407.59175027366,1003
2024-09-17 15:00:25.797,407.64878437166885,96
2024-09-17 15:00:25.947,407.6329171071986,96
2024-09-17 15:00:25.982,407.6093512526865,100
2024-09-17 15:00:26.001,407.6202322625292,997
2024-09-17 15:00:26.012,407.5923319294214,996
2024-09-17 15:00:26.027,407.6013489682854,1002
2024-09-17 15:00:26.077,407.5919842851785,1000
2024-09-17 15:00:26.089,407.59662749853175,105
2024-09-17 15:00:26.136,407.566223210394,98
2024-09-17 15:00:26.254,407.6036162430789,95
2024-09-17 15:00:26.255,407.5593029526846,101
2024-09-17 15:00:26.338,407.5670346985114,15
2024-09-17 15:00:26.380,407.6129275120986,1004
2024-09-17 15:00:26.386,407.5931281769239,13
2024-09-17 15:00:26.423,407.66033182221486,998
2024-09-17 15:00:26.439,407.5769436207547,98
2024-09-17 15:00:26.455,407.563613977678,100
2024-09-17 15:00:26.511,407.63140833856687,996
2024-09-17 15:00:26.693,407.6108406510271,1003
2024-09-17 15:00:26.741,407.56772754452686,98
2024-09-17 15:00:26.819,407.5684871299199,14
2024-09-17 15:00:26.839,407.5621571473425,996
2024-09-17 15:00:26.914,407.5722627131442,6
2024-09-17 15:00:26.950,407.56437981039227,11
2024-09-17 15:00:26.957,,102
2024-09-17 15:00:27.136,407.6195739276211,95
2024-09-17 15:00:27.200,407.6163673450757,13
2024-09-17 15:00:27.245,407.65558259428695,104
2024-09-17 15:00:27.293,407.6110053129925,10
2024-09-17 15:00:27.326,407.61895584313385,104
2024-09-17 15:00:27.359,407.6154498073517,12
2024-09-17 15:00:27.372,407.6028980503341,12
2024-09-17 15:00:27.523,407.6538786479148,102
2024-09-17 15:00:27.544,407.658131068497,1003
2024-09-17 15:00:27.574,407.6137643416815,5
2024-09-17 15:00:27.612,407.6113567807592,96
2024-09-17 15:00:27.630,407.6277280181494,15
2024-09-17 15:00:27.665,407.6140528160337,5
2024-09-17 15:00:27.739,407.6234721798599,12
2024-09-17 15:00:27.860,407.6759116881609,102
2024-09-17 15:00:27.917,407.6542284828342,15
2024-09-17 15:00:27.950,407.6440678459646,1005
2024-09-17 15:00:28.079,407.6016714557367,1001
2024-09-17 15:00:28.132,407.6451336273886,11
2024-09-17 15:00:28.210,407.6710838260272,100
2024-09-17 15:00:28.288,407.6398210272483,1002
2024-09-17 15:00:28.309,407.6545133854698,15
2024-09-17 15:00:28.352,407.6243448165592,12
2024-09-17 15:00:28.423,407.62718740729946,98
2024-09-17 15:00:28.442,407.6663819605474,104
2024-09-17 15:00:28.447,407.6707541370448,995
2024-09-17 15:00:28.457,407.6688059342397,996
2024-09-17 15:00:28.552,407.6460745495909,7
2024-09-17 15:00:28.604,407.6194467356379,14
2024-09-17 15:00:28.712,407.6421629681362,7
2024-09-17 15:00:28.910,407.6301795220839,103
2024-09-17 15:00:28.984,407.6612898108697,1005
2024-09-17 15:00:28.997,407.659745056443,999
2024-09-17 15:00:29.275,407.6008230830623,104
2024-09-17 15:00:29.388,-407.59086178227005,12
2024-09-17 15:00:29.555,407.5842601336889,98
2024-09-17 15:00:29.832,407.6041048335664,8
2024-09-17 15:00:30.002,407.59454999343353,95
2024-09-17 15:00:30.053,407.6410755264336,102
2024-09-17 15:00:30.065,407.63363665227337,102
2024-09-17 15:00:30.201,,7
2024-09-17 15:00:30.290,407.63723168960695,1000
2024-09-17 15:00:30.331,407.64707380043086,100
2024-09-17 15:00:30.335,407.6261373657902,13
2024-09-17 15:00:30.415,407.6287379568145,998
2024-09-17 15:00:30.438,407.6305321258585,13
2024-09-17 15:00:30.528,407.6011626330064,1004
2024-09-17 15:00:30.726,407.6249225083501,7
2024-09-17 15:00:30.878,407.6438440434458,15
2024-09-17 15:00:30.909,407.64773421533016,103
2024-09-17 15:00:30.919,407.6166775157003,997
2024-09-17 15:00:30.967,407.6397733794111,995
2024-09-17 15:00:31.007,407.62168318096354,12
2024-09-17 15:00:31.140,407.64432712615,1001
2024-09-17 15:00:31.149,407.6532041132503,998
2024-09-17 15:00:31.163,407.67605687854586,997
2024-09-17 15:00:31.238,407.65613549825497,102
2024-09-17 15:00:31.258,407.6695523940136,9
2024-09-17 15:00:31.265,407.6257823046324,997
2024-09-17 15:00:31.282,407.6824909511033,1004
2024-09-17 15:00:31.377,-407.667518726696,97
2024-09-17 15:00:31.384,407.63118252954,97
2024-09-17 15:00:31.392,407.6382358933943,13
2024-09-17 15:00:31.398,407.6662316617083,98
2024-09-17 15:00:31.410,407.6439699707501,97
2024-09-17 15:00:31.511,407.62297371705125,96
2024-09-17 15:00:31.535,407.6239072132624,101
2024-09-17 15:00:31.640,407.628306434669,100
2024-09-17 15:00:31.691,407.6591511710726,96
2024-09-17 15:00:31.736,407.6716111953223,15
2024-09-17 15:00:31.792,407.6722625045547,5
2024-09-17 15:00:31.794,407.66280664186513,1000
2024-09-17 15:00:31.841,,101
2024-09-17 15:00:31.924,407.6679941196846,11
2024-09-17 15:00:31.965,407.6783744296706,97
2024-09-17 15:00:32.037,407.671400478821,5
2024-09-17 15:00:32.072,407.65494215159663,103
2024-09-17 15:00:32.144,407.6534428215217,103
2024-09-17 15:00:32.352,407.6591329587093,100
2024-09-17 15:00:32.393,407.6706349089862,5
2024-09-17 15:00:32.546,407.68173282951454,6
2024-09-17 15:00:32.552,407.66351319123294,99
2024-09-17 15:00:32.565,407.64540148900846,6
2024-09-17 15:00:32.641,407.6719045458841,5
2024-09-17 15:00:32.782,407.68942157789786,998
2024-09-17 15:00:32.789,407.6534714132926,995
2024-09-17 15:00:32.985,407.6755725794164,13
2024-09-17 15:00:33.193,407.6379960621636,1004
2024-09-17 15:00:33.319,407.6738831032425,105
2024-09-17 15:00:33.327,407.6704274187099,95
2024-09-17 15:00:33.344,407.6940737057661,96
2024-09-17 15:00:33.344,407.688300051173,996
2024-09-17 15:00:33.513,407.6774835313016,1004
2024-09-17 15:00:33.534,407.6626381105712,998
2024-09-17 15:00:33.548,407.6515492076371,996
2024-09-17 15:00:33.634,407.6946360237417,14
2024-09-17 15:00:33.693,407.6342188966696,14
2024-09-17 15:00:33.770,407.6733309241951,11
2024-09-17 15:00:33.776,407.6585463320204,997
2024-09-17 15:00:33.796,407.6496449641201,12
2024-09-17 15:00:33.819,407.6866257557854,8
2024-09-17 15:00:33.883,407.662520771049,1000
2024-09-17 15:00:33.914,407.6290428103085,97
2024-09-17 15:00:33.919,407.6386419681656,999
2024-09-17 15:00:33.936,407.6337275788982,998
2024-09-17 15:00:34.005,407.6766241712576,999
2024-09-17 15:00:34.277,407.6743242371752,99
2024-09-17 15:00:34.507,407.67500544963167,997
2024-09-17 15:00:34.700,407.6808010414143,998
2024-09-17 15:00:34.712,407.6723372054608,5
2024-09-17 15:00:35.116,407.6866406869165,105
2024-09-17 15:00:35.827,407.676231649632,999
2024-09-17 15:00:36.017,407.70424248319375,1001
2024-09-17 15:00:36.032,407.64834504316747,1003
2024-09-17 15:00:36.066,407.6294213502983,995
2024-09-17 15:00:36.123,407.6393562588641,11
2024-09-17 15:00:36.158,407.67252314675983,10
2024-09-17 15:00:36.169,407.7122755547262,1005
2024-09-17 15:00:36.233,407.698424827236,13
2024-09-17 15:00:36.295,407.67129929042574,5
2024-09-17 15:00:36.343,,5
2024-09-17 15:00:36.383,407.6971209214024,96
2024-09-17 15:00:36.394,407.6459277147917,1003
2024-09-17 15:00:36.425,407.69116793667246,5
2024-09-17 15:00:36.435,407.62270127934494,95
2024-09-17 15:00:36.435,407.7044316771896,98
2024-09-17 15:00:36.471,407.7155138770262,5
2024-09-17 15:00:36.502,407.7107840027298,13
2024-09-17 15:00:36.533,407.6511437311468,100
2024-09-17 15:00:36.536,407.66193469276834,97
2024-09-17 15:00:36.587,407.7020236280992,6
2024-09-17 15:00:36.693,407.6584405911903,11
2024-09-17 15:00:36.719,407.6557433629443,101
2024-09-17 15:00:36.789,407.65508155091976,998
2024-09-17 15:00:36.828,407.69889161999686,100
2024-09-17 15:00:36.845,407.6719037829581,15
2024-09-17 15:00:36.866,407.6369015231036,1003
2024-09-17 15:00:36.870,407.6806382306358,15
2024-09-17 15:00:36.924,407.6518798830687,103
2024-09-17 15:00:36.937,407.6646826123157,11
2024-09-17 15:00:36.951,407.6832447237426,997
2024-09-17 15:00:36.982,407.6489612092195,8
2024-09-17 15:00:37.184,407.66008810432567,998
2024-09-17 15:00:37.287,407.6774015293047,101
2024-09-17 15:00:37.376,407.6736272757712,100
2024-09-17 15:00:37.679,407.67354660473006,12
2024-09-17 15:00:37.980,407.6696360986288,97
2024-09-17 15:00:38.026,407.7060361561236,14
2024-09-17 15:00:38.076,407.6771169546244,995
2024-09-17 15:00:38.097,407.6859421338117,9
2024-09-17 15:00:38.194,407.7161748920543,996
2024-09-17 15:00:38.243,407.6971180929551,997
2024-09-17 15:00:38.282,407.69314008438766,99
2024-09-17 15:00:38.429,407.71462064311135,7
2024-09-17 15:00:38.833,407.7162144998872,995
2024-09-17 15:00:38.873,407.7046991795864,997
2024-09-17 15:00:38.878,407.700884122777,13
2024-09-17 15:00:38.980,407.7173704115074,996
2024-09-17 15:00:39.065,407.6796836026913,100
2024-09-17 15:00:39.102,407.6694741612916,15
2024-09-17 15:00:39.130,407.7206770993894,1004
2024-09-17 15:00:39.187,407.6877790592572,103
2024-09-17 15:00:39.195,407.72910538734544,99
2024-09-17 15:00:39.338,407.7122819716196,10
2024-09-17 15:00:39.398,407.690783395216,1003
2024-09-17 15:00:39.419,407.6714686974506,998
2024-09-17 15:00:39.460,407.7272721237671,11
2024-09-17 15:00:39.573,407.69077579509775,1002
2024-09-17 15:00:39.640,407.66321748243007,13
2024-09-17 15:00:39.739,407.6543797345629,998
2024-09-17 15:00:39.795,407.7031484195576,5
2024-09-17 15:00:39.822,407.66679947718086,105
2024-09-17 15:00:39.826,407.69318410332295,13
2024-09-17 15:00:39.874,407.7182390013393,998
2024-09-17 15:00:39.882,415.36987588825286,102
2024-09-17 15:00:39.947,407.66464382026817,9
2024-09-17 15:00:39.960,407.6975991888849,13
2024-09-17 15:00:39.970,407.6930086859783,1005
2024-09-17 15:00:40.089,,102
2024-09-17 15:00:40.098,407.6851373828017,1004
2024-09-17 15:00:40.109,407.6893610245104,12
2024-09-17 15:00:40.110,407.6509815512744,1001
2024-09-17 15:00:40.183,407.6759042344159,103
2024-09-17 15:00:40.197,407.70198543153583,104
2024-09-17 15:00:40.247,407.6488940013259,100
2024-09-17 15:00:40.359,407.7248057189688,8
2024-09-17 15:00:40.381,407.7049363126874,97
2024-09-17 15:00:40.381,407.7039460287768,1004
2024-09-17 15:00:40.398,407.6942712642848,12
2024-09-17 15:00:40.460,407.6642312533067,11
2024-09-17 15:00:40.520,407.69535936996914,101
2024-09-17 15:00:40.531,407.6362461009577,5
2024-09-17 15:00:40.558,407.69411642482766,1001
2024-09-17 15:00:40.598,407.65861256126266,102
2024-09-17 15:00:40.649,407.7029726370874,1004
2024-09-17 15:00:40.658,407.6630824427615,99
2024-09-17 15:00:40.705,407.7230114931344,101
2024-09-17 15:00:40.735,407.7057928410571,15
2024-09-17 15:00:40.768,407.6770613248485,13
2024-09-17 15:00:40.815,407.7138179035397,996
2024-09-17 15:00:40.844,407.6900395449941,102
2024-09-17 15:00:40.940,407.6938433441301,996
2024-09-17 15:00:40.974,407.6774080973408,9
2024-09-17 15:00:40.994,407.6711449312142,99
2024-09-17 15:00:41.095,407.691955849637,999
2024-09-17 15:00:41.129,407.6987580583897,1003
2024-09-17 15:00:41.181,407.6929421250847,997
2024-09-17 15:00:41.246,407.7045640443184,14
2024-09-17 15:00:41.317,407.7157439654233,96
2024-09-17 15:00:41.361,407.6994456739434,10
2024-09-17 15:00:41.473,407.7092161543521,95
2024-09-17 15:00:41.546,407.70536970388855,997
2024-09-17 15:00:41.703,407.6901960037548,1004
2024-09-17 15:00:41.787,407.6979894777973,998
2024-09-17 15:00:42.003,407.7363766960395,14
2024-09-17 15:00:42.005,407.7610423694612,13
2024-09-17 15:00:42.014,407.7685275091531,96
2024-09-17 15:00:42.092,415.3295728685205,997
2024-09-17 15:00:42.111,407.7328553278366,105
2024-09-17 15:00:42.119,407.74620625999177,999
2024-09-17 15:00:42.130,407.7007826184288,995
2024-09-17 15:00:42.155,407.7280692048608,1002
2024-09-17 15:00:42.244,407.7287245573831,6
2024-09-17 15:00:42.251,407.729750535573,1005
2024-09-17 15:00:42.281,407.7500046221075,97
2024-09-17 15:00:42.284,407.7305999520141,98
2024-09-17 15:00:42.415,407.71619245440456,10
2024-09-17 15:00:42.478,407.7414880672965,999
2024-09-17 15:00:42.587,407.7725425904912,995
2024-09-17 15:00:42.606,407.7229592233116,15
2024-09-17 15:00:42.657,407.7360110315114,998
2024-09-17 15:00:42.693,407.7335003195256,12
2024-09-17 15:00:42.731,407.75234131835816,1005
2024-09-17 15:00:42.743,407.7143296956998,999
2024-09-17 15:00:42.756,407.7301757783287,102
2024-09-17 15:00:42.791,40.77236689611894,100
2024-09-17 15:00:42.862,407.7321557118602,999
2024-09-17 15:00:42.886,407.7258849505367,9
2024-09-17 15:00:42.896,407.7130765797158,95
2024-09-17 15:00:42.913,407.72384960438666,104
2024-09-17 15:00:42.921,407.7335619149966,997
2024-09-17 15:00:42.924,-407.7870738885342,97
2024-09-17 15:00:42.949,407.72039015154377,97
2024-09-17 15:00:42.964,407.7287158281761,13
2024-09-17 15:00:42.974,407.7494314455284,13
2024-09-17 15:00:43.022,407.7117161715453,998
2024-09-17 15:00:43.039,407.7184798094146,1001
2024-09-17 15:00:43.066,407.69988134762434,104
2024-09-17 15:00:43.500,407.700162512306,98
2024-09-17 15:00:43.680,407.7149508694346,14
2024-09-17 15:00:43.910,407.7196950760044,8
2024-09-17 15:00:44.003,407.6975866563593,7
2024-09-17 15:00:44.063,407.6760551809514,101
2024-09-17 15:00:44.078,407.7062270748188,7
2024-09-17 15:00:44.138,407.7116068505579,1005
2024-09-17 15:00:44.185,407.6846853397382,14
2024-09-17 15:00:44.335,407.6738776687245,1002
2024-09-17 15:00:44.374,407.6909605088539,6
2024-09-17 15:00:44.383,407.6959261162663,14
2024-09-17 15:00:44.440,407.69005314404734,11
2024-09-17 15:00:44.520,407.7086508507702,104
2024-09-17 15:00:44.598,407.68941217130737,103
2024-09-17 15:00:44.633,407.6948540676504,1002
2024-09-17 15:00:44.635,407.6687488364544,1004
2024-09-17 15:00:44.681,407.683648939384,104
2024-09-17 15:00:44.682,407.7115852489922,104
2024-09-17 15:00:44.683,407.7035486512823,1004
2024-09-17 15:00:44.789,407.687427755354,997
2024-09-17 15:00:44.795,407.69946658285136,97
2024-09-17 15:00:44.858,407.6985822195523,10
2024-09-17 15:00:44.903,407.6744532310309,99
2024-09-17 15:00:44.937,407.6857119970695,103
2024-09-17 15:00:44.956,407.7157763272106,999
2024-09-17 15:00:44.964,407.6785534832691,8
2024-09-17 15:00:44.971,407.6871333295968,5
2024-09-17 15:00:44.984,407.69037789441046,999
2024-09-17 15:00:44.992,407.7176330756933,1000
2024-09-17 15:00:45.030,407.684924192782,997
2024-09-17 15:00:45.104,407.7245828885162,98
2024-09-17 15:00:45.138,407.7352862619562,9
2024-09-17 15:00:45.201,407.6838261166287,99
2024-09-17 15:00:45.253,407.7249182417549,12
2024-09-17 15:00:45.258,407.7295509834448,103
2024-09-17 15:00:45.321,407.687342168605,1003
2024-09-17 15:00:45.349,407.73455766656826,1002
2024-09-17 15:00:45.389,407.68019432356346,103
2024-09-17 15:00:45.403,407.727774980224,11
2024-09-17 15:00:45.408,407.7459955924899,1001
2024-09-17 15:00:45.498,407.7385657861221,1005
2024-09-17 15:00:45.539,407.7348822044832,6
2024-09-17 15:00:45.565,407.716564257008,14
2024-09-17 15:00:45.583,407.7304736687431,995
2024-09-17 15:00:45.591,407.7123259386145,102
2024-09-17 15:00:45.604,407.6993841134429,96
2024-09-17 15:00:45.611,407.7251164746834,1002
2024-09-17 15:00:45.631,407.71692004090943,12
2024-09-17 15:00:45.768,407.7193362660128,104
2024-09-17 15:00:45.768,407.7053118028225,105
2024-09-17 15:00:45.790,407.7319027897392,1005
2024-09-17 15:00:45.891,407.737387112884,99
2024-09-17 15:00:45.925,407.7076552488742,103
2024-09-17 15:00:45.949,407.7057111714809,14
2024-09-17 15:00:47.143,407.7301557879917,102
2024-09-17 15:00:47.182,407.7087233337185,997
2024-09-17 15:00:47.339,407.6419805073473,10
2024-09-17 15:00:47.397,407.6820413413302,1004
2024-09-17 15:00:47.411,407.7127123972144,10
2024-09-17 15:00:47.420,407.7055524950297,1002
2024-09-17 15:00:47.571,407.6520643019564,98
2024-09-17 15:00:47.593,407.7005499153772,10
2024-09-17 15:00:47.732,407.7176616998423,105
2024-09-17 15:00:47.753,407.6558703397023,5
2024-09-17 15:00:47.781,407.6946597272757,996
2024-09-17 15:00:47.802,407.7174289410166,98
2024-09-17 15:00:47.830,407.69576277282056,100
2024-09-17 15:00:47.855,415.3468714055599,15
2024-09-17 15:00:47.928,407.6541440661826,97
2024-09-17 15:00:47.957,407.7199000587669,15
2024-09-17 15:00:48.099,407.6094807708833,98
2024-09-17 15:00:48.164,407.5685025129656,995
2024-09-17 15:00:48.286,407.5918416657774,12
2024-09-17 15:00:48.423,407.59769586721376,103
2024-09-17 15:00:48.448,407.6239531189248,9
2024-09-17 15:00:48.528,407.6456753493664,1002
2024-09-17 15:00:48.531,407.5838602713309,9
2024-09-17 15:00:48.560,40.756578131295385,97
2024-09-17 15:00:48.566,407.6467237816586,95
2024-09-17 15:00:48.591,40.763821708400776,998
2024-09-17 15:00:48.687,407.5623815043631,7
2024-09-17 15:00:48.749,407.6448343278696,98
2024-09-17 15:00:48.768,407.5827633273283,13
2024-09-17 15:00:48.839,407.6505563689523,1004
2024-09-17 15:00:48.979,407.5890851438575,999
2024-09-17 15:00:49.124,407.57138202209273,14
2024-09-17 15:00:49.172,407.5633511192833,9
2024-09-17 15:00:49.426,407.5632609754842,10
2024-09-17 15:00:49.443,407.5896550155235,97
2024-09-17 15:00:49.469,407.638789490438,1001
2024-09-17 15:00:49.493,407.569652089637,8
2024-09-17 15:00:49.593,407.5877542610261,96
2024-09-17 15:00:49.624,407.5717965075965,1005
2024-09-17 15:00:49.675,407.5847185519886,996
2024-09-17 15:00:49.756,407.5777942779533,101
2024-09-17 15:00:49.809,407.58146910277407,102
2024-09-17 15:00:49.812,407.5668685134154,95
2024-09-17 15:00:49.847,407.5736762410168,99
2024-09-17 15:00:49.851,407.62582559127753,1004
2024-09-17 15:00:49.886,407.6342796437791,99
2024-09-17 15:00:49.931,407.6535301605424,12
2024-09-17 15:00:50.175,407.6685273096734,104
2024-09-17 15:00:50.196,407.6758706537582,11
2024-09-17 15:00:50.242,407.6316438177898,996
2024-09-17 15:00:50.260,407.63665284363447,13
2024-09-17 15:00:50.265,407.6284327655645,9
2024-09-17 15:00:50.300,407.65311893142257,95
2024-09-17 15:00:50.342,-407.6364772559519,999
2024-09-17 15:00:50.736,407.6556277695272,6
2024-09-17 15:00:50.757,407.6519447729671,999
2024-09-17 15:00:50.790,407.63776277835353,103
2024-09-17 15:00:50.794,,96
2024-09-17 15:00:50.839,407.6328491744324,8
2024-09-17 15:00:50.963,407.6368428680904,95
2024-09-17 15:00:51.020,407.66537479420674,95
2024-09-17 15:00:51.092,407.6695347290423,999
2024-09-17 15:00:51.095,407.65838045694426,8
2024-09-17 15:00:51.177,407.6332834840769,1002
2024-09-17 15:00:51.230,407.66479462072414,105
2024-09-17 15:00:51.338,407.666583157225,996
2024-09-17 15:00:51.365,407.6525996514747,13
2024-09-17 15:00:51.391,407.64202036633793,998
2024-09-17 15:00:51.416,407.6699686358141,105
2024-09-17 15:00:51.450,407.6395427868608,998
2024-09-17 15:00:51.478,407.679077207526,97
2024-09-17 15:00:51.588,407.681034518789,104
2024-09-17 15:00:51.633,407.6556640894598,101
2024-09-17 15:00:51.676,407.6856710611143,6
2024-09-17 15:00:51.696,407.675932502233,1001
2024-09-17 15:00:51.716,407.6631881619578,1003
2024-09-17 15:00:51.751,407.6574299797924,15
2024-09-17 15:00:51.761,407.6544770740053,5
2024-09-17 15:00:51.947,407.66223292772526,1000
2024-09-17 15:00:52.087,407.6491746452081,9
2024-09-17 15:00:52.190,407.66649734543546,1004
2024-09-17 15:00:52.337,407.6361975957528,999
2024-09-17 15:00:52.534,407.66242014123554,997
2024-09-17 15:00:52.788,407.6648923794386,100
2024-09-17 15:00:52.915,407.6506206168389,1003
2024-09-17 15:00:52.935,407.6409019351119,97
2024-09-17 15:00:52.987,407.640016451782,12
2024-09-17 15:00:53.024,40.7652824944774,102
2024-09-17 15:00:53.183,407.64178827269455,104
2024-09-17 15:00:53.515,407.6514392536752,104
2024-09-17 15:00:53.626,415.37235470155656,996
2024-09-17 15:00:53.849,407.66226312559166,100
2024-09-17 15:00:54.255,407.6664591385954,96
2024-09-17 15:00:54.304,407.6529384051725,9
2024-09-17 15:00:54.349,407.6657156955445,5
2024-09-17 15:00:54.360,407.6556430273269,104
2024-09-17 15:00:54.377,407.65488658422913,104
2024-09-17 15:00:54.392,40.76692857819621,99
2024-09-17 15:00:54.406,407.6309819563924,1002
2024-09-17 15:00:54.414,407.6580212590962,13
2024-09-17 15:00:54.487,407.6405331902519,96
2024-09-17 15:00:54.501,407.6688134199497,996
2024-09-17 15:00:54.509,407.6720054930547,100
2024-09-17 15:00:54.581,407.6708908625128,1002
2024-09-17 15:00:54.596,407.6232602188434,14
2024-09-17 15:00:54.616,407.67478231092326,103
2024-09-17 15:00:54.631,407.63565633412514,9
2024-09-17 15:00:54.736,407.6504198818521,97
2024-09-17 15:00:54.741,415.2992920430067,1005
2024-09-17 15:00:54.786,-407.6700061498292,14
2024-09-17 15:00:54.850,407.6272817287056,997
2024-09-17 15:00:54.864,407.6644153777853,1002
2024-09-17 15:00:55.044,407.7033824344661,97
2024-09-17 15:00:55.190,407.6640548095813,13
2024-09-17 15:00:55.447,407.6797758347956,1002
2024-09-17 15:00:55.473,407.6813366406099,97
2024-09-17 15:00:55.539,407.6887249060265,1005
2024-09-17 15:00:55.616,407.69177703950845,103
2024-09-17 15:00:56.038,407.7417531420471,995
2024-09-17 15:00:56.051,407.69614994053103,6
2024-09-17 15:00:56.087,407.7120500802444,8
2024-09-17 15:00:56.185,407.7146469901398,996
2024-09-17 15:00:56.206,407.6924299315892,6
2024-09-17 15:00:56.207,407.7613813266008,1005
2024-09-17 15:00:56.256,407.7353398461341,102
2024-09-17 15:00:56.276,407.743873385415,995
2024-09-17 15:00:56.317,407.7493821210019,6
2024-09-17 15:00:56.348,407.71990374116905,996
2024-09-17 15:00:56.350,407.7238398442264,105
2024-09-17 15:00:56.353,407.73477193014304,9
2024-09-17 15:00:56.373,407.7163211831164,7
2024-09-17 15:00:56.447,407.73719823161326,96
2024-09-17 15:00:56.457,407.7250826866031,105
2024-09-17 15:00:56.481,407.77901936624056,95
2024-09-17 15:00:56.559,407.754425731434,1001
2024-09-17 15:00:56.602,407.7250393876503,1005
2024-09-17 15:00:56.612,407.7154055974276,6
2024-09-17 15:00:56.690,407.7725816296484,14
2024-09-17 15:00:56.746,407.7353415009239,98
2024-09-17 15:00:56.763,407.7295593240491,102
2024-09-17 15:00:56.765,407.7666895801143,95
2024-09-17 15:00:56.766,407.7619992519876,100
2024-09-17 15:00:56.795,407.7251143590729,998
2024-09-17 15:00:56.817,407.76265923469447,999
2024-09-17 15:00:56.932,407.7115111581554,1004
2024-09-17 15:00:56.943,407.7594393386629,15
2024-09-17 15:00:57.012,407.80948482395104,1002
2024-09-17 15:00:57.170,407.7228784008334,96
2024-09-17 15:00:57.195,407.8039809403846,96
2024-09-17 15:00:57.220,407.739157225669,1004
2024-09-17 15:00:57.273,407.8247347410072,105
2024-09-17 15:00:57.349,407.72679789296046,99
2024-09-17 15:00:57.380,407.7420215521332,6
2024-09-17 15:00:57.468,407.7829387776646,97
2024-09-17 15:00:57.483,407.7803945549322,7
2024-09-17 15:00:57.518,407.8313783004991,105
2024-09-17 15:00:57.612,407.7520292234766,995
2024-09-17 15:00:57.626,407.7693316807027,996
2024-09-17 15:00:57.630,407.8132632307512,95
2024-09-17 15:00:57.751,407.8326102416455,995
2024-09-17 15:00:57.774,407.8099338264282,996
2024-09-17 15:00:57.808,407.7332517421719,997
2024-09-17 15:00:57.840,407.7388443615256,102
2024-09-17 15:00:57.848,407.7820042626332,11
2024-09-17 15:00:57.875,407.8223110431416,6
2024-09-17 15:00:59.208,407.8378157576456,6
2024-09-17 15:00:59.379,407.8455276376925,15
2024-09-17 15:00:59.508,407.8408718644014,9
2024-09-17 15:00:59.869,407.85013756908825,6
2024-09-17 15:00:59.962,407.83809852528856,8
2024-09-17 15:00:59.988,407.8541516456696,103
