Timestamp,Price,Size
2024-09-17 12:46:00.020,405.93040247252407,97
2024-09-17 12:46:00.042,405.9443431792055,97
2024-09-17 12:46:00.063,405.94161852154207,95
2024-09-17 12:46:00.092,405.9450873016418,7
2024-09-17 12:46:00.138,405.9284016003505,12
2024-09-17 12:46:00.198,405.9337881414415,101
2024-09-17 12:46:00.206,405.92527753844905,5
2024-09-17 12:46:00.257,405.9257031101773,1001
2024-09-17 12:46:00.314,-405.935053422879,12
2024-09-17 12:46:00.345,405.9360472352247,96
2024-09-17 12:46:00.455,405.94956978397806,96
2024-09-17 12:46:00.501,405.945744843703,9
2024-09-17 12:46:00.530,405.93342138845713,95
2024-09-17 12:46:00.760,405.93990947770897,10
2024-09-17 12:46:01.081,405.8778880666369,1002
2024-09-17 12:46:01.128,405.9153893250509,1001
2024-09-17 12:46:01.275,405.8819331681234,100
2024-09-17 12:46:01.339,40.59323082597975,7
2024-09-17 12:46:01.344,405.92009173082425,97
2024-09-17 12:46:01.644,405.8693633863636,102
2024-09-17 12:46:01.746,405.8823922843929,13
2024-09-17 12:46:01.786,405.8908603396422,7
2024-09-17 12:46:01.848,405.887902988355,1003
2024-09-17 12:46:01.860,405.9275394607415,15
2024-09-17 12:46:01.879,405.8670571324218,12
2024-09-17 12:46:01.934,405.88874850014815,10
2024-09-17 12:46:01.972,405.89279972541055,12
2024-09-17 12:46:03.098,405.9188511881672,998
2024-09-17 12:46:03.118,405.9249937113081,100
2024-09-17 12:46:03.134,405.8692699517507,997
2024-09-17 12:46:03.160,405.9306066341394,9
2024-09-17 12:46:03.164,405.885953294584,1004
2024-09-17 12:46:03.299,405.9458395629076,1003
2024-09-17 12:46:03.318,405.8835112010221,13
2024-09-17 12:46:03.444,405.9066997798745,7
2024-09-17 12:46:03.462,405.8696026502451,6
2024-09-17 12:46:03.488,405.87477199750754,999
2024-09-17 12:46:03.533,405.9170132505565,996
2024-09-17 12:46:03.557,405.9575383990232,103
2024-09-17 12:46:03.574,405.8976814020791,1005
2024-09-17 12:46:03.586,,1001
2024-09-17 12:46:03.683,405.8917917553133,97
2024-09-17 12:46:03.728,405.8980807685782,1004
2024-09-17 12:46:03.762,405.8584581520752,6
2024-09-17 12:46:03.765,405.8778191977724,10
2024-09-17 12:46:03.767,405.8641087406785,1003
2024-09-17 12:46:03.797,405.8852284146394,998
2024-09-17 12:46:03.861,405.86071330149935,9
2024-09-17 12:46:03.868,405.9416972022128,5
2024-09-17 12:46:03.881,405.88535646616975,95
2024-09-17 12:46:03.898,405.9220105933972,15
2024-09-17 12:46:03.947,405.88898427758295,9
2024-09-17 12:46:03.947,405.8805696252813,1004
2024-09-17 12:46:03.954,405.8753315855208,1004
2024-09-17 12:46:03.993,405.90375895823263,13
2024-09-17 12:46:03.995,405.9221568512041,99
2024-09-17 12:46:04.026,405.96074600776416,104
2024-09-17 12:46:04.045,405.94215248505327,1003
2024-09-17 12:46:04.343,405.9664464102261,1002
2024-09-17 12:46:04.385,405.93266609754977,6
2024-09-17 12:46:04.405,405.9407074377796,1003
2024-09-17 12:46:04.415,405.9526174659889,997
2024-09-17 12:46:04.422,405.9403438298964,98
2024-09-17 12:46:04.532,405.9339588838437,1004
2024-09-17 12:46:04.554,405.9587940312804,98
2024-09-17 12:46:04.587,405.91868513123626,12
2024-09-17 12:46:04.596,405.9260465690759,104
2024-09-17 12:46:04.670,406.0126322527015,102
2024-09-17 12:46:04.726,405.9356882680901,995
2024-09-17 12:46:04.808,406.0008931075828,95
2024-09-17 12:46:04.846,405.9343548438263,997
2024-09-17 12:46:04.847,405.9243534113574,1002
2024-09-17 12:46:04.875,405.9478368929616,11
2024-09-17 12:46:04.962,405.9470768240489,102
2024-09-17 12:46:04.989,405.9468933931952,11
2024-09-17 12:46:04.998,405.9850864295744,1003
2024-09-17 12:46:05.152,405.973060571267,996
2024-09-17 12:46:05.242,405.9670660699955,10
2024-09-17 12:46:05.354,406.0193029178637,101
2024-09-17 12:46:05.438,405.9726544894504,103
2024-09-17 12:46:05.482,405.95676930554686,15
2024-09-17 12:46:05.782,406.0099091607141,102
2024-09-17 12:46:05.961,405.94293121780646,1002
2024-09-17 12:46:06.291,405.96333929139286,998
2024-09-17 12:46:06.401,40.59785937089794,101
2024-09-17 12:46:06.603,405.97440942509854,8
2024-09-17 12:46:06.618,405.97718171531966,997
2024-09-17 12:46:06.653,405.9784898171764,7
2024-09-17 12:46:06.906,405.9716169021741,6
2024-09-17 12:46:07.224,406.01447121937065,105
2024-09-17 12:46:07.264,406.0021751328039,102
2024-09-17 12:46:07.426,406.0189635256102,6
2024-09-17 12:46:07.433,406.0014288199341,10
2024-09-17 12:46:07.523,405.9818315071749,1005
2024-09-17 12:46:07.612,406.005310569196,1000
2024-09-17 12:46:07.682,405.9679880412932,6
2024-09-17 12:46:07.920,406.02449608885695,8
2024-09-17 12:46:08.050,406.0361638641575,1001
2024-09-17 12:46:08.188,406.0323468137063,997
2024-09-17 12:46:08.224,406.0291955183382,9
2024-09-17 12:46:08.224,406.0419426716502,98
2024-09-17 12:46:08.264,406.01553049067616,95
2024-09-17 12:46:08.265,406.0548284012119,11
2024-09-17 12:46:08.267,406.0195159173325,14
2024-09-17 12:46:08.443,406.0090962883375,1004
2024-09-17 12:46:08.478,406.0321068807593,995
2024-09-17 12:46:08.626,406.0468014270653,10
2024-09-17 12:46:08.638,406.0687272472138,996
2024-09-17 12:46:08.671,406.04406372489785,995
2024-09-17 12:46:08.679,406.0447514464696,96
2024-09-17 12:46:08.709,406.02261174603626,96
2024-09-17 12:46:08.913,406.0685409401519,1004
2024-09-17 12:46:08.938,406.0347283793639,14
2024-09-17 12:46:08.982,406.0428629264207,14
2024-09-17 12:46:09.047,405.9952841887631,95
2024-09-17 12:46:09.269,406.0534100818752,999
2024-09-17 12:46:09.290,406.0175006915138,13
2024-09-17 12:46:09.307,406.0107517353124,95
2024-09-17 12:46:09.562,406.0195996127532,997
2024-09-17 12:46:09.701,406.0100235969032,999
2024-09-17 12:46:09.806,406.0267515972088,1000
2024-09-17 12:46:09.857,406.03837604210094,14
2024-09-17 12:46:09.896,406.01515422540587,9
2024-09-17 12:46:09.952,406.0371470739552,98
2024-09-17 12:46:09.989,406.0125757537471,97
2024-09-17 12:46:10.084,406.0302027431656,7
2024-09-17 12:46:10.104,406.0195651881796,99
2024-09-17 12:46:10.327,406.02024571217095,995
2024-09-17 12:46:10.399,406.0162737482239,98
2024-09-17 12:46:10.407,406.0508454589561,97
2024-09-17 12:46:10.512,406.05013669724633,99
2024-09-17 12:46:10.958,406.02871231137823,12
2024-09-17 12:46:11.016,406.07313422569416,99
2024-09-17 12:46:11.177,406.08144901222255,1004
2024-09-17 12:46:11.188,406.0399464880478,97
2024-09-17 12:46:11.542,406.08409373968624,1001
2024-09-17 12:46:11.593,406.0825933963614,102
2024-09-17 12:46:11.833,406.0387225260898,97
2024-09-17 12:46:11.902,406.0522521175989,998
2024-09-17 12:46:12.014,406.1048514913562,13
2024-09-17 12:46:12.034,406.1964979538502,1004
2024-09-17 12:46:12.071,406.0912753061042,1002
2024-09-17 12:46:12.072,406.252521021898,11
2024-09-17 12:46:12.094,406.2644209412159,5
2024-09-17 12:46:12.207,406.2099096752274,102
2024-09-17 12:46:12.211,406.1896186596927,104
2024-09-17 12:46:12.222,406.1031843247293,98
2024-09-17 12:46:12.273,406.1992033688924,999
2024-09-17 12:46:12.367,406.24031093806593,103
2024-09-17 12:46:12.375,406.2340316087052,104
2024-09-17 12:46:12.405,406.24002128983744,7
2024-09-17 12:46:12.419,406.1805609917273,1002
2024-09-17 12:46:12.440,406.1531750166464,1005
2024-09-17 12:46:12.456,406.1884536428648,13
2024-09-17 12:46:12.466,406.0900592045274,14
2024-09-17 12:46:12.514,406.273789221519,102
2024-09-17 12:46:12.554,406.2203008763438,1005
2024-09-17 12:46:12.584,406.2265276876478,100
2024-09-17 12:46:12.592,406.2308357559346,1003
2024-09-17 12:46:12.663,406.30069137455104,11
2024-09-17 12:46:12.760,406.11713004739056,101
2024-09-17 12:46:12.818,406.2065127230793,1002
2024-09-17 12:46:12.832,406.1983627840394,104
2024-09-17 12:46:12.843,406.2031464009372,997
2024-09-17 12:46:12.968,406.1810512712508,95
2024-09-17 12:46:12.989,406.20385294471686,6
2024-09-17 12:46:12.994,406.1959778339235,96
2024-09-17 12:46:12.996,406.2077239618278,1000
2024-09-17 12:46:13.053,406.2640523772212,15
2024-09-17 12:46:13.286,406.2886702255168,1002
2024-09-17 12:46:13.681,406.2927653384985,104
2024-09-17 12:46:13.772,406.292092127885,96
2024-09-17 12:46:13.816,406.26601249346334,7
2024-09-17 12:46:14.233,406.2513782194087,14
2024-09-17 12:46:14.736,406.2678657385085,15
2024-09-17 12:46:15.180,406.254470131769,99
2024-09-17 12:46:16.038,406.2516639791875,10
2024-09-17 12:46:16.066,406.2631906963308,95
2024-09-17 12:46:16.201,406.24634412947165,1000
2024-09-17 12:46:16.243,406.2519618567831,6
2024-09-17 12:46:16.280,406.25262094507616,10
2024-09-17 12:46:16.300,406.2618217457783,12
2024-09-17 12:46:16.324,406.247770697385,995
2024-09-17 12:46:16.438,406.23007694143706,10
2024-09-17 12:46:16.466,406.22738567020747,98
2024-09-17 12:46:16.609,406.2516345737508,1005
2024-09-17 12:46:16.687,406.22927186421856,15
2024-09-17 12:46:16.850,406.2304819759935,999
2024-09-17 12:46:16.978,406.28420444317146,100
2024-09-17 12:46:17.055,406.2786659702943,6
2024-09-17 12:46:17.077,406.2798367080789,1002
2024-09-17 12:46:17.093,406.2698035448968,104
2024-09-17 12:46:17.502,406.2784775619278,1000
2024-09-17 12:46:17.591,406.2785503415285,13
2024-09-17 12:46:17.606,406.2668136383028,5
2024-09-17 12:46:17.654,406.2865740399956,104
2024-09-17 12:46:18.293,406.2801133986185,98
2024-09-17 12:46:18.454,406.28374386043504,1004
2024-09-17 12:46:18.478,406.2670136176561,7
2024-09-17 12:46:18.497,406.2746313137567,104
2024-09-17 12:46:18.553,406.2915611911756,1004
2024-09-17 12:46:19.176,406.2965435441817,101
2024-09-17 12:46:19.646,406.3196316998623,998
2024-09-17 12:46:19.861,406.2918879919805,103
2024-09-17 12:46:20.390,406.3413963868167,11
2024-09-17 12:46:20.612,406.3449305769258,1004
2024-09-17 12:46:20.873,406.3463605052584,96
2024-09-17 12:46:20.879,406.3408843804058,1005
2024-09-17 12:46:21.087,406.3338972896163,7
2024-09-17 12:46:21.094,406.3069418785204,1001
2024-09-17 12:46:21.107,406.3165852045431,6
2024-09-17 12:46:21.108,406.3246730867677,7
2024-09-17 12:46:21.427,406.3165796411524,6
2024-09-17 12:46:21.428,406.34888305667806,99
2024-09-17 12:46:21.430,406.3518297102737,13
2024-09-17 12:46:21.439,40.63087283430056,101
2024-09-17 12:46:21.561,406.3444445734159,98
2024-09-17 12:46:21.573,406.32905566285655,997
2024-09-17 12:46:21.579,406.3250832724528,104
2024-09-17 12:46:21.608,406.3372117204747,96
2024-09-17 12:46:21.652,406.3511393483068,1004
2024-09-17 12:46:21.758,406.3208491381854,997
2024-09-17 12:46:21.792,406.3623321128133,6
2024-09-17 12:46:21.797,406.3338034760821,1005
2024-09-17 12:46:21.847,406.3111420498577,1004
2024-09-17 12:46:21.897,406.3204646277418,102
2024-09-17 12:46:21.954,406.2989869242176,104
2024-09-17 12:46:21.959,406.3260391081651,1005
2024-09-17 12:46:22.001,406.322345992654,1000
2024-09-17 12:46:22.072,406.4166840807829,1004
2024-09-17 12:46:22.086,406.3781687163546,1005
2024-09-17 12:46:22.111,406.3356552116136,1002
2024-09-17 12:46:22.277,406.3691356236391,1004
2024-09-17 12:46:22.437,406.3199309734764,11
2024-09-17 12:46:22.558,406.3122045802635,105
2024-09-17 12:46:22.567,406.3434848729372,998
2024-09-17 12:46:22.582,406.3906816797002,103
2024-09-17 12:46:22.707,406.3478334570365,996
2024-09-17 12:46:22.748,406.4214156202065,104
2024-09-17 12:46:22.848,406.3753199976725,5
2024-09-17 12:46:23.086,406.3888358805544,12
2024-09-17 12:46:23.161,406.38660319802494,8
2024-09-17 12:46:23.454,406.43849552044975,11
2024-09-17 12:46:23.796,406.4120134071943,1001
2024-09-17 12:46:23.875,406.4051293636844,102
2024-09-17 12:46:23.876,406.429418201122,8
2024-09-17 12:46:23.959,406.3928419629328,99
2024-09-17 12:46:23.975,406.3952127502422,99
2024-09-17 12:46:24.024,406.3886548840717,8
2024-09-17 12:46:24.104,406.38514379287335,1004
2024-09-17 12:46:24.156,406.3920595519978,997
2024-09-17 12:46:24.383,406.38937062994967,101
2024-09-17 12:46:24.533,406.4139705508371,101
2024-09-17 12:46:24.575,406.3993117087182,12
2024-09-17 12:46:24.577,406.3847868798869,11
2024-09-17 12:46:24.678,406.36795302694895,95
2024-09-17 12:46:24.782,406.3855498027469,98
2024-09-17 12:46:24.845,406.39020308395584,11
2024-09-17 12:46:24.865,406.429416998681,102
2024-09-17 12:46:24.985,406.3786949573773,102
2024-09-17 12:46:25.010,406.2990268826269,5
2024-09-17 12:46:25.034,406.2999543449936,5
2024-09-17 12:46:25.074,406.3107766435407,14
2024-09-17 12:46:25.118,406.3399501283138,105
2024-09-17 12:46:25.141,406.2603322337909,102
2024-09-17 12:46:25.150,406.2620529184089,10
2024-09-17 12:46:25.268,406.2762168088342,10
2024-09-17 12:46:25.312,406.2788303493464,14
2024-09-17 12:46:25.332,406.2400784701052,13
2024-09-17 12:46:25.462,406.31112487981903,100
2024-09-17 12:46:25.474,406.31767711559553,1005
2024-09-17 12:46:25.544,406.2329764975681,1000
2024-09-17 12:46:25.585,406.2834869477601,103
2024-09-17 12:46:25.609,406.2220569086898,998
2024-09-17 12:46:25.616,406.2554143699006,101
2024-09-17 12:46:25.619,406.2501385940084,1001
2024-09-17 12:46:25.625,406.2358465728792,14
2024-09-17 12:46:25.652,406.2178685423997,1001
2024-09-17 12:46:25.697,406.2222841572943,10
2024-09-17 12:46:25.701,406.2635921258318,7
2024-09-17 12:46:25.731,406.3353774562372,10
2024-09-17 12:46:25.752,406.2950119551068,5
2024-09-17 12:46:25.819,406.25309414827655,98
2024-09-17 12:46:25.862,406.3067074238829,11
2024-09-17 12:46:25.866,406.2704480268172,1004
2024-09-17 12:46:25.869,406.220099330193,1005
2024-09-17 12:46:25.922,406.2778793006042,104
2024-09-17 12:46:26.000,406.1790852376407,102
2024-09-17 12:46:26.161,,998
2024-09-17 12:46:26.167,406.195341274242,100
2024-09-17 12:46:26.382,406.1921565215641,104
2024-09-17 12:46:26.419,406.2141563081468,6
2024-09-17 12:46:26.532,406.2456833870806,97
2024-09-17 12:46:26.640,406.1915069690586,105
2024-09-17 12:46:26.848,406.2194174097384,97
2024-09-17 12:46:27.118,40.61799655070721,9
2024-09-17 12:46:27.151,406.180952157475,1003
2024-09-17 12:46:27.203,406.2573485985978,105
2024-09-17 12:46:27.212,406.1369928359489,5
2024-09-17 12:46:27.279,406.1537775867407,96
2024-09-17 12:46:27.305,406.1815362578445,97
2024-09-17 12:46:27.314,406.1488264700554,7
2024-09-17 12:46:27.317,406.16989121847786,99
2024-09-17 12:46:27.435,406.24080472466,1002
2024-09-17 12:46:27.485,406.14235956833073,100
2024-09-17 12:46:27.513,406.1527686018399,10
2024-09-17 12:46:27.590,406.1730208986254,101
2024-09-17 12:46:27.599,406.2587424962835,1005
2024-09-17 12:46:27.604,406.23400612091854,1004
2024-09-17 12:46:27.710,406.1686171265245,104
2024-09-17 12:46:27.750,406.1541470719239,105
2024-09-17 12:46:27.759,406.2526079327781,95
2024-09-17 12:46:27.781,406.2070982742071,9
2024-09-17 12:46:27.802,406.1303519172395,98
2024-09-17 12:46:27.874,406.1607545324525,13
2024-09-17 12:46:27.921,406.2005550539485,13
2024-09-17 12:46:27.943,406.1685849381092,103
2024-09-17 12:46:27.996,406.1327061182041,10
2024-09-17 12:46:28.005,406.1740541336378,1003
2024-09-17 12:46:28.018,406.2243651057375,1002
2024-09-17 12:46:28.026,406.13294222403965,1000
2024-09-17 12:46:28.030,406.2205589037793,998
2024-09-17 12:46:28.033,406.2416814875809,1002
2024-09-17 12:46:28.109,406.2106591111527,14
2024-09-17 12:46:28.149,406.21466106654697,97
2024-09-17 12:46:28.162,406.115586994884,13
2024-09-17 12:46:28.215,406.1694452425463,995
2024-09-17 12:46:28.237,406.25314615789233,104
2024-09-17 12:46:28.263,406.1762004913824,997
2024-09-17 12:46:28.328,406.229239107165,102
2024-09-17 12:46:28.355,406.1880421236556,1005
2024-09-17 12:46:28.434,406.21858017549295,97
2024-09-17 12:46:28.584,406.1606136804372,100
2024-09-17 12:46:28.649,406.2325097449855,14
2024-09-17 12:46:28.734,406.2052690633976,1003
2024-09-17 12:46:28.737,406.2497808809306,10
2024-09-17 12:46:28.812,406.2352180122193,1002
2024-09-17 12:46:28.831,406.21648424375513,1003
2024-09-17 12:46:28.894,406.2378257371231,15
2024-09-17 12:46:28.915,406.1647331705124,1002
2024-09-17 12:46:28.941,406.141653949083,6
2024-09-17 12:46:29.071,406.05060354293977,96
2024-09-17 12:46:29.111,406.1044324635931,9
2024-09-17 12:46:29.137,406.09329517281975,12
2024-09-17 12:46:29.203,406.1072969514791,10
2024-09-17 12:46:29.251,406.05719712422086,6
2024-09-17 12:46:29.313,406.0859477346044,95
2024-09-17 12:46:29.421,406.0975077850362,101
2024-09-17 12:46:29.537,406.0693818225317,11
2024-09-17 12:46:29.591,406.1074892442968,97
2024-09-17 12:46:29.668,406.0552023965492,103
2024-09-17 12:46:29.748,406.0856943925612,1000
2024-09-17 12:46:29.779,406.0671592760424,1003
2024-09-17 12:46:29.898,406.0728323051047,13
2024-09-17 12:46:29.940,406.0530157222732,995
2024-09-17 12:46:29.941,406.0545820746204,98
2024-09-17 12:46:30.023,406.08281794397897,103
2024-09-17 12:46:30.032,406.0606484667214,99
2024-09-17 12:46:30.136,406.092178268249,13
2024-09-17 12:46:30.278,406.09380192723535,97
2024-09-17 12:46:30.398,406.06324005433856,97
2024-09-17 12:46:30.654,406.0618334313703,99
2024-09-17 12:46:30.766,406.07115724596457,100
2024-09-17 12:46:30.781,406.107246359266,98
2024-09-17 12:46:30.807,406.1080397646144,998
2024-09-17 12:46:30.858,406.09227922489976,1001
2024-09-17 12:46:30.894,406.0925548395627,1002
2024-09-17 12:46:31.968,406.1145620442472,100
2024-09-17 12:46:32.039,406.1317482338968,10
2024-09-17 12:46:32.053,406.1263325180898,14
2024-09-17 12:46:32.058,406.14403041658335,13
2024-09-17 12:46:32.079,406.09748354818873,7
2024-09-17 12:46:32.203,406.13787888816177,104
2024-09-17 12:46:32.216,406.10410464670326,1004
2024-09-17 12:46:32.231,406.1132080786624,100
2024-09-17 12:46:32.380,406.08489887727086,1005
2024-09-17 12:46:32.416,406.09530142235786,97
2024-09-17 12:46:32.421,406.11197457778223,15
2024-09-17 12:46:32.444,406.0800514373688,97
2024-09-17 12:46:32.460,406.09571842187495,14
2024-09-17 12:46:32.472,406.11773580932737,95
2024-09-17 12:46:32.586,406.1302671979512,98
2024-09-17 12:46:32.634,406.0936983176405,1001
2024-09-17 12:46:32.643,406.1127647070692,995
2024-09-17 12:46:32.650,406.138105339877,8
2024-09-17 12:46:32.695,406.1234239685036,10
2024-09-17 12:46:32.712,406.12508562019946,103
2024-09-17 12:46:32.717,406.1343875817866,6
2024-09-17 12:46:32.746,406.1332960620667,15
2024-09-17 12:46:32.768,406.07590886466414,97
2024-09-17 12:46:32.789,406.1168825392115,102
2024-09-17 12:46:32.812,406.1313147539067,1003
2024-09-17 12:46:32.821,406.05941757189805,1005
2024-09-17 12:46:32.898,406.0813734456075,101
2024-09-17 12:46:32.909,406.1116780709582,12
2024-09-17 12:46:32.948,406.1154027767648,104
2024-09-17 12:46:32.960,406.0845125727169,10
2024-09-17 12:46:33.001,-406.13148533969326,14
2024-09-17 12:46:33.239,406.1777386986413,99
2024-09-17 12:46:33.303,406.1365702837848,6
2024-09-17 12:46:33.393,406.1408333185031,102
2024-09-17 12:46:33.407,406.1926391528864,1002
2024-09-17 12:46:33.471,406.14167958266296,13
2024-09-17 12:46:33.498,406.1255642217326,98
2024-09-17 12:46:33.516,406.1399253977648,996
2024-09-17 12:46:33.563,406.1787480340394,10
2024-09-17 12:46:33.583,406.15721164228216,99
2024-09-17 12:46:33.631,406.1470348462061,999
2024-09-17 12:46:33.651,406.1799350058719,96
2024-09-17 12:46:33.658,406.1629570045552,102
2024-09-17 12:46:33.681,406.162631368824,1003
2024-09-17 12:46:33.708,406.1594366283074,7
2024-09-17 12:46:33.790,406.1536251121051,99
2024-09-17 12:46:33.868,406.1592664888785,7
2024-09-17 12:46:33.929,406.1766346872325,14
2024-09-17 12:46:34.044,406.1322406121919,1001
2024-09-17 12:46:34.135,-406.12820952906753,996
2024-09-17 12:46:34.176,406.117168093596,996
2024-09-17 12:46:34.181,406.147505684956,1004
2024-09-17 12:46:34.208,406.1368805919376,100
2024-09-17 12:46:34.214,406.1831361998839,8
2024-09-17 12:46:34.232,40.61159995975727,98
2024-09-17 12:46:34.259,406.1731320980281,103
2024-09-17 12:46:34.268,406.1213318754376,6
2024-09-17 12:46:34.337,406.1668987600552,1003
2024-09-17 12:46:34.373,406.17622138626,1005
2024-09-17 12:46:34.516,406.1138067036611,12
2024-09-17 12:46:34.569,406.1435944578376,6
2024-09-17 12:46:34.588,406.159462746735,100
2024-09-17 12:46:34.634,406.1270656705231,1000
2024-09-17 12:46:34.688,406.15850745977536,999
2024-09-17 12:46:34.711,406.1360323783247,99
2024-09-17 12:46:34.715,406.15835293328286,95
2024-09-17 12:46:34.731,406.1278710190823,6
2024-09-17 12:46:34.741,406.17684849395374,15
2024-09-17 12:46:34.764,406.1188486998044,7
2024-09-17 12:46:34.821,406.1249055334456,5
2024-09-17 12:46:34.831,406.1293555066742,11
2024-09-17 12:46:34.852,406.16604949075423,8
2024-09-17 12:46:34.881,406.1740684229767,1005
2024-09-17 12:46:34.910,406.1289300648148,5
2024-09-17 12:46:34.930,406.1471722916613,104
2024-09-17 12:46:34.971,406.1212772911752,98
2024-09-17 12:46:34.991,406.1267735298173,95
2024-09-17 12:46:35.065,406.2448553416421,103
2024-09-17 12:46:35.166,406.2483961868482,95
2024-09-17 12:46:35.209,406.2573682052361,105
2024-09-17 12:46:35.268,406.1933643546647,8
2024-09-17 12:46:35.278,406.1954674116568,998
2024-09-17 12:46:35.300,406.2218802680167,11
2024-09-17 12:46:35.478,406.19985346424926,12
2024-09-17 12:46:35.551,406.1974155653883,1004
2024-09-17 12:46:35.647,406.21041673484433,97
2024-09-17 12:46:35.760,406.23789567668905,996
2024-09-17 12:46:35.816,406.210245260758,99
2024-09-17 12:46:35.827,406.1865528174162,101
2024-09-17 12:46:35.931,406.2442600493844,14
2024-09-17 12:46:35.986,406.24153805668345,102
2024-09-17 12:46:35.990,406.2236464341457,102
2024-09-17 12:46:36.031,406.1682624961164,103
2024-09-17 12:46:36.111,406.2121372871147,998
2024-09-17 12:46:36.129,406.25187449064487,11
2024-09-17 12:46:36.130,406.21429410386384,101
2024-09-17 12:46:36.176,406.1848815021324,999
2024-09-17 12:46:36.194,406.172036556828,999
2024-09-17 12:46:36.310,406.1868020249178,996
2024-09-17 12:46:36.336,406.16591081070186,9
2024-09-17 12:46:36.338,406.1832613687584,7
2024-09-17 12:46:36.359,406.2286042034064,996
2024-09-17 12:46:36.366,406.2333637098136,12
2024-09-17 12:46:36.387,406.2191962100549,1005
2024-09-17 12:46:36.390,406.17595489320456,1005
2024-09-17 12:46:36.439,406.20511802229765,102
2024-09-17 12:46:36.463,406.234439993504,15
2024-09-17 12:46:36.578,406.1891100347066,14
2024-09-17 12:46:36.590,406.1728121498753,7
2024-09-17 12:46:36.762,406.18001869058367,102
2024-09-17 12:46:36.772,406.1894629570592,999
2024-09-17 12:46:36.787,406.1907412356034,6
2024-09-17 12:46:36.793,406.2499152492005,100
2024-09-17 12:46:36.928,406.21329688353904,100
2024-09-17 12:46:36.956,406.1933553244082,6
2024-09-17 12:46:37.022,406.2146458904239,1000
2024-09-17 12:46:37.063,406.22204418763584,105
2024-09-17 12:46:37.078,406.2210167384541,1002
2024-09-17 12:46:37.291,406.2417438819779,999
2024-09-17 12:46:37.444,406.22322000340336,996
2024-09-17 12:46:37.505,406.2131520896661,100
2024-09-17 12:46:37.620,-406.23041446742025,105
2024-09-17 12:46:37.747,406.22111500797615,98
2024-09-17 12:46:37.841,406.22413235675657,1005
2024-09-17 12:46:37.905,40.623488641631496,97
2024-09-17 12:46:37.911,406.220425280373,97
2024-09-17 12:46:37.957,406.23779541835023,1000
2024-09-17 12:46:38.194,406.258620016243,6
2024-09-17 12:46:38.397,406.2861822648109,8
2024-09-17 12:46:38.575,406.2784506225897,9
2024-09-17 12:46:38.688,406.2547012066833,13
2024-09-17 12:46:39.083,406.2811818140197,14
2024-09-17 12:46:39.101,406.2640019037506,100
2024-09-17 12:46:39.195,406.278180884864,999
2024-09-17 12:46:39.281,406.288212137856,995
2024-09-17 12:46:39.326,406.2667303761469,1002
2024-09-17 12:46:39.381,406.2475627318785,95
2024-09-17 12:46:39.437,406.2482750499736,102
2024-09-17 12:46:39.540,406.2623250019651,103
2024-09-17 12:46:39.566,406.2832788162757,11
2024-09-17 12:46:39.623,406.2747993957345,8
2024-09-17 12:46:39.626,406.27032198159344,100
2024-09-17 12:46:39.633,406.307553963308,100
2024-09-17 12:46:39.689,406.2608621735085,15
2024-09-17 12:46:39.701,406.2748022229846,98
2024-09-17 12:46:39.764,406.26435257539225,999
2024-09-17 12:46:39.765,406.2936662979645,15
2024-09-17 12:46:39.812,406.2973884437428,10
2024-09-17 12:46:39.878,406.297008886273,13
2024-09-17 12:46:39.934,406.269356127428,100
2024-09-17 12:46:39.947,406.25537802246,104
2024-09-17 12:46:39.970,406.27609308458347,1001
2024-09-17 12:46:39.997,406.2714248990301,95
2024-09-17 12:46:40.032,406.472215915074,1005
2024-09-17 12:46:40.084,406.4163762042641,104
2024-09-17 12:46:40.091,406.4033234079764,1002
2024-09-17 12:46:40.169,406.4608195111087,1004
2024-09-17 12:46:40.195,406.315654510151,101
2024-09-17 12:46:40.364,406.35903942839377,1004
2024-09-17 12:46:40.373,406.3116886463549,11
2024-09-17 12:46:40.437,406.2950943810917,1004
2024-09-17 12:46:40.461,406.4404458599877,995
2024-09-17 12:46:40.506,406.2993264005142,1005
2024-09-17 12:46:40.523,406.3624514324703,1002
2024-09-17 12:46:40.541,406.3102582018438,102
2024-09-17 12:46:40.544,406.4556422246361,104
2024-09-17 12:46:40.555,406.31503147293085,97
2024-09-17 12:46:40.556,406.4733184897613,13
2024-09-17 12:46:40.628,406.3457693980401,96
2024-09-17 12:46:40.639,406.3244802976296,999
2024-09-17 12:46:40.711,406.3977160006976,105
2024-09-17 12:46:40.733,406.3077820831921,1004
2024-09-17 12:46:40.754,406.37315883394666,12
2024-09-17 12:46:40.777,406.3119050112677,997
2024-09-17 12:46:40.792,406.4072132649849,1001
2024-09-17 12:46:40.814,406.3807289805128,995
2024-09-17 12:46:40.857,406.4817069590005,7
2024-09-17 12:46:40.873,406.3717089248346,14
2024-09-17 12:46:40.885,406.3068719592578,104
2024-09-17 12:46:40.921,40.63165118680668,101
2024-09-17 12:46:40.982,406.37834352458646,8
2024-09-17 12:46:40.996,406.3426614864529,1003
2024-09-17 12:46:41.003,406.430405484432,995
2024-09-17 12:46:41.004,406.4235379818092,5
2024-09-17 12:46:41.100,406.4202351121853,10
2024-09-17 12:46:41.196,406.4440860846258,99
2024-09-17 12:46:41.242,406.4674294967905,998
2024-09-17 12:46:41.247,406.4291617533973,11
2024-09-17 12:46:41.258,406.425114867512,5
2024-09-17 12:46:41.364,406.4182026215472,995
2024-09-17 12:46:41.409,406.49395013946486,96
2024-09-17 12:46:41.433,406.4857895758787,9
2024-09-17 12:46:41.465,406.4893450855516,997
2024-09-17 12:46:41.535,406.4423686907125,9
2024-09-17 12:46:41.653,406.48075791731264,1002
2024-09-17 12:46:41.700,406.4896896351256,95
2024-09-17 12:46:41.727,406.4522324906184,102
2024-09-17 12:46:41.730,406.40925033554055,1000
2024-09-17 12:46:41.742,406.4562379058654,10
2024-09-17 12:46:41.825,406.4625006497189,9
2024-09-17 12:46:41.828,406.4967841109222,14
2024-09-17 12:46:41.848,406.4721215963818,14
2024-09-17 12:46:41.857,406.42715559627993,101
2024-09-17 12:46:41.886,406.4963212068136,101
2024-09-17 12:46:41.983,406.3969081971745,15
2024-09-17 12:46:42.495,406.3942027327518,12
2024-09-17 12:46:42.634,406.3689618564223,1001
2024-09-17 12:46:42.691,406.3749988799148,101
2024-09-17 12:46:42.880,406.3838166654352,97
2024-09-17 12:46:42.937,406.3800808431116,6
2024-09-17 12:46:43.091,406.4538511668413,6
2024-09-17 12:46:43.125,406.4613701312809,96
2024-09-17 12:46:43.134,406.4539392107213,100
2024-09-17 12:46:43.142,406.4475613435233,102
2024-09-17 12:46:43.155,406.44536263470144,6
2024-09-17 12:46:43.176,406.4106908618793,998
2024-09-17 12:46:43.223,406.4229405220018,998
2024-09-17 12:46:43.229,406.4455872455555,104
2024-09-17 12:46:43.280,406.4546742176137,102
2024-09-17 12:46:43.295,406.3967555610077,99
2024-09-17 12:46:43.302,406.44603060082767,10
2024-09-17 12:46:43.302,406.4338339050575,10
2024-09-17 12:46:43.331,406.4456114601612,1001
2024-09-17 12:46:43.400,406.4099032440538,95
2024-09-17 12:46:43.437,406.37322291555415,15
2024-09-17 12:46:43.446,406.4329600007748,999
2024-09-17 12:46:43.517,406.4000120370013,96
2024-09-17 12:46:43.579,406.4458255687293,11
2024-09-17 12:46:43.605,406.4235172655592,104
2024-09-17 12:46:43.619,406.4075306356132,15
2024-09-17 12:46:43.646,406.4159182359151,995
2024-09-17 12:46:43.695,406.4519243517351,999
2024-09-17 12:46:43.710,406.45690791778014,1001
2024-09-17 12:46:43.860,406.4553373672277,102
2024-09-17 12:46:43.863,406.3804009979284,8
2024-09-17 12:46:43.900,406.4431530943568,98
2024-09-17 12:46:43.951,406.407593001044,12
2024-09-17 12:46:43.957,406.4026758150069,103
2024-09-17 12:46:43.966,406.44573194838296,104
2024-09-17 12:46:43.977,406.4363226984033,999
2024-09-17 12:46:44.117,406.4357350429832,6
2024-09-17 12:46:44.275,406.43296438199656,998
2024-09-17 12:46:44.303,406.4205233679928,5
2024-09-17 12:46:44.358,406.4128113625732,102
2024-09-17 12:46:44.433,406.4223910789187,15
2024-09-17 12:46:44.500,406.3900494227805,104
2024-09-17 12:46:44.514,406.4210655063126,95
2024-09-17 12:46:44.522,406.4129381846016,1004
2024-09-17 12:46:44.577,406.4223340127772,10
2024-09-17 12:46:44.588,406.4323681402168,9
2024-09-17 12:46:44.640,406.4042733353441,98
2024-09-17 12:46:44.708,406.4283297337808,99
2024-09-17 12:46:44.714,406.4093419209655,99
2024-09-17 12:46:44.716,406.4156596789823,95
2024-09-17 12:46:44.734,406.4253421167739,13
2024-09-17 12:46:44.741,406.4203494511663,10
2024-09-17 12:46:44.844,406.42514389463634,13
2024-09-17 12:46:44.858,406.4089618658241,104
2024-09-17 12:46:44.891,406.4120137193885,97
2024-09-17 12:46:44.955,406.4113063626317,15
2024-09-17 12:46:45.023,406.373338288721,13
2024-09-17 12:46:45.039,406.3470802118208,14
2024-09-17 12:46:45.100,406.3792784625986,5
2024-09-17 12:46:45.127,406.3586455547917,14
2024-09-17 12:46:45.138,406.3605847100758,11
2024-09-17 12:46:45.166,406.39458785489234,6
2024-09-17 12:46:45.203,406.3665394625132,1002
2024-09-17 12:46:45.207,406.3484824309433,1001
2024-09-17 12:46:45.210,406.34969380171344,1003
2024-09-17 12:46:45.216,406.3552790621401,1004
2024-09-17 12:46:45.268,406.4115377647418,1000
2024-09-17 12:46:45.299,406.3383405426215,105
2024-09-17 12:46:45.402,406.3593131081462,999
2024-09-17 12:46:45.422,406.3535494025422,105
2024-09-17 12:46:45.476,406.34686760494645,12
2024-09-17 12:46:45.486,406.3568313415916,997
2024-09-17 12:46:45.533,406.340500727861,9
2024-09-17 12:46:45.579,406.3521508505402,96
2024-09-17 12:46:45.594,406.3719419248042,98
2024-09-17 12:46:45.669,406.3859865739721,102
2024-09-17 12:46:45.714,406.35065205795627,1003
2024-09-17 12:46:45.752,406.3895887168808,100
2024-09-17 12:46:45.902,406.3687469858928,10
2024-09-17 12:46:46.053,406.3664988838214,105
2024-09-17 12:46:46.080,406.3761774030676,103
2024-09-17 12:46:46.099,406.35223278888674,1001
2024-09-17 12:46:46.104,406.3588170253757,997
2024-09-17 12:46:46.208,406.37617407402536,1005
2024-09-17 12:46:46.262,406.3792766936412,1005
2024-09-17 12:46:46.269,406.3735550649407,11
2024-09-17 12:46:46.308,406.3704729000108,6
2024-09-17 12:46:46.390,406.37514894972776,1005
2024-09-17 12:46:46.421,406.38960267305936,15
2024-09-17 12:46:46.452,406.36669612334384,98
2024-09-17 12:46:46.779,406.3400435957686,100
2024-09-17 12:46:46.792,406.33895570529495,998
2024-09-17 12:46:46.819,406.3747066678197,1005
2024-09-17 12:46:46.835,406.37833235997147,103
2024-09-17 12:46:46.992,406.3680635831146,999
2024-09-17 12:46:47.037,406.36124912326136,12
2024-09-17 12:46:47.093,406.3760879958881,1001
2024-09-17 12:46:47.122,406.4322975681594,1005
2024-09-17 12:46:47.125,406.3858361447114,13
2024-09-17 12:46:47.174,406.39948497811616,12
2024-09-17 12:46:47.204,406.3972479389368,6
2024-09-17 12:46:47.213,406.4055609360871,102
2024-09-17 12:46:47.223,406.4598067871394,998
2024-09-17 12:46:47.347,406.362351791984,101
2024-09-17 12:46:47.362,406.4611740232076,996
2024-09-17 12:46:47.429,406.40618605051634,10
2024-09-17 12:46:47.446,406.42185187494425,11
2024-09-17 12:46:47.525,406.47615133489205,14
2024-09-17 12:46:47.606,406.4518882735719,95
2024-09-17 12:46:47.714,406.3658848327423,1001
2024-09-17 12:46:47.923,406.362947530956,100
2024-09-17 12:46:48.062,406.46148200714543,5
2024-09-17 12:46:48.164,406.47031312009005,1003
2024-09-17 12:46:48.209,406.4631232954891,10
2024-09-17 12:46:48.247,406.478192569575,997
2024-09-17 12:46:48.513,406.4806061045627,8
2024-09-17 12:46:48.516,406.4823858540884,999
2024-09-17 12:46:48.521,406.48633778440256,103
2024-09-17 12:46:48.526,406.4566521170223,98
2024-09-17 12:46:48.582,406.45368215571295,95
2024-09-17 12:46:48.737,406.4713332403416,100
2024-09-17 12:46:48.764,406.4851387201596,7
2024-09-17 12:46:48.794,406.49250379684224,1005
2024-09-17 12:46:48.822,406.4727512948154,1002
2024-09-17 12:46:48.829,406.4656165484514,11
2024-09-17 12:46:48.839,406.480667195924,1000
2024-09-17 12:46:48.842,406.4848352286454,14
2024-09-17 12:46:49.230,406.47646380499583,1004
2024-09-17 12:46:49.963,406.46461713506926,103
2024-09-17 12:46:50.013,406.54173023810966,6
2024-09-17 12:46:50.022,406.4957417992452,1000
2024-09-17 12:46:50.048,406.5057216900905,14
2024-09-17 12:46:50.142,406.5052957315002,995
2024-09-17 12:46:50.173,406.5089911447419,997
2024-09-17 12:46:50.225,406.4907008239215,1000
2024-09-17 12:46:50.243,406.51884416693935,1001
2024-09-17 12:46:50.308,406.5471677089936,97
2024-09-17 12:46:50.348,406.4906129005795,100
2024-09-17 12:46:50.368,406.5599955375972,6
2024-09-17 12:46:50.430,406.4980207785932,995
2024-09-17 12:46:50.433,406.5596625028076,98
2024-09-17 12:46:50.466,406.49580185031147,996
2024-09-17 12:46:50.470,406.49470555689606,104
2024-09-17 12:46:50.516,406.5449085440397,14
2024-09-17 12:46:50.537,406.5320509344789,10
2024-09-17 12:46:50.660,406.499060983768,5
2024-09-17 12:46:50.689,406.5591490026375,1003
2024-09-17 12:46:50.723,40.65075294218537,102
2024-09-17 12:46:50.762,406.4968418043459,998
2024-09-17 12:46:50.792,406.4958328056361,1005
2024-09-17 12:46:50.878,406.545294448454,97
2024-09-17 12:46:50.918,406.491422416514,996
2024-09-17 12:46:50.998,406.5543200524962,1001
2024-09-17 12:46:51.130,406.5431808573371,12
2024-09-17 12:46:51.174,406.56456040823537,995
2024-09-17 12:46:51.397,406.5664310012863,96
2024-09-17 12:46:51.431,406.5684517482472,12
2024-09-17 12:46:51.465,406.57333904610783,97
2024-09-17 12:46:51.496,406.59041936432976,103
2024-09-17 12:46:51.513,406.57200703026007,9
2024-09-17 12:46:51.539,406.56433585463367,12
2024-09-17 12:46:51.717,406.55356369911846,8
2024-09-17 12:46:51.728,406.5597979818623,104
2024-09-17 12:46:51.836,406.5648819365583,98
2024-09-17 12:46:51.851,406.5855459170105,95
2024-09-17 12:46:52.287,406.5868293996898,8
2024-09-17 12:46:52.387,,1005
2024-09-17 12:46:52.403,406.5706743833184,1002
2024-09-17 12:46:52.486,406.6042067826836,13
2024-09-17 12:46:52.610,406.5739041702888,99
2024-09-17 12:46:52.627,406.5966695881913,997
2024-09-17 12:46:52.662,406.6112741322672,105
2024-09-17 12:46:52.667,406.572302782054,100
2024-09-17 12:46:52.705,406.58889040179673,7
2024-09-17 12:46:52.710,406.5800217030587,99
2024-09-17 12:46:52.949,406.59313973362,103
2024-09-17 12:46:53.292,406.5886392356104,104
2024-09-17 12:46:53.502,406.592451169527,99
2024-09-17 12:46:53.682,406.6135046996639,997
2024-09-17 12:46:53.762,406.6085140826038,13
2024-09-17 12:46:53.781,406.5885627356284,1001
2024-09-17 12:46:54.041,406.5940876690497,103
2024-09-17 12:46:54.047,406.5963972107715,1000
2024-09-17 12:46:54.102,406.6048170920188,1003
2024-09-17 12:46:54.104,406.6018548804439,100
2024-09-17 12:46:54.187,406.5971981244184,105
2024-09-17 12:46:54.213,406.588253522688,1005
2024-09-17 12:46:54.286,406.5954302783725,996
2024-09-17 12:46:54.291,406.5701392175352,1000
2024-09-17 12:46:54.308,406.6066805580788,8
2024-09-17 12:46:54.364,406.5886238183986,1004
2024-09-17 12:46:54.376,406.5996526338499,1000
2024-09-17 12:46:54.402,406.5742778667976,1002
2024-09-17 12:46:54.510,406.5941629866766,14
2024-09-17 12:46:54.608,406.6013900866132,99
2024-09-17 12:46:54.668,406.58489365001526,101
2024-09-17 12:46:54.736,406.5948397974869,8
2024-09-17 12:46:54.836,406.6057791802373,1002
2024-09-17 12:46:54.899,406.5930924980863,10
2024-09-17 12:46:54.907,406.608652746208,997
2024-09-17 12:46:54.915,406.5757691355169,998
2024-09-17 12:46:54.996,406.5911649792232,998
2024-09-17 12:46:55.205,406.59941935916834,998
2024-09-17 12:46:55.327,406.5791628750459,99
2024-09-17 12:46:55.354,406.5757300928657,13
2024-09-17 12:46:55.403,406.5956008963082,97
2024-09-17 12:46:55.404,406.584209330658,14
2024-09-17 12:46:55.421,406.5737171275066,102
2024-09-17 12:46:55.475,406.5740982627586,5
2024-09-17 12:46:55.536,406.5923849620148,1001
2024-09-17 12:46:55.617,406.615563923063,1003
2024-09-17 12:46:55.625,406.5423575526039,1000
2024-09-17 12:46:55.747,406.5975566667203,99
2024-09-17 12:46:55.790,406.5978838465474,103
2024-09-17 12:46:55.818,406.54633658970886,998
2024-09-17 12:46:55.854,406.5832615126727,10
2024-09-17 12:46:55.918,406.6023370633165,14
2024-09-17 12:46:55.935,406.593262476741,8
2024-09-17 12:46:55.946,406.5514159822507,9
2024-09-17 12:46:55.956,406.6046624513224,1002
2024-09-17 12:46:55.964,406.5947383385106,11
2024-09-17 12:46:55.993,406.6082972781226,96
2024-09-17 12:46:56.032,406.56733098023534,6
2024-09-17 12:46:56.078,406.60189296081126,1000
2024-09-17 12:46:56.110,406.66852637488574,1004
2024-09-17 12:46:56.221,406.5923706148648,15
2024-09-17 12:46:56.225,406.6028206562251,105
2024-09-17 12:46:56.260,406.6418324682771,1000
2024-09-17 12:46:56.309,406.61982144597545,13
2024-09-17 12:46:56.380,406.5575842501564,6
2024-09-17 12:46:56.404,406.5798346237761,14
2024-09-17 12:46:56.413,406.57415126834667,101
2024-09-17 12:46:56.428,406.63485801045,97
2024-09-17 12:46:56.475,406.60948374389807,998
2024-09-17 12:46:56.546,406.646193659944,6
2024-09-17 12:46:56.677,406.5736889604358,1002
2024-09-17 12:46:56.711,406.5925733526668,996
2024-09-17 12:46:56.723,406.6064127509524,12
2024-09-17 12:46:56.742,406.58587277894713,996
2024-09-17 12:46:56.763,406.6172556036697,7
2024-09-17 12:46:56.765,406.5854132064695,8
2024-09-17 12:46:56.805,406.5807780097412,1003
2024-09-17 12:46:56.819,406.5755810200089,99
2024-09-17 12:46:56.828,406.6072246358041,1003
2024-09-17 12:46:56.846,406.5868565152072,95
2024-09-17 12:46:56.853,406.5602272767767,1002
2024-09-17 12:46:56.903,406.5710356714488,100
2024-09-17 12:46:56.946,406.5490116105137,1000
2024-09-17 12:46:56.948,406.5509117721053,103
2024-09-17 12:46:56.976,406.63529541815376,99
2024-09-17 12:46:57.256,406.6076848483372,7
2024-09-17 12:46:57.351,406.6111689629956,14
2024-09-17 12:46:57.379,406.6045693591937,13
2024-09-17 12:46:57.433,406.6000594630159,98
2024-09-17 12:46:57.496,406.60933276788273,11
2024-09-17 12:46:57.667,406.5874468751175,1005
2024-09-17 12:46:57.678,406.596600636403,1001
2024-09-17 12:46:57.682,406.5968874900682,12
2024-09-17 12:46:57.731,406.5818012196949,998
2024-09-17 12:46:57.733,406.6012724310434,101
2024-09-17 12:46:57.938,406.58851879978687,13
2024-09-17 12:46:57.944,406.6116033872733,104
2024-09-17 12:46:58.227,406.603319241388,97
2024-09-17 12:46:58.287,406.61532835289296,999
2024-09-17 12:46:58.347,406.5799130754875,1005
2024-09-17 12:46:58.418,-406.61560508746857,102
2024-09-17 12:46:58.645,406.5997568912629,997
2024-09-17 12:46:58.650,406.5975379762186,100
2024-09-17 12:46:58.659,406.5751238042362,8
2024-09-17 12:46:58.667,406.6198046107653,1001
2024-09-17 12:46:58.737,406.6079918317166,9
2024-09-17 12:46:58.803,406.59335285054095,999
2024-09-17 12:46:58.814,406.6129593400337,1005
2024-09-17 12:46:58.857,406.5661815760163,105
2024-09-17 12:46:59.050,406.5979991552605,998
2024-09-17 12:46:59.318,406.6366178164794,96
2024-09-17 12:46:59.327,406.607668632452,102
2024-09-17 12:46:59.504,406.62287147835895,99
2024-09-17 12:46:59.902,406.6408976122391,9
2024-09-17 12:46:59.987,406.6464443328979,105
