Timestamp,Price,Size
2024-09-17 14:58:00.141,408.2257079107864,105
2024-09-17 14:58:00.191,408.1846120897125,96
2024-09-17 14:58:00.197,408.2763531141887,105
2024-09-17 14:58:00.225,408.2544456628144,10
2024-09-17 14:58:00.366,40.81996282573426,102
2024-09-17 14:58:00.554,408.2833748283914,95
2024-09-17 14:58:00.555,408.2335715790375,105
2024-09-17 14:58:00.571,408.25937367043167,101
2024-09-17 14:58:00.601,408.1883599581674,1004
2024-09-17 14:58:00.611,408.28930941592535,997
2024-09-17 14:58:00.626,408.2339173557491,997
2024-09-17 14:58:00.663,408.25451058914666,14
2024-09-17 14:58:00.721,408.20749938495055,1001
2024-09-17 14:58:00.737,408.2371842975074,14
2024-09-17 14:58:00.784,408.2700178000233,98
2024-09-17 14:58:00.857,408.2748849777426,98
2024-09-17 14:58:01.033,408.1511995566828,11
2024-09-17 14:58:01.055,408.1533817954484,14
2024-09-17 14:58:01.065,408.1534136197451,101
2024-09-17 14:58:01.087,-408.1563198439716,96
2024-09-17 14:58:01.106,408.1604865326782,11
2024-09-17 14:58:01.119,408.1579801353992,105
2024-09-17 14:58:01.164,408.1278612333836,104
2024-09-17 14:58:01.186,408.17645955586977,10
2024-09-17 14:58:01.282,408.1566219193498,1003
2024-09-17 14:58:01.305,408.1285362337096,1002
2024-09-17 14:58:01.321,40.81484628399541,996
2024-09-17 14:58:01.359,408.12675894348274,103
2024-09-17 14:58:01.367,408.1569376359901,99
2024-09-17 14:58:01.372,408.1561508631354,98
2024-09-17 14:58:01.433,408.16162371730354,99
2024-09-17 14:58:01.436,408.159807319676,8
2024-09-17 14:58:01.441,408.1243141958878,1003
2024-09-17 14:58:01.511,408.1662557967229,1005
2024-09-17 14:58:01.569,408.1519740455197,12
2024-09-17 14:58:01.617,408.16934191970086,1002
2024-09-17 14:58:01.662,408.1409150685891,101
2024-09-17 14:58:01.676,408.1508946090861,101
2024-09-17 14:58:01.713,408.159326052614,6
2024-09-17 14:58:01.843,408.1787266591404,100
2024-09-17 14:58:01.870,408.13846176931054,996
2024-09-17 14:58:01.950,408.15948937035097,98
2024-09-17 14:58:01.964,408.15312194661607,1001
2024-09-17 14:58:02.024,408.14954801159655,1004
2024-09-17 14:58:02.054,408.1644860095319,95
2024-09-17 14:58:02.112,408.1662317991481,12
2024-09-17 14:58:02.125,408.1744264905465,7
2024-09-17 14:58:02.135,408.137789916623,100
2024-09-17 14:58:02.210,408.109019473884,1001
2024-09-17 14:58:02.227,408.15354973016014,11
2024-09-17 14:58:02.235,408.1296152655751,5
2024-09-17 14:58:02.328,408.1519308668986,11
2024-09-17 14:58:02.384,408.11359350460026,95
2024-09-17 14:58:02.388,408.12000773536806,14
2024-09-17 14:58:02.394,408.12279581249294,5
2024-09-17 14:58:02.413,408.1209151811367,1000
2024-09-17 14:58:02.427,408.1181603050237,1000
2024-09-17 14:58:02.431,408.1504617565576,105
2024-09-17 14:58:02.469,408.13290630149214,8
2024-09-17 14:58:02.495,408.13152334663766,1003
2024-09-17 14:58:02.537,408.144901278323,101
2024-09-17 14:58:02.615,408.1359205808767,6
2024-09-17 14:58:02.628,408.1341688284196,96
2024-09-17 14:58:02.712,408.1131664666203,7
2024-09-17 14:58:02.730,408.1084587422933,999
2024-09-17 14:58:02.776,408.1233589038696,12
2024-09-17 14:58:02.823,408.1192146898276,99
2024-09-17 14:58:02.854,408.1177261560237,13
2024-09-17 14:58:02.907,408.1200089070486,15
2024-09-17 14:58:02.910,408.0945241471815,97
2024-09-17 14:58:02.984,408.1116788871959,1005
2024-09-17 14:58:03.011,408.1725064948212,10
2024-09-17 14:58:03.087,408.2211806792687,1003
2024-09-17 14:58:03.188,408.162348321156,101
2024-09-17 14:58:03.197,408.16455669101,96
2024-09-17 14:58:03.226,408.2138977334478,12
2024-09-17 14:58:03.239,408.2087452584949,1000
2024-09-17 14:58:03.239,408.17284435832687,102
2024-09-17 14:58:03.240,408.1484648328605,13
2024-09-17 14:58:03.243,408.1988679300314,1001
2024-09-17 14:58:03.298,408.1663124907228,104
2024-09-17 14:58:03.330,408.1933503155815,96
2024-09-17 14:58:03.333,408.1425323411359,1000
2024-09-17 14:58:03.348,408.2062684826467,1001
2024-09-17 14:58:03.351,408.1441909137886,100
2024-09-17 14:58:03.438,408.1466904334816,103
2024-09-17 14:58:03.594,408.2041032238841,15
2024-09-17 14:58:03.709,408.158988153108,15
2024-09-17 14:58:03.733,408.2136017152975,9
2024-09-17 14:58:03.749,408.175514708211,1004
2024-09-17 14:58:03.796,408.1703160697009,1000
2024-09-17 14:58:03.885,408.140272909418,104
2024-09-17 14:58:03.911,-408.1522759242009,9
2024-09-17 14:58:03.912,408.1732384295914,103
2024-09-17 14:58:03.942,408.1684973940751,14
2024-09-17 14:58:04.118,408.34636946843176,995
2024-09-17 14:58:04.258,408.2539768262884,11
2024-09-17 14:58:04.455,408.2425449254118,6
2024-09-17 14:58:04.494,408.2506014524079,995
2024-09-17 14:58:04.572,408.2198863146001,99
2024-09-17 14:58:04.585,40.82451568159262,6
2024-09-17 14:58:04.639,408.3175583438378,9
2024-09-17 14:58:04.653,408.2276306024352,101
2024-09-17 14:58:04.692,408.2384376289205,1002
2024-09-17 14:58:04.732,415.0344243844759,12
2024-09-17 14:58:04.776,408.2873430926156,1005
2024-09-17 14:58:04.840,408.2451876792889,100
2024-09-17 14:58:04.932,408.3066391010108,996
2024-09-17 14:58:04.980,408.2676322319931,101
2024-09-17 14:58:04.993,408.3512573204657,103
2024-09-17 14:58:05.063,408.2790887124237,105
2024-09-17 14:58:05.218,408.3257121771546,1003
2024-09-17 14:58:05.222,408.28231249183017,996
2024-09-17 14:58:05.284,408.31367408695576,7
2024-09-17 14:58:05.399,408.31830261327,9
2024-09-17 14:58:05.400,408.3142606296532,996
2024-09-17 14:58:05.474,408.2850179021712,15
2024-09-17 14:58:05.502,408.35693901736073,1000
2024-09-17 14:58:05.623,408.34347394504505,998
2024-09-17 14:58:05.683,408.34478353454136,105
2024-09-17 14:58:05.693,408.3412781514822,100
2024-09-17 14:58:05.737,408.2850979689028,99
2024-09-17 14:58:05.780,408.3145739937242,95
2024-09-17 14:58:05.784,408.3133094153835,997
2024-09-17 14:58:05.819,408.31339500688847,105
2024-09-17 14:58:05.847,408.30598309521423,1001
2024-09-17 14:58:05.856,408.3122487751305,101
2024-09-17 14:58:05.866,408.3186778915989,7
2024-09-17 14:58:05.877,408.2920289574505,8
2024-09-17 14:58:05.879,408.2887039743172,1004
2024-09-17 14:58:05.946,408.284678615549,1002
2024-09-17 14:58:06.008,408.297075197172,10
2024-09-17 14:58:06.043,408.2244448904331,8
2024-09-17 14:58:06.048,408.2158472045392,99
2024-09-17 14:58:06.056,408.21674222272,7
2024-09-17 14:58:06.057,-408.2378096136892,15
2024-09-17 14:58:06.064,408.3018060286446,999
2024-09-17 14:58:06.102,408.2910948255888,101
2024-09-17 14:58:06.103,408.2245198215771,101
2024-09-17 14:58:06.183,408.2236522183581,95
2024-09-17 14:58:06.184,408.30171640665066,105
2024-09-17 14:58:06.296,408.2517188217237,1003
2024-09-17 14:58:06.318,408.2913439944329,5
2024-09-17 14:58:06.330,408.2209162786056,101
2024-09-17 14:58:06.354,408.2441166020327,100
2024-09-17 14:58:06.371,408.2256070026845,7
2024-09-17 14:58:06.437,408.24953117944233,1002
2024-09-17 14:58:06.456,408.2452881157987,1002
2024-09-17 14:58:06.486,408.2190968880007,8
2024-09-17 14:58:06.510,408.23414436516697,1001
2024-09-17 14:58:06.541,408.2228702383103,10
2024-09-17 14:58:06.597,408.2159463151396,102
2024-09-17 14:58:06.620,408.230418175322,15
2024-09-17 14:58:06.687,408.19427709177467,14
2024-09-17 14:58:06.690,408.24816132069816,95
2024-09-17 14:58:06.822,408.2303801288151,100
2024-09-17 14:58:07.036,408.18737170664303,96
2024-09-17 14:58:07.057,408.1525810043706,12
2024-09-17 14:58:07.098,408.162476852546,995
2024-09-17 14:58:07.123,408.1713175877253,96
2024-09-17 14:58:07.140,408.10979457110426,12
2024-09-17 14:58:07.202,408.1723164452593,104
2024-09-17 14:58:07.208,408.1411598937611,103
2024-09-17 14:58:07.210,408.1319881101265,7
2024-09-17 14:58:07.251,408.0930982600941,7
2024-09-17 14:58:07.279,408.1832936626522,105
2024-09-17 14:58:07.282,408.1437883396403,95
2024-09-17 14:58:07.283,408.186514578988,1004
2024-09-17 14:58:07.376,408.1099706756164,1003
2024-09-17 14:58:07.404,408.14542526123057,996
2024-09-17 14:58:07.414,408.1238768182935,97
2024-09-17 14:58:07.597,408.08515318517135,12
2024-09-17 14:58:07.681,408.1718784607681,998
2024-09-17 14:58:07.715,408.120279401421,12
2024-09-17 14:58:07.720,408.17927390054274,5
2024-09-17 14:58:07.755,408.1755602699545,6
2024-09-17 14:58:07.781,408.1775570908206,96
2024-09-17 14:58:07.787,408.1458070464531,101
2024-09-17 14:58:07.845,408.08886224610495,1000
2024-09-17 14:58:07.846,408.0948413054977,98
2024-09-17 14:58:07.868,408.1333722731532,996
2024-09-17 14:58:07.912,408.08771069580166,104
2024-09-17 14:58:07.921,408.0880616741982,100
2024-09-17 14:58:07.990,408.09348657460856,102
2024-09-17 14:58:08.031,408.1016986799853,103
2024-09-17 14:58:08.076,408.1032466959724,104
2024-09-17 14:58:08.110,408.103906396414,7
2024-09-17 14:58:08.110,408.10709627439655,99
2024-09-17 14:58:08.143,408.10452395742,1000
2024-09-17 14:58:08.154,408.1022109298991,1001
2024-09-17 14:58:08.202,408.138699559873,10
2024-09-17 14:58:08.249,408.0585515653674,105
2024-09-17 14:58:08.313,408.1174783702285,1002
2024-09-17 14:58:08.318,408.0912549837489,100
2024-09-17 14:58:08.358,408.1113692395068,6
2024-09-17 14:58:08.368,408.0768221137615,98
2024-09-17 14:58:08.393,408.0812370126008,1005
2024-09-17 14:58:08.420,408.0647256566916,1000
2024-09-17 14:58:08.503,408.0640060068138,95
2024-09-17 14:58:08.561,408.1173408849163,9
2024-09-17 14:58:08.573,408.1082389529647,14
2024-09-17 14:58:08.715,408.1298779434844,15
2024-09-17 14:58:08.717,-408.1262577576848,1005
2024-09-17 14:58:08.736,408.0991806648749,14
2024-09-17 14:58:08.756,408.1253893719716,98
2024-09-17 14:58:08.781,408.0919435976384,15
2024-09-17 14:58:08.809,408.0827847218824,1003
2024-09-17 14:58:08.864,414.9800709308518,999
2024-09-17 14:58:08.886,408.08509441612176,11
2024-09-17 14:58:08.908,408.127508291789,1003
2024-09-17 14:58:08.910,408.1151791686733,11
2024-09-17 14:58:08.918,408.080274876388,100
2024-09-17 14:58:08.937,408.0895985528222,103
2024-09-17 14:58:08.960,408.0932498433573,104
2024-09-17 14:58:08.988,414.9560228805241,15
2024-09-17 14:58:09.099,408.0598374601915,1000
2024-09-17 14:58:09.132,408.0596778314804,1004
2024-09-17 14:58:09.163,408.0768952214428,1000
2024-09-17 14:58:09.176,408.03265672533325,15
2024-09-17 14:58:09.214,408.0787958831634,100
2024-09-17 14:58:09.221,408.079845817639,97
2024-09-17 14:58:09.461,408.0881624917608,95
2024-09-17 14:58:09.560,408.0719339878658,10
2024-09-17 14:58:09.787,408.0535143108912,1003
2024-09-17 14:58:09.866,408.0564122903587,999
2024-09-17 14:58:09.944,408.0642392241194,1005
2024-09-17 14:58:10.077,,995
2024-09-17 14:58:10.522,408.0509780575313,5
2024-09-17 14:58:10.582,408.0404821821783,95
2024-09-17 14:58:10.975,408.0613420620599,1002
2024-09-17 14:58:11.077,408.177600653568,103
2024-09-17 14:58:11.229,408.1810875540627,997
2024-09-17 14:58:11.276,408.19373995164005,10
2024-09-17 14:58:11.337,408.100850919081,9
2024-09-17 14:58:11.349,408.1838659418365,101
2024-09-17 14:58:11.392,408.1141313478971,9
2024-09-17 14:58:11.410,408.1809549347355,995
2024-09-17 14:58:11.502,408.1268304395231,996
2024-09-17 14:58:11.521,408.0979475288378,97
2024-09-17 14:58:11.553,408.0707534917853,101
2024-09-17 14:58:11.565,408.0639916408865,995
2024-09-17 14:58:11.694,408.0763507104277,9
2024-09-17 14:58:11.741,408.0911358439627,996
2024-09-17 14:58:11.775,408.2017225261866,103
2024-09-17 14:58:11.852,408.18518187272593,998
2024-09-17 14:58:11.925,408.1592615921084,13
2024-09-17 14:58:11.952,408.1965937244904,95
2024-09-17 14:58:11.972,408.1843913485562,11
2024-09-17 14:58:11.989,408.15149023280384,99
2024-09-17 14:58:12.041,408.17838347345366,12
2024-09-17 14:58:12.122,408.1879857226247,104
2024-09-17 14:58:12.146,408.1968426293273,1004
2024-09-17 14:58:12.394,408.2100498589891,102
2024-09-17 14:58:12.595,408.20262699038966,96
2024-09-17 14:58:12.625,414.97055494555485,1001
2024-09-17 14:58:12.632,408.1767184495417,98
2024-09-17 14:58:12.655,408.1728620366833,995
2024-09-17 14:58:12.687,408.18121253307817,9
2024-09-17 14:58:12.772,408.1800404452477,995
2024-09-17 14:58:12.787,408.190744701181,6
2024-09-17 14:58:12.794,408.197339677425,10
2024-09-17 14:58:12.948,408.1818236301569,1003
2024-09-17 14:58:13.126,408.227687979589,98
2024-09-17 14:58:13.133,408.1912830004028,99
2024-09-17 14:58:13.135,408.2374719258477,1003
2024-09-17 14:58:13.229,408.2379934773,14
2024-09-17 14:58:13.326,408.21973665987554,999
2024-09-17 14:58:13.342,408.2139565218416,996
2024-09-17 14:58:13.575,408.22020033847934,14
2024-09-17 14:58:13.596,408.17397570845344,1005
2024-09-17 14:58:13.619,408.18776929272894,995
2024-09-17 14:58:13.690,408.1986771118923,1001
2024-09-17 14:58:13.728,408.2144906863449,997
2024-09-17 14:58:13.735,408.2151542048772,99
2024-09-17 14:58:13.821,408.1972653526999,98
2024-09-17 14:58:13.823,408.2138706279332,97
2024-09-17 14:58:13.877,408.22602208768456,1003
2024-09-17 14:58:13.903,408.227663432412,999
2024-09-17 14:58:13.957,408.1904778586404,101
2024-09-17 14:58:14.001,408.2288918784751,1001
2024-09-17 14:58:14.004,408.1969987504778,103
2024-09-17 14:58:14.174,408.17998921268656,97
2024-09-17 14:58:14.182,408.2253726273168,12
2024-09-17 14:58:14.185,408.18200996160687,12
2024-09-17 14:58:14.278,408.173753086575,1005
2024-09-17 14:58:14.298,414.9523584410956,100
2024-09-17 14:58:14.321,408.1670798693131,98
2024-09-17 14:58:14.437,408.2152838687188,8
2024-09-17 14:58:14.468,408.1739009113143,101
2024-09-17 14:58:14.498,408.15625238856313,12
2024-09-17 14:58:14.501,408.1637111988188,1002
2024-09-17 14:58:14.533,408.2274360025968,12
2024-09-17 14:58:14.567,408.1684647327688,1000
2024-09-17 14:58:14.569,408.1861671918854,8
2024-09-17 14:58:14.588,40.81749826532561,995
2024-09-17 14:58:14.617,408.2286817748676,12
2024-09-17 14:58:14.811,408.172068680955,8
2024-09-17 14:58:14.819,408.1738989514764,103
2024-09-17 14:58:14.837,,13
2024-09-17 14:58:14.874,408.15939333037295,104
2024-09-17 14:58:14.906,408.17690996171865,12
2024-09-17 14:58:14.949,408.1962072155305,104
2024-09-17 14:58:14.981,408.23067017614005,105
2024-09-17 14:58:15.025,408.2335061970089,13
2024-09-17 14:58:15.068,408.2180726286936,9
2024-09-17 14:58:15.235,408.23042933039625,101
2024-09-17 14:58:15.315,408.23480483673455,12
2024-09-17 14:58:15.335,408.21250125556674,996
2024-09-17 14:58:15.408,408.2220764198789,998
2024-09-17 14:58:15.440,408.2357592960993,96
2024-09-17 14:58:15.451,408.2326881424602,96
2024-09-17 14:58:15.460,408.2287709021714,95
2024-09-17 14:58:15.470,408.2372287849253,103
2024-09-17 14:58:15.496,408.22187235923263,1005
2024-09-17 14:58:15.523,408.2233154487898,5
2024-09-17 14:58:15.533,408.2392537987856,10
2024-09-17 14:58:15.978,408.2190394111172,1004
2024-09-17 14:58:16.009,408.2900603909447,6
2024-09-17 14:58:16.014,408.2481356164144,104
2024-09-17 14:58:16.036,408.3038226678788,15
2024-09-17 14:58:16.043,408.3190446660796,104
2024-09-17 14:58:16.096,408.3224382252996,998
2024-09-17 14:58:16.138,408.3122396938598,999
2024-09-17 14:58:16.190,408.2847582683236,103
2024-09-17 14:58:16.198,408.3064830429652,104
2024-09-17 14:58:16.302,408.3016231075218,1005
2024-09-17 14:58:16.363,408.2818535993877,1005
2024-09-17 14:58:16.435,408.2632065402673,101
2024-09-17 14:58:16.578,-408.3169402245971,13
2024-09-17 14:58:16.819,408.29034636411353,105
2024-09-17 14:58:16.940,408.24699763747054,100
2024-09-17 14:58:17.056,408.2949457854148,1004
2024-09-17 14:58:17.558,408.28776962871046,99
2024-09-17 14:58:17.606,408.3236818749897,9
2024-09-17 14:58:17.667,408.3191512452791,100
2024-09-17 14:58:17.863,408.3381251564511,6
2024-09-17 14:58:17.932,408.3228544895576,100
2024-09-17 14:58:17.978,408.3227440720253,95
2024-09-17 14:58:18.207,408.320205099007,14
2024-09-17 14:58:18.250,408.3312547612091,998
2024-09-17 14:58:18.290,408.3275769785532,13
2024-09-17 14:58:18.315,408.31588580158007,10
2024-09-17 14:58:18.341,408.34406050413816,1004
2024-09-17 14:58:18.348,408.3279630793747,96
2024-09-17 14:58:18.355,408.32491865445394,96
2024-09-17 14:58:18.372,408.33660334304017,97
2024-09-17 14:58:18.454,408.31738610619067,99
2024-09-17 14:58:18.519,408.35504388283806,12
2024-09-17 14:58:18.535,408.3339614370042,1002
2024-09-17 14:58:18.560,408.3201342503421,9
2024-09-17 14:58:18.561,408.3676654656994,14
2024-09-17 14:58:18.624,408.33185741981566,996
2024-09-17 14:58:18.643,408.38046930391766,103
2024-09-17 14:58:18.875,408.3195345959254,12
2024-09-17 14:58:18.883,408.3420728146534,8
2024-09-17 14:58:18.904,408.3116474803306,12
2024-09-17 14:58:19.008,408.36242284353625,102
2024-09-17 14:58:19.009,408.4038107581798,5
2024-09-17 14:58:19.018,408.38869553414366,999
2024-09-17 14:58:19.118,408.4464130252902,14
2024-09-17 14:58:19.124,408.41250411242186,998
2024-09-17 14:58:19.187,408.3930885344933,1001
2024-09-17 14:58:19.188,408.4356604061815,10
2024-09-17 14:58:19.270,408.3713490750853,99
2024-09-17 14:58:19.292,408.42571720722754,11
2024-09-17 14:58:19.315,408.43469110858206,96
2024-09-17 14:58:19.431,408.4696800098689,105
2024-09-17 14:58:19.450,408.41317796554296,998
2024-09-17 14:58:19.460,408.363171485781,95
2024-09-17 14:58:19.498,408.43518096159113,1002
2024-09-17 14:58:19.504,408.4295975424412,999
2024-09-17 14:58:19.518,408.355018419875,13
2024-09-17 14:58:19.631,408.4338621711913,12
2024-09-17 14:58:19.693,408.416046094034,15
2024-09-17 14:58:19.801,408.3860169210623,9
2024-09-17 14:58:19.804,408.3587192614903,5
2024-09-17 14:58:19.901,408.4773419612678,1001
2024-09-17 14:58:19.931,408.4347383937388,1003
2024-09-17 14:58:20.148,408.5125732908568,12
2024-09-17 14:58:20.167,408.4902479633816,104
2024-09-17 14:58:20.332,408.52288101001824,7
2024-09-17 14:58:20.356,408.4952371602242,6
2024-09-17 14:58:20.405,408.4983219334417,96
2024-09-17 14:58:20.424,408.5001507432854,1000
2024-09-17 14:58:20.490,408.5011907907992,1004
2024-09-17 14:58:20.523,408.4950151314987,6
2024-09-17 14:58:20.618,408.50687875018747,5
2024-09-17 14:58:20.705,408.4972400475574,98
2024-09-17 14:58:20.748,408.5183624228076,997
2024-09-17 14:58:20.838,408.5336950339944,6
2024-09-17 14:58:20.893,408.49399131186334,105
2024-09-17 14:58:21.054,408.5298367794726,1000
2024-09-17 14:58:21.110,408.5078986312565,13
2024-09-17 14:58:21.335,408.5153419843318,105
2024-09-17 14:58:21.687,408.532077699256,98
2024-09-17 14:58:21.796,414.8789669049676,14
2024-09-17 14:58:21.885,408.5034050121335,101
2024-09-17 14:58:21.940,408.5149130101633,998
2024-09-17 14:58:22.012,408.5509795668296,8
2024-09-17 14:58:22.069,408.51616903465856,1002
2024-09-17 14:58:22.152,408.5457011213917,14
2024-09-17 14:58:22.281,408.5534691001985,97
2024-09-17 14:58:22.349,408.5755259528982,101
2024-09-17 14:58:22.368,408.516706990818,101
2024-09-17 14:58:22.411,408.54215436896806,996
2024-09-17 14:58:22.465,408.5337503689952,97
2024-09-17 14:58:22.625,408.5503692130476,105
2024-09-17 14:58:22.646,40.8555023571428,99
2024-09-17 14:58:22.822,408.5474438017436,102
2024-09-17 14:58:22.847,408.5378104116054,10
2024-09-17 14:58:22.875,414.8409122920518,98
2024-09-17 14:58:22.912,408.55440562850913,7
2024-09-17 14:58:23.613,408.5771482353636,9
2024-09-17 14:58:23.678,408.5666424020352,11
2024-09-17 14:58:23.746,408.568005258023,15
2024-09-17 14:58:23.954,408.5714012001263,14
2024-09-17 14:58:24.015,408.5547656423797,105
2024-09-17 14:58:24.104,408.5539393172408,12
2024-09-17 14:58:24.276,408.5608800255759,99
2024-09-17 14:58:24.278,408.56102987569193,103
2024-09-17 14:58:24.295,408.5439677026292,1005
2024-09-17 14:58:24.475,408.5537649078858,1003
2024-09-17 14:58:24.511,408.5272702362752,6
2024-09-17 14:58:24.545,408.5580964193239,14
2024-09-17 14:58:24.640,408.54391513657976,5
2024-09-17 14:58:24.822,408.5439127406657,1003
2024-09-17 14:58:24.828,408.556808918518,105
2024-09-17 14:58:24.911,408.5629595375884,8
2024-09-17 14:58:24.953,408.5590280736294,102
2024-09-17 14:58:24.975,-408.5660099696436,9
2024-09-17 14:58:25.071,408.65413965817737,1000
2024-09-17 14:58:25.250,414.95882232082926,14
2024-09-17 14:58:25.289,408.5523954966279,1005
2024-09-17 14:58:25.350,408.5339294233807,6
2024-09-17 14:58:25.443,408.540524650401,1000
2024-09-17 14:58:25.445,408.6259238314576,101
2024-09-17 14:58:25.451,408.6108750759147,8
2024-09-17 14:58:25.492,408.5412375354435,96
2024-09-17 14:58:25.498,408.5728808714024,103
2024-09-17 14:58:25.610,408.52169079570194,7
2024-09-17 14:58:25.630,408.6145346743464,1003
2024-09-17 14:58:25.652,408.5427490547178,11
2024-09-17 14:58:25.727,408.55883816596105,102
2024-09-17 14:58:25.830,408.5874912867153,8
2024-09-17 14:58:25.837,408.6406232787217,95
2024-09-17 14:58:25.912,408.5300247390566,1005
2024-09-17 14:58:25.926,408.60449243649146,104
2024-09-17 14:58:25.933,408.5985944586775,105
2024-09-17 14:58:25.970,408.5404350398108,13
2024-09-17 14:58:25.983,408.6492936991295,8
2024-09-17 14:58:25.992,408.5510014165375,14
2024-09-17 14:58:26.069,408.5983330439376,9
2024-09-17 14:58:26.073,408.5810882785886,1004
2024-09-17 14:58:26.085,408.591216288985,11
2024-09-17 14:58:26.340,408.6021957794063,998
2024-09-17 14:58:26.445,408.6075204348063,999
2024-09-17 14:58:26.477,408.5969348161373,102
2024-09-17 14:58:26.499,408.5941551562597,96
2024-09-17 14:58:26.579,408.6202539521665,10
2024-09-17 14:58:26.665,408.627481101773,7
2024-09-17 14:58:26.688,408.5911954620621,996
2024-09-17 14:58:26.707,408.64458346086514,5
2024-09-17 14:58:26.830,408.6223496173056,95
2024-09-17 14:58:26.892,408.6310045566843,98
2024-09-17 14:58:26.930,408.6285060020516,103
2024-09-17 14:58:27.005,408.5735002894016,96
2024-09-17 14:58:27.062,408.5876257080514,996
2024-09-17 14:58:27.065,408.4888141738045,104
2024-09-17 14:58:27.069,408.4273737561728,995
2024-09-17 14:58:27.094,408.4277273281762,6
2024-09-17 14:58:27.155,408.4590472151525,101
2024-09-17 14:58:27.199,408.49604932199605,9
2024-09-17 14:58:27.273,408.4182672975475,98
2024-09-17 14:58:27.275,408.44099455714303,104
2024-09-17 14:58:27.369,415.0121685651857,103
2024-09-17 14:58:27.381,408.50729002291257,6
2024-09-17 14:58:27.423,408.4808555794648,100
2024-09-17 14:58:27.506,408.5537420583078,97
2024-09-17 14:58:27.646,408.45082214546056,97
2024-09-17 14:58:27.677,408.4327261398419,105
2024-09-17 14:58:27.718,408.4073586648124,1004
2024-09-17 14:58:27.731,408.5729405543879,8
2024-09-17 14:58:27.775,408.4389346051649,1005
2024-09-17 14:58:27.812,408.42215617271296,1004
2024-09-17 14:58:27.841,408.5103197297286,9
2024-09-17 14:58:27.845,408.3969456595536,15
2024-09-17 14:58:27.892,408.5074693611099,103
2024-09-17 14:58:27.955,408.5310830906748,102
2024-09-17 14:58:27.968,408.4045082043562,95
2024-09-17 14:58:28.104,408.4552835340368,1000
2024-09-17 14:58:28.469,408.46129866072056,96
2024-09-17 14:58:28.942,408.4523501878343,102
2024-09-17 14:58:30.030,408.33108922174654,8
2024-09-17 14:58:30.043,408.3689292448674,1005
2024-09-17 14:58:30.108,408.4207852213282,7
2024-09-17 14:58:30.272,408.3683990804079,998
2024-09-17 14:58:30.293,408.34761865979146,13
2024-09-17 14:58:30.304,408.38033093430863,105
2024-09-17 14:58:30.336,408.4245820719907,5
2024-09-17 14:58:30.438,408.342209749646,7
2024-09-17 14:58:30.475,408.41736997809903,103
2024-09-17 14:58:30.485,408.4465592647447,105
2024-09-17 14:58:30.534,408.4183233915373,96
2024-09-17 14:58:30.568,408.3665629223669,95
2024-09-17 14:58:30.669,408.403083153834,101
2024-09-17 14:58:30.780,408.3258420478312,104
2024-09-17 14:58:30.933,408.42547747353046,13
2024-09-17 14:58:30.963,408.462109989439,101
2024-09-17 14:58:31.044,408.3575557589232,103
2024-09-17 14:58:31.086,408.33878803548754,13
2024-09-17 14:58:31.098,408.34920849007216,996
2024-09-17 14:58:31.106,408.2840706263238,6
2024-09-17 14:58:31.114,408.25959387562665,7
2024-09-17 14:58:31.179,408.2844433476109,5
2024-09-17 14:58:31.198,408.2900437853788,15
2024-09-17 14:58:31.200,408.29238572453886,12
2024-09-17 14:58:31.214,408.2913490845911,1005
2024-09-17 14:58:31.234,408.3153267788851,96
2024-09-17 14:58:31.248,408.2808284698001,95
2024-09-17 14:58:31.307,408.280400480257,100
2024-09-17 14:58:31.504,408.3275885190546,101
2024-09-17 14:58:31.510,408.2870297145788,996
2024-09-17 14:58:31.567,408.2667256554682,104
2024-09-17 14:58:31.620,408.28153930107214,102
2024-09-17 14:58:31.656,408.2896760897725,101
2024-09-17 14:58:31.679,408.3434872265736,6
2024-09-17 14:58:31.714,408.3578605238938,103
2024-09-17 14:58:31.729,408.33914581926297,5
2024-09-17 14:58:31.778,408.3264206526179,1000
2024-09-17 14:58:31.829,408.3266664544494,99
2024-09-17 14:58:31.915,408.28164043141913,7
2024-09-17 14:58:31.977,408.26673912154575,8
2024-09-17 14:58:32.009,408.2985546085935,12
2024-09-17 14:58:32.080,408.24996233388686,98
2024-09-17 14:58:32.200,408.26272017291177,95
2024-09-17 14:58:32.261,408.25230146111903,1005
2024-09-17 14:58:32.296,408.2627851857443,7
2024-09-17 14:58:32.297,408.2747307015271,101
2024-09-17 14:58:32.315,408.2692038751511,97
2024-09-17 14:58:32.333,408.2611501276042,5
2024-09-17 14:58:32.364,408.2775764920384,1002
2024-09-17 14:58:32.391,408.28746994630296,1005
2024-09-17 14:58:32.401,408.28187633854014,1001
2024-09-17 14:58:32.431,408.2535225334765,1003
2024-09-17 14:58:32.487,408.2741782890073,996
2024-09-17 14:58:32.569,408.25597006667607,15
2024-09-17 14:58:32.608,408.2528363250332,1002
2024-09-17 14:58:32.638,408.2817083752497,15
2024-09-17 14:58:32.829,408.259095299493,95
2024-09-17 14:58:32.838,408.26539364233975,1002
2024-09-17 14:58:32.910,408.2502539685881,100
2024-09-17 14:58:33.561,415.1395876394486,95
2024-09-17 14:58:34.026,408.2791811613109,13
2024-09-17 14:58:34.092,408.27537103614,103
2024-09-17 14:58:34.122,408.2597775977029,999
2024-09-17 14:58:34.284,408.2729480415316,102
2024-09-17 14:58:34.303,408.24281537476224,1002
2024-09-17 14:58:34.396,408.2567402457034,999
2024-09-17 14:58:34.518,408.2835890221272,1000
2024-09-17 14:58:34.582,408.2395921833989,999
2024-09-17 14:58:34.596,408.27547176305256,1002
2024-09-17 14:58:34.652,408.2484131488535,998
2024-09-17 14:58:34.756,408.2598886732816,11
2024-09-17 14:58:34.764,408.2528924986765,105
2024-09-17 14:58:34.880,408.26620130286665,1004
2024-09-17 14:58:34.896,408.2679174843208,96
2024-09-17 14:58:34.947,408.2483717716637,104
2024-09-17 14:58:35.003,408.3183756137714,1001
2024-09-17 14:58:35.038,408.3196996071174,102
2024-09-17 14:58:35.047,408.3174410610648,999
2024-09-17 14:58:35.081,408.3266987306725,103
2024-09-17 14:58:35.223,408.28960196198,96
2024-09-17 14:58:35.394,408.34430464920325,999
2024-09-17 14:58:35.472,408.29584002512695,103
2024-09-17 14:58:35.542,408.3276353858019,1004
2024-09-17 14:58:35.759,408.3146244220112,6
2024-09-17 14:58:35.889,408.32267539336095,1003
2024-09-17 14:58:35.912,408.319055818936,14
2024-09-17 14:58:35.958,408.3290156965639,9
2024-09-17 14:58:36.093,408.2770503567035,103
2024-09-17 14:58:36.143,408.2208469345671,1002
2024-09-17 14:58:36.159,408.2802820485983,10
2024-09-17 14:58:36.197,408.3114836646534,102
2024-09-17 14:58:36.251,408.2465854824115,95
2024-09-17 14:58:36.278,408.2795314878402,101
2024-09-17 14:58:36.293,408.2545543651366,97
2024-09-17 14:58:36.372,408.27169614304273,999
2024-09-17 14:58:36.401,408.2846233951888,8
2024-09-17 14:58:36.449,408.2735690076646,996
2024-09-17 14:58:36.638,408.2345735427389,998
2024-09-17 14:58:36.639,408.23660597094346,999
2024-09-17 14:58:36.709,408.2271480650468,100
2024-09-17 14:58:36.718,408.2822996010967,95
2024-09-17 14:58:36.862,408.2177151198265,1004
2024-09-17 14:58:36.909,408.2865338244996,1001
2024-09-17 14:58:36.910,408.2372654774167,12
2024-09-17 14:58:37.177,408.2735379906838,1003
2024-09-17 14:58:37.198,408.2636928828365,103
2024-09-17 14:58:37.209,408.26106879265495,998
2024-09-17 14:58:37.336,408.2361723991217,96
2024-09-17 14:58:37.596,408.2383061757629,97
2024-09-17 14:58:37.654,408.2371463566031,101
2024-09-17 14:58:37.814,408.27475253581696,101
2024-09-17 14:58:37.830,408.2442463618606,96
2024-09-17 14:58:37.834,408.26461270202384,9
2024-09-17 14:58:38.008,408.3065583298093,997
2024-09-17 14:58:38.032,408.3004886639411,98
2024-09-17 14:58:38.091,408.2964644926859,98
2024-09-17 14:58:38.111,408.26719358261886,998
2024-09-17 14:58:38.212,408.3170457253483,104
2024-09-17 14:58:38.214,408.29545061928746,9
2024-09-17 14:58:38.218,408.3172432393306,101
2024-09-17 14:58:38.322,408.29009412576295,97
2024-09-17 14:58:38.375,408.2887661360563,10
2024-09-17 14:58:38.403,414.97766099416606,97
2024-09-17 14:58:38.462,408.3262050602936,1003
2024-09-17 14:58:38.477,408.3148120271903,1002
2024-09-17 14:58:38.518,408.2870064436345,5
2024-09-17 14:58:38.533,408.33645720806607,14
2024-09-17 14:58:38.602,408.2931133368861,1000
2024-09-17 14:58:38.618,408.2771497569135,7
2024-09-17 14:58:38.670,408.3152250554023,101
2024-09-17 14:58:38.736,408.2770925673811,95
2024-09-17 14:58:38.830,,1003
2024-09-17 14:58:38.856,408.2960870061781,997
2024-09-17 14:58:38.856,408.32326075929655,995
2024-09-17 14:58:38.896,408.309906740376,999
2024-09-17 14:58:38.963,408.28299752962266,99
2024-09-17 14:58:39.046,408.2833644990377,11
2024-09-17 14:58:39.089,408.3090588131735,996
2024-09-17 14:58:39.122,408.3172154976078,102
2024-09-17 14:58:39.134,408.3118286211438,996
2024-09-17 14:58:39.163,408.3083061440011,995
2024-09-17 14:58:39.232,408.2768763312413,1004
2024-09-17 14:58:39.259,408.339755453235,105
2024-09-17 14:58:39.269,408.3258863972188,101
2024-09-17 14:58:39.317,408.30198839127326,8
2024-09-17 14:58:39.348,408.3243959681224,100
2024-09-17 14:58:39.444,408.3074458511589,102
2024-09-17 14:58:39.454,408.3144605721151,1000
2024-09-17 14:58:39.675,408.3098060505148,1004
2024-09-17 14:58:39.680,408.2943020934314,14
2024-09-17 14:58:39.861,408.28529902785846,11
2024-09-17 14:58:39.875,408.2918852907816,14
2024-09-17 14:58:39.881,408.29030566691296,12
2024-09-17 14:58:40.255,408.21956433496297,11
2024-09-17 14:58:40.257,408.2120377542826,98
2024-09-17 14:58:40.262,408.21710533550674,8
2024-09-17 14:58:40.424,408.295400591339,15
2024-09-17 14:58:40.488,408.22591550184274,102
2024-09-17 14:58:40.523,408.22450466828326,100
2024-09-17 14:58:40.540,408.2079279774289,999
2024-09-17 14:58:40.549,408.2286065201763,12
2024-09-17 14:58:40.578,408.2266794639936,98
2024-09-17 14:58:40.581,408.2571365901408,999
2024-09-17 14:58:40.623,408.27226437275846,10
2024-09-17 14:58:40.644,408.2167713373922,11
2024-09-17 14:58:40.702,408.2977374240482,95
2024-09-17 14:58:40.828,408.2723104447247,100
2024-09-17 14:58:40.882,408.2546477183606,1001
2024-09-17 14:58:40.914,408.2295797045925,104
2024-09-17 14:58:41.046,408.3337575511376,997
2024-09-17 14:58:41.056,408.33383104858177,95
2024-09-17 14:58:41.125,408.30211218316,14
2024-09-17 14:58:41.171,408.3239171498692,13
2024-09-17 14:58:41.210,408.28772866824414,8
2024-09-17 14:58:41.233,408.2847790180373,996
2024-09-17 14:58:41.234,408.2981332784349,997
2024-09-17 14:58:41.258,408.3071262305477,1005
2024-09-17 14:58:41.268,408.3316165593973,95
2024-09-17 14:58:41.388,408.3096040445175,998
2024-09-17 14:58:41.413,408.3316947790229,1005
2024-09-17 14:58:41.418,408.31644258660793,9
2024-09-17 14:58:41.425,408.3250818415704,1001
2024-09-17 14:58:41.566,408.3258885490664,1004
2024-09-17 14:58:41.575,408.2773206902696,11
2024-09-17 14:58:41.600,408.3121041748114,14
2024-09-17 14:58:41.725,408.3309505199371,103
2024-09-17 14:58:41.734,408.28881946769127,13
2024-09-17 14:58:41.755,408.3257592726644,999
2024-09-17 14:58:41.789,408.3273922769779,12
2024-09-17 14:58:41.823,408.3065875466653,101
2024-09-17 14:58:41.833,408.33301573409705,5
2024-09-17 14:58:41.893,408.30287514168975,100
2024-09-17 14:58:41.922,40.82772620466204,997
2024-09-17 14:58:41.962,408.3169456223867,5
2024-09-17 14:58:42.047,408.3022721017963,10
2024-09-17 14:58:42.116,408.28954628617606,102
2024-09-17 14:58:42.163,408.2283174986256,6
2024-09-17 14:58:42.172,408.3038980234135,6
2024-09-17 14:58:42.217,408.2837219197009,8
2024-09-17 14:58:42.224,408.24755927589285,104
2024-09-17 14:58:42.248,408.2566441595384,8
2024-09-17 14:58:42.256,408.2688523997946,95
2024-09-17 14:58:42.321,408.3020868455537,1002
2024-09-17 14:58:42.389,408.26424927913854,103
2024-09-17 14:58:42.431,408.2968480935629,995
2024-09-17 14:58:42.520,408.30070165910655,100
2024-09-17 14:58:42.543,408.2233042151837,5
2024-09-17 14:58:42.577,408.2661647382664,99
2024-09-17 14:58:42.579,408.2665215719172,101
2024-09-17 14:58:42.609,408.2835092906239,105
2024-09-17 14:58:42.620,408.2562232382443,7
2024-09-17 14:58:42.631,40.82517896618928,8
2024-09-17 14:58:42.644,408.26336529525486,104
2024-09-17 14:58:42.645,408.26302549866745,997
2024-09-17 14:58:42.660,408.2612176817465,9
2024-09-17 14:58:42.674,408.2378342277098,995
2024-09-17 14:58:42.678,408.2561499619644,9
2024-09-17 14:58:42.732,408.2693371563859,103
2024-09-17 14:58:42.779,408.2451231765545,1005
2024-09-17 14:58:42.800,408.28306031975904,995
2024-09-17 14:58:42.866,408.2308242260134,97
2024-09-17 14:58:42.942,408.266903563068,98
2024-09-17 14:58:42.992,40.82270283563431,100
2024-09-17 14:58:43.262,408.23695549914186,997
2024-09-17 14:58:43.343,408.2670621889828,1003
2024-09-17 14:58:43.767,408.26778766604434,7
2024-09-17 14:58:43.779,408.2438738666825,14
2024-09-17 14:58:43.832,408.2494244237564,97
2024-09-17 14:58:43.961,408.239758024874,995
2024-09-17 14:58:43.982,408.2553977650663,10
2024-09-17 14:58:44.163,408.1764353149002,1005
2024-09-17 14:58:44.216,408.1856464600919,98
2024-09-17 14:58:44.264,408.19611564090286,996
2024-09-17 14:58:44.297,408.1946584160089,105
2024-09-17 14:58:44.397,408.2143423190825,101
2024-09-17 14:58:44.440,408.18379456713626,1002
2024-09-17 14:58:44.459,408.1963032696008,103
2024-09-17 14:58:44.462,408.1604913153168,97
2024-09-17 14:58:44.506,408.205587359506,1000
2024-09-17 14:58:44.523,408.2245681766948,103
2024-09-17 14:58:44.604,408.2070070812997,996
2024-09-17 14:58:44.670,414.7529247944745,100
2024-09-17 14:58:44.706,408.1976757610971,14
2024-09-17 14:58:44.873,408.1973304333493,997
2024-09-17 14:58:45.030,408.2347989183775,1001
2024-09-17 14:58:45.121,408.2315036155898,99
2024-09-17 14:58:45.147,408.2453401827527,1004
2024-09-17 14:58:45.312,408.1963846391941,10
2024-09-17 14:58:45.360,408.2008299572683,1003
2024-09-17 14:58:45.379,408.2172591974368,997
2024-09-17 14:58:45.421,408.22178950694416,101
2024-09-17 14:58:45.442,408.1919887871059,98
2024-09-17 14:58:45.454,408.2340272346907,97
2024-09-17 14:58:45.574,408.1846288105715,12
2024-09-17 14:58:45.575,408.1885343277339,1000
2024-09-17 14:58:45.636,408.2047737584755,996
2024-09-17 14:58:45.646,408.18281060043074,1000
2024-09-17 14:58:45.658,408.21300523437793,997
2024-09-17 14:58:45.659,408.18391905883226,103
2024-09-17 14:58:45.669,408.1825923503039,999
2024-09-17 14:58:45.761,408.213417992424,997
2024-09-17 14:58:45.866,408.25200169980087,1004
2024-09-17 14:58:45.881,408.1793368482422,15
2024-09-17 14:58:45.932,408.1894150264733,1005
2024-09-17 14:58:46.000,408.1819342306756,15
2024-09-17 14:58:46.142,408.1855337429122,995
2024-09-17 14:58:46.259,408.1948718781511,104
2024-09-17 14:58:46.296,408.19978023491547,7
2024-09-17 14:58:46.328,408.17598571219867,9
2024-09-17 14:58:46.341,408.1656346253904,5
2024-09-17 14:58:46.378,408.1633867268257,105
2024-09-17 14:58:46.424,408.172920750038,104
2024-09-17 14:58:46.488,408.1708829574462,999
2024-09-17 14:58:46.519,408.1684267198353,95
2024-09-17 14:58:46.585,408.1758334971286,1005
2024-09-17 14:58:46.605,408.1732973900516,8
2024-09-17 14:58:46.622,408.1860168214979,10
2024-09-17 14:58:46.632,408.1790852531351,1005
2024-09-17 14:58:46.695,408.1959067405273,1005
2024-09-17 14:58:46.701,408.21487195509087,15
2024-09-17 14:58:46.728,408.1661744095327,996
2024-09-17 14:58:46.737,408.1968724657358,1005
2024-09-17 14:58:46.776,408.2060662806272,13
2024-09-17 14:58:46.783,408.1622972781534,13
2024-09-17 14:58:46.860,408.1910305796388,95
2024-09-17 14:58:46.867,408.1706456680149,103
2024-09-17 14:58:46.895,408.2045136205159,8
2024-09-17 14:58:46.900,408.17974693127417,12
2024-09-17 14:58:46.903,408.2245566151582,1002
2024-09-17 14:58:46.917,408.1554687242469,1003
2024-09-17 14:58:46.951,408.15862369459177,1001
2024-09-17 14:58:46.958,408.1898868646089,1000
2024-09-17 14:58:46.974,408.17721707087617,105
2024-09-17 14:58:47.040,408.19891963185256,105
2024-09-17 14:58:47.098,408.1545924722887,1000
2024-09-17 14:58:47.158,408.1644807367937,1004
2024-09-17 14:58:47.175,408.1573407958406,1005
2024-09-17 14:58:47.193,408.1946748218938,995
2024-09-17 14:58:47.305,408.18232464049,998
2024-09-17 14:58:47.390,408.1677804466747,100
2024-09-17 14:58:47.613,408.1884028845102,5
2024-09-17 14:58:47.619,408.1759009958167,100
2024-09-17 14:58:47.631,408.2208316953215,100
2024-09-17 14:58:47.742,408.1776133145609,99
2024-09-17 14:58:47.805,408.1574908056528,104
2024-09-17 14:58:48.003,408.22774068430016,1003
2024-09-17 14:58:48.029,408.2241593128364,1003
2024-09-17 14:58:48.074,408.1899099791511,997
2024-09-17 14:58:48.141,408.2211694036987,102
2024-09-17 14:58:48.156,408.2095105058957,996
2024-09-17 14:58:48.156,408.2277176232399,15
2024-09-17 14:58:48.157,408.2186812987457,995
2024-09-17 14:58:48.225,408.21898717586913,99
2024-09-17 14:58:48.268,408.1934895328724,13
2024-09-17 14:58:48.294,408.1665359857758,99
2024-09-17 14:58:48.587,408.2035422053054,996
2024-09-17 14:58:48.704,408.1967153343769,5
2024-09-17 14:58:48.732,408.2033358859406,7
2024-09-17 14:58:48.753,40.8222919777766,98
2024-09-17 14:58:48.769,408.2052695406025,12
2024-09-17 14:58:48.831,408.18683700675047,5
2024-09-17 14:58:48.847,408.1691144502694,995
2024-09-17 14:58:48.884,408.1914103248672,15
2024-09-17 14:58:48.959,408.1753273869691,96
2024-09-17 14:58:49.083,408.1485249014474,96
2024-09-17 14:58:49.168,408.1320155141709,104
2024-09-17 14:58:49.192,40.81099194805119,105
2024-09-17 14:58:49.260,408.1495895609356,103
2024-09-17 14:58:49.306,408.1756574556436,103
2024-09-17 14:58:49.393,408.1147543006117,101
2024-09-17 14:58:49.547,408.19289290970033,1004
2024-09-17 14:58:49.609,408.1865860027224,14
2024-09-17 14:58:49.663,408.1646436280173,1001
2024-09-17 14:58:49.684,408.1192254451186,1000
2024-09-17 14:58:49.686,408.16776401829554,1000
2024-09-17 14:58:49.710,408.12855151385855,1002
2024-09-17 14:58:49.872,408.1818303511964,995
2024-09-17 14:58:49.909,408.1624451944919,98
2024-09-17 14:58:49.926,408.1364284795974,1000
2024-09-17 14:58:49.929,408.1071298602234,6
2024-09-17 14:58:49.951,408.2116591211587,999
2024-09-17 14:58:49.969,408.1556262036223,11
2024-09-17 14:58:49.990,408.1786063686977,97
2024-09-17 14:58:50.010,408.0629693760545,997
2024-09-17 14:58:50.045,408.0745203709119,13
2024-09-17 14:58:50.056,408.0971079660572,100
2024-09-17 14:58:50.133,408.057240266174,7
2024-09-17 14:58:50.168,407.9880220073884,14
2024-09-17 14:58:50.186,408.0189108262572,9
2024-09-17 14:58:50.198,408.1002680103602,7
2024-09-17 14:58:50.228,408.0715195037209,96
2024-09-17 14:58:50.229,408.0956374791792,1003
2024-09-17 14:58:50.239,408.0990709892821,103
2024-09-17 14:58:50.315,408.0717043746558,102
2024-09-17 14:58:50.319,408.0788240379531,95
2024-09-17 14:58:50.389,408.1176241811334,1004
2024-09-17 14:58:50.412,408.0865127131272,1004
2024-09-17 14:58:50.532,408.0690954732645,1004
2024-09-17 14:58:50.614,408.1004533152924,997
2024-09-17 14:58:50.639,408.0653465756843,95
2024-09-17 14:58:50.641,408.04618240486457,15
2024-09-17 14:58:50.667,408.0986440657621,9
2024-09-17 14:58:50.715,408.09901804223534,997
2024-09-17 14:58:50.719,408.05807707788097,100
2024-09-17 14:58:50.740,,9
2024-09-17 14:58:50.745,408.1106812119461,99
2024-09-17 14:58:50.826,408.1000490749936,7
2024-09-17 14:58:50.834,408.0961652636303,101
2024-09-17 14:58:50.875,408.017964952987,1004
2024-09-17 14:58:50.891,407.9999243127318,100
2024-09-17 14:58:50.910,408.00036479540097,9
2024-09-17 14:58:50.974,408.0940988637735,98
2024-09-17 14:58:51.106,407.99377577233736,1004
2024-09-17 14:58:51.268,407.9911442511435,103
2024-09-17 14:58:51.380,407.9950904659682,101
2024-09-17 14:58:51.416,407.99388246161936,104
2024-09-17 14:58:51.550,408.0059798438949,1005
2024-09-17 14:58:51.563,407.9951775085587,1005
2024-09-17 14:58:51.584,408.0129551037337,1004
2024-09-17 14:58:51.704,407.99105809985537,99
2024-09-17 14:58:51.821,407.9937393451828,97
2024-09-17 14:58:51.880,407.9969013739354,103
2024-09-17 14:58:51.881,407.9933778098497,1001
2024-09-17 14:58:51.902,408.00739357133256,6
2024-09-17 14:58:51.973,407.989369012812,12
2024-09-17 14:58:52.168,408.0132435147316,7
2024-09-17 14:58:52.425,408.04168651483934,104
2024-09-17 14:58:52.461,408.0353572912375,97
2024-09-17 14:58:52.592,408.0400000331588,1003
2024-09-17 14:58:52.623,408.04477855297046,5
2024-09-17 14:58:52.771,408.03349688293935,1003
2024-09-17 14:58:52.798,408.01401684608135,95
2024-09-17 14:58:52.809,408.0369075697218,8
2024-09-17 14:58:52.911,408.0224338643691,1004
2024-09-17 14:58:52.947,408.0539528689601,100
2024-09-17 14:58:53.023,407.99757389533255,14
2024-09-17 14:58:53.297,40.80253452518672,9
2024-09-17 14:58:53.441,408.0058871405242,100
2024-09-17 14:58:53.469,-408.0084799426285,997
2024-09-17 14:58:53.625,408.0315339367806,5
2024-09-17 14:58:53.685,408.0004604480218,102
2024-09-17 14:58:53.728,407.99107169697606,10
2024-09-17 14:58:53.746,408.0237711816212,14
2024-09-17 14:58:53.754,408.0147740515931,12
2024-09-17 14:58:53.848,408.02231916853145,998
2024-09-17 14:58:53.856,408.0122636153147,103
2024-09-17 14:58:53.856,407.99598320049415,11
2024-09-17 14:58:54.034,407.994695393423,10
2024-09-17 14:58:54.080,408.0007885966435,6
2024-09-17 14:58:54.116,407.9749569101347,8
2024-09-17 14:58:54.130,407.99273764853285,5
2024-09-17 14:58:54.238,408.0044886054501,1005
2024-09-17 14:58:54.311,-407.9968508484282,1003
2024-09-17 14:58:54.460,407.97831996256497,1003
2024-09-17 14:58:54.465,407.9815082285433,998
2024-09-17 14:58:54.507,408.0096364233534,97
2024-09-17 14:58:54.520,407.9737650565509,13
2024-09-17 14:58:54.575,407.9874433402261,1001
2024-09-17 14:58:54.770,407.96010645996216,998
2024-09-17 14:58:54.924,407.9925149519013,8
2024-09-17 14:58:54.934,408.00633504186095,1004
2024-09-17 14:58:54.972,407.97519026517296,95
2024-09-17 14:58:54.987,407.98153804050526,1004
2024-09-17 14:58:55.160,407.9991109357932,998
2024-09-17 14:58:55.241,408.0200117859077,100
2024-09-17 14:58:56.038,407.99919941966544,6
2024-09-17 14:58:56.147,407.9740989526642,104
2024-09-17 14:58:56.195,407.9639231032023,8
2024-09-17 14:58:56.199,407.9625847731808,96
2024-09-17 14:58:56.207,414.7297498428729,103
2024-09-17 14:58:56.233,408.0031463477097,11
2024-09-17 14:58:56.324,407.9883587761289,102
2024-09-17 14:58:56.325,407.9590010599509,1005
2024-09-17 14:58:56.339,407.985900209352,98
2024-09-17 14:58:56.348,407.98371943763885,8
2024-09-17 14:58:56.364,407.9927048416277,96
2024-09-17 14:58:56.373,407.98729603426096,998
2024-09-17 14:58:56.388,407.9867400673935,100
2024-09-17 14:58:56.444,408.010092902317,996
2024-09-17 14:58:56.540,407.995174524865,95
2024-09-17 14:58:56.615,407.9714090813642,1003
2024-09-17 14:58:56.617,408.0083899925542,11
2024-09-17 14:58:56.649,408.0082407648776,1005
2024-09-17 14:58:56.701,,95
2024-09-17 14:58:56.704,407.955014429133,12
2024-09-17 14:58:56.731,408.0215889216801,995
2024-09-17 14:58:56.768,407.97598831235234,103
2024-09-17 14:58:56.778,408.0033837114729,14
2024-09-17 14:58:56.784,407.97583749499984,14
2024-09-17 14:58:56.803,407.96122131897255,104
2024-09-17 14:58:56.851,408.0007962126479,998
2024-09-17 14:58:56.859,407.9987718801145,7
2024-09-17 14:58:56.911,408.03091454640594,13
2024-09-17 14:58:56.973,407.96810924019866,995
2024-09-17 14:58:58.038,408.028200256465,6
2024-09-17 14:58:58.079,408.03072944170793,1000
2024-09-17 14:58:58.389,408.0079564378712,98
2024-09-17 14:58:58.403,407.9954911283517,7
2024-09-17 14:58:58.423,408.0399223576806,102
2024-09-17 14:58:58.503,407.98135988888544,1001
2024-09-17 14:58:58.519,408.0277708468608,15
2024-09-17 14:58:58.550,408.011773373093,995
2024-09-17 14:58:58.602,408.0017127535036,11
2024-09-17 14:58:58.614,408.0290235940346,5
2024-09-17 14:58:58.628,408.021996399409,1004
2024-09-17 14:58:58.660,408.000105477348,101
2024-09-17 14:58:58.693,408.0163338143252,10
2024-09-17 14:58:58.759,407.9946219450048,96
2024-09-17 14:58:58.819,408.0391576640098,1002
2024-09-17 14:58:58.861,408.03249621119966,8
2024-09-17 14:58:58.869,408.018241035364,7
2024-09-17 14:58:58.895,408.01477669916216,98
2024-09-17 14:58:58.896,407.9905742086471,12
2024-09-17 14:58:58.940,408.01251193190177,6
2024-09-17 14:58:59.058,408.00964993762494,11
2024-09-17 14:58:59.411,408.004525096897,1004
2024-09-17 14:58:59.555,407.97688076444416,6
2024-09-17 14:58:59.813,408.0018267179871,1004
