Timestamp,Price,Size
2024-09-16 12:29:00.012,415.8440506934626,102
2024-09-16 12:29:00.072,415.8216706336488,7
2024-09-16 12:29:00.074,415.8538101733217,995
2024-09-16 12:29:00.088,415.93015312136816,997
2024-09-16 12:29:00.130,415.8556628759095,97
2024-09-16 12:29:00.160,415.86627784093616,99
2024-09-16 12:29:00.169,415.87791494476215,1001
2024-09-16 12:29:00.264,415.8447698553964,999
2024-09-16 12:29:00.280,415.88770454370587,7
2024-09-16 12:29:00.368,415.8625710622059,997
2024-09-16 12:29:00.371,415.8691143589932,98
2024-09-16 12:29:00.424,415.8655522262966,96
2024-09-16 12:29:00.489,415.85202383081713,14
2024-09-16 12:29:00.551,415.885999794892,1004
2024-09-16 12:29:00.564,415.9002826235289,12
2024-09-16 12:29:00.605,415.8760986302498,98
2024-09-16 12:29:00.616,415.8370572882893,100
2024-09-16 12:29:00.651,415.854383353125,11
2024-09-16 12:29:00.701,415.8901319736041,95
2024-09-16 12:29:00.729,415.8485775647576,99
2024-09-16 12:29:00.748,415.8506811610181,1004
2024-09-16 12:29:00.809,415.8840626889634,1000
2024-09-16 12:29:00.822,415.8377076812919,1002
2024-09-16 12:29:00.910,415.857626533724,96
2024-09-16 12:29:00.982,415.9195679433774,95
2024-09-16 12:29:00.982,415.87132768548,6
2024-09-16 12:29:00.992,415.8656929564505,98
2024-09-16 12:29:00.997,415.90366683016055,999
2024-09-16 12:29:01.032,415.8785541634524,13
2024-09-16 12:29:01.078,415.9322107011007,99
2024-09-16 12:29:01.126,415.89637905384217,5
2024-09-16 12:29:01.130,415.9242127449406,14
2024-09-16 12:29:01.138,415.9088954217371,8
2024-09-16 12:29:01.214,415.89479127806527,101
2024-09-16 12:29:01.264,415.89488682398127,1003
2024-09-16 12:29:01.287,415.8997588915949,97
2024-09-16 12:29:01.288,415.9003911299258,102
2024-09-16 12:29:01.293,415.8993464135314,95
2024-09-16 12:29:01.369,415.9447123330233,100
2024-09-16 12:29:01.405,415.9310566778016,1002
2024-09-16 12:29:01.436,415.9281733469747,99
2024-09-16 12:29:01.447,415.8933851276629,95
2024-09-16 12:29:01.494,415.89353598327847,999
2024-09-16 12:29:01.500,415.89789470371176,104
2024-09-16 12:29:01.622,415.92360965352754,104
2024-09-16 12:29:01.630,415.9311385452055,1005
2024-09-16 12:29:01.717,415.9226348435332,102
2024-09-16 12:29:01.821,415.8909929503453,999
2024-09-16 12:29:01.830,415.9304989983349,5
2024-09-16 12:29:01.854,415.8668846610556,6
2024-09-16 12:29:01.874,415.9043365272451,1004
2024-09-16 12:29:01.885,415.89484790205273,95
2024-09-16 12:29:01.906,415.897003349146,98
2024-09-16 12:29:01.961,415.9099086762664,102
2024-09-16 12:29:02.062,415.8691130007267,1000
2024-09-16 12:29:02.127,415.8136950225119,98
2024-09-16 12:29:02.215,415.866403027853,1002
2024-09-16 12:29:02.231,415.8074336254176,95
2024-09-16 12:29:02.288,415.8298846716529,1004
2024-09-16 12:29:02.299,415.8304491433557,103
2024-09-16 12:29:02.306,415.8742261368748,12
2024-09-16 12:29:02.337,415.8753926393213,12
2024-09-16 12:29:02.349,415.8203874601052,102
2024-09-16 12:29:02.380,415.8148886604348,101
2024-09-16 12:29:02.428,415.8687046572037,12
2024-09-16 12:29:02.447,415.8734145854696,104
2024-09-16 12:29:02.470,415.876409705244,995
2024-09-16 12:29:02.483,415.86667813324993,7
2024-09-16 12:29:02.494,415.8802317690446,1004
2024-09-16 12:29:02.542,415.8270402384465,1001
2024-09-16 12:29:02.562,415.8788428893157,13
2024-09-16 12:29:02.642,415.86460686463965,7
2024-09-16 12:29:02.658,415.8026732420518,105
2024-09-16 12:29:02.670,415.87226038150624,1001
2024-09-16 12:29:02.714,415.87473407193727,1003
2024-09-16 12:29:02.732,415.8180026625324,99
2024-09-16 12:29:02.760,415.8677195855748,100
2024-09-16 12:29:02.770,415.8598461601898,996
2024-09-16 12:29:02.818,415.8343415025621,999
2024-09-16 12:29:02.831,415.8339245733407,99
2024-09-16 12:29:02.880,415.8834355562026,1001
2024-09-16 12:29:02.900,415.88390547519913,102
2024-09-16 12:29:02.955,415.83154709543777,100
2024-09-16 12:29:03.004,415.8691569617236,6
2024-09-16 12:29:03.029,415.8270718712609,997
2024-09-16 12:29:03.032,415.7973998877305,100
2024-09-16 12:29:03.035,415.84679025867257,103
2024-09-16 12:29:03.338,415.80542591336393,104
2024-09-16 12:29:03.412,415.8314491706158,7
2024-09-16 12:29:03.432,415.8399070857365,102
2024-09-16 12:29:03.450,415.8162741690989,9
2024-09-16 12:29:03.492,415.803842341095,10
2024-09-16 12:29:03.496,415.8698521511379,7
2024-09-16 12:29:03.545,415.8255705909945,98
2024-09-16 12:29:03.586,415.858254593268,1004
2024-09-16 12:29:03.603,415.8309691224047,1000
2024-09-16 12:29:03.606,415.8627646590023,95
2024-09-16 12:29:03.641,415.86887092538586,1002
2024-09-16 12:29:03.644,415.8389675977757,1003
2024-09-16 12:29:03.665,415.8246425129614,101
2024-09-16 12:29:03.678,415.8588505768856,100
2024-09-16 12:29:03.706,415.8262721265826,9
2024-09-16 12:29:03.764,415.83032538071615,11
2024-09-16 12:29:03.810,415.8370548730791,1001
2024-09-16 12:29:03.825,415.81886777866873,105
2024-09-16 12:29:03.832,415.7888248487727,10
2024-09-16 12:29:03.885,415.8026211217469,96
2024-09-16 12:29:03.969,415.85761238892576,103
2024-09-16 12:29:04.157,415.8638606882616,1005
2024-09-16 12:29:04.158,415.7461506440254,7
2024-09-16 12:29:04.328,415.8602142618455,997
2024-09-16 12:29:04.496,415.8689286661406,14
2024-09-16 12:29:04.609,415.7477200682792,95
2024-09-16 12:29:04.670,415.8643076905671,999
2024-09-16 12:29:04.788,415.7728200059042,1002
2024-09-16 12:29:04.889,415.7943302122557,9
2024-09-16 12:29:04.900,415.7599521433,997
2024-09-16 12:29:04.902,415.8673629589259,1004
2024-09-16 12:29:04.918,415.746194353999,100
2024-09-16 12:29:04.994,415.8263463702747,998
2024-09-16 12:29:05.001,415.7948075838047,12
2024-09-16 12:29:05.023,415.78022650744487,1004
2024-09-16 12:29:05.027,415.7424741799013,15
2024-09-16 12:29:05.052,415.7400255370607,1005
2024-09-16 12:29:05.067,415.7863171605462,11
2024-09-16 12:29:05.134,415.779076195436,10
2024-09-16 12:29:05.158,415.79102817925735,104
2024-09-16 12:29:05.249,415.79054058203127,102
2024-09-16 12:29:05.254,415.7725138517783,1002
2024-09-16 12:29:05.278,415.7974862044744,5
2024-09-16 12:29:05.301,415.7653937199945,8
2024-09-16 12:29:05.377,415.7465641461048,1004
2024-09-16 12:29:05.434,415.7244476590796,102
2024-09-16 12:29:05.449,415.78691470733565,14
2024-09-16 12:29:05.526,415.78904582444216,13
2024-09-16 12:29:05.542,415.7922007166882,998
2024-09-16 12:29:05.543,415.7482019173322,999
2024-09-16 12:29:05.614,415.7509927482047,1001
2024-09-16 12:29:05.664,415.7495834093266,6
2024-09-16 12:29:05.792,415.7446257710469,105
2024-09-16 12:29:05.965,415.7880040948035,101
2024-09-16 12:29:05.967,415.78502285222095,97
2024-09-16 12:29:05.975,415.7313979875264,9
2024-09-16 12:29:05.979,415.7297737872366,996
2024-09-16 12:29:05.980,415.73579919642367,6
2024-09-16 12:29:05.981,415.7939266097518,100
2024-09-16 12:29:06.041,415.6846750985272,97
2024-09-16 12:29:06.074,415.6769155815744,1002
2024-09-16 12:29:06.138,415.6933498694255,11
2024-09-16 12:29:06.141,415.7528235850885,96
2024-09-16 12:29:06.185,415.6755816201813,14
2024-09-16 12:29:06.204,415.7169263363168,102
2024-09-16 12:29:06.228,415.6638721613849,5
2024-09-16 12:29:06.237,415.7740196577229,95
2024-09-16 12:29:06.244,415.763892584825,10
2024-09-16 12:29:06.247,415.729499042414,10
2024-09-16 12:29:06.268,415.67616903843646,97
2024-09-16 12:29:06.303,415.6815716065337,97
2024-09-16 12:29:06.323,415.662172731278,11
2024-09-16 12:29:06.326,415.6963091967052,99
2024-09-16 12:29:06.370,415.7846106978684,8
2024-09-16 12:29:06.501,415.7136586441133,98
2024-09-16 12:29:06.515,415.6888693974478,7
2024-09-16 12:29:06.708,415.6858880189017,5
2024-09-16 12:29:06.745,41.573245291073846,1001
2024-09-16 12:29:06.765,415.7003426198599,6
2024-09-16 12:29:06.802,415.7119862572818,105
2024-09-16 12:29:06.805,415.68401225414834,100
2024-09-16 12:29:06.852,415.7078932007366,99
2024-09-16 12:29:06.870,415.7790776470741,12
2024-09-16 12:29:06.904,415.6901365322181,9
2024-09-16 12:29:07.422,415.6676004055825,101
2024-09-16 12:29:07.462,415.700098075048,15
2024-09-16 12:29:07.503,415.6489209999981,999
2024-09-16 12:29:07.575,415.6828885928089,14
2024-09-16 12:29:07.589,415.6907097457329,996
2024-09-16 12:29:07.608,415.69099149529575,998
2024-09-16 12:29:08.003,415.5745488236836,103
2024-09-16 12:29:08.140,415.61755954150135,12
2024-09-16 12:29:08.362,415.6720457345318,1000
2024-09-16 12:29:08.402,415.6332945145427,1002
2024-09-16 12:29:08.604,415.5991890870385,1003
2024-09-16 12:29:08.609,415.66320363513006,7
2024-09-16 12:29:08.686,415.6553196199462,7
2024-09-16 12:29:08.696,415.6680057970842,8
2024-09-16 12:29:08.928,415.5857980831784,97
2024-09-16 12:29:09.056,415.5988479857143,996
2024-09-16 12:29:09.102,415.56688898897,97
2024-09-16 12:29:09.174,415.57110052488,7
2024-09-16 12:29:09.269,415.5840189901023,5
2024-09-16 12:29:09.321,415.56186290733626,996
2024-09-16 12:29:09.504,415.58820835222616,9
2024-09-16 12:29:09.617,415.59261741575074,105
2024-09-16 12:29:09.617,415.55345125657936,13
2024-09-16 12:29:09.619,415.5863468858085,103
2024-09-16 12:29:09.673,415.58591761828967,11
2024-09-16 12:29:09.832,415.5595814622855,11
2024-09-16 12:29:09.893,415.5868360248363,95
2024-09-16 12:29:09.899,415.5823957983267,996
2024-09-16 12:29:09.998,415.5849785991778,9
2024-09-16 12:29:10.023,415.5884455731116,5
2024-09-16 12:29:10.097,415.5863794244188,6
2024-09-16 12:29:10.123,415.5477900115444,102
2024-09-16 12:29:10.215,415.5494164660795,1003
2024-09-16 12:29:10.217,415.56157343552303,996
2024-09-16 12:29:10.259,415.5521341603707,101
2024-09-16 12:29:10.321,415.5641183404072,100
2024-09-16 12:29:10.337,415.5707418727381,99
2024-09-16 12:29:10.434,415.5465612944945,1004
2024-09-16 12:29:10.435,415.54340248177584,105
2024-09-16 12:29:10.439,415.5507504298412,101
2024-09-16 12:29:10.663,415.55410331646215,12
2024-09-16 12:29:10.751,415.57439907884304,1000
2024-09-16 12:29:10.755,415.5767229842653,1000
2024-09-16 12:29:10.894,415.5528063460301,1005
2024-09-16 12:29:10.899,415.5380974323279,13
2024-09-16 12:29:10.931,415.5465260220543,100
2024-09-16 12:29:10.966,415.5646913766735,97
2024-09-16 12:29:10.982,415.5469173173914,1002
2024-09-16 12:29:10.987,415.5776279894613,996
2024-09-16 12:29:11.009,415.5806633806246,105
2024-09-16 12:29:11.084,415.59253285284615,97
2024-09-16 12:29:11.089,415.6056513473027,103
2024-09-16 12:29:11.124,415.5691893816809,96
2024-09-16 12:29:11.223,415.6203635707172,998
2024-09-16 12:29:11.343,415.60049070305024,95
2024-09-16 12:29:11.410,415.5849026455167,14
2024-09-16 12:29:11.435,415.5960690946728,105
2024-09-16 12:29:11.441,415.60027474925175,8
2024-09-16 12:29:11.452,415.6363684767716,101
2024-09-16 12:29:11.537,415.6170324979126,103
2024-09-16 12:29:11.580,415.5831176328117,11
2024-09-16 12:29:11.599,415.61115050396944,11
2024-09-16 12:29:11.630,415.60785358307504,99
2024-09-16 12:29:11.632,415.6034361332522,12
2024-09-16 12:29:11.649,415.5955534523356,9
2024-09-16 12:29:11.655,415.61704612261167,997
2024-09-16 12:29:11.732,415.61677486369535,14
2024-09-16 12:29:11.791,,14
2024-09-16 12:29:11.797,415.5794548397644,105
2024-09-16 12:29:11.802,415.58455545390825,99
2024-09-16 12:29:11.812,415.6082728701936,96
2024-09-16 12:29:11.916,415.6278936285897,996
2024-09-16 12:29:11.937,415.6186461374864,14
2024-09-16 12:29:11.952,415.5790231814067,1004
2024-09-16 12:29:11.960,415.632639040408,6
2024-09-16 12:29:12.195,415.6332358109189,13
2024-09-16 12:29:12.199,415.6344332525869,13
2024-09-16 12:29:12.540,415.6312257956291,999
2024-09-16 12:29:12.839,415.6422780072165,1004
2024-09-16 12:29:12.944,415.62257863296907,6
2024-09-16 12:29:13.355,415.64079599293433,1000
2024-09-16 12:29:13.383,415.65283333372014,105
2024-09-16 12:29:13.586,415.64736752817697,1001
2024-09-16 12:29:13.957,415.6390384978776,105
2024-09-16 12:29:14.044,415.6019497266035,1005
2024-09-16 12:29:14.106,415.6543020691941,11
2024-09-16 12:29:14.111,415.6654594044621,5
2024-09-16 12:29:14.186,415.6087107980919,102
2024-09-16 12:29:14.216,415.6252774015901,11
2024-09-16 12:29:14.249,415.6433212284541,1003
2024-09-16 12:29:14.268,415.62739459878713,99
2024-09-16 12:29:14.415,415.6080362656386,7
2024-09-16 12:29:14.422,415.624587434858,99
2024-09-16 12:29:14.466,415.63971657706486,102
2024-09-16 12:29:14.503,415.6745165089302,103
2024-09-16 12:29:14.524,415.6450238255503,96
2024-09-16 12:29:14.536,415.63871403434274,103
2024-09-16 12:29:14.539,415.618327945804,1005
2024-09-16 12:29:14.557,415.6312296965817,997
2024-09-16 12:29:14.638,415.6391650339542,98
2024-09-16 12:29:14.690,415.6455145567604,99
2024-09-16 12:29:14.723,415.6227360754938,96
2024-09-16 12:29:14.751,415.63276950480383,104
2024-09-16 12:29:14.803,415.63362715094166,1001
2024-09-16 12:29:14.825,415.62536224319575,1005
2024-09-16 12:29:14.992,415.6044672061211,100
2024-09-16 12:29:15.022,415.5479554053334,15
2024-09-16 12:29:15.091,415.55853133837815,1001
2024-09-16 12:29:15.094,415.5909187753541,1003
2024-09-16 12:29:15.101,415.5903253106392,105
2024-09-16 12:29:15.173,415.6222460446142,102
2024-09-16 12:29:15.183,415.5829059926032,100
2024-09-16 12:29:15.186,415.5942941898611,99
2024-09-16 12:29:15.193,415.57043790388576,14
2024-09-16 12:29:15.210,415.583267837563,6
2024-09-16 12:29:15.250,415.5698829496678,95
2024-09-16 12:29:15.309,415.5806164898256,11
2024-09-16 12:29:15.329,415.5644686132168,11
2024-09-16 12:29:15.424,415.58224618368047,1001
2024-09-16 12:29:15.476,415.6108222086507,10
2024-09-16 12:29:15.487,415.5808718806445,1005
2024-09-16 12:29:15.531,415.57263556781385,996
2024-09-16 12:29:15.624,415.635534024001,105
2024-09-16 12:29:15.649,415.5735193359287,96
2024-09-16 12:29:15.693,415.6122096030013,996
2024-09-16 12:29:15.715,415.5848150419407,1001
2024-09-16 12:29:15.722,415.5703650837832,997
2024-09-16 12:29:15.752,415.59663308938906,998
2024-09-16 12:29:15.828,415.5850241945812,1002
2024-09-16 12:29:15.840,415.59600318573433,14
2024-09-16 12:29:15.872,415.5676626400098,10
2024-09-16 12:29:15.952,415.581642447279,998
2024-09-16 12:29:15.991,415.5599243499794,1003
2024-09-16 12:29:16.121,41.55959345671437,102
2024-09-16 12:29:17.053,415.62377523151247,1004
2024-09-16 12:29:17.077,415.63362265195445,11
2024-09-16 12:29:17.088,415.6238544182768,998
2024-09-16 12:29:17.126,415.5971128465923,1002
2024-09-16 12:29:17.130,415.60980843693153,96
2024-09-16 12:29:17.177,415.62472462648026,1000
2024-09-16 12:29:17.289,415.61408444313565,98
2024-09-16 12:29:17.368,415.6003124831237,101
2024-09-16 12:29:17.413,415.5978915350617,10
2024-09-16 12:29:17.487,415.6409992057207,998
2024-09-16 12:29:17.530,415.6301757211341,1001
2024-09-16 12:29:17.530,415.58899577904594,8
2024-09-16 12:29:17.541,415.6204581290963,96
2024-09-16 12:29:17.567,415.6047584900856,99
2024-09-16 12:29:17.687,415.5889881928173,13
2024-09-16 12:29:17.797,415.59034795063377,102
2024-09-16 12:29:17.839,415.6397361117408,998
2024-09-16 12:29:17.910,415.58589721261126,104
2024-09-16 12:29:17.916,415.5983483840282,8
2024-09-16 12:29:17.991,415.5895929594543,95
2024-09-16 12:29:18.125,415.5836823682972,101
2024-09-16 12:29:18.311,415.5109968833766,103
2024-09-16 12:29:18.408,415.5147988810695,99
2024-09-16 12:29:18.581,415.5760452342273,1005
2024-09-16 12:29:18.592,415.52385421590384,104
2024-09-16 12:29:18.694,415.5724362406583,996
2024-09-16 12:29:18.695,415.5186727073775,1003
2024-09-16 12:29:18.718,415.5151537157265,13
2024-09-16 12:29:18.744,415.5531450199477,5
2024-09-16 12:29:18.851,415.506205704564,15
2024-09-16 12:29:18.872,415.5803925835528,99
2024-09-16 12:29:18.888,415.5001469131878,6
2024-09-16 12:29:18.952,415.5933325402772,999
2024-09-16 12:29:18.976,415.5696559799608,103
2024-09-16 12:29:19.023,415.4430603619852,13
2024-09-16 12:29:19.062,415.460460011778,101
2024-09-16 12:29:19.126,415.4793970365748,101
2024-09-16 12:29:19.253,415.4503313835197,1000
2024-09-16 12:29:19.269,415.4808332022999,9
2024-09-16 12:29:19.291,415.46772526510114,100
2024-09-16 12:29:19.301,415.4727932091402,6
2024-09-16 12:29:19.303,415.44689600981206,104
2024-09-16 12:29:19.328,415.454950391076,9
2024-09-16 12:29:19.330,415.46438966716784,998
2024-09-16 12:29:19.390,415.4508923363605,999
2024-09-16 12:29:19.452,415.4852187519885,15
2024-09-16 12:29:19.456,415.4733720643131,10
2024-09-16 12:29:19.471,415.4475163825158,1002
2024-09-16 12:29:19.498,415.45393135096623,103
2024-09-16 12:29:19.502,415.4592167546502,102
2024-09-16 12:29:19.541,415.4969355284544,998
2024-09-16 12:29:19.647,415.53090275519,100
2024-09-16 12:29:19.656,415.4901946737778,999
2024-09-16 12:29:19.680,415.5306951940217,105
2024-09-16 12:29:19.699,415.47671270070094,998
2024-09-16 12:29:19.716,415.4784115097351,105
2024-09-16 12:29:19.752,415.4895131329272,101
2024-09-16 12:29:19.767,415.5222745306345,1005
2024-09-16 12:29:19.804,415.5194873854954,96
2024-09-16 12:29:20.026,415.4923512036677,1002
2024-09-16 12:29:20.081,41.545314548476185,1000
2024-09-16 12:29:20.109,415.47703826860345,1000
2024-09-16 12:29:20.111,415.4449779318211,1004
2024-09-16 12:29:20.158,415.4683025635436,1003
2024-09-16 12:29:20.183,415.467322030576,104
2024-09-16 12:29:20.206,415.4602154660195,104
2024-09-16 12:29:20.285,415.4821354663946,12
2024-09-16 12:29:20.413,415.4364234959386,10
2024-09-16 12:29:20.421,415.4814423381292,9
2024-09-16 12:29:20.425,415.4900738219913,995
2024-09-16 12:29:20.448,415.4880411156757,14
2024-09-16 12:29:20.739,415.4470785331989,5
2024-09-16 12:29:20.977,-415.4791239902543,97
2024-09-16 12:29:20.992,415.453557868832,14
2024-09-16 12:29:21.008,415.3454120451626,1002
2024-09-16 12:29:21.023,415.36483792766745,11
2024-09-16 12:29:21.028,415.45681005685816,8
2024-09-16 12:29:21.047,415.4063793936601,1002
2024-09-16 12:29:21.056,415.4095087503483,100
2024-09-16 12:29:21.090,415.3965229745877,96
2024-09-16 12:29:21.139,415.39026298825365,5
2024-09-16 12:29:21.168,415.3829059544105,1003
2024-09-16 12:29:21.192,415.40020726464,15
2024-09-16 12:29:21.232,415.4165298241181,103
2024-09-16 12:29:21.282,415.3988720204557,997
2024-09-16 12:29:21.393,-415.3734983377288,1000
2024-09-16 12:29:21.441,415.38834824336953,13
2024-09-16 12:29:21.450,415.3742844010204,7
2024-09-16 12:29:21.470,415.388992673092,104
2024-09-16 12:29:21.508,415.3767612652059,102
2024-09-16 12:29:21.508,415.4182919895416,95
2024-09-16 12:29:21.523,415.4077127033578,7
2024-09-16 12:29:21.564,415.4183759770336,11
2024-09-16 12:29:21.596,-415.36657452799096,9
2024-09-16 12:29:21.680,415.4194526539866,9
2024-09-16 12:29:21.710,415.3864580742129,8
2024-09-16 12:29:21.744,415.3687709873842,100
2024-09-16 12:29:21.799,415.4214193349034,5
2024-09-16 12:29:21.806,415.40316676841246,1003
2024-09-16 12:29:21.833,415.3804471939317,999
2024-09-16 12:29:21.865,415.41154858815526,96
2024-09-16 12:29:21.905,415.4172233971023,98
2024-09-16 12:29:21.922,415.3394774664201,98
2024-09-16 12:29:21.953,415.4344087834823,996
2024-09-16 12:29:22.003,415.3655582211238,13
2024-09-16 12:29:22.109,415.3981581764672,1001
2024-09-16 12:29:22.114,415.4054293978506,98
2024-09-16 12:29:22.151,415.4017987342098,8
2024-09-16 12:29:22.168,415.3908801479995,995
2024-09-16 12:29:22.185,415.3957787091026,99
2024-09-16 12:29:22.221,415.4139736940144,996
2024-09-16 12:29:22.309,415.3849144783676,8
2024-09-16 12:29:22.355,415.4012266268669,995
2024-09-16 12:29:22.416,415.3805758656332,9
2024-09-16 12:29:22.503,415.4069782919892,8
2024-09-16 12:29:22.557,415.4076259615634,15
2024-09-16 12:29:22.563,415.3784971516583,10
2024-09-16 12:29:22.577,415.392009252045,15
2024-09-16 12:29:22.653,415.4037981578314,102
2024-09-16 12:29:22.672,415.3788936036556,1004
2024-09-16 12:29:22.829,415.4089573401337,6
2024-09-16 12:29:22.883,415.39342697162215,15
2024-09-16 12:29:23.056,415.3928696066599,1002
2024-09-16 12:29:23.247,415.40383638049946,1003
2024-09-16 12:29:23.560,415.3896340067451,5
2024-09-16 12:29:23.575,415.4070166997848,996
2024-09-16 12:29:23.607,415.3977456013383,11
2024-09-16 12:29:23.651,-415.375387614824,96
2024-09-16 12:29:23.781,415.378567025439,14
2024-09-16 12:29:23.927,415.3873925306914,12
2024-09-16 12:29:24.023,415.4315007180212,14
2024-09-16 12:29:24.032,415.4264571408637,996
2024-09-16 12:29:24.044,,95
2024-09-16 12:29:24.077,415.4356909343332,7
2024-09-16 12:29:24.188,415.42040523352085,98
2024-09-16 12:29:24.201,415.4561581347292,11
2024-09-16 12:29:24.205,415.46555614894567,8
2024-09-16 12:29:24.259,415.4309676744701,14
2024-09-16 12:29:24.297,415.43018613197313,9
2024-09-16 12:29:24.351,415.4384756736207,97
2024-09-16 12:29:24.392,415.4511468136256,10
2024-09-16 12:29:24.419,415.4760860277208,105
2024-09-16 12:29:24.484,415.4848395490954,102
2024-09-16 12:29:24.485,415.447603293604,98
2024-09-16 12:29:24.524,415.4035437693902,15
2024-09-16 12:29:24.587,415.42655825805554,8
2024-09-16 12:29:24.686,415.4232464580807,8
2024-09-16 12:29:24.742,415.4506979013249,11
2024-09-16 12:29:24.744,415.42659358315007,105
2024-09-16 12:29:24.829,415.4208649038923,103
2024-09-16 12:29:24.833,415.4423627352245,1000
2024-09-16 12:29:24.841,415.4325028675629,1002
2024-09-16 12:29:24.870,415.4337335241892,15
2024-09-16 12:29:24.919,415.5101747321765,5
2024-09-16 12:29:24.932,415.4254343383195,15
2024-09-16 12:29:24.965,415.4173286007624,101
2024-09-16 12:29:24.966,415.5133864973629,101
2024-09-16 12:29:24.999,415.45263082544335,1005
2024-09-16 12:29:25.095,415.56932975020015,100
2024-09-16 12:29:25.221,415.5495664527425,95
2024-09-16 12:29:25.260,415.55853897256446,15
2024-09-16 12:29:25.272,415.5804032946155,99
2024-09-16 12:29:25.299,415.5704961823096,105
2024-09-16 12:29:25.402,415.5603736904381,96
2024-09-16 12:29:25.409,415.5567491769832,999
2024-09-16 12:29:25.529,415.5886784172776,1003
2024-09-16 12:29:25.641,415.58053268301904,9
2024-09-16 12:29:25.650,415.51624010831046,11
2024-09-16 12:29:25.658,415.5108838295079,7
2024-09-16 12:29:25.688,415.56331308295006,99
2024-09-16 12:29:25.739,415.5465733708316,9
2024-09-16 12:29:25.848,415.5804899355128,1004
2024-09-16 12:29:25.859,415.50533226726265,101
2024-09-16 12:29:25.889,415.5741707375801,104
2024-09-16 12:29:25.911,415.586123348828,1003
2024-09-16 12:29:25.927,415.5752773122773,10
2024-09-16 12:29:25.940,415.5612549315151,1000
2024-09-16 12:29:25.968,41.556543951833,999
2024-09-16 12:29:25.996,415.5068665622719,1000
2024-09-16 12:29:26.021,415.5566546047021,998
2024-09-16 12:29:26.033,415.5207534414613,9
2024-09-16 12:29:26.097,415.5562743380494,1001
2024-09-16 12:29:26.121,415.5427024258251,999
2024-09-16 12:29:26.125,415.4601411841145,100
2024-09-16 12:29:26.206,415.53232316795567,995
2024-09-16 12:29:26.216,415.5247374661473,12
2024-09-16 12:29:26.235,415.5689782779751,1005
2024-09-16 12:29:26.256,415.5806043599842,996
2024-09-16 12:29:26.259,415.45215191163146,9
2024-09-16 12:29:26.276,415.50588001385904,10
2024-09-16 12:29:26.301,415.5419493657352,999
2024-09-16 12:29:26.332,415.5616175935851,998
2024-09-16 12:29:26.356,415.5904505710801,996
2024-09-16 12:29:26.382,415.5660276191672,1002
2024-09-16 12:29:26.415,415.5688240102178,105
2024-09-16 12:29:26.436,415.587373518558,999
2024-09-16 12:29:26.504,415.5594529617669,995
2024-09-16 12:29:26.682,,97
2024-09-16 12:29:26.688,415.511920471505,997
2024-09-16 12:29:26.723,415.52915114963287,1005
2024-09-16 12:29:26.736,415.4526712580165,7
2024-09-16 12:29:26.749,,102
2024-09-16 12:29:26.766,415.5677856248277,11
2024-09-16 12:29:26.828,415.4561581055407,95
2024-09-16 12:29:26.834,415.43421656290826,99
2024-09-16 12:29:26.885,415.5329836141815,13
2024-09-16 12:29:26.894,415.5742239364265,98
2024-09-16 12:29:27.029,415.3940103511116,998
2024-09-16 12:29:27.046,415.4035107921111,96
2024-09-16 12:29:27.132,415.4082241062659,13
2024-09-16 12:29:27.132,415.4212214185846,103
2024-09-16 12:29:27.185,415.38708690146296,1003
2024-09-16 12:29:27.225,415.3855113508764,1005
2024-09-16 12:29:27.232,415.4288673554455,10
2024-09-16 12:29:27.303,415.4016948032761,9
2024-09-16 12:29:27.329,415.3921191632882,99
2024-09-16 12:29:27.353,415.4375019245677,1003
2024-09-16 12:29:27.463,415.4284601216603,1004
2024-09-16 12:29:27.597,415.4277501278032,1002
2024-09-16 12:29:27.604,415.4290449402053,6
2024-09-16 12:29:27.614,415.44797769632527,104
2024-09-16 12:29:27.649,415.3899620664001,998
2024-09-16 12:29:27.700,415.3939867772771,999
2024-09-16 12:29:27.704,415.4527776318795,101
2024-09-16 12:29:27.774,415.3914542697387,1004
2024-09-16 12:29:27.790,415.42595353121993,1003
2024-09-16 12:29:27.820,415.3927450170638,1004
2024-09-16 12:29:27.823,415.4204813239191,995
2024-09-16 12:29:27.841,415.417684862492,1005
2024-09-16 12:29:27.881,415.4031101328036,101
2024-09-16 12:29:27.893,415.41480230406296,105
2024-09-16 12:29:27.986,415.3806205198404,6
2024-09-16 12:29:28.005,415.4239037396003,13
2024-09-16 12:29:28.080,415.4512750193622,998
2024-09-16 12:29:28.111,415.4647968297231,12
2024-09-16 12:29:28.161,415.43898555500414,14
2024-09-16 12:29:28.248,415.438464827388,6
2024-09-16 12:29:28.273,415.43264421803775,1001
2024-09-16 12:29:28.276,415.4523595707034,1000
2024-09-16 12:29:28.277,415.46726821543393,6
2024-09-16 12:29:28.328,415.45261854104274,14
2024-09-16 12:29:28.372,415.4399237103282,1004
2024-09-16 12:29:28.542,415.45822272936186,104
2024-09-16 12:29:28.644,415.46575107287816,13
2024-09-16 12:29:28.691,415.4396422591866,998
2024-09-16 12:29:28.691,415.4602734238037,15
2024-09-16 12:29:28.726,415.44899993436616,6
2024-09-16 12:29:28.794,415.43745446124194,9
2024-09-16 12:29:28.845,415.4428572131206,1005
2024-09-16 12:29:28.865,415.4752107906932,5
2024-09-16 12:29:29.069,415.4388593110466,997
2024-09-16 12:29:29.107,-415.4268641997178,1004
2024-09-16 12:29:29.503,415.4169591416461,100
2024-09-16 12:29:29.767,415.4369920854938,13
2024-09-16 12:29:29.812,415.4418271427024,97
2024-09-16 12:29:29.828,415.435440997123,995
2024-09-16 12:29:30.540,415.4096665349733,96
2024-09-16 12:29:30.622,415.43132970164464,103
2024-09-16 12:29:30.978,415.43536450453456,1000
2024-09-16 12:29:31.057,415.3979645934998,1003
2024-09-16 12:29:31.102,,101
2024-09-16 12:29:31.107,415.41023217419456,995
2024-09-16 12:29:31.127,415.42040637365454,97
2024-09-16 12:29:31.171,415.4082366471221,1002
2024-09-16 12:29:31.173,415.389467317362,995
2024-09-16 12:29:31.178,415.390396092542,14
2024-09-16 12:29:31.284,415.3743429550264,999
2024-09-16 12:29:31.365,415.3945869633965,97
2024-09-16 12:29:31.378,415.3661994055064,103
2024-09-16 12:29:31.387,415.4586663314572,7
2024-09-16 12:29:31.393,415.37935520980966,96
2024-09-16 12:29:31.406,415.4038825407803,1001
2024-09-16 12:29:31.429,415.4312729454297,8
2024-09-16 12:29:31.444,415.37495978927024,100
2024-09-16 12:29:31.453,415.4014911702758,96
2024-09-16 12:29:31.506,415.4033058026991,10
2024-09-16 12:29:31.524,415.37597103418847,996
2024-09-16 12:29:31.534,415.4038560233259,99
2024-09-16 12:29:31.602,415.417623716328,999
2024-09-16 12:29:31.683,,7
2024-09-16 12:29:31.822,415.41731366402007,1002
2024-09-16 12:29:31.822,415.4147963789169,97
2024-09-16 12:29:31.834,415.3998782933358,96
2024-09-16 12:29:31.843,415.3679333605336,102
2024-09-16 12:29:31.870,415.4272677818943,105
2024-09-16 12:29:31.946,415.45205690877935,998
2024-09-16 12:29:31.987,415.3843889943557,12
2024-09-16 12:29:32.210,415.3865380393729,13
2024-09-16 12:29:32.571,415.38419476769946,5
2024-09-16 12:29:33.015,415.33851705131,98
2024-09-16 12:29:33.045,415.36701884329386,97
2024-09-16 12:29:33.083,415.336467840513,98
2024-09-16 12:29:33.086,415.3526295449993,95
2024-09-16 12:29:33.152,415.38086277771,100
2024-09-16 12:29:33.173,415.3709452915629,9
2024-09-16 12:29:33.186,-415.361769602044,95
2024-09-16 12:29:33.323,415.3412869303783,12
2024-09-16 12:29:33.345,415.3698897951221,104
2024-09-16 12:29:33.415,415.3315886079893,97
2024-09-16 12:29:33.453,-415.3559715898665,101
2024-09-16 12:29:33.455,415.3357506117874,8
2024-09-16 12:29:33.507,415.3602219700797,102
2024-09-16 12:29:33.532,415.3609194711111,13
2024-09-16 12:29:33.554,415.3622723658912,999
2024-09-16 12:29:33.594,415.351370890138,999
2024-09-16 12:29:33.611,415.36763239506337,13
2024-09-16 12:29:33.662,415.35097028484665,100
2024-09-16 12:29:33.724,415.3710821798267,999
2024-09-16 12:29:33.895,415.3453022846121,999
2024-09-16 12:29:33.970,415.3743297421241,996
2024-09-16 12:29:33.972,415.3800826467931,98
2024-09-16 12:29:33.983,-415.350423368107,10
2024-09-16 12:29:34.033,415.3741952109916,6
2024-09-16 12:29:34.039,415.3768977444128,97
2024-09-16 12:29:34.046,415.36126619148894,999
2024-09-16 12:29:34.063,415.3484732726826,997
2024-09-16 12:29:34.114,415.3429934186533,103
2024-09-16 12:29:34.133,415.34963312178746,100
2024-09-16 12:29:34.168,415.3364784717619,999
2024-09-16 12:29:34.199,415.3486213235088,1000
2024-09-16 12:29:34.286,415.3556611885157,12
2024-09-16 12:29:34.310,415.3884536667079,7
2024-09-16 12:29:34.379,415.36048112650656,6
2024-09-16 12:29:34.381,415.3623230237693,998
2024-09-16 12:29:34.383,415.3686144550237,97
2024-09-16 12:29:34.408,415.3477911535898,999
2024-09-16 12:29:34.477,415.3680049176168,101
2024-09-16 12:29:34.498,415.3781644749872,101
2024-09-16 12:29:34.522,415.3464738297113,996
2024-09-16 12:29:34.540,415.3596831215468,14
2024-09-16 12:29:34.560,415.3630770245738,1003
2024-09-16 12:29:34.623,415.39024896449394,999
2024-09-16 12:29:34.657,415.3629233948887,100
2024-09-16 12:29:34.670,415.3392472250704,1005
2024-09-16 12:29:34.678,415.388764036222,997
2024-09-16 12:29:34.724,415.38097697105815,98
2024-09-16 12:29:34.835,415.3663424570849,996
2024-09-16 12:29:34.888,415.3581252939333,100
2024-09-16 12:29:34.945,415.3521409144871,6
2024-09-16 12:29:34.994,415.3548327340184,103
2024-09-16 12:29:35.031,415.3593458060152,8
2024-09-16 12:29:35.087,415.34986596466086,5
2024-09-16 12:29:35.106,415.37830460412914,15
2024-09-16 12:29:35.109,415.3474093401748,1002
2024-09-16 12:29:35.225,415.3785037226538,10
2024-09-16 12:29:35.312,415.3875070582633,99
2024-09-16 12:29:35.368,415.3735528824548,1003
2024-09-16 12:29:35.370,415.3601552048895,7
2024-09-16 12:29:35.405,415.3780761590156,12
2024-09-16 12:29:35.442,415.3711201222124,14
2024-09-16 12:29:35.488,415.3626142902495,96
2024-09-16 12:29:35.517,415.3551122383048,102
2024-09-16 12:29:35.520,415.38692545045393,1002
2024-09-16 12:29:35.543,415.36691059070574,99
2024-09-16 12:29:35.582,,997
2024-09-16 12:29:35.627,415.3698091220713,15
2024-09-16 12:29:35.631,415.3578839387082,100
2024-09-16 12:29:35.654,415.3599307507842,101
2024-09-16 12:29:35.800,415.36585076398967,999
2024-09-16 12:29:36.236,415.3556640079576,99
2024-09-16 12:29:36.268,415.3711382749121,104
2024-09-16 12:29:36.457,415.3685850053458,96
2024-09-16 12:29:36.503,415.35311704531904,8
2024-09-16 12:29:36.524,415.3857633635804,996
2024-09-16 12:29:36.525,415.3814201381114,96
2024-09-16 12:29:36.653,415.3932068379947,8
2024-09-16 12:29:36.678,415.3720255274019,7
2024-09-16 12:29:36.678,415.3503831677349,15
2024-09-16 12:29:36.858,415.3715926600272,5
2024-09-16 12:29:38.203,415.3674927969887,9
2024-09-16 12:29:38.220,415.4037447065591,105
2024-09-16 12:29:38.267,415.40572692490366,7
2024-09-16 12:29:38.313,415.3861503331879,8
2024-09-16 12:29:38.620,415.3957502121309,1005
2024-09-16 12:29:39.012,415.3508155154661,999
2024-09-16 12:29:39.034,415.3588895961293,96
2024-09-16 12:29:39.071,415.3434956261174,996
2024-09-16 12:29:39.103,415.4177815674643,995
2024-09-16 12:29:39.140,415.38274750035913,1004
2024-09-16 12:29:39.236,415.38689470211295,99
2024-09-16 12:29:39.251,415.37886044376734,101
2024-09-16 12:29:39.253,415.3388061033195,101
2024-09-16 12:29:39.286,415.4165929165047,10
2024-09-16 12:29:39.305,41.53680580168279,98
2024-09-16 12:29:39.350,415.36957689342864,9
2024-09-16 12:29:39.368,415.3381066130119,95
2024-09-16 12:29:39.384,415.360588183183,1003
2024-09-16 12:29:39.394,415.3454951524258,8
2024-09-16 12:29:39.482,415.3588008101973,11
2024-09-16 12:29:39.497,415.3901050451973,996
2024-09-16 12:29:39.546,415.353029638709,9
2024-09-16 12:29:39.607,415.357735064428,997
2024-09-16 12:29:39.683,415.3504665572028,99
2024-09-16 12:29:39.699,415.3959114414013,996
2024-09-16 12:29:39.744,415.3396871995199,996
2024-09-16 12:29:39.850,415.3366594467914,15
2024-09-16 12:29:39.904,415.36004522024456,1004
2024-09-16 12:29:39.941,415.366970727619,1000
2024-09-16 12:29:39.982,415.39071845233576,10
2024-09-16 12:29:40.022,415.3418366896639,102
2024-09-16 12:29:40.106,415.3677672811096,10
2024-09-16 12:29:40.142,415.3546607800955,98
2024-09-16 12:29:40.295,415.340849940453,1001
2024-09-16 12:29:40.447,415.3594030468644,101
2024-09-16 12:29:40.465,415.36560710992313,9
2024-09-16 12:29:40.705,415.3668937844773,1004
2024-09-16 12:29:40.717,415.3822095921893,12
2024-09-16 12:29:40.815,415.3721174820192,13
2024-09-16 12:29:40.943,415.3433492280304,101
2024-09-16 12:29:41.011,415.3122743119076,999
2024-09-16 12:29:41.085,415.3177868041861,1002
2024-09-16 12:29:41.187,415.3575676675348,6
2024-09-16 12:29:41.201,415.3084594131389,8
2024-09-16 12:29:41.206,415.3628234055176,11
2024-09-16 12:29:41.270,415.31915446217226,99
2024-09-16 12:29:41.331,41.53220026867896,15
2024-09-16 12:29:41.345,415.3028656875525,1002
2024-09-16 12:29:41.346,415.3522486707208,5
2024-09-16 12:29:41.350,415.3276964171229,1000
2024-09-16 12:29:41.404,415.3611820661196,1002
2024-09-16 12:29:41.492,415.349676647424,98
2024-09-16 12:29:41.540,415.3774767853511,6
2024-09-16 12:29:41.592,415.3717274278526,7
2024-09-16 12:29:41.603,415.37769063993255,99
2024-09-16 12:29:41.662,415.3305377362638,95
2024-09-16 12:29:41.708,415.3666942018497,7
2024-09-16 12:29:41.724,415.3418722348818,995
2024-09-16 12:29:41.732,415.3107682436985,995
2024-09-16 12:29:41.750,415.30537088217625,98
2024-09-16 12:29:41.785,415.34305875601353,997
2024-09-16 12:29:41.837,415.32580694829824,8
2024-09-16 12:29:41.840,-415.3811658930487,6
2024-09-16 12:29:41.867,415.38388432301787,10
2024-09-16 12:29:41.961,415.338231126666,995
2024-09-16 12:29:43.009,415.4262410811546,1003
2024-09-16 12:29:43.165,415.4808056657123,997
2024-09-16 12:29:43.231,415.4553863933203,97
2024-09-16 12:29:43.231,415.4304071725642,105
2024-09-16 12:29:43.353,415.4657373310383,1000
2024-09-16 12:29:43.362,415.4086859338561,15
2024-09-16 12:29:43.406,415.48460670758016,104
2024-09-16 12:29:43.435,415.3882049744701,104
2024-09-16 12:29:43.510,415.44870967811306,998
2024-09-16 12:29:43.625,415.44257086429576,1004
2024-09-16 12:29:43.653,415.4668821581713,6
2024-09-16 12:29:43.681,415.4553328564312,6
2024-09-16 12:29:43.706,-415.4266697570759,105
2024-09-16 12:29:43.745,415.40522440325503,6
2024-09-16 12:29:43.757,415.3931527546638,101
2024-09-16 12:29:43.798,415.4793926328022,10
2024-09-16 12:29:43.806,41.54128627796032,104
2024-09-16 12:29:43.944,-415.44831850017306,96
2024-09-16 12:29:43.944,415.4231714210944,11
2024-09-16 12:29:43.963,415.4124215391052,997
2024-09-16 12:29:44.524,415.4337975287564,1004
2024-09-16 12:29:44.609,415.4397822329919,999
2024-09-16 12:29:44.658,415.45452775084254,95
2024-09-16 12:29:44.756,415.44042298885904,9
2024-09-16 12:29:44.834,415.4419924422255,998
2024-09-16 12:29:44.958,415.4600994621662,96
2024-09-16 12:29:45.001,415.3506069542174,104
2024-09-16 12:29:45.056,415.3133645207522,996
2024-09-16 12:29:45.076,415.3383413739503,9
2024-09-16 12:29:45.133,415.3722825341383,1003
2024-09-16 12:29:45.171,415.3596231141451,12
2024-09-16 12:29:45.191,415.3576859772996,1001
2024-09-16 12:29:45.292,415.3581953443538,11
2024-09-16 12:29:45.308,415.3820340557177,12
2024-09-16 12:29:45.352,415.3308963990259,996
2024-09-16 12:29:45.389,415.440494917,101
2024-09-16 12:29:45.393,415.3490305539681,11
2024-09-16 12:29:45.415,415.34914014241326,96
2024-09-16 12:29:45.421,415.3174516703692,98
2024-09-16 12:29:45.436,415.3651585569088,998
2024-09-16 12:29:45.476,415.3402541937632,100
2024-09-16 12:29:45.478,415.450605442979,1002
2024-09-16 12:29:45.494,415.363917047504,96
2024-09-16 12:29:45.527,415.33809285297,1001
2024-09-16 12:29:45.546,415.34628900816966,98
2024-09-16 12:29:45.606,415.35955277360745,15
2024-09-16 12:29:45.639,415.298693985854,104
2024-09-16 12:29:45.652,415.333365516406,95
2024-09-16 12:29:45.730,415.3636154429628,104
2024-09-16 12:29:45.735,415.3558120175858,7
2024-09-16 12:29:45.750,415.4259548977452,98
2024-09-16 12:29:45.775,415.3527435515416,1005
2024-09-16 12:29:45.824,415.3563256987304,103
2024-09-16 12:29:45.825,415.3343104236185,1000
2024-09-16 12:29:45.962,415.4507351251914,98
2024-09-16 12:29:46.025,415.2940838336507,1005
2024-09-16 12:29:46.207,415.2940419456169,995
2024-09-16 12:29:46.383,415.2896950533664,13
2024-09-16 12:29:46.504,415.3023307362563,98
2024-09-16 12:29:46.835,415.306596723161,9
2024-09-16 12:29:47.279,415.30913810723285,99
2024-09-16 12:29:47.293,415.32033436360985,101
2024-09-16 12:29:47.299,415.3222275086307,97
2024-09-16 12:29:47.398,415.3175619473665,101
2024-09-16 12:29:47.410,415.31769805488665,1000
2024-09-16 12:29:47.410,415.2756809443012,998
2024-09-16 12:29:47.475,415.3034768694152,99
2024-09-16 12:29:47.510,415.28820403229327,98
2024-09-16 12:29:47.632,415.29208039699785,6
2024-09-16 12:29:47.662,415.2832638474702,97
2024-09-16 12:29:47.859,415.3130633243284,99
2024-09-16 12:29:47.908,415.2784121778165,101
2024-09-16 12:29:47.952,415.3180359498653,1005
2024-09-16 12:29:48.899,415.274285684916,999
2024-09-16 12:29:49.032,415.2621995151847,999
2024-09-16 12:29:49.074,415.3098890072732,5
2024-09-16 12:29:49.154,415.32775943371183,6
2024-09-16 12:29:49.157,415.3378384904332,96
2024-09-16 12:29:49.186,415.2786224285856,997
2024-09-16 12:29:49.216,415.31347848924105,99
2024-09-16 12:29:49.236,415.27698727508624,11
2024-09-16 12:29:49.239,415.32528124204674,100
2024-09-16 12:29:49.242,415.3054848215805,95
2024-09-16 12:29:49.250,415.28790993383984,99
2024-09-16 12:29:49.265,415.3003281788764,95
2024-09-16 12:29:49.269,415.2965983584378,13
2024-09-16 12:29:49.295,415.3072364808466,996
2024-09-16 12:29:49.386,415.31865747442777,95
2024-09-16 12:29:49.414,415.2885781266297,999
2024-09-16 12:29:49.500,415.33093748120655,8
2024-09-16 12:29:49.545,415.32295225292,8
2024-09-16 12:29:49.705,415.3018592699718,8
2024-09-16 12:29:49.725,415.336813810077,98
2024-09-16 12:29:49.735,415.3438614162113,14
2024-09-16 12:29:49.833,415.3105227161675,1004
2024-09-16 12:29:49.840,415.32657742682096,5
2024-09-16 12:29:49.891,415.31370347223833,9
2024-09-16 12:29:49.923,,98
2024-09-16 12:29:49.947,415.3268389952983,96
2024-09-16 12:29:49.949,415.3329931130088,96
2024-09-16 12:29:50.351,415.333611464081,14
2024-09-16 12:29:50.656,415.3084115102168,996
2024-09-16 12:29:50.770,415.3245052961961,13
2024-09-16 12:29:51.081,415.3567653713296,8
2024-09-16 12:29:51.246,415.3355108277413,100
2024-09-16 12:29:51.307,415.3477718279024,995
2024-09-16 12:29:51.481,415.3264494007653,9
2024-09-16 12:29:51.597,415.3178123768543,13
2024-09-16 12:29:51.693,415.3541347931375,1002
2024-09-16 12:29:51.877,415.3362311015001,100
2024-09-16 12:29:51.908,415.3296089013954,100
2024-09-16 12:29:51.944,415.2930014423867,1003
2024-09-16 12:29:51.974,415.3051722262803,1003
2024-09-16 12:29:52.014,415.3254201371726,10
2024-09-16 12:29:52.107,415.2586125991972,1004
2024-09-16 12:29:52.124,415.2890259591749,13
2024-09-16 12:29:52.149,415.347213493153,1004
2024-09-16 12:29:52.187,415.2852436506848,1002
2024-09-16 12:29:52.462,415.3088859366986,105
2024-09-16 12:29:52.550,415.2704076516248,998
2024-09-16 12:29:52.569,415.2684128079615,97
2024-09-16 12:29:52.595,415.308874902682,11
2024-09-16 12:29:52.647,415.3123334202522,98
2024-09-16 12:29:52.814,415.2936820473663,102
2024-09-16 12:29:52.859,415.29690577274647,105
2024-09-16 12:29:52.890,41.530407671289446,1004
2024-09-16 12:29:52.941,415.3322627718733,102
2024-09-16 12:29:53.014,415.2666428174475,10
2024-09-16 12:29:53.033,415.2772811916828,14
2024-09-16 12:29:53.035,415.276648342417,15
2024-09-16 12:29:53.077,415.2655091974989,998
2024-09-16 12:29:53.241,415.2683019806491,999
2024-09-16 12:29:53.301,415.2971710790837,1005
2024-09-16 12:29:53.345,415.28507341744296,15
2024-09-16 12:29:53.530,415.2886326881114,12
2024-09-16 12:29:53.542,415.2680287204438,10
2024-09-16 12:29:53.727,415.2598848164147,100
2024-09-16 12:29:53.758,415.2867582796857,997
2024-09-16 12:29:53.811,415.2737262553437,103
2024-09-16 12:29:53.815,415.26388406762914,1001
2024-09-16 12:29:53.887,415.2970781113339,98
2024-09-16 12:29:53.917,415.2698200102923,9
2024-09-16 12:29:53.988,415.2732078351973,11
2024-09-16 12:29:54.045,415.3856241702942,1005
2024-09-16 12:29:54.060,415.3163264575927,104
2024-09-16 12:29:54.064,415.2801878700961,996
2024-09-16 12:29:54.069,415.34559391771,997
2024-09-16 12:29:54.107,415.29241799085895,6
2024-09-16 12:29:54.171,415.3713297570512,104
2024-09-16 12:29:54.222,415.3087461439321,95
2024-09-16 12:29:54.276,-415.3328056959084,996
2024-09-16 12:29:54.280,415.3017592715358,5
2024-09-16 12:29:54.315,415.3466638755853,98
2024-09-16 12:29:54.346,-415.3397827476974,13
2024-09-16 12:29:54.382,415.2916300681876,13
2024-09-16 12:29:54.400,415.3143132049146,13
2024-09-16 12:29:54.431,415.34506916514624,1000
2024-09-16 12:29:54.460,415.33895784028687,101
2024-09-16 12:29:54.508,415.2845786377037,995
2024-09-16 12:29:54.585,415.3627957492489,996
2024-09-16 12:29:54.604,415.3057462156959,13
2024-09-16 12:29:54.674,415.2919215542452,100
2024-09-16 12:29:54.679,415.3841163807845,1001
2024-09-16 12:29:54.701,415.2922235928073,1001
2024-09-16 12:29:54.708,415.290977537798,5
2024-09-16 12:29:54.752,415.3308169200693,10
2024-09-16 12:29:54.817,415.2914180689245,14
2024-09-16 12:29:54.865,-415.3866896121637,97
2024-09-16 12:29:56.031,415.3629691355456,12
2024-09-16 12:29:56.039,415.377194444631,11
2024-09-16 12:29:56.041,415.35248536215687,95
2024-09-16 12:29:56.090,415.3655898333928,100
2024-09-16 12:29:56.109,415.3584808166955,998
2024-09-16 12:29:56.189,415.3623096362994,100
2024-09-16 12:29:56.225,415.3658410713448,9
2024-09-16 12:29:56.279,415.35415500892685,995
2024-09-16 12:29:56.300,415.37795082290313,15
2024-09-16 12:29:56.320,415.3947023081436,9
2024-09-16 12:29:56.323,415.3684366269917,1000
2024-09-16 12:29:56.389,415.37914642836114,97
2024-09-16 12:29:56.403,415.3557326102652,11
2024-09-16 12:29:56.455,415.43101281807554,105
2024-09-16 12:29:56.469,415.3641803306933,999
2024-09-16 12:29:56.480,415.4229992073568,998
2024-09-16 12:29:56.511,415.37363901299824,1002
2024-09-16 12:29:56.605,415.3729073933016,12
2024-09-16 12:29:56.623,415.38223403558857,9
2024-09-16 12:29:56.632,415.4041385627204,102
2024-09-16 12:29:56.662,415.3690484498045,105
2024-09-16 12:29:56.792,415.37354306396617,101
2024-09-16 12:29:56.817,415.3442142303479,13
2024-09-16 12:29:56.836,415.3838430004476,999
2024-09-16 12:29:56.862,415.36183483636313,15
2024-09-16 12:29:56.895,415.3704802596937,15
2024-09-16 12:29:56.910,415.3508365610735,996
2024-09-16 12:29:56.918,415.3474475555002,11
2024-09-16 12:29:56.947,415.3888963633351,1000
2024-09-16 12:29:56.972,415.3871407506942,5
2024-09-16 12:29:57.442,415.4414439305217,12
2024-09-16 12:29:57.681,415.4316220655508,1003
2024-09-16 12:29:58.016,415.441170355545,96
2024-09-16 12:29:58.520,415.44473089428726,15
2024-09-16 12:29:59.007,415.4831347155576,98
2024-09-16 12:29:59.022,415.481521347954,13
2024-09-16 12:29:59.043,415.4918124680469,997
2024-09-16 12:29:59.078,415.4671460828481,995
2024-09-16 12:29:59.097,415.4799137600775,5
2024-09-16 12:29:59.114,415.5048594067521,5
2024-09-16 12:29:59.129,415.4914071380726,100
2024-09-16 12:29:59.135,415.5228139239161,1005
2024-09-16 12:29:59.222,415.4367869549265,9
2024-09-16 12:29:59.233,415.4999930325415,96
2024-09-16 12:29:59.272,415.4973600994141,9
2024-09-16 12:29:59.350,415.4340573325536,996
2024-09-16 12:29:59.389,415.46332126660553,995
2024-09-16 12:29:59.476,415.4853870326752,99
2024-09-16 12:29:59.513,415.4745463678463,1005
2024-09-16 12:29:59.521,415.5176251388951,997
2024-09-16 12:29:59.541,415.5077728072968,1005
2024-09-16 12:29:59.581,415.4459159565657,102
2024-09-16 12:29:59.585,415.4517714860809,996
2024-09-16 12:29:59.588,415.5019779986188,99
2024-09-16 12:29:59.594,415.51372063954057,96
2024-09-16 12:29:59.639,415.4811154425476,104
2024-09-16 12:29:59.640,415.4662383558913,9
2024-09-16 12:29:59.683,415.445369929092,996
2024-09-16 12:29:59.718,415.4811475256494,995
2024-09-16 12:29:59.723,415.4895622819942,12
2024-09-16 12:29:59.725,415.481020804264,9
2024-09-16 12:29:59.747,415.51703284128206,1004
2024-09-16 12:29:59.877,415.48121632860347,996
