Timestamp,Price,Size
2024-09-19 11:59:00.003,422.6922668874209,5
2024-09-19 11:59:00.016,422.7745006751315,995
2024-09-19 11:59:00.030,422.8168459774421,997
2024-09-19 11:59:00.087,422.8228377064777,998
2024-09-19 11:59:00.108,422.7988264374314,98
2024-09-19 11:59:00.186,422.7000884707449,1005
2024-09-19 11:59:00.241,422.8472451378484,104
2024-09-19 11:59:00.269,422.7269051967684,100
2024-09-19 11:59:00.278,422.8095716659736,13
2024-09-19 11:59:00.323,422.8586525870082,1002
2024-09-19 11:59:00.337,422.8380714671239,1000
2024-09-19 11:59:00.363,422.7232744780538,10
2024-09-19 11:59:00.376,422.8131563375683,14
2024-09-19 11:59:00.394,422.80470574005415,1000
2024-09-19 11:59:00.474,422.8066840486065,98
2024-09-19 11:59:00.492,422.7764927910603,95
2024-09-19 11:59:00.511,422.8013654216964,15
2024-09-19 11:59:00.561,422.7516922221213,14
2024-09-19 11:59:00.607,422.76105823431845,1000
2024-09-19 11:59:00.610,422.76717613923154,13
2024-09-19 11:59:00.624,422.8085600027165,999
2024-09-19 11:59:00.710,422.8447162750808,1000
2024-09-19 11:59:00.771,422.82742416943296,1005
2024-09-19 11:59:00.788,422.8322144269245,10
2024-09-19 11:59:00.827,422.8217589372756,100
2024-09-19 11:59:00.838,422.777729901324,1001
2024-09-19 11:59:00.871,422.8358920352548,1002
2024-09-19 11:59:00.885,422.7062183278624,102
2024-09-19 11:59:00.913,422.8231977501534,100
2024-09-19 11:59:00.918,422.7694897623446,100
2024-09-19 11:59:01.010,422.6878182473765,5
2024-09-19 11:59:01.024,422.69816274756766,5
2024-09-19 11:59:01.119,422.7195594655835,1003
2024-09-19 11:59:01.131,422.6803078188457,102
2024-09-19 11:59:01.150,422.6577420623607,14
2024-09-19 11:59:01.156,422.68341212426407,995
2024-09-19 11:59:01.164,422.6931456008813,8
2024-09-19 11:59:01.183,422.6769747804498,103
2024-09-19 11:59:01.314,422.67114517467945,103
2024-09-19 11:59:01.443,422.6958284755298,998
2024-09-19 11:59:01.477,422.6830062962761,10
2024-09-19 11:59:01.495,422.676213084902,1003
2024-09-19 11:59:01.546,422.69728003966367,1005
2024-09-19 11:59:01.612,422.6749619448066,8
2024-09-19 11:59:01.642,422.6974105122554,1003
2024-09-19 11:59:01.644,422.70664171512266,104
2024-09-19 11:59:01.671,422.6991882713746,1001
2024-09-19 11:59:01.782,422.6817094260186,1000
2024-09-19 11:59:01.796,422.7024353111904,100
2024-09-19 11:59:01.882,422.70225663501947,1000
2024-09-19 11:59:01.929,422.6910647352533,14
2024-09-19 11:59:01.929,422.6733277123699,95
2024-09-19 11:59:01.953,422.6751575008592,1005
2024-09-19 11:59:02.074,422.64202391449055,1002
2024-09-19 11:59:02.091,422.6440507046826,10
2024-09-19 11:59:02.140,422.6617443708917,9
2024-09-19 11:59:02.173,422.6510438733623,97
2024-09-19 11:59:02.199,422.62833445173817,105
2024-09-19 11:59:02.205,42.26276799130736,104
2024-09-19 11:59:02.237,422.625125669104,1004
2024-09-19 11:59:02.268,422.65305728097394,999
2024-09-19 11:59:02.322,422.6624765065564,95
2024-09-19 11:59:02.411,422.6059803990161,997
2024-09-19 11:59:02.486,422.6309266116074,999
2024-09-19 11:59:02.503,422.6362933306849,103
2024-09-19 11:59:02.574,422.6184472947591,101
2024-09-19 11:59:02.612,422.6481399261834,95
2024-09-19 11:59:02.645,422.620360204477,13
2024-09-19 11:59:02.679,422.6310971398286,97
2024-09-19 11:59:02.740,422.66788967549047,1003
2024-09-19 11:59:02.764,422.6592041862856,103
2024-09-19 11:59:02.961,422.6133121817123,1000
2024-09-19 11:59:02.984,422.6278493310971,11
2024-09-19 11:59:02.986,422.6194538605381,5
2024-09-19 11:59:03.020,422.67990214031016,10
2024-09-19 11:59:03.093,422.68360015138495,13
2024-09-19 11:59:03.134,422.67951866725525,103
2024-09-19 11:59:03.221,422.6632094677517,102
2024-09-19 11:59:03.227,422.65821996463177,99
2024-09-19 11:59:03.246,422.63371488770815,95
2024-09-19 11:59:03.359,422.6526799387729,996
2024-09-19 11:59:03.383,422.6888037179057,105
2024-09-19 11:59:03.447,422.63674986649977,9
2024-09-19 11:59:03.454,422.703509982414,95
2024-09-19 11:59:03.512,422.6630452598069,103
2024-09-19 11:59:03.562,422.6845751096229,996
2024-09-19 11:59:03.692,422.6669822998682,95
2024-09-19 11:59:03.733,422.6511724555559,999
2024-09-19 11:59:03.827,422.6672320670136,105
2024-09-19 11:59:03.877,422.6713575885991,8
2024-09-19 11:59:03.903,422.6548191046709,8
2024-09-19 11:59:03.950,422.6734363712568,7
2024-09-19 11:59:03.994,422.6736129723782,97
2024-09-19 11:59:03.998,422.6836358060028,1003
2024-09-19 11:59:04.006,422.6088957132046,1005
2024-09-19 11:59:04.080,422.6463411642489,1005
2024-09-19 11:59:04.121,422.63635399322106,995
2024-09-19 11:59:04.226,422.6259977585249,1005
2024-09-19 11:59:04.249,422.641821887746,103
2024-09-19 11:59:04.251,422.6485417169912,10
2024-09-19 11:59:04.252,422.5912041246552,6
2024-09-19 11:59:04.279,422.66091412126434,995
2024-09-19 11:59:04.445,422.6472837152378,1002
2024-09-19 11:59:04.452,422.6430942560434,1004
2024-09-19 11:59:04.549,422.63588990965246,99
2024-09-19 11:59:04.564,422.6453928995861,103
2024-09-19 11:59:04.648,422.6322994308968,15
2024-09-19 11:59:04.726,422.6261529879498,1005
2024-09-19 11:59:04.921,422.6501881662691,105
2024-09-19 11:59:05.003,422.5574100028528,12
2024-09-19 11:59:05.201,422.5701404874711,14
2024-09-19 11:59:05.212,422.55895599173925,5
2024-09-19 11:59:05.393,422.5529127788478,10
2024-09-19 11:59:05.415,422.5652006156975,96
2024-09-19 11:59:05.709,422.5704670967492,1000
2024-09-19 11:59:05.717,422.56614791644046,995
2024-09-19 11:59:05.841,422.5409920558354,1002
2024-09-19 11:59:05.973,422.5543949057485,101
2024-09-19 11:59:06.037,422.55202112659794,995
2024-09-19 11:59:06.049,422.5742632648351,996
2024-09-19 11:59:06.084,422.5434222486835,1003
2024-09-19 11:59:06.105,422.5503343989584,995
2024-09-19 11:59:06.150,422.5505835740851,95
2024-09-19 11:59:06.160,422.5422247711904,1004
2024-09-19 11:59:06.180,422.5230608366976,98
2024-09-19 11:59:06.196,422.5136938442956,100
2024-09-19 11:59:06.260,422.5119033166597,97
2024-09-19 11:59:06.361,422.5534094201024,7
2024-09-19 11:59:06.387,422.5055453958565,995
2024-09-19 11:59:06.388,422.5523732623457,8
2024-09-19 11:59:06.425,-422.5195101874589,99
2024-09-19 11:59:06.504,422.5600919919736,99
2024-09-19 11:59:06.550,422.5313477768802,13
2024-09-19 11:59:06.579,422.5796039861244,1003
2024-09-19 11:59:06.607,422.5240702125597,98
2024-09-19 11:59:06.617,422.5882812416728,995
2024-09-19 11:59:06.627,422.5703558860761,9
2024-09-19 11:59:06.640,422.5234636073853,1004
2024-09-19 11:59:06.661,422.5580365312703,102
2024-09-19 11:59:06.664,422.5232105262152,1001
2024-09-19 11:59:06.699,422.56430369468,105
2024-09-19 11:59:06.827,422.5545040682819,997
2024-09-19 11:59:06.926,422.5312499303674,1002
2024-09-19 11:59:07.033,422.6282785059334,103
2024-09-19 11:59:07.064,422.64308220432406,1000
2024-09-19 11:59:07.166,422.6287251462485,100
2024-09-19 11:59:07.203,422.6423511447268,11
2024-09-19 11:59:07.347,422.63953061839874,8
2024-09-19 11:59:07.361,422.6039335653952,1002
2024-09-19 11:59:07.397,422.6394750870968,1003
2024-09-19 11:59:07.421,422.6316661688781,98
2024-09-19 11:59:07.458,422.62256843252,1004
2024-09-19 11:59:07.481,422.6280692942702,1004
2024-09-19 11:59:07.523,422.5790937765598,96
2024-09-19 11:59:07.539,422.6248325911899,101
2024-09-19 11:59:07.562,422.5650865486024,14
2024-09-19 11:59:07.563,422.5259970593625,1000
2024-09-19 11:59:07.655,422.6508232912013,12
2024-09-19 11:59:07.657,422.5402752644624,997
2024-09-19 11:59:07.660,422.546037173386,97
2024-09-19 11:59:07.679,422.59114075975646,995
2024-09-19 11:59:07.709,422.6215710207807,14
2024-09-19 11:59:07.734,422.6122098141767,103
2024-09-19 11:59:07.751,422.53582800008974,13
2024-09-19 11:59:07.849,422.6312025115334,102
2024-09-19 11:59:07.872,422.62739832525847,13
2024-09-19 11:59:07.887,422.6310526192036,98
2024-09-19 11:59:07.893,422.6514194593752,996
2024-09-19 11:59:07.928,422.6285160675618,11
2024-09-19 11:59:07.930,422.6286948863012,102
2024-09-19 11:59:07.948,422.62979853930767,95
2024-09-19 11:59:07.977,,1001
2024-09-19 11:59:08.034,422.6181118522398,8
2024-09-19 11:59:08.101,422.5939173040358,99
2024-09-19 11:59:08.189,422.61151064652216,5
2024-09-19 11:59:08.210,422.5812776355145,96
2024-09-19 11:59:08.211,422.6151797805569,1002
2024-09-19 11:59:08.239,422.5691162090295,1003
2024-09-19 11:59:08.239,422.6040582532266,1005
2024-09-19 11:59:08.247,422.5649540612692,7
2024-09-19 11:59:08.395,422.5779015677318,12
2024-09-19 11:59:08.409,422.6246491768037,97
2024-09-19 11:59:08.450,422.5747873698566,13
2024-09-19 11:59:08.463,422.57669704061465,96
2024-09-19 11:59:08.522,422.5780921836626,10
2024-09-19 11:59:08.678,422.54485426587,12
2024-09-19 11:59:08.804,422.6074958230434,10
2024-09-19 11:59:08.826,422.5681479128474,1003
2024-09-19 11:59:08.831,422.59548158013394,1003
2024-09-19 11:59:08.890,422.5650863719304,1000
2024-09-19 11:59:08.895,422.65003040301457,99
2024-09-19 11:59:09.029,422.6445907544433,998
2024-09-19 11:59:09.070,422.66204500164486,11
2024-09-19 11:59:09.086,422.669003689521,1003
2024-09-19 11:59:09.098,422.65323076892577,1000
2024-09-19 11:59:09.176,422.6674382380459,999
2024-09-19 11:59:09.190,422.6392752075052,100
2024-09-19 11:59:09.195,422.6740510848156,102
2024-09-19 11:59:09.275,422.6586759369656,101
2024-09-19 11:59:09.337,422.66692791881377,995
2024-09-19 11:59:09.355,422.63011423340816,13
2024-09-19 11:59:09.364,422.6654832278488,998
2024-09-19 11:59:09.373,422.6597909007919,12
2024-09-19 11:59:09.377,422.6576533980965,995
2024-09-19 11:59:09.526,422.6457339957507,998
2024-09-19 11:59:09.580,422.638555956071,97
2024-09-19 11:59:09.809,422.6718732423261,103
2024-09-19 11:59:09.813,-422.6694560493903,995
2024-09-19 11:59:09.836,422.657041768737,105
2024-09-19 11:59:09.922,422.6402317027028,999
2024-09-19 11:59:10.061,422.657707794866,101
2024-09-19 11:59:10.121,422.6463098454477,1001
2024-09-19 11:59:10.192,422.63837738002144,9
2024-09-19 11:59:10.202,422.6375100590868,1005
2024-09-19 11:59:10.290,422.5779929437325,1003
2024-09-19 11:59:10.299,422.6322661146096,7
2024-09-19 11:59:10.372,422.58789382376375,1005
2024-09-19 11:59:10.455,422.6702395611638,13
2024-09-19 11:59:10.466,422.6595662458838,15
2024-09-19 11:59:10.507,422.5756601223607,1004
2024-09-19 11:59:10.511,422.5877320936696,12
2024-09-19 11:59:10.573,422.6659358152616,96
2024-09-19 11:59:10.576,422.62397838595416,995
2024-09-19 11:59:10.603,422.575600328646,996
2024-09-19 11:59:10.605,422.67671826251626,1002
2024-09-19 11:59:10.646,422.5652696699952,99
2024-09-19 11:59:10.648,422.6235146764325,995
2024-09-19 11:59:10.660,422.6320986515161,105
2024-09-19 11:59:10.685,422.5607708602544,7
2024-09-19 11:59:10.703,422.5633268425853,97
2024-09-19 11:59:10.709,422.6405797090598,105
2024-09-19 11:59:10.734,422.6645108880231,100
2024-09-19 11:59:10.804,422.64886241550687,7
2024-09-19 11:59:10.808,422.5662232551792,996
2024-09-19 11:59:10.887,422.57597412922473,98
2024-09-19 11:59:10.934,422.592339368231,102
2024-09-19 11:59:10.947,422.5752383522934,101
2024-09-19 11:59:10.993,422.5783611539568,95
2024-09-19 11:59:11.039,422.5873981691589,102
2024-09-19 11:59:11.107,422.60582283742826,1001
2024-09-19 11:59:11.112,422.5567571265227,13
2024-09-19 11:59:11.122,422.5927218738349,1000
2024-09-19 11:59:11.161,422.5895618371986,10
2024-09-19 11:59:11.193,422.6112355028076,98
2024-09-19 11:59:11.199,422.59505761270975,95
2024-09-19 11:59:11.258,422.5921133752246,100
2024-09-19 11:59:11.374,422.58464669261895,9
2024-09-19 11:59:11.386,422.55423446977966,97
2024-09-19 11:59:11.387,422.579593076291,11
2024-09-19 11:59:11.525,422.5803737209863,996
2024-09-19 11:59:11.529,422.5697528557356,96
2024-09-19 11:59:11.561,422.5833966413063,996
2024-09-19 11:59:11.585,422.5803396323216,1000
2024-09-19 11:59:11.683,422.5710558576943,997
2024-09-19 11:59:11.699,422.5772000328354,12
2024-09-19 11:59:11.883,422.58836894355807,102
2024-09-19 11:59:12.528,422.5669176578464,95
2024-09-19 11:59:12.609,422.5802917641284,10
2024-09-19 11:59:13.062,422.5203644028489,1003
2024-09-19 11:59:13.068,422.5833472681061,11
2024-09-19 11:59:13.095,422.5423374319889,15
2024-09-19 11:59:13.195,422.5925248390915,15
2024-09-19 11:59:13.235,422.5713295133364,95
2024-09-19 11:59:13.254,422.5393990126009,1000
2024-09-19 11:59:13.312,422.59169447610327,99
2024-09-19 11:59:13.318,422.5207280358289,1000
2024-09-19 11:59:13.334,422.5426445108967,1003
2024-09-19 11:59:13.388,422.49971866700366,13
2024-09-19 11:59:13.406,422.603634496852,101
2024-09-19 11:59:13.424,422.5712761999452,997
2024-09-19 11:59:13.431,422.5393462398376,1002
2024-09-19 11:59:13.490,422.5181291985571,98
2024-09-19 11:59:13.501,422.52074792654855,10
2024-09-19 11:59:13.506,422.52234645921527,1002
2024-09-19 11:59:13.514,422.5286502428488,8
2024-09-19 11:59:13.598,422.5680611976933,7
2024-09-19 11:59:13.606,422.5653606125943,6
2024-09-19 11:59:13.615,422.5933113826233,98
2024-09-19 11:59:13.627,422.5598939095125,11
2024-09-19 11:59:13.688,422.5273555295377,12
2024-09-19 11:59:13.706,422.5918296479457,9
2024-09-19 11:59:13.745,422.5742246739039,104
2024-09-19 11:59:13.837,422.5739959063276,105
2024-09-19 11:59:13.891,422.4970818745203,995
2024-09-19 11:59:13.908,422.57991247182736,999
2024-09-19 11:59:13.925,422.5698988699593,102
2024-09-19 11:59:13.951,422.5329859280645,10
2024-09-19 11:59:14.010,422.3916594859658,996
2024-09-19 11:59:14.122,422.4450983477885,1001
2024-09-19 11:59:14.175,422.4432714617215,101
2024-09-19 11:59:14.209,422.4552115597859,1001
2024-09-19 11:59:14.293,422.4390568958255,996
2024-09-19 11:59:14.315,422.440958825431,103
2024-09-19 11:59:14.342,422.4430682790276,105
2024-09-19 11:59:14.376,422.447657729018,999
2024-09-19 11:59:14.440,422.4422796459727,1000
2024-09-19 11:59:14.457,422.4414782286731,1000
2024-09-19 11:59:14.469,422.430914904039,1003
2024-09-19 11:59:14.508,422.4259753106761,103
2024-09-19 11:59:14.631,422.4252020907819,102
2024-09-19 11:59:14.666,422.4049862333165,95
2024-09-19 11:59:14.750,422.3987681658202,95
2024-09-19 11:59:14.754,422.4208412407364,97
2024-09-19 11:59:14.973,422.4727025602583,5
2024-09-19 11:59:14.984,422.4336137985309,8
2024-09-19 11:59:15.125,422.47416245591546,1003
2024-09-19 11:59:15.241,422.45357729927366,99
2024-09-19 11:59:15.256,422.4617356450081,98
2024-09-19 11:59:15.272,422.5124252694483,995
2024-09-19 11:59:15.329,422.4796543127941,97
2024-09-19 11:59:15.336,422.4811105098404,8
2024-09-19 11:59:15.368,422.4589465691669,997
2024-09-19 11:59:15.385,422.46771276624446,1003
2024-09-19 11:59:15.456,422.4732133158354,11
2024-09-19 11:59:15.490,422.4721894200204,1001
2024-09-19 11:59:15.539,422.4610864574654,95
2024-09-19 11:59:15.573,422.4805790836219,105
2024-09-19 11:59:15.615,422.469021879536,995
2024-09-19 11:59:15.651,422.50038965010174,95
2024-09-19 11:59:15.660,422.4408967156307,996
2024-09-19 11:59:15.693,422.5254616700464,8
2024-09-19 11:59:15.705,422.45213395050513,995
2024-09-19 11:59:15.732,422.4628828316042,6
2024-09-19 11:59:15.734,422.4925726131357,996
2024-09-19 11:59:15.870,422.515480530573,999
2024-09-19 11:59:15.929,422.5123137508847,7
2024-09-19 11:59:15.962,422.4722632100608,1003
2024-09-19 11:59:16.029,422.5285060539758,997
2024-09-19 11:59:16.078,422.429962082402,102
2024-09-19 11:59:16.094,422.38596574748897,8
2024-09-19 11:59:16.121,422.5009966886802,15
2024-09-19 11:59:16.129,422.4339918719494,102
2024-09-19 11:59:16.154,422.5185193074539,15
2024-09-19 11:59:16.158,422.5447820433228,998
2024-09-19 11:59:16.276,422.3589116190898,100
2024-09-19 11:59:16.276,422.4332222833426,99
2024-09-19 11:59:16.313,422.5336829469193,7
2024-09-19 11:59:16.328,422.5381417509444,6
2024-09-19 11:59:16.527,422.4054503920383,10
2024-09-19 11:59:16.560,422.5390622736404,1003
2024-09-19 11:59:16.591,422.5120000976163,1004
2024-09-19 11:59:16.747,422.36355475103073,102
2024-09-19 11:59:16.821,422.51192640930856,6
2024-09-19 11:59:16.898,422.4865494521255,1002
2024-09-19 11:59:16.908,422.5222368927041,101
2024-09-19 11:59:16.956,422.45399576288895,103
2024-09-19 11:59:16.961,422.41208598728025,6
2024-09-19 11:59:16.987,422.38641244068873,999
2024-09-19 11:59:16.998,422.3801948745553,95
2024-09-19 11:59:16.999,422.463119161967,998
2024-09-19 11:59:17.080,422.3458937432922,1003
2024-09-19 11:59:17.081,422.3953573750369,103
2024-09-19 11:59:17.091,422.3820396344806,11
2024-09-19 11:59:17.194,422.3947606621911,10
2024-09-19 11:59:17.213,422.38071896463526,13
2024-09-19 11:59:17.377,422.36309003267553,995
2024-09-19 11:59:17.389,422.3597531694598,1003
2024-09-19 11:59:17.546,422.3929413284367,999
2024-09-19 11:59:17.811,422.3831177767678,10
2024-09-19 11:59:17.914,422.3868246350322,97
2024-09-19 11:59:17.915,422.3915818656208,10
2024-09-19 11:59:17.931,422.3828100057586,9
2024-09-19 11:59:18.048,422.3989992326768,1001
2024-09-19 11:59:18.093,422.39086310438296,95
2024-09-19 11:59:18.149,422.38135613748426,9
2024-09-19 11:59:18.432,422.3700072438924,999
2024-09-19 11:59:18.479,422.3875656942093,8
2024-09-19 11:59:18.543,422.3577234014288,101
2024-09-19 11:59:18.767,422.3862383084087,1005
2024-09-19 11:59:19.091,422.4041878787529,1005
2024-09-19 11:59:19.195,422.38107351197726,5
2024-09-19 11:59:19.241,422.377848755021,9
2024-09-19 11:59:19.301,422.3724610245284,104
2024-09-19 11:59:19.364,422.3686668948063,8
2024-09-19 11:59:19.406,422.4004051487733,997
2024-09-19 11:59:19.558,422.40276628797096,8
2024-09-19 11:59:19.740,422.3809292992822,95
2024-09-19 11:59:19.781,422.3994061475385,13
2024-09-19 11:59:19.823,422.3909952861881,995
2024-09-19 11:59:19.830,422.3769300719291,95
2024-09-19 11:59:19.853,422.3907065573807,104
2024-09-19 11:59:19.889,422.4019723700176,5
2024-09-19 11:59:19.919,422.3712816396255,98
2024-09-19 11:59:19.920,422.3816989713952,14
2024-09-19 11:59:19.927,422.3763983561933,9
2024-09-19 11:59:19.964,422.3797184797612,1005
2024-09-19 11:59:20.079,-422.3972305735915,1003
2024-09-19 11:59:20.101,422.3923524917047,11
2024-09-19 11:59:20.181,422.4171936178562,105
2024-09-19 11:59:20.266,422.4165748788619,998
2024-09-19 11:59:20.301,422.44508962117214,12
2024-09-19 11:59:20.339,422.3866465672858,1005
2024-09-19 11:59:20.411,422.4311760503946,9
2024-09-19 11:59:20.444,422.4551415825332,96
2024-09-19 11:59:20.463,422.4261963829936,998
2024-09-19 11:59:20.483,422.4403727579131,96
2024-09-19 11:59:20.559,422.4268685081682,8
2024-09-19 11:59:20.617,422.4817788958038,1001
2024-09-19 11:59:20.618,422.4609508172568,97
2024-09-19 11:59:20.683,422.4150955843111,1003
2024-09-19 11:59:20.710,422.39446729954136,15
2024-09-19 11:59:20.723,422.43067393757616,6
2024-09-19 11:59:20.767,422.4674166280256,95
2024-09-19 11:59:20.779,422.4295185503293,1001
2024-09-19 11:59:20.800,422.4451483302671,5
2024-09-19 11:59:20.806,422.468452562537,105
2024-09-19 11:59:20.836,422.411366807375,14
2024-09-19 11:59:20.842,422.4715518018626,96
2024-09-19 11:59:20.864,422.4887117631092,1001
2024-09-19 11:59:20.879,422.4446942586527,6
2024-09-19 11:59:20.896,422.445332215813,999
2024-09-19 11:59:20.905,422.4043464820219,7
2024-09-19 11:59:20.925,422.3765895587955,1000
2024-09-19 11:59:20.940,422.3979832462395,6
2024-09-19 11:59:20.992,422.47194859008886,1002
2024-09-19 11:59:21.070,422.4384263202869,103
2024-09-19 11:59:21.175,422.4545562454138,8
2024-09-19 11:59:21.213,422.433340927164,1003
2024-09-19 11:59:21.294,422.40211133190905,995
2024-09-19 11:59:21.351,422.4258818245024,13
2024-09-19 11:59:21.399,422.4075027580968,9
2024-09-19 11:59:21.417,422.43806127616494,8
2024-09-19 11:59:21.481,422.45299559933807,7
2024-09-19 11:59:21.565,422.46353906202,1000
2024-09-19 11:59:21.616,422.3956445770253,12
2024-09-19 11:59:21.629,422.4015746795762,97
2024-09-19 11:59:21.659,422.4022617973571,103
2024-09-19 11:59:21.663,422.3988637295398,10
2024-09-19 11:59:21.850,422.46342588682967,996
2024-09-19 11:59:21.903,422.4349526915717,11
2024-09-19 11:59:21.978,422.4554747137376,13
2024-09-19 11:59:21.995,422.4517828399577,100
2024-09-19 11:59:22.109,422.436506669529,6
2024-09-19 11:59:22.195,422.4686648085081,9
2024-09-19 11:59:22.206,422.4557758264784,10
2024-09-19 11:59:22.447,422.4255776711119,999
2024-09-19 11:59:22.487,422.4226710337109,101
2024-09-19 11:59:22.507,422.424160583434,995
2024-09-19 11:59:22.565,422.4715657335221,14
2024-09-19 11:59:22.657,422.440260169076,999
2024-09-19 11:59:22.686,422.45169454383694,102
2024-09-19 11:59:22.717,422.4625910678299,1004
2024-09-19 11:59:22.812,422.42368827356336,10
2024-09-19 11:59:22.833,422.45063373227794,10
2024-09-19 11:59:22.931,422.460784860884,996
2024-09-19 11:59:22.949,422.40857671461583,998
2024-09-19 11:59:22.970,-422.4517861968288,1004
2024-09-19 11:59:22.976,422.4164160809119,1003
2024-09-19 11:59:23.020,422.5107715600372,97
2024-09-19 11:59:23.062,422.47753074209845,14
2024-09-19 11:59:23.083,422.5297142466154,95
2024-09-19 11:59:23.093,422.4596030907997,999
2024-09-19 11:59:23.108,422.4611423767494,14
2024-09-19 11:59:23.160,422.49243760815625,12
2024-09-19 11:59:23.213,422.51783104727554,8
2024-09-19 11:59:23.321,422.4954647979428,96
2024-09-19 11:59:23.362,422.4974970965378,1001
2024-09-19 11:59:23.496,422.4843035278278,11
2024-09-19 11:59:23.578,422.4587611097736,998
2024-09-19 11:59:23.590,422.4949643087807,1001
2024-09-19 11:59:23.672,422.4982020046232,1004
2024-09-19 11:59:23.675,422.52143640011,96
2024-09-19 11:59:23.740,422.5085893104889,12
2024-09-19 11:59:23.769,422.5100928893396,1001
2024-09-19 11:59:23.775,422.50581443104267,996
2024-09-19 11:59:23.835,422.4965914687684,999
2024-09-19 11:59:23.846,422.5167015251164,998
2024-09-19 11:59:23.990,422.503190196641,9
2024-09-19 11:59:23.996,422.5004569647165,7
2024-09-19 11:59:24.003,422.5288199817646,1002
2024-09-19 11:59:24.086,422.52947376568807,1003
2024-09-19 11:59:24.098,422.5345724178691,1003
2024-09-19 11:59:24.142,422.5110136694807,5
2024-09-19 11:59:24.167,,15
2024-09-19 11:59:24.208,422.4931330714428,104
2024-09-19 11:59:24.211,422.54882492741285,105
2024-09-19 11:59:24.240,422.5091073073396,997
2024-09-19 11:59:24.248,422.5181340764185,100
2024-09-19 11:59:24.277,422.5523930242287,999
2024-09-19 11:59:24.282,422.51429269793255,999
2024-09-19 11:59:24.308,422.5273396569861,996
2024-09-19 11:59:24.353,422.512755841933,6
2024-09-19 11:59:24.424,422.53740482596993,9
2024-09-19 11:59:24.425,422.52029342069926,13
2024-09-19 11:59:24.563,422.52212242103366,14
2024-09-19 11:59:24.572,422.5183280589711,6
2024-09-19 11:59:24.637,422.4970635116724,6
2024-09-19 11:59:24.709,422.5171495041338,101
2024-09-19 11:59:24.744,422.5248812535295,95
2024-09-19 11:59:24.771,422.5174234336925,1001
2024-09-19 11:59:24.889,422.50929510689537,6
2024-09-19 11:59:24.929,422.5246256071885,11
2024-09-19 11:59:24.947,422.5258191847085,100
2024-09-19 11:59:24.962,422.4921664939868,1005
2024-09-19 11:59:24.990,422.5505847312481,999
2024-09-19 11:59:25.183,422.5109282871165,11
2024-09-19 11:59:25.226,422.53836009860873,99
2024-09-19 11:59:25.314,422.5299996516939,997
2024-09-19 11:59:25.333,422.5119857543575,103
2024-09-19 11:59:25.341,422.5092512245069,10
2024-09-19 11:59:25.360,422.5007604286958,102
2024-09-19 11:59:25.490,422.4932524301979,101
2024-09-19 11:59:25.557,422.5262543822623,1001
2024-09-19 11:59:25.643,422.52073362683774,1004
2024-09-19 11:59:25.697,422.5152051923952,96
2024-09-19 11:59:25.775,422.5239850451873,97
2024-09-19 11:59:25.802,422.5301746435618,12
2024-09-19 11:59:25.812,422.5332391153231,999
2024-09-19 11:59:25.827,422.49579755555857,7
2024-09-19 11:59:25.850,422.5284122006215,1004
2024-09-19 11:59:25.927,422.50612996816864,14
2024-09-19 11:59:25.951,422.5178892456909,103
2024-09-19 11:59:25.992,422.5132259813425,1002
2024-09-19 11:59:26.002,422.4734190495054,995
2024-09-19 11:59:26.019,422.4730232923554,105
2024-09-19 11:59:26.027,422.4863133174589,100
2024-09-19 11:59:26.038,422.5357816740564,12
2024-09-19 11:59:26.180,422.50728392604367,99
2024-09-19 11:59:26.184,422.50814052764497,14
2024-09-19 11:59:26.207,422.4883679037002,100
2024-09-19 11:59:26.217,422.5198078060414,1004
2024-09-19 11:59:26.318,422.5263880592393,1005
2024-09-19 11:59:26.336,422.5045035075378,100
2024-09-19 11:59:26.340,422.5277564342399,12
2024-09-19 11:59:26.448,422.4915055616258,11
2024-09-19 11:59:26.463,422.5358372771025,1005
2024-09-19 11:59:26.591,422.4812116662969,1004
2024-09-19 11:59:26.661,422.50249183120536,1001
2024-09-19 11:59:26.718,422.48903518318417,996
2024-09-19 11:59:26.839,422.4826351193997,99
2024-09-19 11:59:26.853,422.5443630260454,1004
2024-09-19 11:59:26.914,422.5139523718429,95
2024-09-19 11:59:26.915,422.5050132425962,1002
2024-09-19 11:59:26.989,422.5033343813084,96
2024-09-19 11:59:27.065,422.5584992938004,10
2024-09-19 11:59:27.579,422.55140747813465,104
2024-09-19 11:59:27.768,422.53149113130144,97
2024-09-19 11:59:28.078,422.5673195597293,1005
2024-09-19 11:59:28.305,422.5488126679516,99
2024-09-19 11:59:28.353,422.5498263247367,10
2024-09-19 11:59:28.398,422.5686513820256,100
2024-09-19 11:59:28.453,422.569534478908,1004
2024-09-19 11:59:28.456,422.5309634084557,103
2024-09-19 11:59:28.577,422.5817309274017,105
2024-09-19 11:59:28.603,422.5826754480863,9
2024-09-19 11:59:28.688,422.555124532557,6
2024-09-19 11:59:28.764,422.58120141613006,996
2024-09-19 11:59:28.782,422.55324130041794,14
2024-09-19 11:59:28.924,422.5594948453932,1001
2024-09-19 11:59:29.003,422.5489341514035,102
2024-09-19 11:59:29.049,422.5654852465352,99
2024-09-19 11:59:29.079,422.5805896191944,7
2024-09-19 11:59:29.088,422.5633297678593,14
2024-09-19 11:59:29.206,422.55484471783706,103
2024-09-19 11:59:29.345,422.5545739864761,14
2024-09-19 11:59:29.497,422.5549395318399,13
2024-09-19 11:59:29.527,422.5445737394672,9
2024-09-19 11:59:29.786,422.5511693432807,103
2024-09-19 11:59:29.917,422.5686880531948,97
2024-09-19 11:59:29.932,422.5454763797486,99
2024-09-19 11:59:30.142,422.5460502359463,12
2024-09-19 11:59:30.199,422.5590587891493,102
2024-09-19 11:59:30.235,422.5188049633367,999
2024-09-19 11:59:30.266,422.5151485665428,999
2024-09-19 11:59:30.274,422.522129010425,98
2024-09-19 11:59:30.323,422.5197138226828,95
2024-09-19 11:59:30.534,422.536513592534,999
2024-09-19 11:59:30.596,422.5167673512023,8
2024-09-19 11:59:30.598,422.5302768420791,1000
2024-09-19 11:59:30.650,422.5238257371737,999
2024-09-19 11:59:30.690,422.5109782121938,1001
2024-09-19 11:59:30.770,422.52115970825287,5
2024-09-19 11:59:30.941,422.5386164879453,95
2024-09-19 11:59:30.995,422.5435759901793,6
2024-09-19 11:59:31.192,422.540450283982,11
2024-09-19 11:59:31.240,422.5037036456709,998
2024-09-19 11:59:31.248,422.5818699303549,10
2024-09-19 11:59:31.273,422.5314065738511,997
2024-09-19 11:59:31.338,422.5274011878904,96
2024-09-19 11:59:31.381,422.5283088780981,95
2024-09-19 11:59:31.404,422.5473476097669,12
2024-09-19 11:59:31.428,422.4817351849187,1002
2024-09-19 11:59:31.440,422.5394907048985,8
2024-09-19 11:59:31.449,422.52623821215263,97
2024-09-19 11:59:31.495,422.5684382648855,98
2024-09-19 11:59:31.655,422.5761528217036,1005
2024-09-19 11:59:31.677,422.5296620270116,8
2024-09-19 11:59:31.764,422.4696659920869,997
2024-09-19 11:59:31.774,422.5570691055795,1005
2024-09-19 11:59:31.782,422.49729377230426,9
2024-09-19 11:59:31.794,422.5427589116949,996
2024-09-19 11:59:31.841,422.5386055211316,1004
2024-09-19 11:59:31.852,422.5364487820393,95
2024-09-19 11:59:31.855,422.5280530237424,995
2024-09-19 11:59:31.866,422.5016898227641,99
2024-09-19 11:59:31.912,422.5342901531154,95
2024-09-19 11:59:31.919,422.4894466024002,95
2024-09-19 11:59:31.979,422.4754630014715,96
2024-09-19 11:59:32.010,422.4767657981056,95
2024-09-19 11:59:32.115,422.47758047277847,100
2024-09-19 11:59:32.176,422.5004305523297,99
2024-09-19 11:59:32.180,422.4890255487168,995
2024-09-19 11:59:32.183,422.4964431774494,100
2024-09-19 11:59:32.272,422.506789007952,1001
2024-09-19 11:59:32.501,422.49904059428025,997
2024-09-19 11:59:32.510,422.4847622592106,7
2024-09-19 11:59:32.650,422.486133212373,5
2024-09-19 11:59:32.685,422.4960292942691,104
2024-09-19 11:59:32.753,422.5038464283497,13
2024-09-19 11:59:32.785,422.4825450034126,96
2024-09-19 11:59:32.903,422.5010849937086,1003
2024-09-19 11:59:32.911,422.50508316526617,995
2024-09-19 11:59:33.009,422.51171110077775,1000
2024-09-19 11:59:33.196,422.5258881085632,1005
2024-09-19 11:59:33.307,422.53365259153344,1002
2024-09-19 11:59:33.628,422.4861158899728,1001
2024-09-19 11:59:33.659,422.4774199473277,101
2024-09-19 11:59:33.750,422.53738604393527,1000
2024-09-19 11:59:33.767,422.51991865903375,8
2024-09-19 11:59:33.978,422.5226796895553,97
2024-09-19 11:59:33.986,422.509373611951,96
2024-09-19 11:59:34.061,422.600546903844,105
2024-09-19 11:59:34.093,422.6213314387664,11
2024-09-19 11:59:34.137,422.5273343970181,996
2024-09-19 11:59:34.162,422.5772273854093,998
2024-09-19 11:59:34.185,422.5451025371557,997
2024-09-19 11:59:34.242,422.5479771554399,96
2024-09-19 11:59:34.279,422.5681505857148,10
2024-09-19 11:59:34.296,422.61942315286745,999
2024-09-19 11:59:34.489,422.573454267135,105
2024-09-19 11:59:34.494,422.58076330177033,100
2024-09-19 11:59:34.496,422.53535456824994,997
2024-09-19 11:59:34.513,422.577466060479,7
2024-09-19 11:59:34.514,422.5860117444945,100
2024-09-19 11:59:34.584,422.5527266709832,995
2024-09-19 11:59:34.603,422.6002668056208,15
2024-09-19 11:59:34.608,422.5927913757642,99
2024-09-19 11:59:34.621,422.5392779639556,105
2024-09-19 11:59:34.623,422.5961144795379,99
2024-09-19 11:59:34.687,422.57302430644586,13
2024-09-19 11:59:34.828,422.5968876694698,10
2024-09-19 11:59:34.855,422.559437478362,1004
2024-09-19 11:59:35.016,422.5870424060094,8
2024-09-19 11:59:35.019,422.61451032718935,998
2024-09-19 11:59:35.038,422.5932239400066,9
2024-09-19 11:59:35.046,422.61097717555504,10
2024-09-19 11:59:35.105,422.5767643938533,1004
2024-09-19 11:59:35.126,422.619788571606,1005
2024-09-19 11:59:35.150,422.6052407342245,100
2024-09-19 11:59:35.185,422.595994162993,14
2024-09-19 11:59:35.250,422.5672332223907,6
2024-09-19 11:59:35.278,422.57678857675216,100
2024-09-19 11:59:35.293,422.5970562580437,100
2024-09-19 11:59:35.344,422.5916493803088,1002
2024-09-19 11:59:35.356,422.5983910030892,100
2024-09-19 11:59:35.380,422.593256821878,100
2024-09-19 11:59:35.463,422.6101790477615,99
2024-09-19 11:59:35.554,422.60130895027015,1000
2024-09-19 11:59:35.563,422.618296330872,9
2024-09-19 11:59:35.686,422.6246988828385,104
2024-09-19 11:59:35.712,422.6148225957049,11
2024-09-19 11:59:35.732,422.6070607992573,998
2024-09-19 11:59:35.811,422.6319763695441,1004
2024-09-19 11:59:35.863,422.5858305098904,100
2024-09-19 11:59:35.875,422.6186875977362,1005
2024-09-19 11:59:35.938,422.5433100597268,11
2024-09-19 11:59:35.939,422.5681083046376,7
2024-09-19 11:59:35.949,422.62381864705833,1003
2024-09-19 11:59:35.956,422.5561723913363,102
2024-09-19 11:59:35.971,422.6101143744223,11
2024-09-19 11:59:36.002,422.6169744355166,103
2024-09-19 11:59:36.176,422.58160795311727,11
2024-09-19 11:59:36.225,422.5788074608634,6
2024-09-19 11:59:36.229,422.5937373786287,998
2024-09-19 11:59:36.242,422.610257786906,9
2024-09-19 11:59:36.256,422.5965679784324,96
2024-09-19 11:59:36.260,422.6165152408863,10
2024-09-19 11:59:36.348,422.5950220825493,1005
2024-09-19 11:59:36.442,422.6046933150742,99
2024-09-19 11:59:36.450,422.5958722618124,999
2024-09-19 11:59:36.617,422.60455283474175,95
2024-09-19 11:59:36.685,422.615785977264,101
2024-09-19 11:59:36.753,422.5695369386432,5
2024-09-19 11:59:36.793,422.6297220526168,95
2024-09-19 11:59:36.864,422.6020499155687,997
2024-09-19 11:59:36.893,422.60861824336433,103
2024-09-19 11:59:36.977,422.59484151271647,95
2024-09-19 11:59:36.978,422.6193670779996,101
2024-09-19 11:59:37.024,422.5865788508074,1004
2024-09-19 11:59:37.065,422.5373492672543,103
2024-09-19 11:59:37.103,422.5671656581324,96
2024-09-19 11:59:37.255,422.5172971018189,96
2024-09-19 11:59:37.304,422.5669023381914,6
2024-09-19 11:59:37.358,422.58924975881735,15
2024-09-19 11:59:37.358,422.5842378563957,101
2024-09-19 11:59:37.399,422.5849649776661,1000
2024-09-19 11:59:37.429,422.51696153395216,15
2024-09-19 11:59:37.463,422.5356844845344,996
2024-09-19 11:59:37.500,422.5780427290062,995
2024-09-19 11:59:37.525,422.5154738257508,97
2024-09-19 11:59:37.532,422.57822689007264,105
2024-09-19 11:59:37.759,422.5670670869361,1000
2024-09-19 11:59:37.769,422.59049990232006,1002
2024-09-19 11:59:37.837,422.5804221443007,105
2024-09-19 11:59:37.863,422.5485601339211,99
2024-09-19 11:59:37.888,422.55150608711847,9
2024-09-19 11:59:37.975,422.55872398315256,103
2024-09-19 11:59:37.988,422.5182162894805,96
2024-09-19 11:59:38.077,422.5534758596488,7
2024-09-19 11:59:38.214,422.5740344523417,99
2024-09-19 11:59:38.251,422.5629741375,7
2024-09-19 11:59:38.334,422.5497904116117,103
2024-09-19 11:59:38.447,422.56724108290615,104
2024-09-19 11:59:38.506,422.51852722852976,1001
2024-09-19 11:59:38.711,422.56260847765367,101
2024-09-19 11:59:39.024,422.5549521006179,97
2024-09-19 11:59:39.038,422.58428349293774,999
2024-09-19 11:59:39.094,422.5523522714346,12
2024-09-19 11:59:39.112,422.509957571721,99
2024-09-19 11:59:39.126,422.53247031442703,11
2024-09-19 11:59:39.252,422.5420069065729,1005
2024-09-19 11:59:39.306,422.5162419736888,10
2024-09-19 11:59:39.398,422.53142421121936,96
2024-09-19 11:59:39.401,422.5711467076417,996
2024-09-19 11:59:39.480,422.5108164879352,13
2024-09-19 11:59:39.492,422.5844501536547,95
2024-09-19 11:59:39.588,422.55684890799296,99
2024-09-19 11:59:39.788,,11
2024-09-19 11:59:39.845,422.5930833530528,1003
2024-09-19 11:59:39.944,422.52623607450647,1000
2024-09-19 11:59:39.954,422.5783334928661,6
2024-09-19 11:59:39.971,422.5808437629669,9
2024-09-19 11:59:39.993,422.5666399362404,105
2024-09-19 11:59:40.027,422.5534885266303,1004
2024-09-19 11:59:40.059,422.5502803801804,99
2024-09-19 11:59:40.092,422.5499028074,998
2024-09-19 11:59:40.100,422.52990917214765,13
2024-09-19 11:59:40.137,422.5341820894873,999
2024-09-19 11:59:40.172,422.53892775906417,10
2024-09-19 11:59:40.173,,7
2024-09-19 11:59:40.210,422.5448027117512,97
2024-09-19 11:59:40.254,422.513988937674,8
2024-09-19 11:59:40.289,422.5202748808,95
2024-09-19 11:59:40.289,422.5588942454767,104
2024-09-19 11:59:40.354,422.5088248558091,12
2024-09-19 11:59:40.399,422.5536168519142,1002
2024-09-19 11:59:40.448,422.5520716558492,996
2024-09-19 11:59:40.509,422.5418502914567,7
2024-09-19 11:59:40.625,422.5439869566028,100
2024-09-19 11:59:40.628,422.5609631593129,1005
2024-09-19 11:59:40.653,422.5373477406016,98
2024-09-19 11:59:40.710,422.53058327056914,996
2024-09-19 11:59:40.748,422.57027542362033,7
2024-09-19 11:59:40.757,422.5449317264048,7
2024-09-19 11:59:40.793,422.5209226910816,999
2024-09-19 11:59:40.839,422.5229281447096,1001
2024-09-19 11:59:40.856,,103
2024-09-19 11:59:41.003,422.4665396625961,1005
2024-09-19 11:59:41.027,422.4672475373068,1004
2024-09-19 11:59:41.031,422.519535590412,101
2024-09-19 11:59:41.104,422.4709336009127,8
2024-09-19 11:59:41.115,422.469106255328,101
2024-09-19 11:59:41.118,422.5054897326911,6
2024-09-19 11:59:41.156,422.47088065238586,104
2024-09-19 11:59:41.229,422.4793668191284,13
2024-09-19 11:59:41.248,422.4791693952354,13
2024-09-19 11:59:41.267,422.51193648926505,101
2024-09-19 11:59:41.370,422.5057176355151,999
2024-09-19 11:59:41.388,422.4918827389277,996
2024-09-19 11:59:41.443,422.4902174863853,98
2024-09-19 11:59:41.443,422.5167434541218,999
2024-09-19 11:59:41.457,422.4972651215887,996
2024-09-19 11:59:41.500,422.4885405596105,1001
2024-09-19 11:59:41.574,422.47753291056745,11
2024-09-19 11:59:41.643,422.4660389283435,1004
2024-09-19 11:59:41.657,422.4952202214676,997
2024-09-19 11:59:41.663,422.5066985481464,14
2024-09-19 11:59:41.737,422.51867301720335,97
2024-09-19 11:59:41.787,422.4442728714051,98
2024-09-19 11:59:41.798,422.4633097999712,999
2024-09-19 11:59:41.801,422.4851705271749,96
2024-09-19 11:59:41.809,,999
2024-09-19 11:59:41.818,422.4727935716693,1005
2024-09-19 11:59:41.871,422.4990002827666,9
2024-09-19 11:59:41.893,422.4699124398122,102
2024-09-19 11:59:41.960,422.5340862974239,1003
2024-09-19 11:59:41.990,422.4716759246908,95
2024-09-19 11:59:42.271,422.5389165994301,9
2024-09-19 11:59:42.342,422.5024863585088,103
2024-09-19 11:59:42.412,422.5279209967492,100
2024-09-19 11:59:42.484,422.51182690728416,102
2024-09-19 11:59:42.494,422.5191833003301,12
2024-09-19 11:59:42.528,-422.5018090717929,15
2024-09-19 11:59:42.905,422.51801066941215,1001
2024-09-19 11:59:42.918,422.5109182237888,15
2024-09-19 11:59:43.011,422.4252353753066,998
2024-09-19 11:59:43.023,422.4995488763965,102
2024-09-19 11:59:43.054,42.24560536931746,15
2024-09-19 11:59:43.059,422.50585564894345,5
2024-09-19 11:59:43.115,422.4907516670922,98
2024-09-19 11:59:43.135,422.4510062511037,7
2024-09-19 11:59:43.181,422.3952323635253,996
2024-09-19 11:59:43.189,422.4068212644724,995
2024-09-19 11:59:43.245,422.3892956718103,102
2024-09-19 11:59:43.310,422.4267773427692,1000
2024-09-19 11:59:43.333,422.4234984460322,103
2024-09-19 11:59:43.336,422.44665884512847,12
2024-09-19 11:59:43.409,422.43060104257927,1005
2024-09-19 11:59:43.462,422.4188716983432,15
2024-09-19 11:59:43.513,422.4824192772555,14
2024-09-19 11:59:43.525,422.4293296312372,103
2024-09-19 11:59:43.649,422.4397103715418,99
2024-09-19 11:59:43.657,422.4205988382639,104
2024-09-19 11:59:43.720,422.4189233985464,9
2024-09-19 11:59:43.724,422.4253708730207,95
2024-09-19 11:59:43.735,422.4413821057637,15
2024-09-19 11:59:43.747,422.39753568576697,6
2024-09-19 11:59:43.751,422.40062846557856,1004
2024-09-19 11:59:43.789,422.469493532699,1001
2024-09-19 11:59:43.804,422.4102540261148,103
2024-09-19 11:59:43.856,422.4713620872773,1002
2024-09-19 11:59:43.996,422.4566676678784,97
2024-09-19 11:59:43.997,422.4754962089663,1002
2024-09-19 11:59:44.357,422.4633054360251,9
2024-09-19 11:59:44.444,422.42120828550446,1000
2024-09-19 11:59:44.468,422.4244606715625,996
2024-09-19 11:59:44.563,422.4501096872367,6
2024-09-19 11:59:44.569,422.4038387742853,997
2024-09-19 11:59:44.678,422.4564405936618,98
2024-09-19 11:59:45.113,422.46969382222846,5
2024-09-19 11:59:45.188,422.4470174238283,96
2024-09-19 11:59:45.366,422.4639661613746,10
2024-09-19 11:59:45.459,422.4427013841775,1002
2024-09-19 11:59:45.810,422.4865005953789,14
2024-09-19 11:59:45.841,422.45267008209225,1003
2024-09-19 11:59:45.932,422.44292555324455,11
2024-09-19 11:59:46.152,422.50459616362,12
2024-09-19 11:59:46.199,422.502971563381,103
2024-09-19 11:59:46.203,422.49541977260736,9
2024-09-19 11:59:46.297,422.4795088428706,1005
2024-09-19 11:59:46.305,422.502185286483,1000
2024-09-19 11:59:46.361,422.4750449871205,104
2024-09-19 11:59:46.787,422.4636882022548,102
2024-09-19 11:59:46.940,422.51896574281216,998
2024-09-19 11:59:47.027,422.4808990331901,6
2024-09-19 11:59:47.131,422.4919935839788,996
2024-09-19 11:59:47.143,422.43039929894985,1003
2024-09-19 11:59:47.251,422.4881041723376,11
2024-09-19 11:59:47.306,422.5118374407038,997
2024-09-19 11:59:47.503,422.521945652758,7
2024-09-19 11:59:47.521,422.4937074466632,1003
2024-09-19 11:59:47.596,422.4061708511815,7
2024-09-19 11:59:47.667,422.4600539380363,998
2024-09-19 11:59:47.695,422.47509761872703,101
2024-09-19 11:59:47.697,422.47044238977264,101
2024-09-19 11:59:47.722,422.4923886759565,13
2024-09-19 11:59:47.740,422.49687876990936,98
2024-09-19 11:59:47.870,422.4962769090839,1004
2024-09-19 11:59:47.892,422.3651302228731,14
2024-09-19 11:59:47.952,422.3884734926493,6
2024-09-19 11:59:48.003,422.4093802010111,104
2024-09-19 11:59:48.006,422.35511131254896,9
2024-09-19 11:59:48.132,422.4018805420364,1001
2024-09-19 11:59:48.234,422.36943685658497,7
2024-09-19 11:59:48.274,422.41604170253714,996
2024-09-19 11:59:48.386,422.3840757499419,1001
2024-09-19 11:59:48.406,422.3969780396864,96
2024-09-19 11:59:48.441,422.3714908516296,96
2024-09-19 11:59:48.545,422.3661972696861,12
2024-09-19 11:59:48.684,422.41820685111736,996
2024-09-19 11:59:48.785,422.3620437023144,103
2024-09-19 11:59:48.872,422.3870513094619,102
2024-09-19 11:59:48.875,422.3736056739848,6
2024-09-19 11:59:48.877,422.3694108711527,1000
2024-09-19 11:59:49.011,422.458314205148,15
2024-09-19 11:59:49.034,422.4384166472972,999
2024-09-19 11:59:49.084,422.4662374531607,999
2024-09-19 11:59:49.103,422.4689244701853,8
2024-09-19 11:59:49.272,422.4372289409604,100
2024-09-19 11:59:49.353,422.42752927380815,6
2024-09-19 11:59:49.436,422.4443401803002,11
2024-09-19 11:59:49.437,422.459667748981,999
2024-09-19 11:59:49.456,422.47122368831407,997
2024-09-19 11:59:49.487,422.4272555489614,10
2024-09-19 11:59:49.491,422.4736703937374,9
2024-09-19 11:59:49.568,422.4354409983118,10
2024-09-19 11:59:49.610,422.4616627089788,14
2024-09-19 11:59:49.680,422.4115427634817,99
2024-09-19 11:59:49.855,422.45418125299415,101
2024-09-19 11:59:50.078,422.4497042837674,15
2024-09-19 11:59:50.153,422.44003533078455,1000
2024-09-19 11:59:50.358,422.44728708645926,14
2024-09-19 11:59:50.430,422.4447722589552,997
2024-09-19 11:59:50.452,422.4472116951087,104
2024-09-19 11:59:50.725,422.4384469312421,14
2024-09-19 11:59:51.076,422.3885868282317,999
2024-09-19 11:59:51.113,422.38397316513135,998
2024-09-19 11:59:51.152,422.4467087180687,13
2024-09-19 11:59:51.197,422.46725242437054,105
2024-09-19 11:59:51.263,422.39909077504,98
2024-09-19 11:59:51.347,422.4700872788281,998
2024-09-19 11:59:51.785,422.4241031955465,1005
2024-09-19 11:59:51.845,422.4562336086998,1004
2024-09-19 11:59:52.091,42.23398889764742,1002
2024-09-19 11:59:52.220,422.3252208199298,8
2024-09-19 11:59:52.240,422.3417220337691,6
2024-09-19 11:59:52.341,422.3491782915812,1001
2024-09-19 11:59:52.452,422.3461045372957,103
2024-09-19 11:59:52.460,422.3864985113086,97
2024-09-19 11:59:52.560,422.2698267180581,14
2024-09-19 11:59:52.572,422.2975436626958,95
2024-09-19 11:59:52.650,422.3420486891524,96
2024-09-19 11:59:52.660,422.3247877260096,999
2024-09-19 11:59:52.754,422.3801637996335,104
2024-09-19 11:59:52.770,-422.3329075813146,6
2024-09-19 11:59:52.788,422.3220550846838,1000
2024-09-19 11:59:52.801,422.3432949972709,11
2024-09-19 11:59:52.841,422.3463916907877,97
2024-09-19 11:59:52.872,422.2869707517015,996
2024-09-19 11:59:52.928,422.2551399978594,5
2024-09-19 11:59:52.934,422.2750531381732,10
2024-09-19 11:59:53.152,422.2708421230771,7
2024-09-19 11:59:53.249,422.2618803030476,104
2024-09-19 11:59:53.489,422.2410144704349,102
2024-09-19 11:59:53.839,422.230375335434,105
2024-09-19 11:59:53.899,422.2487901615023,105
2024-09-19 11:59:54.024,422.31984625863225,5
2024-09-19 11:59:54.102,422.3178854470386,101
2024-09-19 11:59:54.173,422.3197825254719,13
2024-09-19 11:59:54.186,422.3091412235156,5
2024-09-19 11:59:54.206,422.312555805304,999
2024-09-19 11:59:54.345,422.32889292421424,5
2024-09-19 11:59:54.352,422.3172270948036,95
2024-09-19 11:59:54.420,422.3176140871835,95
2024-09-19 11:59:54.500,422.3281208137273,100
2024-09-19 11:59:54.516,422.2871235221058,1003
2024-09-19 11:59:54.637,422.2975779354525,97
2024-09-19 11:59:54.701,422.325717519682,8
2024-09-19 11:59:54.727,422.3110633380365,995
2024-09-19 11:59:54.730,422.3288905718202,995
2024-09-19 11:59:54.809,422.292642239296,100
2024-09-19 11:59:54.839,422.30256946262494,7
2024-09-19 11:59:54.859,422.3248211912546,996
2024-09-19 11:59:54.864,422.32168005928,9
2024-09-19 11:59:54.886,422.3245576810799,8
2024-09-19 11:59:54.894,422.3242367443397,105
2024-09-19 11:59:54.913,422.3245865815378,11
2024-09-19 11:59:54.939,422.3230647563579,100
2024-09-19 11:59:54.956,422.30814794097176,15
2024-09-19 11:59:55.009,422.3247247123796,12
2024-09-19 11:59:55.193,422.298176790312,99
2024-09-19 11:59:55.243,422.3049750758666,1005
2024-09-19 11:59:55.530,422.3140380034114,1000
2024-09-19 11:59:55.543,422.30630271815886,1000
2024-09-19 11:59:55.544,422.3156929971631,998
2024-09-19 11:59:55.579,422.3049487405066,14
2024-09-19 11:59:55.750,422.3172944707491,6
2024-09-19 11:59:55.813,422.3106228173607,100
2024-09-19 11:59:55.836,422.3091962285205,103
2024-09-19 11:59:55.905,422.2992718353525,14
2024-09-19 11:59:56.011,422.30550380747104,100
2024-09-19 11:59:56.065,422.3240681189243,1005
2024-09-19 11:59:56.116,422.313806224954,97
2024-09-19 11:59:56.184,422.3134989154982,99
2024-09-19 11:59:56.195,422.3113790372516,1003
2024-09-19 11:59:56.265,422.3007351667007,13
2024-09-19 11:59:56.486,422.2936202038085,105
2024-09-19 11:59:56.518,422.2921034224634,998
2024-09-19 11:59:56.690,422.30306245718856,8
2024-09-19 11:59:56.704,422.32773789781896,99
2024-09-19 11:59:56.705,422.3210832264074,101
2024-09-19 11:59:56.746,422.2988194317842,103
2024-09-19 11:59:56.926,422.2912360213941,998
2024-09-19 11:59:56.962,422.290375609237,102
2024-09-19 11:59:57.009,422.3040287946373,12
2024-09-19 11:59:57.021,422.287844986635,8
2024-09-19 11:59:57.118,422.279838547464,1003
2024-09-19 11:59:57.322,422.3180813478909,14
2024-09-19 11:59:57.373,422.2948831358404,95
2024-09-19 11:59:57.786,422.29480300523073,97
2024-09-19 11:59:57.840,422.2989241730544,1005
2024-09-19 11:59:57.982,422.2865304767208,15
2024-09-19 11:59:57.999,422.30779857753714,102
2024-09-19 11:59:58.026,422.3195222949941,105
2024-09-19 11:59:58.026,422.2754455969532,98
2024-09-19 11:59:58.065,422.3119521118832,11
2024-09-19 11:59:58.109,422.3150906992528,1004
2024-09-19 11:59:58.111,422.26615233332575,105
2024-09-19 11:59:58.167,422.2913781687959,103
2024-09-19 11:59:58.250,422.3023063310129,1005
2024-09-19 11:59:58.265,422.3241181088659,96
2024-09-19 11:59:58.312,422.30293630863696,14
2024-09-19 11:59:58.386,422.303926964492,1003
2024-09-19 11:59:58.443,422.34816263279424,99
2024-09-19 11:59:58.465,422.26203094919344,104
2024-09-19 11:59:58.549,,96
2024-09-19 11:59:58.605,422.3047317114037,98
2024-09-19 11:59:58.606,422.2875936891072,998
2024-09-19 11:59:58.665,422.2915179316065,1001
2024-09-19 11:59:58.678,422.3241087065636,1005
2024-09-19 11:59:58.739,422.3063335112353,15
2024-09-19 11:59:58.770,422.3392337686557,95
2024-09-19 11:59:58.783,,14
2024-09-19 11:59:58.792,422.297501669136,101
2024-09-19 11:59:58.793,422.26404769246994,103
2024-09-19 11:59:58.849,422.2942333350558,101
2024-09-19 11:59:58.889,422.2986877784672,103
2024-09-19 11:59:58.907,422.329782013124,100
2024-09-19 11:59:58.932,422.3067990744483,1002
2024-09-19 11:59:59.024,422.37369944993566,98
2024-09-19 11:59:59.026,422.4154779606683,997
2024-09-19 11:59:59.086,422.3417783307193,13
2024-09-19 11:59:59.148,422.3844675583587,11
2024-09-19 11:59:59.179,422.3843985456609,9
2024-09-19 11:59:59.260,422.3887196478487,5
2024-09-19 11:59:59.273,422.3790306585588,99
2024-09-19 11:59:59.293,422.3963822373418,995
2024-09-19 11:59:59.326,422.3912916582716,9
2024-09-19 11:59:59.475,422.3797578452845,9
2024-09-19 11:59:59.521,422.3784515213484,105
2024-09-19 11:59:59.535,422.3891598752929,998
2024-09-19 11:59:59.544,422.3830165159482,101
2024-09-19 11:59:59.547,422.3412014988701,7
2024-09-19 11:59:59.574,422.386208640303,5
2024-09-19 11:59:59.591,422.4038934734236,13
2024-09-19 11:59:59.658,422.3939693564802,996
2024-09-19 11:59:59.766,422.37970120473386,13
2024-09-19 11:59:59.831,422.3953642866687,1001
2024-09-19 11:59:59.930,422.3949834134404,11
2024-09-19 11:59:59.934,422.3618778393396,11
2024-09-19 11:59:59.994,422.42035606725113,95
