Timestamp,Price,Size
2024-09-19 15:43:00.000,419.0411147566252,99
2024-09-19 15:43:00.028,419.0171718680312,101
2024-09-19 15:43:00.086,419.0359703443526,98
2024-09-19 15:43:00.188,419.026497874616,100
2024-09-19 15:43:00.315,418.9977096818709,105
2024-09-19 15:43:00.476,419.0385970508028,104
2024-09-19 15:43:00.494,419.05016622915446,101
2024-09-19 15:43:00.550,41.90420458921795,997
2024-09-19 15:43:00.762,419.0353387738985,998
2024-09-19 15:43:00.773,419.02216190222,101
2024-09-19 15:43:00.810,419.0208924077142,11
2024-09-19 15:43:00.915,419.0293472022976,1002
2024-09-19 15:43:00.978,419.0220299727772,102
2024-09-19 15:43:01.008,419.0108112939105,100
2024-09-19 15:43:01.157,419.05808886579706,5
2024-09-19 15:43:01.160,419.0014870383027,101
2024-09-19 15:43:01.207,419.04884548003895,100
2024-09-19 15:43:01.250,419.0018644411917,14
2024-09-19 15:43:01.260,419.0506574178863,96
2024-09-19 15:43:01.287,419.0323263706945,1004
2024-09-19 15:43:01.289,419.0435354080704,100
2024-09-19 15:43:01.327,419.0492300844432,9
2024-09-19 15:43:01.363,418.9874614593496,7
2024-09-19 15:43:01.403,419.05385578738407,96
2024-09-19 15:43:01.504,419.0431285421944,998
2024-09-19 15:43:01.509,419.0615500751273,10
2024-09-19 15:43:01.564,419.0737613630615,95
2024-09-19 15:43:01.644,419.03041388081925,1004
2024-09-19 15:43:01.694,419.0405786655228,10
2024-09-19 15:43:01.750,419.0360453957256,1005
2024-09-19 15:43:01.785,419.0533393396845,11
2024-09-19 15:43:01.798,419.0457491585542,104
2024-09-19 15:43:01.826,-419.0413505892963,8
2024-09-19 15:43:01.871,419.0254803366679,1003
2024-09-19 15:43:01.884,419.0530270209741,101
2024-09-19 15:43:01.886,419.05315245438095,7
2024-09-19 15:43:01.903,419.00124451720205,97
2024-09-19 15:43:01.961,419.05748355395554,11
2024-09-19 15:43:01.968,419.00331406335255,10
2024-09-19 15:43:02.030,419.0157966971023,15
2024-09-19 15:43:02.103,419.0493482778386,96
2024-09-19 15:43:02.127,419.0312687705488,13
2024-09-19 15:43:02.148,419.0567452169441,102
2024-09-19 15:43:02.195,419.0285384125135,12
2024-09-19 15:43:02.530,419.0384532941276,15
2024-09-19 15:43:02.562,419.0119176000511,13
2024-09-19 15:43:02.567,419.02691044715175,1002
2024-09-19 15:43:02.842,419.044407621347,5
2024-09-19 15:43:02.852,419.0224327828293,999
2024-09-19 15:43:02.860,418.9936727190088,1004
2024-09-19 15:43:02.948,419.0315060582778,101
2024-09-19 15:43:02.950,419.037483866108,101
2024-09-19 15:43:02.968,419.007678059328,11
2024-09-19 15:43:03.916,419.0048102726056,8
2024-09-19 15:43:03.970,419.0222198149279,10
2024-09-19 15:43:04.037,418.9579274612891,997
2024-09-19 15:43:04.150,418.9779238002324,105
2024-09-19 15:43:04.206,418.9790151908836,1004
2024-09-19 15:43:04.356,418.96806032659856,103
2024-09-19 15:43:04.432,418.9996277353285,6
2024-09-19 15:43:04.453,418.9677649166548,998
2024-09-19 15:43:04.462,418.9801293495845,96
2024-09-19 15:43:04.494,418.9549552480334,104
2024-09-19 15:43:04.496,418.9597664417455,1003
2024-09-19 15:43:04.505,419.00986902210985,97
2024-09-19 15:43:04.524,419.0092314197968,99
2024-09-19 15:43:04.543,418.9624336263366,101
2024-09-19 15:43:04.550,419.00645447432345,1005
2024-09-19 15:43:04.564,418.9554456108399,10
2024-09-19 15:43:04.633,419.0190604296502,13
2024-09-19 15:43:04.726,418.9699562899443,999
2024-09-19 15:43:04.789,419.03232896563736,7
2024-09-19 15:43:04.853,419.0196060692749,6
2024-09-19 15:43:04.859,418.99507764739,103
2024-09-19 15:43:04.868,419.0255487404627,103
2024-09-19 15:43:04.877,419.0241449643111,100
2024-09-19 15:43:04.895,419.020025845948,96
2024-09-19 15:43:04.912,419.0034042691322,99
2024-09-19 15:43:04.922,419.01677285945726,999
2024-09-19 15:43:04.929,419.02204295691473,102
2024-09-19 15:43:04.984,418.9945422360481,1001
2024-09-19 15:43:05.320,418.954932001049,105
2024-09-19 15:43:05.334,418.9345571800052,10
2024-09-19 15:43:05.650,418.9561982359252,5
2024-09-19 15:43:05.869,418.9578147094072,998
2024-09-19 15:43:05.931,418.9553820243457,996
2024-09-19 15:43:06.035,418.9318800445302,6
2024-09-19 15:43:06.162,418.9226456698885,98
2024-09-19 15:43:06.281,418.9333756407112,6
2024-09-19 15:43:06.330,,7
2024-09-19 15:43:06.624,418.9204594230284,14
2024-09-19 15:43:06.641,418.9262422758488,104
2024-09-19 15:43:06.969,418.93301131961374,995
2024-09-19 15:43:06.971,418.95322600620494,998
2024-09-19 15:43:07.014,418.86516263801633,1001
2024-09-19 15:43:07.024,418.8755534384681,96
2024-09-19 15:43:07.269,418.8317598468125,8
2024-09-19 15:43:07.298,418.8983307159578,11
2024-09-19 15:43:07.304,418.9121545563068,11
2024-09-19 15:43:07.308,418.89873930143017,5
2024-09-19 15:43:07.342,418.9135535700727,11
2024-09-19 15:43:07.348,418.82183380867946,10
2024-09-19 15:43:07.353,418.8403799643255,8
2024-09-19 15:43:07.428,418.912787838833,11
2024-09-19 15:43:07.477,418.9215155366173,14
2024-09-19 15:43:07.487,418.8662802690099,996
2024-09-19 15:43:07.523,418.8326414532995,1001
2024-09-19 15:43:07.564,418.9294868595215,1004
2024-09-19 15:43:07.575,418.9257104509708,5
2024-09-19 15:43:07.576,418.9104406852249,999
2024-09-19 15:43:07.588,418.92168888559024,7
2024-09-19 15:43:07.614,418.86019186648656,12
2024-09-19 15:43:07.637,418.9063914753576,10
2024-09-19 15:43:07.770,418.9232001645572,9
2024-09-19 15:43:07.782,418.9134701213528,13
2024-09-19 15:43:07.866,418.8690843342705,104
2024-09-19 15:43:07.903,418.8305964090066,998
2024-09-19 15:43:07.992,418.8822201621921,100
2024-09-19 15:43:07.996,418.8774825427787,996
2024-09-19 15:43:07.999,418.9111156603896,995
2024-09-19 15:43:08.001,418.8331825031359,13
2024-09-19 15:43:08.012,418.8479521653705,8
2024-09-19 15:43:08.034,418.8455334807185,105
2024-09-19 15:43:08.103,418.8397942523141,98
2024-09-19 15:43:08.180,418.810991885477,1002
2024-09-19 15:43:08.208,418.8549100393788,12
2024-09-19 15:43:08.373,418.8625200950101,999
2024-09-19 15:43:08.374,418.82149014643306,1005
2024-09-19 15:43:08.396,418.8188037925885,1003
2024-09-19 15:43:08.399,418.8378406956535,995
2024-09-19 15:43:08.414,418.84482210797967,105
2024-09-19 15:43:08.463,418.8568825842606,100
2024-09-19 15:43:08.476,418.8030596122735,1002
2024-09-19 15:43:08.481,418.7963627793244,14
2024-09-19 15:43:08.605,418.84671173586,102
2024-09-19 15:43:08.687,418.8027432127022,1000
2024-09-19 15:43:08.712,418.84028197124894,999
2024-09-19 15:43:08.730,418.8268713539062,99
2024-09-19 15:43:08.747,418.84309128867375,1003
2024-09-19 15:43:08.756,418.8455394839103,103
2024-09-19 15:43:08.781,418.837869728919,95
2024-09-19 15:43:08.827,418.8385991299468,1004
2024-09-19 15:43:08.834,418.8412692341439,7
2024-09-19 15:43:08.838,418.8205873218986,998
2024-09-19 15:43:08.839,418.83429649344816,8
2024-09-19 15:43:08.854,418.84282166607466,99
2024-09-19 15:43:08.858,418.8441554772765,999
2024-09-19 15:43:08.921,418.8488517954039,1004
2024-09-19 15:43:08.954,418.796893313743,102
2024-09-19 15:43:08.963,418.807552680792,1002
2024-09-19 15:43:09.047,418.824443287244,101
2024-09-19 15:43:09.064,418.82918402411576,96
2024-09-19 15:43:09.118,,102
2024-09-19 15:43:09.148,418.8174420814364,97
2024-09-19 15:43:09.222,418.82664839085794,105
2024-09-19 15:43:09.287,418.8275090223762,99
2024-09-19 15:43:09.313,418.825390522425,6
2024-09-19 15:43:09.350,418.81574353100126,104
2024-09-19 15:43:09.429,418.8424387099917,998
2024-09-19 15:43:09.604,418.8088856213289,12
2024-09-19 15:43:09.844,418.83283575969824,997
2024-09-19 15:43:09.922,418.8266316823452,96
2024-09-19 15:43:10.019,418.7853783017663,999
2024-09-19 15:43:10.065,418.78168577773306,5
2024-09-19 15:43:10.174,418.7942449124956,95
2024-09-19 15:43:10.197,418.8111501833381,9
2024-09-19 15:43:10.199,418.7956783828184,15
2024-09-19 15:43:10.282,418.78230488335566,11
2024-09-19 15:43:10.293,418.8067834420448,995
2024-09-19 15:43:10.397,418.8134249416276,98
2024-09-19 15:43:10.432,418.8029256265931,95
2024-09-19 15:43:10.449,418.7911493741384,995
2024-09-19 15:43:10.539,418.7996002202976,100
2024-09-19 15:43:10.545,418.7727450778076,1001
2024-09-19 15:43:10.589,418.7745742475652,9
2024-09-19 15:43:10.627,418.7676006079487,100
2024-09-19 15:43:10.643,418.794852681695,101
2024-09-19 15:43:10.678,418.80429461512927,95
2024-09-19 15:43:10.681,418.79655395277376,1000
2024-09-19 15:43:10.686,418.7981806430967,98
2024-09-19 15:43:10.718,418.7819325630301,1005
2024-09-19 15:43:10.742,418.79003006464615,995
2024-09-19 15:43:10.754,418.78614018085887,1003
2024-09-19 15:43:10.796,418.7835517958703,5
2024-09-19 15:43:10.838,418.7941939490888,10
2024-09-19 15:43:10.919,418.77859259642025,100
2024-09-19 15:43:10.930,418.7859311297215,9
2024-09-19 15:43:10.955,418.8020365185703,1000
2024-09-19 15:43:10.973,418.7677302159229,1001
2024-09-19 15:43:10.999,418.7837521293422,100
2024-09-19 15:43:11.040,418.7660933949356,999
2024-09-19 15:43:11.073,418.7563387034511,13
2024-09-19 15:43:11.195,418.7920445183044,1003
2024-09-19 15:43:11.283,418.7950352487212,10
2024-09-19 15:43:11.413,418.77070681075855,97
2024-09-19 15:43:11.436,418.7652053465106,101
2024-09-19 15:43:11.519,418.77414782194165,9
2024-09-19 15:43:11.567,418.7835801755498,11
2024-09-19 15:43:11.612,418.7708075960253,997
2024-09-19 15:43:11.723,418.78471545474775,1005
2024-09-19 15:43:11.731,418.7547492142684,98
2024-09-19 15:43:11.783,418.7590355725017,103
2024-09-19 15:43:11.845,418.7903748643646,99
2024-09-19 15:43:11.974,-418.7686600986474,104
2024-09-19 15:43:11.989,418.78297661454417,95
2024-09-19 15:43:12.034,418.7663852525959,5
2024-09-19 15:43:12.095,418.7616866401306,1003
2024-09-19 15:43:12.141,418.7693079135544,99
2024-09-19 15:43:12.246,418.7836011673073,999
2024-09-19 15:43:12.276,418.77821766376167,5
2024-09-19 15:43:12.443,418.774612568198,14
2024-09-19 15:43:12.483,418.7855653779236,13
2024-09-19 15:43:12.544,418.76694584958153,100
2024-09-19 15:43:12.559,418.77217910020926,96
2024-09-19 15:43:12.632,418.78263444502016,1005
2024-09-19 15:43:12.636,418.7823585002943,1003
2024-09-19 15:43:12.641,418.78269486909375,10
2024-09-19 15:43:12.671,418.77269412277576,8
2024-09-19 15:43:12.729,418.7775702465965,100
2024-09-19 15:43:12.786,418.77380479385727,997
2024-09-19 15:43:12.873,418.7853421409122,996
2024-09-19 15:43:13.024,418.75290085081537,1003
2024-09-19 15:43:13.091,418.7534105969011,996
2024-09-19 15:43:13.096,418.7494819586826,104
2024-09-19 15:43:13.267,41.87828491200048,104
2024-09-19 15:43:13.279,418.7539590728791,999
2024-09-19 15:43:13.285,418.7893519738072,9
2024-09-19 15:43:13.426,418.77902332390977,105
2024-09-19 15:43:13.576,419.3901605691479,13
2024-09-19 15:43:13.685,418.7598232768004,995
2024-09-19 15:43:13.742,418.76641083824296,101
2024-09-19 15:43:13.929,418.7758303488008,99
2024-09-19 15:43:13.974,418.7643600623271,8
2024-09-19 15:43:14.187,418.7727408040113,11
2024-09-19 15:43:14.195,418.77757543592605,995
2024-09-19 15:43:14.876,418.78884045466094,98
2024-09-19 15:43:15.170,418.7912078381741,9
2024-09-19 15:43:15.759,418.7806561797023,101
2024-09-19 15:43:15.775,418.7706232768152,15
2024-09-19 15:43:15.850,418.76805059718623,1005
2024-09-19 15:43:16.080,418.7998485791784,12
2024-09-19 15:43:16.244,418.82194141639377,11
2024-09-19 15:43:16.344,418.8588500228871,99
2024-09-19 15:43:16.439,418.8586851930153,5
2024-09-19 15:43:16.538,418.85610292249936,97
2024-09-19 15:43:16.634,41.8833311624394,8
2024-09-19 15:43:16.690,418.8450535408919,1002
2024-09-19 15:43:16.697,418.8146493765888,14
2024-09-19 15:43:16.841,418.8176282058863,102
2024-09-19 15:43:16.856,418.8587824643587,11
2024-09-19 15:43:17.057,418.8653602546445,9
2024-09-19 15:43:17.172,418.83955704008,7
2024-09-19 15:43:17.182,418.8474513509199,13
2024-09-19 15:43:17.271,-418.8445250890357,9
2024-09-19 15:43:17.280,41.88437560356444,1004
2024-09-19 15:43:17.286,418.8562768388032,1002
2024-09-19 15:43:17.344,418.8874199075352,1000
2024-09-19 15:43:17.351,,5
2024-09-19 15:43:17.442,418.8563011434825,101
2024-09-19 15:43:17.567,418.88205005872896,14
2024-09-19 15:43:17.676,418.9059097561605,12
2024-09-19 15:43:17.739,418.8791885454459,7
2024-09-19 15:43:17.742,418.8315370765724,995
2024-09-19 15:43:17.785,418.8975909097005,99
2024-09-19 15:43:17.806,418.8690289481492,95
2024-09-19 15:43:17.821,418.9018071934372,997
2024-09-19 15:43:17.856,418.8707142420667,103
2024-09-19 15:43:17.870,418.8307743604326,996
2024-09-19 15:43:17.876,41.88571094224224,98
2024-09-19 15:43:17.977,418.8209742626168,96
2024-09-19 15:43:18.037,418.9419334065515,7
2024-09-19 15:43:18.164,418.87409516240126,99
2024-09-19 15:43:18.189,418.8773041604023,1001
2024-09-19 15:43:18.202,418.9536589313033,998
2024-09-19 15:43:18.253,418.91603789075407,8
2024-09-19 15:43:18.352,418.8781351103055,8
2024-09-19 15:43:18.467,418.9316700648149,96
2024-09-19 15:43:18.673,418.92378944863066,8
2024-09-19 15:43:18.927,418.908369263682,999
2024-09-19 15:43:18.983,418.9416347194673,6
2024-09-19 15:43:19.065,418.85649682619504,12
2024-09-19 15:43:19.229,418.8594449065613,99
2024-09-19 15:43:19.413,418.8755376914769,995
2024-09-19 15:43:19.518,418.9023829075338,105
2024-09-19 15:43:19.601,-418.90372294481386,95
2024-09-19 15:43:19.701,418.8940613571137,100
2024-09-19 15:43:19.951,418.8860735701531,995
2024-09-19 15:43:20.063,418.8501820117457,105
2024-09-19 15:43:20.084,418.8820283300466,997
2024-09-19 15:43:20.109,418.8749377536472,1002
2024-09-19 15:43:20.123,418.85684362930505,15
2024-09-19 15:43:20.207,418.88714655209816,15
2024-09-19 15:43:20.210,418.8594513499868,12
2024-09-19 15:43:20.240,418.8798467690169,13
2024-09-19 15:43:20.394,418.85539600222427,102
2024-09-19 15:43:20.404,418.8949577892021,99
2024-09-19 15:43:20.409,418.8561748760977,15
2024-09-19 15:43:20.427,418.8526941991009,1000
2024-09-19 15:43:20.438,418.8503760498813,1000
2024-09-19 15:43:20.476,418.8627665847738,104
2024-09-19 15:43:20.483,418.8589080222485,13
2024-09-19 15:43:20.536,418.8649871543751,104
2024-09-19 15:43:20.551,418.8759191322433,1004
2024-09-19 15:43:20.569,418.8658066041703,103
2024-09-19 15:43:20.607,418.8757864110004,12
2024-09-19 15:43:20.626,418.88555168903525,10
2024-09-19 15:43:20.660,418.8576992745548,1005
2024-09-19 15:43:20.699,418.86443905042665,102
2024-09-19 15:43:20.715,418.8650022714946,996
2024-09-19 15:43:20.743,418.85587592988105,12
2024-09-19 15:43:20.761,418.85915256737707,15
2024-09-19 15:43:20.799,418.8548910311716,102
2024-09-19 15:43:20.987,418.8795966961487,105
2024-09-19 15:43:21.028,418.8549951517668,5
2024-09-19 15:43:21.128,418.8574114796023,102
2024-09-19 15:43:21.162,418.8494213157092,99
2024-09-19 15:43:21.231,418.8032251190203,996
2024-09-19 15:43:21.239,418.800733525877,14
2024-09-19 15:43:21.347,418.8437477240972,14
2024-09-19 15:43:21.390,418.8506396780759,997
2024-09-19 15:43:21.485,-418.8464829895501,996
2024-09-19 15:43:21.638,418.8680139142902,997
2024-09-19 15:43:21.676,418.8722743575488,1003
2024-09-19 15:43:21.686,,12
2024-09-19 15:43:21.686,418.8788263399394,96
2024-09-19 15:43:21.745,418.8053901479557,8
2024-09-19 15:43:21.776,418.82249051016953,100
2024-09-19 15:43:21.802,418.8522483186662,95
2024-09-19 15:43:21.809,418.8081939570105,13
2024-09-19 15:43:22.219,418.7989921383788,10
2024-09-19 15:43:22.303,418.8203479490634,100
2024-09-19 15:43:22.549,418.8242577850692,96
2024-09-19 15:43:22.602,418.8140006849282,100
2024-09-19 15:43:22.981,418.8142107116335,1004
2024-09-19 15:43:23.116,418.8157337855831,5
2024-09-19 15:43:23.197,418.8331541888388,99
2024-09-19 15:43:23.291,418.8128508292153,101
2024-09-19 15:43:23.418,418.816737240468,999
2024-09-19 15:43:23.588,418.8258361124449,13
2024-09-19 15:43:24.050,418.79491197038345,1004
2024-09-19 15:43:24.566,418.816157023564,95
2024-09-19 15:43:24.761,418.8115168614356,104
2024-09-19 15:43:24.777,418.8091598627195,97
2024-09-19 15:43:24.841,418.8208726960664,998
2024-09-19 15:43:25.014,418.82122021726144,101
2024-09-19 15:43:25.125,418.8449365137548,103
2024-09-19 15:43:25.456,418.83545395671615,6
2024-09-19 15:43:25.506,418.8009210811204,7
2024-09-19 15:43:25.593,418.82295173781375,5
2024-09-19 15:43:25.620,418.8398065852604,1002
2024-09-19 15:43:25.622,418.8212416250684,105
2024-09-19 15:43:25.798,418.8202910481135,1002
2024-09-19 15:43:25.828,418.8209021999376,98
2024-09-19 15:43:25.859,418.83917432468166,1001
2024-09-19 15:43:25.959,418.8215052270829,995
2024-09-19 15:43:25.967,418.82540141271375,99
2024-09-19 15:43:25.969,418.8273044429978,1003
2024-09-19 15:43:26.081,418.7999767161312,1001
2024-09-19 15:43:26.266,418.7913827842372,13
2024-09-19 15:43:26.267,418.77162221038833,1005
2024-09-19 15:43:26.270,418.823067452053,10
2024-09-19 15:43:26.327,418.792365853526,1002
2024-09-19 15:43:26.330,41.88087521180699,1003
2024-09-19 15:43:26.344,418.8032441403156,98
2024-09-19 15:43:26.417,418.7716314641533,1003
2024-09-19 15:43:26.443,418.8013920912023,101
2024-09-19 15:43:26.471,418.8138849481165,104
2024-09-19 15:43:26.600,418.77432164382986,96
2024-09-19 15:43:26.628,418.7919506178631,6
2024-09-19 15:43:26.728,418.7935142136773,100
2024-09-19 15:43:26.856,418.7989919071359,98
2024-09-19 15:43:26.874,418.8032736487503,101
2024-09-19 15:43:26.933,418.7864616133339,10
2024-09-19 15:43:26.938,418.7988592322499,998
2024-09-19 15:43:26.940,418.7913672248837,7
2024-09-19 15:43:26.996,418.79096908995314,6
2024-09-19 15:43:27.335,418.806503061137,100
2024-09-19 15:43:27.395,418.82083421034895,15
2024-09-19 15:43:27.685,-418.8026065981694,1002
2024-09-19 15:43:27.734,418.823512195288,1002
2024-09-19 15:43:27.889,418.8043339759588,15
2024-09-19 15:43:28.557,418.7918289015272,996
2024-09-19 15:43:28.625,418.80478300458,5
2024-09-19 15:43:28.847,418.7931322459848,999
2024-09-19 15:43:29.076,418.8005212344105,101
2024-09-19 15:43:29.081,418.82831181536494,1002
2024-09-19 15:43:29.098,418.9132437105605,1003
2024-09-19 15:43:29.155,418.8360650648205,99
2024-09-19 15:43:29.173,418.8218594847355,1001
2024-09-19 15:43:29.230,418.90949926750056,995
2024-09-19 15:43:29.249,418.7850688582977,104
2024-09-19 15:43:29.293,418.7795762789208,999
2024-09-19 15:43:29.304,418.8123635422693,104
2024-09-19 15:43:29.316,418.84402552630695,1000
2024-09-19 15:43:29.401,418.9001298469221,102
2024-09-19 15:43:29.439,418.9191542998278,998
2024-09-19 15:43:29.509,418.8545933871026,6
2024-09-19 15:43:29.510,41.88283633735543,12
2024-09-19 15:43:29.563,418.89845072500447,96
2024-09-19 15:43:29.588,418.8970218830253,998
2024-09-19 15:43:29.593,418.7622773731575,8
2024-09-19 15:43:29.656,418.7579879875614,96
2024-09-19 15:43:29.717,418.8904191384783,10
2024-09-19 15:43:29.834,418.8420168664245,99
2024-09-19 15:43:29.860,418.815869766996,8
2024-09-19 15:43:29.881,418.7653868297186,100
2024-09-19 15:43:29.894,418.8593832472654,1003
2024-09-19 15:43:30.196,418.9363486437559,100
2024-09-19 15:43:30.235,418.9339449366993,6
2024-09-19 15:43:30.263,418.9432286254111,104
2024-09-19 15:43:30.534,418.935507735944,13
2024-09-19 15:43:30.587,418.9336085433727,1004
2024-09-19 15:43:30.594,418.930445716099,100
2024-09-19 15:43:30.595,418.9350492745208,105
2024-09-19 15:43:30.669,418.88716124110266,1004
2024-09-19 15:43:30.675,418.9401907620716,14
2024-09-19 15:43:30.697,418.9418610212306,6
2024-09-19 15:43:30.750,418.907163340834,100
2024-09-19 15:43:30.753,418.89747174811527,13
2024-09-19 15:43:31.265,418.97017630087953,6
2024-09-19 15:43:31.298,419.0317913496724,1000
2024-09-19 15:43:31.330,418.9543463676696,14
2024-09-19 15:43:31.348,419.0241381043009,1001
2024-09-19 15:43:31.364,419.03291693323393,995
2024-09-19 15:43:31.394,419.0332853075985,105
2024-09-19 15:43:31.457,419.0458424971036,96
2024-09-19 15:43:31.461,418.9941460459715,995
2024-09-19 15:43:31.566,418.98416891703135,998
2024-09-19 15:43:31.572,419.0516602843873,1002
2024-09-19 15:43:31.668,419.0325703620965,100
2024-09-19 15:43:31.749,419.035170831322,999
2024-09-19 15:43:31.769,419.0347747425488,11
2024-09-19 15:43:31.937,419.0273367874649,995
2024-09-19 15:43:31.982,418.9952825646489,1004
2024-09-19 15:43:31.990,419.0465887686032,12
2024-09-19 15:43:32.167,419.04798670496086,100
2024-09-19 15:43:32.182,419.0565327193348,997
2024-09-19 15:43:32.272,418.9297416237801,999
2024-09-19 15:43:32.280,419.0481041579047,9
2024-09-19 15:43:32.299,419.05928565253873,996
2024-09-19 15:43:32.628,419.049955643955,5
2024-09-19 15:43:32.695,419.0572515196128,997
2024-09-19 15:43:32.700,419.04751529913545,105
2024-09-19 15:43:32.704,419.0540381617808,999
2024-09-19 15:43:32.707,419.0688420690527,1001
2024-09-19 15:43:32.734,419.0528956711892,1004
2024-09-19 15:43:33.069,419.06834803977273,998
2024-09-19 15:43:33.094,419.06406117489286,13
2024-09-19 15:43:33.166,419.0551600005276,103
2024-09-19 15:43:33.414,-419.0628150499662,95
2024-09-19 15:43:33.573,419.0597936585647,96
2024-09-19 15:43:33.590,419.0412230919586,9
2024-09-19 15:43:33.831,419.03666816903865,8
2024-09-19 15:43:33.873,-419.0589177682603,995
2024-09-19 15:43:34.017,419.0585939383738,12
2024-09-19 15:43:34.052,419.0303569425012,14
2024-09-19 15:43:34.085,419.0303289411394,9
2024-09-19 15:43:34.099,419.0404393678196,9
2024-09-19 15:43:34.150,419.03308424876025,12
2024-09-19 15:43:34.167,419.04485323129353,999
2024-09-19 15:43:34.193,419.0608335324421,1004
2024-09-19 15:43:34.273,419.00820574198536,101
2024-09-19 15:43:34.330,419.0483225315664,10
2024-09-19 15:43:34.360,419.0598401006032,9
2024-09-19 15:43:34.382,419.04292431055273,6
2024-09-19 15:43:34.399,-419.037316741571,99
2024-09-19 15:43:34.401,419.0523284878551,96
2024-09-19 15:43:34.414,419.034654947433,8
2024-09-19 15:43:34.430,419.0458874104348,10
2024-09-19 15:43:34.436,419.0599730959579,13
2024-09-19 15:43:34.439,419.0187725808818,102
2024-09-19 15:43:34.460,419.0207665199163,98
2024-09-19 15:43:34.621,419.02755539038543,13
2024-09-19 15:43:34.779,419.0061668917388,998
2024-09-19 15:43:34.807,419.027431591752,999
2024-09-19 15:43:34.810,419.0593258318193,15
2024-09-19 15:43:34.875,419.04000798615584,8
2024-09-19 15:43:34.883,419.0558146222534,997
2024-09-19 15:43:34.955,419.047492129528,995
2024-09-19 15:43:34.979,419.04548918822326,998
2024-09-19 15:43:35.076,418.99701024294063,998
2024-09-19 15:43:35.090,419.0375601186931,1001
2024-09-19 15:43:35.124,419.0057312764524,1000
2024-09-19 15:43:35.138,419.0032433741276,999
2024-09-19 15:43:35.182,418.990867141021,996
2024-09-19 15:43:35.276,418.9959984027043,1004
2024-09-19 15:43:35.394,418.99667144428287,100
2024-09-19 15:43:35.535,419.0191651885155,95
2024-09-19 15:43:35.545,419.0578486355802,10
2024-09-19 15:43:35.631,419.0168207824905,1000
2024-09-19 15:43:35.645,418.9967133009176,1002
2024-09-19 15:43:35.684,419.0019324545352,104
2024-09-19 15:43:35.722,419.0481012728893,1000
2024-09-19 15:43:35.734,419.0191012414966,15
2024-09-19 15:43:35.737,419.0420768905808,998
2024-09-19 15:43:35.758,419.0002479819008,100
2024-09-19 15:43:35.774,419.0253242401696,6
2024-09-19 15:43:35.913,-418.9880312178233,997
2024-09-19 15:43:35.923,-419.0061176799161,998
2024-09-19 15:43:36.661,418.9902229715121,102
2024-09-19 15:43:36.792,419.00556124011126,103
2024-09-19 15:43:37.074,419.0052530861157,995
2024-09-19 15:43:37.114,419.0083577445476,5
2024-09-19 15:43:37.225,419.03558450066765,1004
2024-09-19 15:43:37.294,418.9851461468581,998
2024-09-19 15:43:37.341,418.9865295278091,999
2024-09-19 15:43:37.464,419.0000506997784,12
2024-09-19 15:43:37.782,419.0232039580663,996
2024-09-19 15:43:37.854,418.9956242667719,7
2024-09-19 15:43:37.971,418.9964986218996,105
2024-09-19 15:43:37.976,419.0164447712193,98
2024-09-19 15:43:38.056,418.9853023417264,995
2024-09-19 15:43:38.178,418.9689536749555,1003
2024-09-19 15:43:38.523,418.9656612114789,1005
2024-09-19 15:43:38.721,418.993045714133,104
2024-09-19 15:43:39.071,418.9804112513478,104
2024-09-19 15:43:39.735,418.9781641816044,96
2024-09-19 15:43:40.121,418.9804625752605,7
2024-09-19 15:43:40.122,419.0015920166513,101
2024-09-19 15:43:40.141,418.9889570486425,101
2024-09-19 15:43:40.171,419.0188809029773,95
2024-09-19 15:43:40.206,418.9868134052337,10
2024-09-19 15:43:40.211,418.9933264902581,1000
2024-09-19 15:43:40.241,418.9964468148005,13
2024-09-19 15:43:40.257,419.0136192449359,101
2024-09-19 15:43:40.413,418.9740069040829,97
2024-09-19 15:43:40.567,418.9912008734647,1005
2024-09-19 15:43:40.703,418.96339190725456,5
2024-09-19 15:43:40.719,418.9826195810128,99
2024-09-19 15:43:40.737,418.97795632738047,14
2024-09-19 15:43:40.962,418.99274996641407,8
2024-09-19 15:43:40.998,418.9624872756322,1004
2024-09-19 15:43:41.131,418.99003828326966,1005
2024-09-19 15:43:41.158,418.9996415655773,102
2024-09-19 15:43:41.175,419.0427023177304,996
2024-09-19 15:43:41.177,418.9776518290852,11
2024-09-19 15:43:41.248,419.0014360115047,999
2024-09-19 15:43:41.255,419.04168974355326,1001
2024-09-19 15:43:41.295,41.90028373023335,1003
2024-09-19 15:43:41.315,419.04238791793455,11
2024-09-19 15:43:41.323,418.97781638443456,12
2024-09-19 15:43:41.338,419.0177188388718,7
2024-09-19 15:43:41.377,418.9920906590659,101
2024-09-19 15:43:41.753,419.0090756242001,13
2024-09-19 15:43:41.768,419.0304089526746,99
2024-09-19 15:43:41.798,419.0228849877737,99
2024-09-19 15:43:41.801,419.0172635180105,10
2024-09-19 15:43:41.803,418.9813369943325,998
2024-09-19 15:43:41.814,419.0290300040832,98
2024-09-19 15:43:41.836,419.0139572497588,9
2024-09-19 15:43:41.881,419.0084137757775,1004
2024-09-19 15:43:41.889,419.0178792658549,10
2024-09-19 15:43:41.938,419.0139469130624,101
2024-09-19 15:43:41.942,418.9858134985767,96
2024-09-19 15:43:41.973,419.0194635051016,8
2024-09-19 15:43:42.033,419.0103305940382,1003
2024-09-19 15:43:42.270,419.0042954299039,999
2024-09-19 15:43:42.351,419.01397045185024,100
2024-09-19 15:43:42.549,419.0227360765009,5
2024-09-19 15:43:42.572,419.0157527337396,1003
2024-09-19 15:43:42.617,419.007125311226,13
2024-09-19 15:43:42.620,419.02417826895424,96
2024-09-19 15:43:42.915,419.0335903857533,15
2024-09-19 15:43:43.064,419.0373309243821,7
2024-09-19 15:43:43.123,418.9523507445845,98
2024-09-19 15:43:43.142,418.9935213627284,104
2024-09-19 15:43:43.147,419.018382523354,999
2024-09-19 15:43:43.387,419.03057663524703,15
2024-09-19 15:43:43.724,418.7521934038775,1004
2024-09-19 15:43:44.028,418.954746344633,1002
2024-09-19 15:43:44.182,418.9544597631758,99
2024-09-19 15:43:44.269,418.9476533025649,103
2024-09-19 15:43:44.296,418.9606549854295,97
2024-09-19 15:43:44.370,418.9535654987895,995
2024-09-19 15:43:44.377,418.92195466473936,999
2024-09-19 15:43:44.402,418.9744505947716,12
2024-09-19 15:43:44.560,418.9331148418733,103
2024-09-19 15:43:44.587,418.9932290477095,1000
2024-09-19 15:43:44.595,,15
2024-09-19 15:43:44.617,418.939657453527,10
2024-09-19 15:43:44.640,418.95641044255984,8
2024-09-19 15:43:44.645,418.94280201503744,9
2024-09-19 15:43:44.726,418.936935529557,101
2024-09-19 15:43:44.793,418.9105823787921,999
2024-09-19 15:43:44.915,418.951736347778,102
2024-09-19 15:43:45.035,418.939429938756,15
2024-09-19 15:43:45.138,418.8966736083857,101
2024-09-19 15:43:45.170,418.8913192959555,104
2024-09-19 15:43:45.304,418.9320751117703,1002
2024-09-19 15:43:45.336,418.9553846888772,101
2024-09-19 15:43:45.354,418.9540519735886,1001
2024-09-19 15:43:45.370,418.91829519232175,98
2024-09-19 15:43:45.395,418.91043210274506,995
2024-09-19 15:43:45.400,418.9453347195,1000
2024-09-19 15:43:45.436,418.9061577434872,5
2024-09-19 15:43:45.437,418.9278791352624,100
2024-09-19 15:43:45.475,418.924144697698,101
2024-09-19 15:43:45.522,418.9131563809479,1004
2024-09-19 15:43:45.542,418.95276956325824,11
2024-09-19 15:43:45.543,-418.9384680143944,1000
2024-09-19 15:43:45.567,418.9031304809999,10
2024-09-19 15:43:45.571,418.9399559834736,102
2024-09-19 15:43:45.632,418.9349741424552,99
2024-09-19 15:43:45.699,418.9194686066628,102
2024-09-19 15:43:45.706,418.9548655113563,95
2024-09-19 15:43:45.714,418.9232141887687,995
2024-09-19 15:43:45.807,418.9252178438832,98
2024-09-19 15:43:45.871,418.9171402385725,1003
2024-09-19 15:43:45.880,418.9701516237228,5
2024-09-19 15:43:45.895,418.9168393993767,5
2024-09-19 15:43:45.896,418.91506029217686,9
2024-09-19 15:43:45.981,418.9282461255668,98
2024-09-19 15:43:45.989,418.9118118028064,102
2024-09-19 15:43:46.044,418.8606958365552,98
2024-09-19 15:43:46.114,418.8545972348049,1005
2024-09-19 15:43:46.217,418.8747848180836,98
2024-09-19 15:43:46.395,418.8782054947423,11
2024-09-19 15:43:46.994,,105
2024-09-19 15:43:47.213,418.8582483419726,1001
2024-09-19 15:43:47.703,418.8331411119016,1005
2024-09-19 15:43:47.817,418.82421517380976,1003
2024-09-19 15:43:47.909,418.8205310353891,1001
2024-09-19 15:43:47.939,418.8331269783852,999
2024-09-19 15:43:48.027,418.88086959393615,1005
2024-09-19 15:43:48.122,418.8717797076744,999
2024-09-19 15:43:48.150,418.8315683077361,1005
2024-09-19 15:43:48.212,418.8747999930094,9
2024-09-19 15:43:48.260,418.8534962945981,101
2024-09-19 15:43:48.297,418.88623809055815,12
2024-09-19 15:43:48.486,418.86592159381365,14
2024-09-19 15:43:48.488,418.83011835092793,95
2024-09-19 15:43:48.539,418.8609129275733,7
2024-09-19 15:43:48.552,418.8178320357163,12
2024-09-19 15:43:48.625,418.8767967466985,102
2024-09-19 15:43:48.641,418.87460266962097,8
2024-09-19 15:43:48.648,418.86723103813296,8
2024-09-19 15:43:48.652,418.8493995399213,999
2024-09-19 15:43:48.692,418.856610431848,95
2024-09-19 15:43:48.762,418.83552297239527,7
2024-09-19 15:43:48.772,418.9065317175691,1002
2024-09-19 15:43:48.788,418.85011636971535,1002
2024-09-19 15:43:48.877,418.8683771943234,1000
2024-09-19 15:43:48.948,418.8394845929484,104
2024-09-19 15:43:48.988,418.86274587832304,13
2024-09-19 15:43:49.007,418.9085253433215,998
2024-09-19 15:43:49.017,418.8782858563806,1004
2024-09-19 15:43:49.505,418.87324432946207,13
2024-09-19 15:43:49.594,418.88973745727424,99
2024-09-19 15:43:49.615,418.885007241615,9
2024-09-19 15:43:49.893,418.899638767694,998
2024-09-19 15:43:49.961,418.8778050949553,1005
2024-09-19 15:43:49.962,418.85727903670215,8
2024-09-19 15:43:50.181,418.87260249433047,8
2024-09-19 15:43:50.185,418.8418883589122,7
2024-09-19 15:43:50.206,418.8457052001815,104
2024-09-19 15:43:50.209,418.87048412166354,1004
2024-09-19 15:43:50.258,418.87185001830056,97
2024-09-19 15:43:50.259,418.845736191256,13
2024-09-19 15:43:50.355,418.8554010166088,97
2024-09-19 15:43:50.453,41.88186937554289,1004
2024-09-19 15:43:50.497,418.8596299652356,105
2024-09-19 15:43:50.789,418.8401863276824,99
2024-09-19 15:43:51.018,418.8396238801108,14
2024-09-19 15:43:51.126,418.8338688924344,96
2024-09-19 15:43:51.139,418.914131703692,15
2024-09-19 15:43:51.256,418.784565745862,15
2024-09-19 15:43:51.340,418.7995233223052,7
2024-09-19 15:43:51.403,418.783903276754,1004
2024-09-19 15:43:51.504,418.7827337892693,1005
2024-09-19 15:43:51.595,418.7896689990541,14
2024-09-19 15:43:51.650,-418.7886900370737,99
2024-09-19 15:43:51.695,418.7737461824293,1005
2024-09-19 15:43:51.707,418.794086810505,99
2024-09-19 15:43:51.765,418.78260239192326,97
2024-09-19 15:43:51.909,418.82220124072825,998
2024-09-19 15:43:51.990,418.83378401415183,1005
2024-09-19 15:43:52.102,418.7855741693161,1000
2024-09-19 15:43:52.212,418.7877231612086,999
2024-09-19 15:43:52.335,418.78788682854974,11
2024-09-19 15:43:52.361,418.7977588613869,15
2024-09-19 15:43:52.398,418.8237381550314,105
2024-09-19 15:43:52.421,418.800622001479,6
2024-09-19 15:43:52.644,418.827287294017,9
2024-09-19 15:43:52.793,418.792636972177,97
2024-09-19 15:43:52.810,418.8330746074927,1004
2024-09-19 15:43:52.964,418.8200396906356,1001
2024-09-19 15:43:52.993,418.8195439073882,12
2024-09-19 15:43:53.099,418.6896346768791,97
2024-09-19 15:43:53.114,418.791721619535,15
2024-09-19 15:43:53.165,418.78662345986095,105
2024-09-19 15:43:53.223,418.7695748627958,5
2024-09-19 15:43:53.231,418.80984242820506,997
2024-09-19 15:43:53.264,418.8292414929178,8
2024-09-19 15:43:53.271,418.7498464180071,1002
2024-09-19 15:43:53.369,418.8233474331167,95
2024-09-19 15:43:53.376,-418.7220116818794,13
2024-09-19 15:43:53.387,418.6907818929326,15
2024-09-19 15:43:53.405,418.82772096299504,97
2024-09-19 15:43:53.422,418.7867178567367,99
2024-09-19 15:43:53.472,418.8077942098453,1002
2024-09-19 15:43:53.476,418.76217276835285,12
2024-09-19 15:43:53.477,418.684525448747,99
2024-09-19 15:43:53.506,418.7387663249656,10
2024-09-19 15:43:53.515,418.776710752345,1000
2024-09-19 15:43:53.544,418.7632248594521,14
2024-09-19 15:43:53.554,418.7835826992638,12
2024-09-19 15:43:53.652,418.8159226813307,96
2024-09-19 15:43:53.660,418.7796782334296,105
2024-09-19 15:43:53.681,418.67655327137504,95
2024-09-19 15:43:53.797,418.8131231350742,15
2024-09-19 15:43:53.835,418.7833976366959,997
2024-09-19 15:43:54.001,418.71374891082536,103
2024-09-19 15:43:54.153,418.7162410722,102
2024-09-19 15:43:54.187,418.72158045602464,997
2024-09-19 15:43:54.240,418.704778902766,97
2024-09-19 15:43:54.266,418.6743742546766,102
2024-09-19 15:43:54.319,418.7109833173888,98
2024-09-19 15:43:54.398,418.7127437676556,12
2024-09-19 15:43:54.425,418.6770746584961,999
2024-09-19 15:43:54.470,418.6645291161006,996
2024-09-19 15:43:54.478,418.6625028269336,95
2024-09-19 15:43:54.518,418.6641650845048,105
2024-09-19 15:43:54.525,418.6743442497713,996
2024-09-19 15:43:54.548,418.67852973739497,996
2024-09-19 15:43:54.551,418.70971361712606,95
2024-09-19 15:43:54.587,,995
2024-09-19 15:43:54.631,418.7030787705318,11
2024-09-19 15:43:54.632,-418.7152802234053,100
2024-09-19 15:43:54.738,418.672047337938,998
2024-09-19 15:43:54.819,418.68524790503176,998
2024-09-19 15:43:55.113,418.65336436837697,104
2024-09-19 15:43:55.154,418.60647741559313,1004
2024-09-19 15:43:55.231,418.6526330623132,998
2024-09-19 15:43:55.382,418.6439295061092,9
2024-09-19 15:43:55.409,418.6641217453449,9
2024-09-19 15:43:55.441,418.6404762690825,997
2024-09-19 15:43:55.479,418.6367043883289,95
2024-09-19 15:43:55.516,418.59987742967246,95
2024-09-19 15:43:55.528,418.6156845067206,7
2024-09-19 15:43:55.552,418.68519547868897,996
2024-09-19 15:43:55.562,418.6533830013559,1003
2024-09-19 15:43:55.715,-418.6670522994285,8
2024-09-19 15:43:55.720,418.6740787581844,13
2024-09-19 15:43:55.731,418.62926924079056,6
2024-09-19 15:43:55.764,418.58471363285,102
2024-09-19 15:43:55.911,418.5919571861838,995
2024-09-19 15:43:55.937,418.67300092569167,96
2024-09-19 15:43:56.041,418.5612496226057,14
2024-09-19 15:43:56.065,418.6133698083741,105
2024-09-19 15:43:56.082,418.5746058256296,5
2024-09-19 15:43:56.125,418.6137127457537,997
2024-09-19 15:43:56.158,418.5975233958417,9
2024-09-19 15:43:56.208,418.573393113125,98
2024-09-19 15:43:56.286,418.5711953804443,13
2024-09-19 15:43:56.324,418.5962999455271,13
2024-09-19 15:43:56.330,418.5977646214354,100
2024-09-19 15:43:56.349,418.599778987856,997
2024-09-19 15:43:56.354,418.58507098741296,9
2024-09-19 15:43:56.426,418.8752480195339,10
2024-09-19 15:43:56.444,418.56780906539336,96
2024-09-19 15:43:56.490,418.6094273385213,8
2024-09-19 15:43:56.524,418.6038775782478,14
2024-09-19 15:43:56.565,418.6112713625247,98
2024-09-19 15:43:56.583,418.6100170255989,1004
2024-09-19 15:43:56.587,418.6110535434024,11
2024-09-19 15:43:56.637,418.5796429714726,103
2024-09-19 15:43:56.642,418.551790682695,5
2024-09-19 15:43:56.739,418.6127422784464,998
2024-09-19 15:43:56.796,418.6118157078088,100
2024-09-19 15:43:56.957,418.59740251953593,8
2024-09-19 15:43:56.996,418.6175044733995,998
2024-09-19 15:43:57.003,418.65459985855705,998
2024-09-19 15:43:57.009,418.5962229172546,996
2024-09-19 15:43:57.045,418.638486621493,997
2024-09-19 15:43:57.138,-418.6382830460928,99
2024-09-19 15:43:57.181,418.6191683765088,14
2024-09-19 15:43:57.256,418.6280784279837,1004
2024-09-19 15:43:57.271,418.6377671312112,15
2024-09-19 15:43:57.358,418.6424480175136,997
2024-09-19 15:43:57.365,418.6159570755043,103
2024-09-19 15:43:57.419,418.6009336143042,1005
2024-09-19 15:43:57.501,,11
2024-09-19 15:43:57.565,418.6008031391879,95
2024-09-19 15:43:57.617,418.6390537015184,102
2024-09-19 15:43:57.646,418.6284419949602,1005
2024-09-19 15:43:57.662,418.61533932219226,1002
2024-09-19 15:43:57.704,418.60191597525903,996
2024-09-19 15:43:57.714,418.6404796422683,101
2024-09-19 15:43:57.739,418.60284896259407,100
2024-09-19 15:43:57.887,418.6554691369475,104
2024-09-19 15:43:57.932,418.6717428580896,11
2024-09-19 15:43:57.946,418.6615776788487,10
2024-09-19 15:43:58.044,418.5672434369916,99
2024-09-19 15:43:58.080,418.6410457150542,1002
2024-09-19 15:43:58.098,418.5652406721496,6
2024-09-19 15:43:58.133,418.64762823105286,1001
2024-09-19 15:43:58.159,418.61237613800847,7
2024-09-19 15:43:58.277,418.5772646509984,13
2024-09-19 15:43:58.324,418.6308376149985,1002
2024-09-19 15:43:58.373,418.6127096514981,11
2024-09-19 15:43:58.389,418.56067450032,104
2024-09-19 15:43:58.440,418.6157211774883,1005
2024-09-19 15:43:58.492,418.5571930299221,12
2024-09-19 15:43:58.529,418.592375241393,14
2024-09-19 15:43:58.584,418.5768425143036,13
2024-09-19 15:43:58.642,418.6379021700249,102
2024-09-19 15:43:58.647,418.6595416536784,14
2024-09-19 15:43:58.656,418.64349855645,12
2024-09-19 15:43:58.689,418.6429644584668,1001
2024-09-19 15:43:58.709,418.56586843980136,96
2024-09-19 15:43:58.731,418.5903307872068,12
2024-09-19 15:43:58.732,418.5838815231517,102
2024-09-19 15:43:58.751,418.6151378709815,10
2024-09-19 15:43:58.794,418.5664818365478,997
2024-09-19 15:43:58.816,418.6184593992292,1003
2024-09-19 15:43:58.867,418.5949658233745,1004
2024-09-19 15:43:58.886,418.5600856238792,1003
2024-09-19 15:43:58.895,418.6335419950406,102
2024-09-19 15:43:58.943,418.5977711433612,7
2024-09-19 15:43:58.957,418.6050013496779,98
2024-09-19 15:43:58.982,418.5666756445614,6
2024-09-19 15:43:58.996,418.565801561973,13
2024-09-19 15:43:59.261,418.6641137560208,13
2024-09-19 15:43:59.273,418.6757478135149,999
2024-09-19 15:43:59.280,418.6742636073759,9
2024-09-19 15:43:59.421,418.6546957533016,1000
2024-09-19 15:43:59.458,418.6722791887723,13
2024-09-19 15:43:59.518,418.6705295086314,7
2024-09-19 15:43:59.610,418.66689244110273,1004
2024-09-19 15:43:59.614,418.6801933979645,104
2024-09-19 15:43:59.707,-418.6459122153167,1005
2024-09-19 15:43:59.728,418.6688165671954,6
2024-09-19 15:43:59.734,418.6726003433592,999
2024-09-19 15:43:59.792,418.6387238357389,11
2024-09-19 15:43:59.901,418.66835734107457,999
2024-09-19 15:43:59.968,418.67952318504,14
