Timestamp,Price,Size
2024-09-16 13:56:00.090,413.484673503133,1002
2024-09-16 13:56:00.094,413.51040943350927,15
2024-09-16 13:56:00.120,413.5014201787153,5
2024-09-16 13:56:00.135,413.48963492218326,996
2024-09-16 13:56:00.136,413.5332560479346,1001
2024-09-16 13:56:00.162,413.4833058481729,995
2024-09-16 13:56:00.268,413.51168807868936,1004
2024-09-16 13:56:00.273,413.5003412109865,997
2024-09-16 13:56:00.503,413.4806982231457,102
2024-09-16 13:56:00.514,413.4645296381543,101
2024-09-16 13:56:00.539,413.4742406230018,996
2024-09-16 13:56:00.566,413.4719271172942,12
2024-09-16 13:56:00.578,413.5531695998652,5
2024-09-16 13:56:00.578,413.53326124078967,9
2024-09-16 13:56:00.616,413.4781953618504,1004
2024-09-16 13:56:00.647,413.4891371538836,1001
2024-09-16 13:56:00.672,413.4877285828627,9
2024-09-16 13:56:00.674,413.4799635977956,97
2024-09-16 13:56:00.685,413.507379694039,103
2024-09-16 13:56:00.700,413.494687154904,95
2024-09-16 13:56:00.717,413.4965961904244,100
2024-09-16 13:56:00.732,413.5053662676771,105
2024-09-16 13:56:00.778,413.51083648223744,12
2024-09-16 13:56:00.789,413.4998816475303,102
2024-09-16 13:56:00.811,413.5099845250011,1001
2024-09-16 13:56:00.832,413.478398205055,8
2024-09-16 13:56:00.841,413.5187238421056,15
2024-09-16 13:56:00.958,413.4770499351082,13
2024-09-16 13:56:00.997,413.4987791926623,104
2024-09-16 13:56:01.436,413.4730756626771,101
2024-09-16 13:56:01.579,413.488425871048,98
2024-09-16 13:56:01.746,413.46600993272745,998
2024-09-16 13:56:01.783,413.4716227059549,999
2024-09-16 13:56:02.025,413.5514504578877,5
2024-09-16 13:56:02.028,413.554732855642,105
2024-09-16 13:56:02.058,413.543918565806,97
2024-09-16 13:56:02.080,413.5908398458741,98
2024-09-16 13:56:02.093,413.5492494454828,11
2024-09-16 13:56:02.149,413.5712200311611,8
2024-09-16 13:56:02.230,413.5426460481504,98
2024-09-16 13:56:02.261,413.4982977458813,996
2024-09-16 13:56:02.263,413.4792839764645,15
2024-09-16 13:56:02.277,413.5554816309721,13
2024-09-16 13:56:02.361,413.51611127648266,102
2024-09-16 13:56:02.374,413.54596867150894,96
2024-09-16 13:56:02.429,413.5464261230908,97
2024-09-16 13:56:02.534,413.4862175524976,998
2024-09-16 13:56:02.543,413.6019797425888,14
2024-09-16 13:56:02.595,413.5542323012494,97
2024-09-16 13:56:02.625,413.570159032955,105
2024-09-16 13:56:02.641,413.54371749204927,101
2024-09-16 13:56:02.704,413.58853107717886,95
2024-09-16 13:56:02.746,413.5349080795214,996
2024-09-16 13:56:02.793,413.5992165077988,995
2024-09-16 13:56:02.842,413.5138542411622,99
2024-09-16 13:56:02.861,413.5517635520908,996
2024-09-16 13:56:02.868,413.5027385459428,9
2024-09-16 13:56:02.911,413.4682374307727,10
2024-09-16 13:56:02.929,41.354691072839394,14
2024-09-16 13:56:02.959,413.5365529892535,11
2024-09-16 13:56:03.192,413.5712122898264,101
2024-09-16 13:56:03.743,413.5653899210442,104
2024-09-16 13:56:03.988,413.5670861548451,1001
2024-09-16 13:56:04.015,413.5825351941375,996
2024-09-16 13:56:04.038,413.6078444786787,100
2024-09-16 13:56:04.041,413.5701221400488,101
2024-09-16 13:56:04.119,413.60231663688927,1004
2024-09-16 13:56:04.123,413.5892476406016,99
2024-09-16 13:56:04.167,413.58217182983327,998
2024-09-16 13:56:04.237,413.5783813721041,95
2024-09-16 13:56:04.299,413.5944620891364,1003
2024-09-16 13:56:04.354,413.58663615506936,999
2024-09-16 13:56:04.405,413.5845660412596,1005
2024-09-16 13:56:04.451,413.603730041897,1000
2024-09-16 13:56:04.473,413.586812098362,15
2024-09-16 13:56:04.562,413.61020433916127,105
2024-09-16 13:56:04.636,413.5845236152371,95
2024-09-16 13:56:04.637,413.5980334391417,98
2024-09-16 13:56:04.716,413.58689200443047,1000
2024-09-16 13:56:04.853,413.59074021310994,5
2024-09-16 13:56:04.859,413.6063975094709,10
2024-09-16 13:56:04.912,413.5849639360479,102
2024-09-16 13:56:04.920,413.5950998465585,996
2024-09-16 13:56:04.934,413.6085730878378,101
2024-09-16 13:56:05.106,413.6380274108422,7
2024-09-16 13:56:05.240,413.6408415132772,10
2024-09-16 13:56:05.276,413.6802139777185,101
2024-09-16 13:56:05.292,413.5964081806181,101
2024-09-16 13:56:05.337,413.5998936577484,1000
2024-09-16 13:56:05.362,413.5727969480872,11
2024-09-16 13:56:05.572,413.6120918415373,5
2024-09-16 13:56:05.607,413.6719331269682,102
2024-09-16 13:56:05.623,413.5916785749415,104
2024-09-16 13:56:05.637,413.6797442831336,1002
2024-09-16 13:56:05.760,413.6682928472052,99
2024-09-16 13:56:05.806,413.5838399078411,13
2024-09-16 13:56:05.839,413.59856914180887,8
2024-09-16 13:56:05.842,413.6907567863376,997
2024-09-16 13:56:05.858,413.5928839475213,9
2024-09-16 13:56:05.873,413.64935169903146,96
2024-09-16 13:56:05.977,413.6879082557012,9
2024-09-16 13:56:06.548,413.630044471118,997
2024-09-16 13:56:06.934,413.6483428158649,1001
2024-09-16 13:56:07.070,413.7112102724344,14
2024-09-16 13:56:07.134,413.6783078143848,998
2024-09-16 13:56:07.157,413.718439293265,104
2024-09-16 13:56:07.190,413.6914351235463,995
2024-09-16 13:56:07.490,413.7230205308505,96
2024-09-16 13:56:07.513,413.6869719324841,100
2024-09-16 13:56:07.521,413.71895911797606,9
2024-09-16 13:56:07.714,413.6510712640515,9
2024-09-16 13:56:07.737,413.661908204493,95
2024-09-16 13:56:07.772,413.64128152390055,95
2024-09-16 13:56:07.778,413.7203373260514,104
2024-09-16 13:56:07.861,413.6302255331991,15
2024-09-16 13:56:07.864,413.7225074448468,99
2024-09-16 13:56:07.935,413.7209382552765,1005
2024-09-16 13:56:07.977,413.6255083218629,9
2024-09-16 13:56:07.988,413.6424559008068,12
2024-09-16 13:56:08.013,413.6200393072585,10
2024-09-16 13:56:08.067,413.6523649080223,7
2024-09-16 13:56:08.122,413.6389604858292,1002
2024-09-16 13:56:08.161,413.6694650357326,1004
2024-09-16 13:56:08.199,-413.6396277402281,104
2024-09-16 13:56:08.379,413.6370015079161,100
2024-09-16 13:56:08.386,413.6360371074483,102
2024-09-16 13:56:08.489,413.6526623822569,1001
2024-09-16 13:56:08.524,413.65715856087024,100
2024-09-16 13:56:08.525,413.6787346875702,97
2024-09-16 13:56:08.528,413.6224509618922,6
2024-09-16 13:56:08.634,413.638353406748,1000
2024-09-16 13:56:08.679,413.6696974678377,1000
2024-09-16 13:56:08.711,413.6856392117962,102
2024-09-16 13:56:08.785,413.654742854817,996
2024-09-16 13:56:08.830,413.6310474382908,104
2024-09-16 13:56:08.984,413.61248195472166,10
2024-09-16 13:56:09.011,413.7260161204515,1001
2024-09-16 13:56:09.099,413.74820942481495,95
2024-09-16 13:56:09.127,413.6888742891913,100
2024-09-16 13:56:09.203,413.7666391251495,1003
2024-09-16 13:56:09.291,413.7583523941547,998
2024-09-16 13:56:09.315,413.69134141768114,1005
2024-09-16 13:56:09.472,413.7026234199721,995
2024-09-16 13:56:09.508,413.6823686006108,14
2024-09-16 13:56:09.524,413.7670270519869,95
2024-09-16 13:56:09.557,413.72988054749055,995
2024-09-16 13:56:09.585,413.7201445699063,10
2024-09-16 13:56:09.645,413.7373728362203,11
2024-09-16 13:56:09.714,413.6937843690701,7
2024-09-16 13:56:09.721,413.6680528142544,996
2024-09-16 13:56:09.809,413.73877997615153,996
2024-09-16 13:56:09.853,413.6755979053959,996
2024-09-16 13:56:09.952,413.7329040893488,103
2024-09-16 13:56:10.020,413.9009234018983,102
2024-09-16 13:56:10.047,413.8972903830983,1005
2024-09-16 13:56:10.100,413.88763676946985,105
2024-09-16 13:56:10.166,413.87974328635954,98
2024-09-16 13:56:10.233,413.8993461913692,100
2024-09-16 13:56:10.238,413.90269521749866,105
2024-09-16 13:56:10.318,413.87948921785255,95
2024-09-16 13:56:10.325,413.86011993726095,99
2024-09-16 13:56:10.354,413.8064650557864,14
2024-09-16 13:56:10.373,413.9087744761184,104
2024-09-16 13:56:10.439,413.912746461956,14
2024-09-16 13:56:10.439,413.9190018894501,1001
2024-09-16 13:56:10.462,413.9038101802946,98
2024-09-16 13:56:10.490,413.8092522886595,1005
2024-09-16 13:56:10.497,413.82381623682016,1002
2024-09-16 13:56:10.557,413.81116804959817,15
2024-09-16 13:56:10.585,413.8977897031415,95
2024-09-16 13:56:10.691,413.9080481142728,104
2024-09-16 13:56:10.717,413.9003327753943,97
2024-09-16 13:56:10.762,413.7959603546868,1002
2024-09-16 13:56:10.775,413.90802216418,7
2024-09-16 13:56:10.936,413.801250511429,996
2024-09-16 13:56:10.959,413.7855403376007,14
2024-09-16 13:56:11.049,413.8687094966418,8
2024-09-16 13:56:11.070,413.8586347975989,97
2024-09-16 13:56:11.205,413.824463660014,14
2024-09-16 13:56:11.263,413.8301932622794,99
2024-09-16 13:56:11.278,413.87131285250354,101
2024-09-16 13:56:11.316,413.8702359888502,995
2024-09-16 13:56:11.316,,5
2024-09-16 13:56:11.406,413.87393885165744,1005
2024-09-16 13:56:11.450,413.8364586402752,995
2024-09-16 13:56:11.463,413.866261447095,8
2024-09-16 13:56:11.464,413.8318121574625,11
2024-09-16 13:56:11.469,413.8797730048405,1004
2024-09-16 13:56:11.570,413.8526058999381,6
2024-09-16 13:56:11.582,413.8863879532874,15
2024-09-16 13:56:11.590,413.8308505088243,15
2024-09-16 13:56:11.628,413.8688695196038,14
2024-09-16 13:56:11.636,413.8447396529322,996
2024-09-16 13:56:11.792,413.8752273382027,95
2024-09-16 13:56:11.805,413.8284938316871,1001
2024-09-16 13:56:11.818,413.88510466589673,15
2024-09-16 13:56:11.857,413.8315598434016,1000
2024-09-16 13:56:11.895,413.8490061543638,9
2024-09-16 13:56:11.963,413.8604603623505,1005
2024-09-16 13:56:12.787,413.8164123123395,996
2024-09-16 13:56:13.150,413.79117463759866,95
2024-09-16 13:56:13.213,413.8103961702119,5
2024-09-16 13:56:13.246,413.8067007802731,95
2024-09-16 13:56:13.281,413.8044364724115,7
2024-09-16 13:56:13.324,-413.7962454949592,101
2024-09-16 13:56:13.454,413.7902848684534,1002
2024-09-16 13:56:13.508,413.8049156777975,1005
2024-09-16 13:56:13.552,413.8213409409111,996
2024-09-16 13:56:13.638,413.7962054656906,97
2024-09-16 13:56:13.782,413.8157972305538,97
2024-09-16 13:56:13.856,413.7993898789819,99
2024-09-16 13:56:13.960,413.8260168606396,12
2024-09-16 13:56:14.013,413.7845497601821,96
2024-09-16 13:56:14.032,413.7513530235134,9
2024-09-16 13:56:14.034,413.7691950704817,6
2024-09-16 13:56:14.034,413.76482795280464,1005
2024-09-16 13:56:14.083,413.76200430699856,1005
2024-09-16 13:56:14.197,413.7636144247999,9
2024-09-16 13:56:14.251,413.8070113037225,997
2024-09-16 13:56:14.297,413.782577939828,95
2024-09-16 13:56:14.311,413.79866237791737,98
2024-09-16 13:56:14.312,41.37859582952113,996
2024-09-16 13:56:14.356,413.78654627849255,998
2024-09-16 13:56:14.453,413.78759380850505,8
2024-09-16 13:56:14.457,413.7717318266816,6
2024-09-16 13:56:14.507,413.8016357491762,105
2024-09-16 13:56:14.522,413.78890107578576,999
2024-09-16 13:56:14.524,413.7759516624032,996
2024-09-16 13:56:14.591,413.7963993665196,1001
2024-09-16 13:56:14.617,413.7808780235229,1004
2024-09-16 13:56:14.662,413.7555902609624,998
2024-09-16 13:56:14.722,413.7701553440222,1001
2024-09-16 13:56:14.766,413.7793364508607,1005
2024-09-16 13:56:14.849,413.7699517704788,100
2024-09-16 13:56:14.860,413.77602061246654,1005
2024-09-16 13:56:14.910,413.7673893305304,11
2024-09-16 13:56:14.915,413.7660616679597,996
2024-09-16 13:56:14.930,413.8082027541445,13
2024-09-16 13:56:14.956,413.8045259042726,1000
2024-09-16 13:56:14.997,413.7604049358189,96
2024-09-16 13:56:14.997,413.7550404137244,95
2024-09-16 13:56:15.012,-413.7408361406888,1004
2024-09-16 13:56:15.039,413.7564527591875,101
2024-09-16 13:56:15.077,413.756620055257,104
2024-09-16 13:56:15.266,413.7424341992675,1004
2024-09-16 13:56:15.271,413.7449651649766,13
2024-09-16 13:56:15.326,413.7563863971128,1004
2024-09-16 13:56:15.327,413.7398719142664,999
2024-09-16 13:56:15.328,413.74644858400166,101
2024-09-16 13:56:15.334,413.7460078712386,9
2024-09-16 13:56:15.389,413.7599241276829,98
2024-09-16 13:56:15.427,413.7519760458917,9
2024-09-16 13:56:15.456,413.7375108879424,1004
2024-09-16 13:56:15.488,413.7440390112412,996
2024-09-16 13:56:15.609,413.7596624965716,95
2024-09-16 13:56:15.625,413.762394512232,102
2024-09-16 13:56:15.724,413.7544515892725,996
2024-09-16 13:56:15.811,413.743623525853,101
2024-09-16 13:56:15.850,413.75158766561145,7
2024-09-16 13:56:15.885,413.7811807078944,105
2024-09-16 13:56:15.892,413.73465541936497,14
2024-09-16 13:56:15.935,413.7543997206205,15
2024-09-16 13:56:16.108,413.7334975849692,997
2024-09-16 13:56:16.169,413.73586793045473,97
2024-09-16 13:56:16.353,413.7292031899461,98
2024-09-16 13:56:16.372,413.74511096758334,13
2024-09-16 13:56:16.396,413.73389344074286,995
2024-09-16 13:56:16.428,413.7354281120316,12
2024-09-16 13:56:16.535,413.72129076529376,998
2024-09-16 13:56:16.551,413.7346918356168,1004
2024-09-16 13:56:16.605,413.714180407178,100
2024-09-16 13:56:16.680,413.71984684915634,8
2024-09-16 13:56:16.696,413.7244562047914,104
2024-09-16 13:56:16.698,413.72156399529854,96
2024-09-16 13:56:16.778,413.7018841631169,1004
2024-09-16 13:56:16.832,413.6858936927743,998
2024-09-16 13:56:17.217,413.6619899322177,1001
2024-09-16 13:56:17.395,413.6617406520542,105
2024-09-16 13:56:17.482,413.6715817872092,999
2024-09-16 13:56:17.487,413.6500446890596,998
2024-09-16 13:56:18.266,413.6478619379968,7
2024-09-16 13:56:18.684,413.6396658820721,5
2024-09-16 13:56:19.246,413.6432315221332,102
2024-09-16 13:56:19.558,413.6545794650612,13
2024-09-16 13:56:19.726,,101
2024-09-16 13:56:19.899,413.6317057451574,1004
2024-09-16 13:56:20.039,413.6450491857097,6
2024-09-16 13:56:20.056,413.6370480193974,6
2024-09-16 13:56:20.207,413.65797453208177,100
2024-09-16 13:56:20.939,413.6242200586376,1004
2024-09-16 13:56:21.322,413.6552475150364,101
2024-09-16 13:56:21.426,413.6474744313145,1003
2024-09-16 13:56:21.567,413.64983387751033,98
2024-09-16 13:56:21.659,413.6457768974163,7
2024-09-16 13:56:22.283,413.6354248405641,104
2024-09-16 13:56:22.832,413.6323639090697,1001
2024-09-16 13:56:23.040,413.6611625412594,97
2024-09-16 13:56:23.075,413.6797237833496,1003
2024-09-16 13:56:23.112,413.6679827110332,8
2024-09-16 13:56:23.121,413.6552046400953,96
2024-09-16 13:56:23.141,413.63806063352143,1000
2024-09-16 13:56:23.146,413.612166951684,102
2024-09-16 13:56:23.164,413.6493180820388,8
2024-09-16 13:56:23.177,413.651592220127,1000
2024-09-16 13:56:23.195,413.63475285110695,1003
2024-09-16 13:56:23.231,413.6689761681226,998
2024-09-16 13:56:23.277,413.686245392775,1004
2024-09-16 13:56:23.288,413.6547920118075,102
2024-09-16 13:56:23.369,413.6516595872719,105
2024-09-16 13:56:23.401,413.647305240561,1004
2024-09-16 13:56:23.442,413.68562692099175,99
2024-09-16 13:56:23.498,413.6524043132291,9
2024-09-16 13:56:23.506,413.7109169915644,10
2024-09-16 13:56:23.514,413.6638468879528,99
2024-09-16 13:56:23.591,413.6568211467225,102
2024-09-16 13:56:23.613,413.6360222512878,1005
2024-09-16 13:56:23.629,413.6481982759949,6
2024-09-16 13:56:23.716,413.667778337333,97
2024-09-16 13:56:23.728,413.6745048356931,11
2024-09-16 13:56:23.732,413.6722397465001,8
2024-09-16 13:56:23.754,413.6243446109157,97
2024-09-16 13:56:23.771,413.67958922712927,14
2024-09-16 13:56:23.889,413.6613103317471,100
2024-09-16 13:56:23.901,413.6323588234267,95
2024-09-16 13:56:23.903,413.6306463342571,100
2024-09-16 13:56:23.979,413.63596407408846,96
2024-09-16 13:56:24.627,413.660410461901,15
2024-09-16 13:56:24.702,413.6740597169752,98
2024-09-16 13:56:25.013,413.696870418892,5
2024-09-16 13:56:25.172,413.6713331733925,15
2024-09-16 13:56:25.253,413.6812756648048,96
2024-09-16 13:56:25.308,413.7079489577204,999
2024-09-16 13:56:25.316,413.69612033708137,103
2024-09-16 13:56:25.347,413.6584013810231,104
2024-09-16 13:56:25.529,413.69819965589807,104
2024-09-16 13:56:25.562,413.7080782278751,12
2024-09-16 13:56:25.605,413.7011959238214,105
2024-09-16 13:56:25.691,413.70613841833887,5
2024-09-16 13:56:25.708,413.7113736912432,9
2024-09-16 13:56:25.767,413.6978490204252,12
2024-09-16 13:56:25.795,413.689864799772,96
2024-09-16 13:56:25.904,413.69100321202217,100
2024-09-16 13:56:25.905,413.7038701539537,1002
2024-09-16 13:56:25.916,413.70619643219953,104
2024-09-16 13:56:25.942,413.6965302198181,1001
2024-09-16 13:56:25.964,413.673058545017,15
2024-09-16 13:56:25.967,413.70153601978615,999
2024-09-16 13:56:26.037,413.7484936974468,14
2024-09-16 13:56:26.097,413.7285537905464,5
2024-09-16 13:56:26.098,413.7424226803368,1002
2024-09-16 13:56:26.159,413.6850899546515,998
2024-09-16 13:56:26.298,413.6692275038191,15
2024-09-16 13:56:26.317,413.6970911716334,100
2024-09-16 13:56:26.362,413.70729755317353,10
2024-09-16 13:56:26.408,413.72796670247527,1001
2024-09-16 13:56:26.409,413.71268978591775,99
2024-09-16 13:56:26.442,413.7018801698657,999
2024-09-16 13:56:26.461,413.7038956361057,98
2024-09-16 13:56:26.478,413.6959282008417,100
2024-09-16 13:56:26.632,413.695582839539,1002
2024-09-16 13:56:26.644,413.7020756265782,999
2024-09-16 13:56:26.806,413.6932820604409,7
2024-09-16 13:56:26.838,413.6850422514714,11
2024-09-16 13:56:26.840,-413.72161211349976,105
2024-09-16 13:56:26.875,413.7005902256763,102
2024-09-16 13:56:26.876,413.7033200114377,997
2024-09-16 13:56:26.882,413.7186057879126,1004
2024-09-16 13:56:26.932,413.70655168178814,997
2024-09-16 13:56:26.970,413.7471779175909,10
2024-09-16 13:56:27.061,413.64580368038366,103
2024-09-16 13:56:27.110,413.6907609268442,13
2024-09-16 13:56:27.116,413.65827134267,998
2024-09-16 13:56:27.126,413.66631791371066,5
2024-09-16 13:56:27.200,413.68156517339503,103
2024-09-16 13:56:27.217,413.63741811844,11
2024-09-16 13:56:27.229,413.6558129695436,1000
2024-09-16 13:56:27.245,413.6624067252154,14
2024-09-16 13:56:27.294,413.6796407179341,97
2024-09-16 13:56:27.316,41.36455976024095,9
2024-09-16 13:56:27.319,413.6837873314633,10
2024-09-16 13:56:27.329,413.6714065730728,97
2024-09-16 13:56:27.332,413.6731269385016,11
2024-09-16 13:56:27.430,-413.7003996875485,8
2024-09-16 13:56:27.492,413.64971428725846,1003
2024-09-16 13:56:27.530,413.6493894711617,997
2024-09-16 13:56:27.549,413.6429762799783,6
2024-09-16 13:56:27.583,413.6479495579968,7
2024-09-16 13:56:27.606,413.6532580161766,1000
2024-09-16 13:56:27.628,413.6738950954655,104
2024-09-16 13:56:27.707,413.6630330717345,5
2024-09-16 13:56:27.786,413.67663224705086,1004
2024-09-16 13:56:27.835,413.6845299801817,105
2024-09-16 13:56:27.839,413.6745967088356,997
2024-09-16 13:56:27.898,413.67835819737263,15
2024-09-16 13:56:27.921,413.64221761325416,1000
2024-09-16 13:56:27.975,413.6292009683692,103
2024-09-16 13:56:28.018,413.6256979373392,98
2024-09-16 13:56:28.058,413.5852293246285,1002
2024-09-16 13:56:28.092,413.6393685342955,997
2024-09-16 13:56:28.112,413.64554343647,998
2024-09-16 13:56:28.124,413.6185962556686,97
2024-09-16 13:56:28.174,413.6255774272162,102
2024-09-16 13:56:28.184,413.6446852517639,997
2024-09-16 13:56:28.204,413.61578492267154,1000
2024-09-16 13:56:28.221,413.63850889372026,97
2024-09-16 13:56:28.225,413.625523490732,999
2024-09-16 13:56:28.254,413.6394951912716,10
2024-09-16 13:56:28.258,413.6549715434594,998
2024-09-16 13:56:28.389,413.6344672448144,105
2024-09-16 13:56:28.440,413.6373927305821,1000
2024-09-16 13:56:28.510,413.6249506008416,104
2024-09-16 13:56:28.529,413.6154157101929,95
2024-09-16 13:56:28.551,413.6347465445304,1001
2024-09-16 13:56:28.563,413.57711195164296,98
2024-09-16 13:56:28.582,413.5756987938151,5
2024-09-16 13:56:28.606,413.6479984529068,14
2024-09-16 13:56:28.625,413.60094915325305,996
2024-09-16 13:56:28.628,413.6132342451557,14
2024-09-16 13:56:28.633,413.61099218507104,99
2024-09-16 13:56:28.675,413.6334674770248,96
2024-09-16 13:56:28.844,413.632980187149,102
2024-09-16 13:56:28.977,413.5686103611933,14
2024-09-16 13:56:29.025,413.76588288972994,999
2024-09-16 13:56:29.040,413.67117580687767,1001
2024-09-16 13:56:29.042,413.648967576228,995
2024-09-16 13:56:29.111,413.6676339801863,1002
2024-09-16 13:56:29.127,413.75276092393074,95
2024-09-16 13:56:29.200,413.7180904639756,97
2024-09-16 13:56:29.333,413.7622106421353,99
2024-09-16 13:56:29.345,,1003
2024-09-16 13:56:29.406,413.6624232410625,103
2024-09-16 13:56:29.452,413.7308081336483,102
2024-09-16 13:56:29.489,413.6585322109082,98
2024-09-16 13:56:29.516,413.76554054702586,98
2024-09-16 13:56:29.517,413.7021359349525,998
2024-09-16 13:56:29.545,413.70460384323,12
2024-09-16 13:56:29.569,413.7344563176759,98
2024-09-16 13:56:29.582,413.6555788688879,7
2024-09-16 13:56:29.593,413.7430254628279,1000
2024-09-16 13:56:29.597,413.71406025713753,12
2024-09-16 13:56:29.610,413.7412845089871,101
2024-09-16 13:56:29.624,413.72871259708165,96
2024-09-16 13:56:29.688,413.7181379006213,105
2024-09-16 13:56:29.712,413.6752922403907,97
2024-09-16 13:56:29.760,413.6591240279632,1001
2024-09-16 13:56:29.764,413.67651606133927,1001
2024-09-16 13:56:29.874,413.6989482486828,8
2024-09-16 13:56:29.890,413.73819701892086,99
2024-09-16 13:56:29.974,413.7449099610037,104
2024-09-16 13:56:30.001,413.7163464612501,104
2024-09-16 13:56:30.012,413.7706761159097,95
2024-09-16 13:56:30.062,413.7619776419616,95
2024-09-16 13:56:30.077,413.7503549145543,103
2024-09-16 13:56:30.135,413.74462886668925,105
2024-09-16 13:56:30.140,413.7223725346345,98
2024-09-16 13:56:30.153,413.7243309497517,10
2024-09-16 13:56:30.161,413.7740721960428,999
2024-09-16 13:56:30.224,413.7670691132,1005
2024-09-16 13:56:30.368,413.7003391144537,15
2024-09-16 13:56:30.375,413.7487283067621,998
2024-09-16 13:56:30.448,413.7658494784924,6
2024-09-16 13:56:30.490,413.7681428122752,102
2024-09-16 13:56:30.495,413.7771452946534,105
2024-09-16 13:56:30.603,413.7842067221852,104
2024-09-16 13:56:30.640,413.7711344676951,99
2024-09-16 13:56:30.657,413.7537385160913,96
2024-09-16 13:56:30.691,413.77898361966106,9
2024-09-16 13:56:30.697,413.7698626307209,99
2024-09-16 13:56:30.710,413.7606160629063,1002
2024-09-16 13:56:30.735,413.7353760395813,1002
2024-09-16 13:56:30.798,413.7086496935962,1000
2024-09-16 13:56:30.824,413.7748740536131,102
2024-09-16 13:56:30.829,413.7596987818333,104
2024-09-16 13:56:30.842,41.37558300046688,105
2024-09-16 13:56:30.845,413.7671714855841,997
2024-09-16 13:56:30.852,413.7238925903867,1002
2024-09-16 13:56:30.908,413.7230855922775,12
2024-09-16 13:56:30.936,413.70919735810526,998
2024-09-16 13:56:31.033,413.7744158957704,1003
2024-09-16 13:56:31.131,413.7903078830712,998
2024-09-16 13:56:31.133,413.788713546255,1001
2024-09-16 13:56:31.133,413.7902014224579,13
2024-09-16 13:56:31.206,413.7607855956773,1001
2024-09-16 13:56:31.231,413.791886930973,998
2024-09-16 13:56:31.232,413.7852706889013,1003
2024-09-16 13:56:31.234,413.795190637444,96
2024-09-16 13:56:31.308,413.7984570082658,103
2024-09-16 13:56:31.450,413.776132987102,997
2024-09-16 13:56:31.500,413.7884884281275,13
2024-09-16 13:56:31.566,413.8078809266245,1000
2024-09-16 13:56:31.600,413.77171750075,104
2024-09-16 13:56:31.684,413.7555557442872,1004
2024-09-16 13:56:31.750,413.75486207120616,8
2024-09-16 13:56:31.854,413.82088926210696,997
2024-09-16 13:56:31.878,413.773977559748,1000
2024-09-16 13:56:32.061,413.7501583914108,103
2024-09-16 13:56:32.120,413.7691191511082,13
2024-09-16 13:56:32.165,413.74436397615045,1004
2024-09-16 13:56:32.260,413.7597472987376,5
2024-09-16 13:56:32.313,413.74245447019695,10
2024-09-16 13:56:32.341,413.7593986716441,6
2024-09-16 13:56:32.368,413.77931293704586,14
2024-09-16 13:56:32.385,413.751752573341,99
2024-09-16 13:56:32.405,413.7961301709931,6
2024-09-16 13:56:32.421,413.8180566196602,14
2024-09-16 13:56:32.472,413.7980807192986,103
2024-09-16 13:56:32.546,413.76239476308086,15
2024-09-16 13:56:32.550,413.79145687499135,5
2024-09-16 13:56:32.635,413.7822115856157,101
2024-09-16 13:56:32.678,413.7854744993997,8
2024-09-16 13:56:32.702,413.7813746054088,95
2024-09-16 13:56:32.708,413.7517716362397,1002
2024-09-16 13:56:32.731,413.8004505489643,1003
2024-09-16 13:56:32.767,413.7982978420396,1001
2024-09-16 13:56:32.770,413.7916075463,99
2024-09-16 13:56:32.820,413.7969787304887,95
2024-09-16 13:56:32.833,413.7313077827292,1002
2024-09-16 13:56:32.879,413.75274289858623,14
2024-09-16 13:56:32.905,413.7905230783521,105
2024-09-16 13:56:32.966,413.7978163036087,97
2024-09-16 13:56:33.102,413.7535720843438,105
2024-09-16 13:56:33.207,413.7293033856009,98
2024-09-16 13:56:33.308,413.7307285233084,97
2024-09-16 13:56:33.347,413.7730943893997,101
2024-09-16 13:56:33.475,413.75558876299374,13
2024-09-16 13:56:33.495,413.7818455916977,11
2024-09-16 13:56:33.503,413.7463830831038,1004
2024-09-16 13:56:33.540,413.7668235315226,95
2024-09-16 13:56:33.570,413.7700247443901,97
2024-09-16 13:56:33.576,413.779794243064,13
2024-09-16 13:56:33.611,413.74867752606616,102
2024-09-16 13:56:33.653,413.716881861181,12
2024-09-16 13:56:33.728,413.7552523775383,5
2024-09-16 13:56:33.752,413.7928620173353,97
2024-09-16 13:56:33.790,413.74575374090847,1005
2024-09-16 13:56:33.795,413.739069939558,103
2024-09-16 13:56:33.826,413.7556140898956,105
2024-09-16 13:56:33.905,413.75327841931545,1005
2024-09-16 13:56:33.916,413.7564495458069,8
2024-09-16 13:56:34.005,413.7507568432175,5
2024-09-16 13:56:34.330,413.78012266922485,12
2024-09-16 13:56:34.934,413.7707682171696,10
2024-09-16 13:56:36.133,413.7385513185831,97
2024-09-16 13:56:36.260,413.78324558337016,997
2024-09-16 13:56:36.261,413.7136222858705,98
2024-09-16 13:56:36.287,413.7076925360989,1003
2024-09-16 13:56:36.345,413.7305525990449,104
2024-09-16 13:56:36.347,413.75908580477096,996
2024-09-16 13:56:36.423,413.683329662973,7
2024-09-16 13:56:36.446,413.8039717761049,100
2024-09-16 13:56:36.458,413.7199998533679,995
2024-09-16 13:56:36.531,413.67931310953605,101
2024-09-16 13:56:36.574,413.7038537831766,10
2024-09-16 13:56:36.632,413.6827948675996,95
2024-09-16 13:56:36.678,413.74758279458166,6
2024-09-16 13:56:36.726,413.79548117723294,1005
2024-09-16 13:56:36.750,413.7861733127902,9
2024-09-16 13:56:36.762,413.6758418404068,9
2024-09-16 13:56:36.816,413.7496169601772,103
2024-09-16 13:56:36.822,413.7748007117501,95
2024-09-16 13:56:36.854,413.7991388859835,98
2024-09-16 13:56:36.899,413.692910092978,1003
2024-09-16 13:56:36.940,413.678501242973,15
2024-09-16 13:56:36.941,413.6880843238652,1004
2024-09-16 13:56:36.954,413.7966239644989,14
2024-09-16 13:56:36.972,413.79684805504826,10
2024-09-16 13:56:36.986,413.7127292815413,11
2024-09-16 13:56:37.010,413.6464755964972,7
2024-09-16 13:56:37.023,413.66478304027805,105
2024-09-16 13:56:37.036,413.65021384449454,6
2024-09-16 13:56:37.104,413.64176536338346,6
2024-09-16 13:56:37.192,413.6587641872184,7
2024-09-16 13:56:37.235,413.664958920932,1002
2024-09-16 13:56:37.254,413.66237643225065,998
2024-09-16 13:56:37.364,413.6486248859532,999
2024-09-16 13:56:37.543,413.65250415453295,8
2024-09-16 13:56:37.752,413.6782351251532,12
2024-09-16 13:56:37.762,413.6719680717502,9
2024-09-16 13:56:37.763,413.6259993624689,998
2024-09-16 13:56:37.848,413.658309154702,8
2024-09-16 13:56:37.907,413.6473940070112,1004
2024-09-16 13:56:38.076,413.6388520839006,1000
2024-09-16 13:56:38.107,413.66880523321134,15
2024-09-16 13:56:38.461,413.6724382884016,1000
2024-09-16 13:56:38.506,413.6662128536024,13
2024-09-16 13:56:38.544,413.6563635929194,11
2024-09-16 13:56:38.619,413.6454805829176,1003
2024-09-16 13:56:38.631,413.65979904713504,14
2024-09-16 13:56:39.010,413.6937438221339,1001
2024-09-16 13:56:39.104,413.7227540538198,10
2024-09-16 13:56:39.201,413.7177908003847,1002
2024-09-16 13:56:39.209,413.6860605598549,7
2024-09-16 13:56:39.379,413.7060389796708,102
2024-09-16 13:56:39.390,413.7175442881258,1005
2024-09-16 13:56:39.399,413.7168746805416,11
2024-09-16 13:56:39.436,413.7183953441812,7
2024-09-16 13:56:39.482,413.67006413166064,100
2024-09-16 13:56:39.529,413.7267249828809,102
2024-09-16 13:56:39.548,413.73447961930816,99
2024-09-16 13:56:39.605,413.71235667248527,11
2024-09-16 13:56:39.805,413.7044560052487,6
2024-09-16 13:56:39.841,413.69979321725856,9
2024-09-16 13:56:39.925,413.7059255290115,7
2024-09-16 13:56:39.940,413.6680390791163,998
2024-09-16 13:56:40.001,413.6887716682125,97
2024-09-16 13:56:40.017,413.6925039998998,1001
2024-09-16 13:56:40.409,413.7041473926666,999
2024-09-16 13:56:40.616,413.6936624633211,101
2024-09-16 13:56:40.633,413.69114254929366,1002
2024-09-16 13:56:40.739,413.7004759785226,12
2024-09-16 13:56:40.967,413.695470696744,13
2024-09-16 13:56:41.059,413.71799664616987,14
2024-09-16 13:56:41.318,413.7202194817998,5
2024-09-16 13:56:41.472,413.7422544794841,102
2024-09-16 13:56:41.526,413.7172835857265,1000
2024-09-16 13:56:41.558,413.72777916932887,997
2024-09-16 13:56:41.738,413.7091017771255,7
2024-09-16 13:56:42.001,413.7186767974735,998
2024-09-16 13:56:42.001,413.6988085621789,103
2024-09-16 13:56:42.055,413.72671042256417,997
2024-09-16 13:56:42.156,413.7128001934394,95
2024-09-16 13:56:42.187,413.7079974965128,14
2024-09-16 13:56:42.198,413.739558282815,7
2024-09-16 13:56:42.211,413.7096148096947,101
2024-09-16 13:56:42.314,413.73126214458233,96
2024-09-16 13:56:42.355,413.72406078263305,997
2024-09-16 13:56:42.355,413.7077102893218,995
2024-09-16 13:56:42.393,413.72698364995,7
2024-09-16 13:56:42.407,413.7235760725918,13
2024-09-16 13:56:42.461,413.74813652119855,101
2024-09-16 13:56:42.473,413.7207051296243,7
2024-09-16 13:56:42.603,413.7239286283354,996
2024-09-16 13:56:42.617,413.7218944058299,1004
2024-09-16 13:56:42.631,413.7305364325787,105
2024-09-16 13:56:42.831,413.7080492179693,105
2024-09-16 13:56:42.852,413.71981894449385,6
2024-09-16 13:56:42.920,413.72587091447895,12
2024-09-16 13:56:42.929,413.7041990515534,7
2024-09-16 13:56:42.961,413.7189806458313,1005
2024-09-16 13:56:42.991,413.712905254717,13
2024-09-16 13:56:42.999,413.7355586520285,15
2024-09-16 13:56:43.141,413.7384978045059,6
2024-09-16 13:56:43.306,413.73544737364665,98
2024-09-16 13:56:43.386,413.7353312731835,999
2024-09-16 13:56:43.512,413.740802361387,7
2024-09-16 13:56:43.550,413.7315928358515,96
2024-09-16 13:56:43.648,413.7375785667881,15
2024-09-16 13:56:43.902,413.7391481927623,104
2024-09-16 13:56:44.055,413.66456107219415,998
2024-09-16 13:56:44.157,413.7189334028152,997
2024-09-16 13:56:44.176,413.6624487067989,9
2024-09-16 13:56:44.191,413.6641833641924,995
2024-09-16 13:56:44.325,413.6711135401897,10
2024-09-16 13:56:44.354,413.6532457895556,9
2024-09-16 13:56:44.364,413.6479458993634,1005
2024-09-16 13:56:44.409,,1005
2024-09-16 13:56:44.413,413.703715342266,15
2024-09-16 13:56:44.443,413.7097388368014,997
2024-09-16 13:56:44.618,413.7389154587579,11
2024-09-16 13:56:44.624,413.6324932793752,1002
2024-09-16 13:56:44.674,413.7253771346966,13
2024-09-16 13:56:44.720,413.7020734652536,96
2024-09-16 13:56:44.722,413.6671702648443,101
2024-09-16 13:56:44.728,413.6552619495579,998
2024-09-16 13:56:44.832,413.7454677212654,1001
2024-09-16 13:56:44.899,,1000
2024-09-16 13:56:44.978,413.6633505255821,97
2024-09-16 13:56:44.995,413.7175684817157,105
2024-09-16 13:56:45.091,413.7208322681054,1000
2024-09-16 13:56:45.103,413.6574369981812,1003
2024-09-16 13:56:45.155,413.6960706847036,1005
2024-09-16 13:56:45.166,413.7143243561869,11
2024-09-16 13:56:45.205,413.7297084006768,998
2024-09-16 13:56:45.212,413.67987822046285,96
2024-09-16 13:56:45.231,413.73306835131393,9
2024-09-16 13:56:45.252,413.6840787463289,10
2024-09-16 13:56:45.302,413.7407173052953,104
2024-09-16 13:56:45.337,413.6677147559667,996
2024-09-16 13:56:45.338,413.7285229509136,997
2024-09-16 13:56:45.342,413.71860467842697,100
2024-09-16 13:56:45.371,413.7252445613429,1002
2024-09-16 13:56:45.393,413.6883007750102,5
2024-09-16 13:56:45.554,413.6985396594913,103
2024-09-16 13:56:45.686,413.6893955439638,102
2024-09-16 13:56:45.821,413.7346881088033,8
2024-09-16 13:56:45.855,413.7374168886337,101
2024-09-16 13:56:45.929,413.69626998556345,1000
2024-09-16 13:56:45.944,413.7106243322627,1000
2024-09-16 13:56:45.965,413.6470262779262,13
2024-09-16 13:56:45.970,413.6994136390044,105
2024-09-16 13:56:45.986,413.7222639123002,102
2024-09-16 13:56:46.010,413.8142113918156,103
2024-09-16 13:56:46.029,413.695367778698,101
2024-09-16 13:56:46.060,413.7962454946429,13
2024-09-16 13:56:46.099,413.73174949451567,7
2024-09-16 13:56:46.193,,105
2024-09-16 13:56:46.229,413.7438818006864,8
2024-09-16 13:56:46.257,413.79824793640006,10
2024-09-16 13:56:46.277,413.7944509292232,96
2024-09-16 13:56:46.303,413.8097672814733,11
2024-09-16 13:56:46.305,413.7787870601202,10
2024-09-16 13:56:46.326,413.80297723534767,1005
2024-09-16 13:56:46.388,413.727034693024,1000
2024-09-16 13:56:46.396,413.7366885217986,10
2024-09-16 13:56:46.465,413.8127606869766,9
2024-09-16 13:56:46.529,413.8090048410741,96
2024-09-16 13:56:46.603,413.812494907672,14
2024-09-16 13:56:46.634,413.8141444730552,103
2024-09-16 13:56:46.651,413.73729279315455,12
2024-09-16 13:56:46.668,413.7924727903003,1003
2024-09-16 13:56:46.688,413.79012278542587,1005
2024-09-16 13:56:46.736,413.7986982139308,1003
2024-09-16 13:56:46.790,413.7920315367001,995
2024-09-16 13:56:46.824,413.8095700300879,99
2024-09-16 13:56:46.838,413.7641253391126,1002
2024-09-16 13:56:46.843,413.74193939026696,14
2024-09-16 13:56:46.877,413.8049866565387,11
2024-09-16 13:56:46.896,413.71121563766303,100
2024-09-16 13:56:46.953,413.72540903433526,1003
2024-09-16 13:56:46.964,413.8139894903047,10
2024-09-16 13:56:47.022,413.8183788246739,104
2024-09-16 13:56:47.067,413.84106650418505,98
2024-09-16 13:56:47.137,413.8222855518511,102
2024-09-16 13:56:47.185,413.80469557832623,1002
2024-09-16 13:56:47.188,413.8104418482105,1005
2024-09-16 13:56:47.233,413.8300758632288,102
2024-09-16 13:56:47.240,413.8004741432481,103
2024-09-16 13:56:47.241,413.84003108363015,5
2024-09-16 13:56:47.267,413.81969861564784,995
2024-09-16 13:56:47.295,413.753742233047,6
2024-09-16 13:56:47.298,413.8169489975667,996
2024-09-16 13:56:47.414,413.8227220183229,1003
2024-09-16 13:56:47.428,413.7614668484097,10
2024-09-16 13:56:47.432,413.8252489451104,15
2024-09-16 13:56:47.444,413.8080437759289,13
2024-09-16 13:56:47.457,413.77056586420696,6
2024-09-16 13:56:47.459,413.8063615171658,15
2024-09-16 13:56:47.509,413.81792368189537,10
2024-09-16 13:56:47.580,413.8068329054668,105
2024-09-16 13:56:47.609,413.7992720366665,1001
2024-09-16 13:56:47.612,413.7958915215221,1004
2024-09-16 13:56:47.745,413.8154972980488,103
2024-09-16 13:56:47.810,413.779136234389,101
2024-09-16 13:56:47.855,413.7783903737615,5
2024-09-16 13:56:47.869,413.8321219928556,14
2024-09-16 13:56:47.902,413.7933742427311,999
2024-09-16 13:56:47.914,413.7722485186147,998
2024-09-16 13:56:47.924,413.8176653946464,14
2024-09-16 13:56:47.994,413.79541205396737,1004
2024-09-16 13:56:48.112,413.8778738959382,1004
2024-09-16 13:56:48.112,413.88321482273057,7
2024-09-16 13:56:48.156,413.7674675430636,102
2024-09-16 13:56:48.201,413.82695319601936,104
2024-09-16 13:56:48.245,413.77211282347497,14
2024-09-16 13:56:48.286,413.83769320054415,96
2024-09-16 13:56:48.313,413.8701638294124,102
2024-09-16 13:56:48.327,413.7634595267189,12
2024-09-16 13:56:48.336,413.81345398304296,999
2024-09-16 13:56:48.388,413.83577799102335,97
2024-09-16 13:56:48.410,413.7993080399221,8
2024-09-16 13:56:48.413,413.8566341461015,997
2024-09-16 13:56:48.485,413.7473523242692,1000
2024-09-16 13:56:48.486,413.7896214430928,11
2024-09-16 13:56:48.517,413.7499287268698,103
2024-09-16 13:56:48.667,413.81689988830976,7
2024-09-16 13:56:48.684,413.8162656067343,1004
2024-09-16 13:56:48.726,413.7774582316144,7
2024-09-16 13:56:48.745,413.7570949250272,98
2024-09-16 13:56:48.838,413.78511917528897,100
2024-09-16 13:56:48.891,413.8927555075894,1003
2024-09-16 13:56:48.895,413.89209931301946,996
2024-09-16 13:56:48.913,413.8178085726744,11
2024-09-16 13:56:48.943,413.8860423863389,96
2024-09-16 13:56:48.944,413.7950896664741,9
2024-09-16 13:56:48.978,413.8747349484079,7
2024-09-16 13:56:49.015,413.87980286138645,5
2024-09-16 13:56:49.059,413.9391365119064,5
2024-09-16 13:56:49.088,413.9423248762175,7
2024-09-16 13:56:49.140,413.89485599267687,96
2024-09-16 13:56:49.151,413.87846576858334,97
2024-09-16 13:56:49.183,413.8762990430554,1001
2024-09-16 13:56:49.282,413.8859546451877,6
2024-09-16 13:56:49.317,413.8802975453203,104
2024-09-16 13:56:49.405,413.85297246160434,1002
2024-09-16 13:56:49.419,413.94692641102,13
2024-09-16 13:56:49.470,413.8735708313837,12
2024-09-16 13:56:49.543,413.8371847929778,7
2024-09-16 13:56:49.550,413.8835453322331,995
2024-09-16 13:56:49.629,413.9227633077136,8
2024-09-16 13:56:49.644,413.95437678708026,998
2024-09-16 13:56:49.673,413.9255436252382,998
2024-09-16 13:56:49.752,413.9348260923047,105
2024-09-16 13:56:49.774,413.8589711709601,95
2024-09-16 13:56:49.798,413.8651588303932,13
2024-09-16 13:56:49.802,413.9071718643314,9
2024-09-16 13:56:49.846,413.8347145569539,5
2024-09-16 13:56:49.854,413.9455862760309,9
2024-09-16 13:56:49.895,413.8697171051931,1000
2024-09-16 13:56:49.930,413.8784507443663,6
2024-09-16 13:56:49.957,413.8549566268797,1003
2024-09-16 13:56:50.026,413.96907815441057,1001
2024-09-16 13:56:50.067,,1003
2024-09-16 13:56:50.195,413.9842059027642,10
2024-09-16 13:56:50.250,413.92779313952406,96
2024-09-16 13:56:50.270,413.9363883414168,105
2024-09-16 13:56:50.302,413.93102230993736,1002
2024-09-16 13:56:50.334,413.9682985231065,14
2024-09-16 13:56:50.757,413.9805120620312,14
2024-09-16 13:56:50.869,413.93357621200136,7
2024-09-16 13:56:50.963,413.9801090608518,11
2024-09-16 13:56:50.980,414.0071420292991,103
2024-09-16 13:56:51.001,414.0115505351396,8
2024-09-16 13:56:51.025,414.0053329246576,101
2024-09-16 13:56:51.029,414.0203780424351,998
2024-09-16 13:56:51.067,414.0080857648472,104
2024-09-16 13:56:51.092,414.0094121421353,103
2024-09-16 13:56:51.271,413.9931437636583,10
2024-09-16 13:56:51.351,413.9839833807925,1001
2024-09-16 13:56:51.383,413.9953962702485,15
2024-09-16 13:56:51.440,414.0223650606498,14
2024-09-16 13:56:51.481,414.0195769395816,6
2024-09-16 13:56:51.526,413.9918526341308,7
2024-09-16 13:56:51.531,413.99390432694486,11
2024-09-16 13:56:51.649,414.00927887786906,10
2024-09-16 13:56:51.961,,13
2024-09-16 13:56:51.970,414.01123007405977,1002
2024-09-16 13:56:52.019,414.0609939672744,998
2024-09-16 13:56:52.021,414.0684997034127,1002
2024-09-16 13:56:52.026,414.0781025243246,6
2024-09-16 13:56:52.099,413.9996860158613,97
2024-09-16 13:56:52.160,414.0193250733512,97
2024-09-16 13:56:52.166,414.06187903957897,996
2024-09-16 13:56:52.174,414.0265811000856,13
2024-09-16 13:56:52.199,414.0325609860772,95
2024-09-16 13:56:52.293,414.0590799235229,5
2024-09-16 13:56:52.311,414.0298006748951,1001
2024-09-16 13:56:52.331,414.0044706384638,101
2024-09-16 13:56:52.332,414.0251428102194,98
2024-09-16 13:56:52.436,414.0566676905229,1002
2024-09-16 13:56:52.437,414.07540061960015,103
2024-09-16 13:56:52.527,414.0138977027041,96
2024-09-16 13:56:52.580,414.0411671059935,8
2024-09-16 13:56:52.589,414.0497078293349,7
2024-09-16 13:56:52.607,414.0637049531784,105
2024-09-16 13:56:52.641,414.02007085224034,10
2024-09-16 13:56:52.728,414.04434336531705,1001
2024-09-16 13:56:52.772,414.03485372232905,15
2024-09-16 13:56:52.802,414.01131872878864,6
2024-09-16 13:56:52.818,414.05853744924696,98
2024-09-16 13:56:52.833,414.0200786961455,101
2024-09-16 13:56:52.856,413.99888117409,95
2024-09-16 13:56:52.871,414.0779690632546,96
2024-09-16 13:56:52.906,414.0406274297248,1003
2024-09-16 13:56:52.920,414.0529028418405,98
2024-09-16 13:56:52.956,414.0201703364432,14
2024-09-16 13:56:52.984,414.0585550465228,1002
2024-09-16 13:56:53.122,413.9804538026821,1000
2024-09-16 13:56:53.163,414.00671944069256,100
2024-09-16 13:56:53.217,413.9914584442969,95
2024-09-16 13:56:53.275,414.0142524011608,98
2024-09-16 13:56:53.298,413.9863898188057,97
2024-09-16 13:56:53.491,414.00746271424,1000
2024-09-16 13:56:53.708,413.9905653190849,9
2024-09-16 13:56:53.709,413.9894105030342,8
2024-09-16 13:56:53.726,414.0084799588692,999
2024-09-16 13:56:53.889,413.9980771840682,103
2024-09-16 13:56:53.915,413.9923359683582,1005
2024-09-16 13:56:54.031,414.0035178674916,104
2024-09-16 13:56:54.222,414.0058908704232,5
2024-09-16 13:56:54.263,413.990802937691,12
2024-09-16 13:56:54.303,413.99959880854567,10
2024-09-16 13:56:54.372,413.9786255045034,1003
2024-09-16 13:56:54.411,413.9854041668042,100
2024-09-16 13:56:54.465,414.0307296372976,1003
2024-09-16 13:56:54.509,413.9804876282428,102
2024-09-16 13:56:54.563,413.9802598025941,996
2024-09-16 13:56:54.572,414.0077968750206,9
2024-09-16 13:56:54.580,413.99359575847967,98
2024-09-16 13:56:54.589,413.9864300728092,8
2024-09-16 13:56:54.607,413.9878747460948,997
2024-09-16 13:56:54.687,414.001674755197,999
2024-09-16 13:56:54.725,414.00288584633694,995
2024-09-16 13:56:54.785,413.9932922314107,1004
2024-09-16 13:56:54.793,414.0116531741315,99
2024-09-16 13:56:54.928,413.9823632900209,5
2024-09-16 13:56:55.038,414.0389835686594,1001
2024-09-16 13:56:55.042,414.0546167701007,5
2024-09-16 13:56:55.088,413.9913212453433,98
2024-09-16 13:56:55.092,413.972140683918,1003
2024-09-16 13:56:55.108,413.9819228863012,97
2024-09-16 13:56:55.120,413.97345741729663,995
2024-09-16 13:56:55.123,414.04180090254624,7
2024-09-16 13:56:55.177,414.0248919497738,99
2024-09-16 13:56:55.192,413.9710237400319,100
2024-09-16 13:56:55.213,414.00783708450905,102
2024-09-16 13:56:55.219,414.038772315974,7
2024-09-16 13:56:55.221,413.97105238606673,14
2024-09-16 13:56:55.258,413.9755451948389,995
2024-09-16 13:56:55.277,413.9723643044803,96
2024-09-16 13:56:55.279,414.0317259170723,996
2024-09-16 13:56:55.353,,8
2024-09-16 13:56:55.392,413.9558378699653,1000
2024-09-16 13:56:55.464,413.9469334096933,13
2024-09-16 13:56:55.464,413.98831906847136,98
2024-09-16 13:56:55.580,413.98647072992185,996
2024-09-16 13:56:55.583,413.9708170758318,1002
2024-09-16 13:56:55.591,413.9652516268223,1005
2024-09-16 13:56:55.621,414.00957169079663,11
2024-09-16 13:56:55.704,413.9552643312057,102
2024-09-16 13:56:55.765,414.0130576561591,998
2024-09-16 13:56:55.842,414.0003836688157,1005
2024-09-16 13:56:55.842,413.9953201836704,997
2024-09-16 13:56:55.861,414.03135115519245,6
2024-09-16 13:56:55.887,-413.9961920651205,102
2024-09-16 13:56:55.992,413.9690854710967,15
2024-09-16 13:56:56.205,414.0834530199261,1005
2024-09-16 13:56:56.206,414.0913601929458,999
2024-09-16 13:56:56.276,414.08427187622806,6
2024-09-16 13:56:56.295,414.0822985509031,5
2024-09-16 13:56:56.436,414.06172304953486,105
2024-09-16 13:56:56.748,414.0498518197939,15
2024-09-16 13:56:56.920,414.08703886802647,105
2024-09-16 13:56:56.926,414.0867663516827,99
2024-09-16 13:56:56.998,414.0927580386368,1000
2024-09-16 13:56:57.277,414.1203159077127,999
2024-09-16 13:56:57.279,414.0820812048854,999
2024-09-16 13:56:57.394,414.12937703369386,997
2024-09-16 13:56:57.531,414.1308341863071,9
2024-09-16 13:56:57.765,414.07540938899865,9
2024-09-16 13:56:57.935,414.15226176709456,13
2024-09-16 13:56:58.206,414.15600197037975,99
2024-09-16 13:56:58.390,-414.1546968380741,1002
2024-09-16 13:56:58.429,414.1330902165907,997
2024-09-16 13:56:58.458,414.1686709667521,14
2024-09-16 13:56:58.468,414.14563788373306,1001
2024-09-16 13:56:58.479,414.1511825298511,1001
2024-09-16 13:56:58.508,414.1302825187425,95
2024-09-16 13:56:58.616,414.1522415734161,6
2024-09-16 13:56:58.708,414.1478954264186,103
2024-09-16 13:56:58.757,414.1532026903777,10
2024-09-16 13:56:58.939,414.1459168903463,9
2024-09-16 13:56:59.073,414.1735556291085,95
2024-09-16 13:56:59.105,414.17478879315246,95
2024-09-16 13:56:59.288,414.193395675882,10
2024-09-16 13:56:59.307,414.18991190269423,100
2024-09-16 13:56:59.357,414.1654944271177,102
2024-09-16 13:56:59.363,414.2104778729463,104
2024-09-16 13:56:59.425,41.41692293133967,7
2024-09-16 13:56:59.475,414.17994073041945,995
2024-09-16 13:56:59.504,414.1818688636831,1001
2024-09-16 13:56:59.646,414.19617782830846,1005
2024-09-16 13:56:59.655,414.181834715589,97
2024-09-16 13:56:59.676,,103
2024-09-16 13:56:59.683,414.182366841488,1005
2024-09-16 13:56:59.700,414.1786795292599,104
2024-09-16 13:56:59.715,414.1944066641576,97
2024-09-16 13:56:59.796,414.1657520048076,995
2024-09-16 13:56:59.931,414.1796160072112,998
2024-09-16 13:56:59.951,414.1874391806314,9
