Timestamp,Price,Size
2024-09-19 14:05:00.010,416.4803430145875,8
2024-09-19 14:05:00.014,416.4294050985096,998
2024-09-19 14:05:00.057,416.45333857080186,1000
2024-09-19 14:05:00.160,416.4654976352117,1005
2024-09-19 14:05:00.161,416.4371338883312,10
2024-09-19 14:05:00.170,416.4884216795056,15
2024-09-19 14:05:00.223,41.646377397860114,999
2024-09-19 14:05:00.266,416.4490264292516,996
2024-09-19 14:05:00.400,416.50473454718167,996
2024-09-19 14:05:00.553,416.5024163426102,97
2024-09-19 14:05:00.584,416.4993429956424,12
2024-09-19 14:05:00.593,416.4444844864826,15
2024-09-19 14:05:00.630,416.4376162161153,12
2024-09-19 14:05:00.642,416.4308744885815,1004
2024-09-19 14:05:00.653,416.4958613710668,103
2024-09-19 14:05:00.689,416.4783192564136,1000
2024-09-19 14:05:00.766,416.4252576004016,997
2024-09-19 14:05:00.768,416.48745789007256,95
2024-09-19 14:05:00.802,416.4230112117641,102
2024-09-19 14:05:00.839,416.5070013478713,1003
2024-09-19 14:05:00.943,416.49260125673953,104
2024-09-19 14:05:01.007,416.3805379719653,96
2024-09-19 14:05:01.030,416.403343781712,996
2024-09-19 14:05:01.050,416.36345546941857,104
2024-09-19 14:05:01.063,416.4465109180584,7
2024-09-19 14:05:01.144,416.3772372956824,1002
2024-09-19 14:05:01.189,416.45832869634455,13
2024-09-19 14:05:01.202,416.400434810992,13
2024-09-19 14:05:01.222,416.3785788279718,999
2024-09-19 14:05:01.234,416.4544786163976,1002
2024-09-19 14:05:01.236,416.3388172948563,10
2024-09-19 14:05:01.260,416.3421395288544,101
2024-09-19 14:05:01.308,416.4224729439003,13
2024-09-19 14:05:01.319,416.4011239690638,96
2024-09-19 14:05:01.366,416.3782722618116,996
2024-09-19 14:05:01.521,416.36441325490654,1003
2024-09-19 14:05:01.550,416.3767142847609,15
2024-09-19 14:05:01.592,416.35152714264194,99
2024-09-19 14:05:01.680,416.3779855567109,13
2024-09-19 14:05:01.700,416.4768393387453,1004
2024-09-19 14:05:01.741,416.4806066188714,997
2024-09-19 14:05:01.743,416.4140144263798,99
2024-09-19 14:05:01.823,416.4435270357688,999
2024-09-19 14:05:01.833,416.4487794297372,996
2024-09-19 14:05:01.845,416.4377370548486,8
2024-09-19 14:05:01.856,416.3944690544929,15
2024-09-19 14:05:01.934,416.3816140285993,104
2024-09-19 14:05:01.942,416.4398047824051,14
2024-09-19 14:05:01.946,416.46991926029983,1004
2024-09-19 14:05:01.968,416.3527192462243,100
2024-09-19 14:05:01.975,416.36883718004185,996
2024-09-19 14:05:02.099,416.31369118697774,105
2024-09-19 14:05:02.122,416.28699443860967,5
2024-09-19 14:05:02.239,416.3363621835085,998
2024-09-19 14:05:02.365,416.3045919921848,1005
2024-09-19 14:05:02.374,416.3275305804253,1004
2024-09-19 14:05:02.414,416.3308390161459,11
2024-09-19 14:05:02.569,416.2848024885388,8
2024-09-19 14:05:02.574,416.3187897854912,1004
2024-09-19 14:05:02.619,416.3342434733657,10
2024-09-19 14:05:02.624,416.3217881309351,99
2024-09-19 14:05:02.766,416.2779282158266,15
2024-09-19 14:05:02.779,416.2858300079552,999
2024-09-19 14:05:02.785,416.343116189147,8
2024-09-19 14:05:02.876,416.2987358453714,104
2024-09-19 14:05:02.964,416.2963432186061,998
2024-09-19 14:05:03.019,416.2687912092219,103
2024-09-19 14:05:03.072,41.625496692031874,1000
2024-09-19 14:05:03.167,416.27645679467065,103
2024-09-19 14:05:03.174,416.2766513328869,98
2024-09-19 14:05:03.181,416.28833728231257,99
2024-09-19 14:05:03.301,416.2627081806642,14
2024-09-19 14:05:03.389,416.3054740592509,1003
2024-09-19 14:05:03.431,416.2633033706816,5
2024-09-19 14:05:03.445,416.2824923682509,104
2024-09-19 14:05:03.453,416.2816905455432,10
2024-09-19 14:05:03.536,416.2742568655357,99
2024-09-19 14:05:03.539,416.29304929940207,8
2024-09-19 14:05:03.575,416.26916561431074,96
2024-09-19 14:05:03.632,416.2790383538819,1003
2024-09-19 14:05:03.642,416.286103475845,1001
2024-09-19 14:05:03.682,416.2744382429244,6
2024-09-19 14:05:03.686,416.2864623927723,98
2024-09-19 14:05:03.699,416.26791902864215,10
2024-09-19 14:05:03.776,416.2761330164816,999
2024-09-19 14:05:03.780,416.2946176653104,9
2024-09-19 14:05:03.800,416.2609440872065,99
2024-09-19 14:05:03.870,416.28784832211824,15
2024-09-19 14:05:03.897,416.2816304476264,1004
2024-09-19 14:05:03.925,416.2874395336925,13
2024-09-19 14:05:03.946,416.2795262839853,8
2024-09-19 14:05:03.956,416.30285921122135,9
2024-09-19 14:05:03.959,416.30085019478366,1003
2024-09-19 14:05:04.104,416.3243953643657,998
2024-09-19 14:05:04.129,416.342651911192,13
2024-09-19 14:05:04.138,416.3094629805111,1004
2024-09-19 14:05:04.157,416.3376934674203,5
2024-09-19 14:05:04.209,416.3494381429616,6
2024-09-19 14:05:04.333,416.3423914292546,1001
2024-09-19 14:05:04.337,416.3153194116897,998
2024-09-19 14:05:04.466,416.3390386847361,11
2024-09-19 14:05:04.805,416.34837660012414,100
2024-09-19 14:05:04.882,416.3081058914176,1001
2024-09-19 14:05:04.933,416.3275924607468,96
2024-09-19 14:05:05.172,416.3508049123146,103
2024-09-19 14:05:05.384,416.3734792360345,999
2024-09-19 14:05:05.532,416.3731936142511,1002
2024-09-19 14:05:05.739,416.36989939474086,15
2024-09-19 14:05:05.809,416.3823698166263,96
2024-09-19 14:05:05.955,416.3881449331241,1003
2024-09-19 14:05:06.032,416.4011730224354,102
2024-09-19 14:05:06.046,416.412370508742,8
2024-09-19 14:05:06.157,416.464025523539,11
2024-09-19 14:05:06.159,416.3828604151071,6
2024-09-19 14:05:06.170,416.3959557304327,6
2024-09-19 14:05:06.178,416.4226298164043,1003
2024-09-19 14:05:06.190,416.4289161584626,100
2024-09-19 14:05:06.215,416.45230401172506,1002
2024-09-19 14:05:06.245,416.3789430975445,104
2024-09-19 14:05:06.248,416.44351250742113,103
2024-09-19 14:05:06.273,416.4638245214909,8
2024-09-19 14:05:06.283,416.4509085914698,96
2024-09-19 14:05:06.296,416.4115763919749,1004
2024-09-19 14:05:06.332,416.39832463801207,95
2024-09-19 14:05:06.362,416.3990953734741,995
2024-09-19 14:05:06.370,416.4052808896451,1004
2024-09-19 14:05:06.466,416.45279686019984,104
2024-09-19 14:05:06.501,416.3881957221812,999
2024-09-19 14:05:06.531,416.4217367575269,995
2024-09-19 14:05:06.620,416.416899580129,96
2024-09-19 14:05:06.726,416.44187785973946,12
2024-09-19 14:05:06.761,416.3879388796497,105
2024-09-19 14:05:06.772,416.3953452576421,103
2024-09-19 14:05:06.991,416.4418480428682,9
2024-09-19 14:05:07.034,416.4142292743391,10
2024-09-19 14:05:07.078,416.4306458619888,1001
2024-09-19 14:05:07.146,416.4373020184077,5
2024-09-19 14:05:07.208,416.41208931130114,7
2024-09-19 14:05:07.294,416.4248159628747,6
2024-09-19 14:05:07.300,416.4159307180848,98
2024-09-19 14:05:07.362,416.4236051429595,12
2024-09-19 14:05:07.379,416.433438417257,14
2024-09-19 14:05:07.467,416.4177886775905,99
2024-09-19 14:05:07.661,416.40878762770143,97
2024-09-19 14:05:07.888,416.38898222204585,6
2024-09-19 14:05:07.929,416.4319772996023,997
2024-09-19 14:05:07.974,416.42715178285846,5
2024-09-19 14:05:08.025,416.426138904104,101
2024-09-19 14:05:08.058,416.3931233199838,97
2024-09-19 14:05:08.298,416.4299526567295,9
2024-09-19 14:05:08.322,416.4171719625452,95
2024-09-19 14:05:08.331,416.4073543698625,996
2024-09-19 14:05:08.340,416.4050991901605,997
2024-09-19 14:05:08.403,416.41763904986686,103
2024-09-19 14:05:08.529,416.4220494233601,996
2024-09-19 14:05:08.631,416.4228835362924,6
2024-09-19 14:05:08.665,416.3912157309591,7
2024-09-19 14:05:08.720,416.43542926944406,1003
2024-09-19 14:05:08.736,416.4336277226755,995
2024-09-19 14:05:08.746,41.64108851886218,100
2024-09-19 14:05:08.756,416.42064876196935,103
2024-09-19 14:05:08.756,416.4185808971472,99
2024-09-19 14:05:08.763,416.4192596557938,10
2024-09-19 14:05:08.808,416.41161429337456,99
2024-09-19 14:05:09.052,416.45649842157184,12
2024-09-19 14:05:09.156,416.46775214294007,103
2024-09-19 14:05:09.212,416.4102209525624,103
2024-09-19 14:05:09.228,416.452275021424,1004
2024-09-19 14:05:09.327,416.37571519528336,1005
2024-09-19 14:05:09.360,416.4673196404148,103
2024-09-19 14:05:09.384,41.63833125498922,9
2024-09-19 14:05:09.518,416.4123825038438,14
2024-09-19 14:05:09.534,416.3614437163335,105
2024-09-19 14:05:09.564,416.3979923353488,1001
2024-09-19 14:05:09.593,416.4515604762993,9
2024-09-19 14:05:09.660,416.42350929431416,12
2024-09-19 14:05:09.692,416.42217780088185,100
2024-09-19 14:05:09.721,416.4572843992552,1000
2024-09-19 14:05:09.729,41.641215197222806,998
2024-09-19 14:05:09.757,416.4052010974678,15
2024-09-19 14:05:09.763,416.4124610179927,96
2024-09-19 14:05:09.808,-416.46186927583904,996
2024-09-19 14:05:09.842,416.3932076344819,995
2024-09-19 14:05:09.996,416.3976234177607,1005
2024-09-19 14:05:10.023,416.4399789347835,97
2024-09-19 14:05:10.160,416.3893688029173,998
2024-09-19 14:05:10.187,416.4337670760392,99
2024-09-19 14:05:10.238,416.3812360767723,99
2024-09-19 14:05:10.274,416.3887752059604,12
2024-09-19 14:05:10.278,416.4103648090685,1004
2024-09-19 14:05:10.305,416.408093463566,104
2024-09-19 14:05:10.421,416.4324636468806,8
2024-09-19 14:05:10.459,416.4495505175853,104
2024-09-19 14:05:10.497,416.436972203236,996
2024-09-19 14:05:10.560,416.39871750069744,997
2024-09-19 14:05:10.572,416.3852790805366,11
2024-09-19 14:05:10.628,416.4550059455833,9
2024-09-19 14:05:10.659,416.4525149772393,104
2024-09-19 14:05:10.755,416.40197837680273,7
2024-09-19 14:05:10.755,416.4280360924867,998
2024-09-19 14:05:10.962,416.44796444295554,103
2024-09-19 14:05:10.984,416.41764666431686,12
2024-09-19 14:05:11.011,416.41953395910815,100
2024-09-19 14:05:11.055,416.4062149539046,5
2024-09-19 14:05:11.107,416.4190467119595,10
2024-09-19 14:05:11.160,416.3980559092451,7
2024-09-19 14:05:11.164,416.3872418244323,15
2024-09-19 14:05:11.195,416.4179435873263,5
2024-09-19 14:05:11.229,416.420626603348,999
2024-09-19 14:05:11.266,416.4069730975537,5
2024-09-19 14:05:11.267,416.4194801933247,13
2024-09-19 14:05:11.423,416.3907104249832,5
2024-09-19 14:05:11.424,416.4224265365448,995
2024-09-19 14:05:11.451,416.4310325610276,5
2024-09-19 14:05:11.487,416.42807518689983,100
2024-09-19 14:05:11.500,416.4196548475905,1002
2024-09-19 14:05:11.509,416.4401611898807,7
2024-09-19 14:05:11.513,416.38212151247495,100
2024-09-19 14:05:11.527,416.4219028821222,1005
2024-09-19 14:05:11.590,416.3830625739131,104
2024-09-19 14:05:11.612,416.412867102734,1002
2024-09-19 14:05:11.668,416.3955123953407,1005
2024-09-19 14:05:11.727,416.4095751145267,5
2024-09-19 14:05:11.748,416.4229919050542,996
2024-09-19 14:05:11.780,416.3845950139587,8
2024-09-19 14:05:11.892,416.4246028765757,103
2024-09-19 14:05:11.904,416.4148600794433,999
2024-09-19 14:05:11.954,416.4087185127625,101
2024-09-19 14:05:12.012,416.3748310004685,13
2024-09-19 14:05:12.016,416.3637302980516,999
2024-09-19 14:05:12.135,416.3585036203047,998
2024-09-19 14:05:12.151,416.3802213337598,100
2024-09-19 14:05:12.203,416.3775631854503,7
2024-09-19 14:05:12.209,416.3857266239932,1002
2024-09-19 14:05:12.452,416.3697328260527,105
2024-09-19 14:05:12.717,416.4102394355088,100
2024-09-19 14:05:12.849,416.37095976998273,999
2024-09-19 14:05:12.869,416.37259630606354,13
2024-09-19 14:05:12.880,416.3870322092101,5
2024-09-19 14:05:12.948,416.3861610795431,998
2024-09-19 14:05:13.865,416.3837566320551,101
2024-09-19 14:05:14.013,416.37438522093566,7
2024-09-19 14:05:14.117,416.37037152280567,11
2024-09-19 14:05:14.172,416.3908508908369,998
2024-09-19 14:05:14.213,416.3773000969842,6
2024-09-19 14:05:14.226,416.3731949121282,100
2024-09-19 14:05:14.466,416.3881512136496,995
2024-09-19 14:05:14.534,416.38469010980015,5
2024-09-19 14:05:14.681,416.3915845711297,100
2024-09-19 14:05:14.694,416.3528949980071,8
2024-09-19 14:05:14.739,416.3875843876528,103
2024-09-19 14:05:14.746,416.3575799308021,1001
2024-09-19 14:05:14.750,416.39405905368966,11
2024-09-19 14:05:14.842,416.36133157897007,99
2024-09-19 14:05:14.846,416.38532167742034,105
2024-09-19 14:05:14.851,416.4135653970487,1004
2024-09-19 14:05:14.912,416.3668576944575,6
2024-09-19 14:05:14.941,416.4042095404028,12
2024-09-19 14:05:14.944,416.3806273837763,105
2024-09-19 14:05:15.382,416.4021157774477,97
2024-09-19 14:05:15.842,416.3890549363172,95
2024-09-19 14:05:15.851,416.3650509828155,995
2024-09-19 14:05:16.050,416.3888352324121,7
2024-09-19 14:05:16.104,416.3839859724917,1004
2024-09-19 14:05:16.208,416.3691787898709,995
2024-09-19 14:05:16.239,416.3812854231623,98
2024-09-19 14:05:16.339,416.37201275975633,999
2024-09-19 14:05:16.340,416.3924049071105,101
2024-09-19 14:05:16.622,416.3733816598591,96
2024-09-19 14:05:16.627,416.3679348344163,7
2024-09-19 14:05:16.695,416.3763056451013,99
2024-09-19 14:05:16.778,416.3784811243237,96
2024-09-19 14:05:16.820,416.3855465234717,10
2024-09-19 14:05:16.826,416.3941591818728,1004
2024-09-19 14:05:16.910,416.3812302505637,103
2024-09-19 14:05:17.572,416.371245081156,1005
2024-09-19 14:05:18.044,416.42184334245127,999
2024-09-19 14:05:18.045,416.3434799898197,12
2024-09-19 14:05:18.053,41.6390488655324,96
2024-09-19 14:05:18.082,416.428717702705,12
2024-09-19 14:05:18.120,416.37431840886114,105
2024-09-19 14:05:18.308,416.4336832350128,10
2024-09-19 14:05:18.397,416.369007847321,12
2024-09-19 14:05:18.477,416.3706080910525,6
2024-09-19 14:05:18.577,416.41493932984565,99
2024-09-19 14:05:18.607,41.63869806354066,1001
2024-09-19 14:05:18.615,416.3662497475532,100
2024-09-19 14:05:18.631,416.3564208872199,12
2024-09-19 14:05:18.664,416.3516292039382,1000
2024-09-19 14:05:18.760,416.3983883153624,10
2024-09-19 14:05:18.949,416.3868379191852,103
2024-09-19 14:05:18.953,416.41421344195993,97
2024-09-19 14:05:18.978,416.3832112607796,9
2024-09-19 14:05:19.005,416.3065881884746,1003
2024-09-19 14:05:19.024,416.3185954630077,1003
2024-09-19 14:05:19.025,416.3125737626076,997
2024-09-19 14:05:19.107,416.3291239455597,105
2024-09-19 14:05:19.111,416.3134011692018,996
2024-09-19 14:05:19.138,416.2951707794159,11
2024-09-19 14:05:19.148,416.3247883510027,995
2024-09-19 14:05:19.239,416.2964161861239,105
2024-09-19 14:05:19.262,416.2925330508021,1000
2024-09-19 14:05:19.293,416.3650813854039,1004
2024-09-19 14:05:19.313,416.2945995836274,105
2024-09-19 14:05:19.454,416.36047560862886,1001
2024-09-19 14:05:19.565,416.32147539253344,102
2024-09-19 14:05:19.629,416.3285627269872,11
2024-09-19 14:05:19.636,416.2948753641188,1002
2024-09-19 14:05:19.664,416.303093517674,105
2024-09-19 14:05:19.670,416.3150699685285,101
2024-09-19 14:05:19.768,416.2953067468568,102
2024-09-19 14:05:19.844,416.29597410107306,100
2024-09-19 14:05:19.860,416.29442223658367,997
2024-09-19 14:05:19.885,416.3938505235024,997
2024-09-19 14:05:19.899,416.3617046863251,102
2024-09-19 14:05:20.007,416.3009695804181,101
2024-09-19 14:05:20.020,416.2958513359606,99
2024-09-19 14:05:20.076,416.30248996145366,12
2024-09-19 14:05:20.102,416.3285893999461,10
2024-09-19 14:05:20.137,416.3159659068194,1005
2024-09-19 14:05:20.146,,13
2024-09-19 14:05:20.156,416.2374737369397,9
2024-09-19 14:05:20.179,416.2628315268157,102
2024-09-19 14:05:20.224,416.3095071061406,97
2024-09-19 14:05:20.226,416.296872519673,8
2024-09-19 14:05:20.259,416.2666554324523,12
2024-09-19 14:05:20.431,416.3096312422493,999
2024-09-19 14:05:20.434,416.2725211270676,103
2024-09-19 14:05:20.444,416.23503322461136,99
2024-09-19 14:05:20.455,416.3104473883196,5
2024-09-19 14:05:20.459,416.3050607842647,12
2024-09-19 14:05:20.561,416.2230255706416,1003
2024-09-19 14:05:20.651,416.2636609011879,12
2024-09-19 14:05:20.741,416.29057211427386,1000
2024-09-19 14:05:20.770,416.3199704212886,1000
2024-09-19 14:05:20.781,416.263169334068,9
2024-09-19 14:05:20.796,416.27866365480025,1005
2024-09-19 14:05:20.820,416.27376664589366,1003
2024-09-19 14:05:20.875,416.2260932562566,13
2024-09-19 14:05:20.883,416.2590351522057,998
2024-09-19 14:05:20.947,416.2980346493257,8
2024-09-19 14:05:20.974,416.26236424322144,13
2024-09-19 14:05:20.975,416.2695038530489,1000
2024-09-19 14:05:21.026,416.1798378421468,1003
2024-09-19 14:05:21.070,416.1899599462095,1003
2024-09-19 14:05:21.225,416.1723458490456,98
2024-09-19 14:05:21.267,416.1900101768444,100
2024-09-19 14:05:21.291,416.1710522265766,999
2024-09-19 14:05:21.343,416.1729278385918,995
2024-09-19 14:05:21.397,416.1697265912976,102
2024-09-19 14:05:21.411,416.23967576749067,10
2024-09-19 14:05:21.560,416.1853652347798,15
2024-09-19 14:05:21.624,416.209908123095,11
2024-09-19 14:05:21.653,416.1441679879373,100
2024-09-19 14:05:21.654,416.1880385301324,1005
2024-09-19 14:05:21.679,416.2415442826944,1001
2024-09-19 14:05:21.689,416.16481551642033,100
2024-09-19 14:05:21.743,416.17334302558095,103
2024-09-19 14:05:21.957,416.17253453147913,100
2024-09-19 14:05:21.976,416.24173335874747,13
2024-09-19 14:05:22.042,416.2085931281623,1002
2024-09-19 14:05:22.046,416.17553330995247,995
2024-09-19 14:05:22.055,416.19657760894313,102
2024-09-19 14:05:22.058,416.1696247995233,102
2024-09-19 14:05:22.085,416.1956065302976,5
2024-09-19 14:05:22.092,416.2093683572261,1002
2024-09-19 14:05:22.158,416.203180046224,6
2024-09-19 14:05:22.211,416.2048360345706,11
2024-09-19 14:05:22.245,416.1939247753555,999
2024-09-19 14:05:22.398,416.2142513119909,1005
2024-09-19 14:05:22.431,416.2110273594604,104
2024-09-19 14:05:22.447,416.21653106438674,105
2024-09-19 14:05:22.453,416.2040940085641,97
2024-09-19 14:05:22.635,,996
2024-09-19 14:05:22.835,416.170397151168,9
2024-09-19 14:05:22.845,416.219433304554,104
2024-09-19 14:05:22.856,416.19563670946826,14
2024-09-19 14:05:22.879,416.2074419732294,997
2024-09-19 14:05:23.341,416.1640710225898,1003
2024-09-19 14:05:23.556,-416.1607366166563,5
2024-09-19 14:05:23.616,416.14887706033306,1004
2024-09-19 14:05:24.045,416.1627573554762,1000
2024-09-19 14:05:24.061,416.1191024616363,996
2024-09-19 14:05:24.113,41.6105002367606,6
2024-09-19 14:05:24.157,416.1511585598132,9
2024-09-19 14:05:24.210,416.16443079149394,1001
2024-09-19 14:05:24.215,416.1696248283758,996
2024-09-19 14:05:24.237,416.1266930266767,12
2024-09-19 14:05:24.312,416.1696412814604,100
2024-09-19 14:05:24.377,416.12073301306816,11
2024-09-19 14:05:24.402,416.13145269099584,14
2024-09-19 14:05:24.488,416.157135003848,5
2024-09-19 14:05:24.503,416.1196905598678,100
2024-09-19 14:05:24.525,416.1631213611018,12
2024-09-19 14:05:24.526,416.1660582395787,5
2024-09-19 14:05:24.544,416.13283370494537,104
2024-09-19 14:05:24.659,416.1485674075012,998
2024-09-19 14:05:24.710,416.1394715678043,1001
2024-09-19 14:05:24.741,416.1347704201625,1001
2024-09-19 14:05:24.772,416.1372219833572,1001
2024-09-19 14:05:24.822,416.12686029193407,99
2024-09-19 14:05:24.844,,100
2024-09-19 14:05:24.862,416.14076625481744,8
2024-09-19 14:05:24.905,416.1490045471685,12
2024-09-19 14:05:24.917,416.1484555037152,9
2024-09-19 14:05:24.977,416.1562887819014,96
2024-09-19 14:05:24.993,416.1745245344544,103
2024-09-19 14:05:25.008,416.2045386706319,9
2024-09-19 14:05:25.036,416.1941921623814,995
2024-09-19 14:05:25.037,416.1996350227311,7
2024-09-19 14:05:25.046,416.21865560430354,98
2024-09-19 14:05:25.136,416.187172715272,6
2024-09-19 14:05:25.192,416.1938158342355,1001
2024-09-19 14:05:25.509,416.1887206505325,11
2024-09-19 14:05:25.547,416.2024622828754,6
2024-09-19 14:05:25.560,416.2116775123458,101
2024-09-19 14:05:25.577,416.1787642919708,98
2024-09-19 14:05:25.651,416.1913152814122,5
2024-09-19 14:05:25.684,416.1851451917482,1000
2024-09-19 14:05:25.787,416.1921415345643,14
2024-09-19 14:05:25.834,416.1739179606052,12
2024-09-19 14:05:25.836,416.1944387445934,104
2024-09-19 14:05:25.842,416.1875524959756,15
2024-09-19 14:05:25.902,416.2033842912232,101
2024-09-19 14:05:25.961,416.1750411714946,103
2024-09-19 14:05:25.964,416.20454857955394,9
2024-09-19 14:05:26.029,416.22067937845776,95
2024-09-19 14:05:26.252,416.2759447987938,15
2024-09-19 14:05:26.291,416.2081272633213,97
2024-09-19 14:05:26.303,416.3092441277008,103
2024-09-19 14:05:26.350,416.2086214355643,1000
2024-09-19 14:05:26.376,416.22557044503793,105
2024-09-19 14:05:26.453,416.25452011633655,8
2024-09-19 14:05:26.520,416.3012745422356,13
2024-09-19 14:05:26.639,416.2747986824394,99
2024-09-19 14:05:26.740,416.2938022219786,1005
2024-09-19 14:05:26.768,416.23916458244224,995
2024-09-19 14:05:26.813,416.19193724014514,98
2024-09-19 14:05:26.850,416.3211798975123,12
2024-09-19 14:05:26.882,416.2630466293151,997
2024-09-19 14:05:26.883,416.221250197245,96
2024-09-19 14:05:26.980,416.30508469378776,15
2024-09-19 14:05:26.990,416.2931471630483,1002
2024-09-19 14:05:26.993,416.2783326511041,997
2024-09-19 14:05:27.085,416.3352133882004,998
2024-09-19 14:05:27.143,416.3401659048583,998
2024-09-19 14:05:27.226,,1003
2024-09-19 14:05:27.250,416.289201287756,1000
2024-09-19 14:05:27.365,416.3335031147136,995
2024-09-19 14:05:27.395,416.2994762846752,1001
2024-09-19 14:05:27.415,416.2752405957048,102
2024-09-19 14:05:27.480,416.3020198133259,104
2024-09-19 14:05:27.536,416.2849524193845,99
2024-09-19 14:05:27.538,416.3322010945828,996
2024-09-19 14:05:27.546,416.3236710427005,99
2024-09-19 14:05:27.566,416.2715898017937,997
2024-09-19 14:05:27.580,416.2941375898382,99
2024-09-19 14:05:27.701,416.2791024282531,7
2024-09-19 14:05:27.799,416.3103440776625,10
2024-09-19 14:05:27.817,416.258531851962,1005
2024-09-19 14:05:27.819,416.33609972929673,103
2024-09-19 14:05:27.824,416.28413947579816,104
2024-09-19 14:05:27.887,416.2832305819325,96
2024-09-19 14:05:27.937,416.3163378787922,14
2024-09-19 14:05:27.976,416.33846228055125,104
2024-09-19 14:05:28.077,416.2514706705284,995
2024-09-19 14:05:28.080,416.2504463870027,8
2024-09-19 14:05:28.284,416.2812105651754,1003
2024-09-19 14:05:28.333,416.2907090058425,999
2024-09-19 14:05:28.381,416.2950248596863,99
2024-09-19 14:05:28.416,416.2896983401911,11
2024-09-19 14:05:28.456,416.2186277993592,7
2024-09-19 14:05:28.478,416.2875961334991,1004
2024-09-19 14:05:28.516,416.2864843383355,996
2024-09-19 14:05:28.557,416.2788514604339,99
2024-09-19 14:05:28.560,416.2253749007482,995
2024-09-19 14:05:28.618,416.2584809735803,1005
2024-09-19 14:05:28.639,416.28562912903016,5
2024-09-19 14:05:28.683,416.2687613707855,8
2024-09-19 14:05:28.700,416.2695826662073,995
2024-09-19 14:05:28.739,416.2546355800428,97
2024-09-19 14:05:28.760,416.2745216859189,101
2024-09-19 14:05:28.761,416.2680680532322,15
2024-09-19 14:05:28.828,416.2615036977805,12
2024-09-19 14:05:28.839,416.2361278039276,1002
2024-09-19 14:05:28.895,416.2785848152356,101
2024-09-19 14:05:28.896,416.2734607495452,997
2024-09-19 14:05:28.915,416.2427302564968,5
2024-09-19 14:05:28.924,416.24187601767966,103
2024-09-19 14:05:28.959,416.2505444626447,1003
2024-09-19 14:05:29.164,416.2849878531017,102
2024-09-19 14:05:29.383,,102
2024-09-19 14:05:30.011,416.1582500324628,96
2024-09-19 14:05:30.028,416.3075055487099,12
2024-09-19 14:05:30.162,416.2561300041047,6
2024-09-19 14:05:30.208,416.1931114487074,998
2024-09-19 14:05:30.263,416.2192129388121,8
2024-09-19 14:05:30.318,416.25905391602265,11
2024-09-19 14:05:30.359,416.1928505251885,95
2024-09-19 14:05:30.367,416.20768532383073,102
2024-09-19 14:05:30.371,416.2139244882322,7
2024-09-19 14:05:30.388,416.2219328426934,998
2024-09-19 14:05:30.392,416.201723176348,996
2024-09-19 14:05:30.394,416.21577010792834,15
2024-09-19 14:05:30.430,416.1420433618636,99
2024-09-19 14:05:30.457,416.30926201352855,998
2024-09-19 14:05:30.480,416.30258636422144,95
2024-09-19 14:05:30.505,416.1968381690567,10
2024-09-19 14:05:30.517,416.29891601853416,1001
2024-09-19 14:05:30.524,416.1387799325152,1000
2024-09-19 14:05:30.680,416.29336435809086,11
2024-09-19 14:05:30.687,416.3010590296521,999
2024-09-19 14:05:30.702,416.1944454122135,1001
2024-09-19 14:05:30.820,416.2684626884898,13
2024-09-19 14:05:30.824,416.2470380537197,1001
2024-09-19 14:05:30.826,416.2044320342201,1001
2024-09-19 14:05:30.864,416.30850310017394,105
2024-09-19 14:05:30.866,416.19192024058026,1005
2024-09-19 14:05:30.869,416.1506328318349,98
2024-09-19 14:05:30.907,416.3072132105757,5
2024-09-19 14:05:30.940,416.1744705101769,997
2024-09-19 14:05:30.997,416.298326142267,1004
2024-09-19 14:05:31.022,416.0977798224828,8
2024-09-19 14:05:31.198,41.608636249109054,1003
2024-09-19 14:05:31.247,416.1555638309082,99
2024-09-19 14:05:31.404,416.1370649500728,996
2024-09-19 14:05:31.442,416.1212548304216,100
2024-09-19 14:05:31.902,416.10051981231146,1003
2024-09-19 14:05:31.968,416.14545792139097,995
2024-09-19 14:05:32.022,416.0863071676579,5
2024-09-19 14:05:32.301,416.0831561267386,1005
2024-09-19 14:05:32.777,416.0668227465883,13
2024-09-19 14:05:33.077,416.1102642415334,7
2024-09-19 14:05:33.122,416.05884716685216,995
2024-09-19 14:05:33.150,416.0712116331726,101
2024-09-19 14:05:33.194,416.11074903277336,103
2024-09-19 14:05:33.222,416.1501556506635,1005
2024-09-19 14:05:33.350,416.0857712617518,15
2024-09-19 14:05:33.356,41.61210198188057,1001
2024-09-19 14:05:33.369,416.1160533652552,13
2024-09-19 14:05:33.408,416.064910512644,102
2024-09-19 14:05:33.419,416.12018285430486,105
2024-09-19 14:05:33.450,416.1120083420404,1000
2024-09-19 14:05:33.493,416.0538447178702,8
2024-09-19 14:05:33.506,416.09913501147577,13
2024-09-19 14:05:33.544,416.0766191843948,98
2024-09-19 14:05:33.547,416.16060128646615,1005
2024-09-19 14:05:33.749,416.0543665373049,996
2024-09-19 14:05:33.799,416.0781026491549,996
2024-09-19 14:05:33.843,416.1168457531184,6
2024-09-19 14:05:33.869,41.60520864139693,102
2024-09-19 14:05:33.970,416.1253521919239,1002
2024-09-19 14:05:34.773,416.1606822673973,105
2024-09-19 14:05:34.947,416.1531130642524,11
2024-09-19 14:05:35.006,416.1826441371685,99
2024-09-19 14:05:35.461,416.1796947867696,8
2024-09-19 14:05:35.808,416.1800953130331,104
2024-09-19 14:05:35.943,416.170889204324,998
2024-09-19 14:05:36.272,416.18065269634025,101
2024-09-19 14:05:36.285,416.1981887771656,8
2024-09-19 14:05:36.342,416.1973839402994,999
2024-09-19 14:05:36.472,416.2066450873517,95
2024-09-19 14:05:36.697,416.2036859916663,100
2024-09-19 14:05:36.718,416.1860089341002,995
2024-09-19 14:05:36.727,416.1919989196598,15
2024-09-19 14:05:36.826,416.18170707805007,1003
2024-09-19 14:05:36.829,416.2023860594039,7
2024-09-19 14:05:36.837,416.1965456132223,1002
2024-09-19 14:05:37.065,416.2352496241143,998
2024-09-19 14:05:37.173,416.1629224367209,6
2024-09-19 14:05:37.183,416.1477760751028,1004
2024-09-19 14:05:37.208,416.1610290118376,7
2024-09-19 14:05:37.214,416.1678311263005,998
2024-09-19 14:05:37.221,416.1808595188065,1005
2024-09-19 14:05:37.306,416.2064161253594,6
2024-09-19 14:05:37.361,416.17731170956085,95
2024-09-19 14:05:37.369,416.1801046456361,1001
2024-09-19 14:05:37.374,416.179059291145,8
2024-09-19 14:05:37.445,416.1932600968348,1003
2024-09-19 14:05:37.481,416.1836363823324,997
2024-09-19 14:05:37.485,416.157898992335,97
2024-09-19 14:05:37.545,416.1839297944418,105
2024-09-19 14:05:37.559,416.1708511425745,101
2024-09-19 14:05:37.583,416.1703618191708,1000
2024-09-19 14:05:37.646,416.1686933348474,5
2024-09-19 14:05:37.702,416.1459523803751,998
2024-09-19 14:05:37.717,416.1609776222873,8
2024-09-19 14:05:37.746,416.2067844282526,13
2024-09-19 14:05:37.770,416.18359847859296,7
2024-09-19 14:05:37.843,416.17042182160105,13
2024-09-19 14:05:37.858,416.1790472664112,98
2024-09-19 14:05:37.868,416.1787028107949,97
2024-09-19 14:05:37.899,416.17291367763886,103
2024-09-19 14:05:37.937,416.1764062287209,8
2024-09-19 14:05:37.955,416.160555585608,997
2024-09-19 14:05:38.043,416.2581492079442,100
2024-09-19 14:05:38.142,416.27936325558267,101
2024-09-19 14:05:38.199,416.29866510619865,9
2024-09-19 14:05:38.280,416.1793729788862,96
2024-09-19 14:05:38.283,416.2720057915552,105
2024-09-19 14:05:38.306,416.170203276343,998
2024-09-19 14:05:38.376,416.23027517276313,1003
2024-09-19 14:05:38.385,416.1947501619836,998
2024-09-19 14:05:38.389,416.2500915719931,1000
2024-09-19 14:05:38.400,41.624760847073496,1003
2024-09-19 14:05:38.432,416.2720721982728,99
2024-09-19 14:05:38.452,416.18498442851904,12
2024-09-19 14:05:38.461,416.1974278497359,97
2024-09-19 14:05:38.501,416.24916509785874,13
2024-09-19 14:05:38.593,416.2881454014218,996
2024-09-19 14:05:38.801,416.3025202416344,105
2024-09-19 14:05:38.827,416.19727579544286,14
2024-09-19 14:05:38.863,416.2132214206764,12
2024-09-19 14:05:38.887,416.1692962844984,1002
2024-09-19 14:05:38.890,416.163160090953,97
2024-09-19 14:05:38.920,416.29877025653616,999
2024-09-19 14:05:38.951,416.3125414792784,103
2024-09-19 14:05:39.006,416.28665972259216,1004
2024-09-19 14:05:39.139,416.30689562978114,99
2024-09-19 14:05:39.183,416.3275212623964,1001
2024-09-19 14:05:39.294,416.3274205041748,9
2024-09-19 14:05:39.357,416.2871152179221,99
2024-09-19 14:05:39.378,416.32624010008345,9
2024-09-19 14:05:39.455,416.30705470694176,95
2024-09-19 14:05:39.515,416.2776201143039,95
2024-09-19 14:05:39.625,416.3314586963455,97
2024-09-19 14:05:39.695,416.2895415312523,100
2024-09-19 14:05:39.710,416.2921269542929,997
2024-09-19 14:05:39.728,416.3075933089589,99
2024-09-19 14:05:39.763,416.316870973955,11
2024-09-19 14:05:39.811,416.2751009301991,7
2024-09-19 14:05:39.861,416.2947000020502,100
2024-09-19 14:05:39.900,416.28761677861246,1004
2024-09-19 14:05:39.961,416.3009664870304,8
2024-09-19 14:05:39.965,416.2944784894118,7
2024-09-19 14:05:40.075,416.27243207488846,1004
2024-09-19 14:05:40.153,416.2722988457549,105
2024-09-19 14:05:40.312,416.2588426317348,105
2024-09-19 14:05:40.382,416.3090494533332,1005
2024-09-19 14:05:40.383,416.2724128871242,995
2024-09-19 14:05:40.612,416.2757840237379,997
2024-09-19 14:05:40.634,416.2681316615577,7
2024-09-19 14:05:40.646,416.2786023290212,101
2024-09-19 14:05:40.729,416.297050162625,105
2024-09-19 14:05:40.733,416.2838875446023,1004
2024-09-19 14:05:40.766,416.2742500853618,105
2024-09-19 14:05:40.829,416.2946699341093,5
2024-09-19 14:05:40.851,416.27408869323006,102
2024-09-19 14:05:40.853,416.3048948311926,9
2024-09-19 14:05:40.855,416.2970387689416,1002
2024-09-19 14:05:40.920,416.30256192163694,102
2024-09-19 14:05:40.936,416.306276501869,999
2024-09-19 14:05:40.984,416.2749967522514,10
2024-09-19 14:05:41.075,416.2756376448316,7
2024-09-19 14:05:41.124,416.30019917868975,996
2024-09-19 14:05:41.207,416.2365100745969,1003
2024-09-19 14:05:41.213,416.2708785285582,995
2024-09-19 14:05:41.227,416.27861026059816,102
2024-09-19 14:05:41.257,416.28371777791824,13
2024-09-19 14:05:41.343,416.2811153268789,1003
2024-09-19 14:05:41.372,416.26846348408367,1003
2024-09-19 14:05:41.410,416.2405084484652,6
2024-09-19 14:05:41.422,416.30507534989647,104
2024-09-19 14:05:41.609,416.2485670472091,1000
2024-09-19 14:05:41.668,416.22388200443646,95
2024-09-19 14:05:41.748,416.288354602579,9
2024-09-19 14:05:41.882,416.2851853988808,9
2024-09-19 14:05:41.915,416.3021248498501,995
2024-09-19 14:05:41.943,416.27170354992165,98
2024-09-19 14:05:42.343,416.2189663942999,997
2024-09-19 14:05:43.067,416.2085989156378,96
2024-09-19 14:05:43.173,416.2126866848776,14
2024-09-19 14:05:43.234,416.202549809523,11
2024-09-19 14:05:43.284,416.2183540182508,100
2024-09-19 14:05:43.415,416.1967048512454,104
2024-09-19 14:05:43.478,416.1829859053911,102
2024-09-19 14:05:43.481,416.2102694592497,95
2024-09-19 14:05:43.557,416.2111400474632,102
2024-09-19 14:05:43.561,416.1744018469624,101
2024-09-19 14:05:43.605,416.1933325336048,1001
2024-09-19 14:05:43.629,-416.2164048191257,9
2024-09-19 14:05:43.672,416.2155671439604,10
2024-09-19 14:05:43.766,416.2167824497316,7
2024-09-19 14:05:43.767,416.1574109544391,101
2024-09-19 14:05:43.796,416.1866967158584,1003
2024-09-19 14:05:43.815,416.1784424558645,1002
2024-09-19 14:05:43.919,416.2015753923743,995
2024-09-19 14:05:43.950,416.1816859572616,12
2024-09-19 14:05:43.965,416.14954113789776,13
2024-09-19 14:05:44.034,416.1967315461223,101
2024-09-19 14:05:44.135,416.1892672260036,7
2024-09-19 14:05:44.142,416.175085468326,15
2024-09-19 14:05:44.242,416.2241755681849,5
2024-09-19 14:05:44.310,416.17273460110886,997
2024-09-19 14:05:44.346,416.1972878542904,999
2024-09-19 14:05:44.380,416.2147254696658,98
2024-09-19 14:05:44.401,416.1473788080922,103
2024-09-19 14:05:44.456,416.20265340348936,996
2024-09-19 14:05:44.466,416.1580959574297,11
2024-09-19 14:05:44.473,416.1501500437724,101
2024-09-19 14:05:44.491,416.1629752192442,999
2024-09-19 14:05:44.496,416.1559552065722,14
2024-09-19 14:05:44.515,416.2065337360127,11
2024-09-19 14:05:44.530,416.1673833173031,95
2024-09-19 14:05:44.564,416.169771230007,96
2024-09-19 14:05:44.575,416.193587413688,100
2024-09-19 14:05:44.583,416.1949376678389,104
2024-09-19 14:05:44.588,416.14196165696114,999
2024-09-19 14:05:44.634,416.17558522008426,96
2024-09-19 14:05:44.662,416.16523365118906,105
2024-09-19 14:05:44.754,416.1981377126115,5
2024-09-19 14:05:44.804,416.1568308637344,998
2024-09-19 14:05:44.825,416.2065416617359,9
2024-09-19 14:05:44.860,416.2142814707588,1003
2024-09-19 14:05:44.872,416.2173335273832,1001
2024-09-19 14:05:44.976,416.16559064803016,13
2024-09-19 14:05:45.141,416.1674381472956,8
2024-09-19 14:05:45.278,416.1421026924255,10
2024-09-19 14:05:45.379,416.14359124556034,1000
2024-09-19 14:05:45.402,416.1620079966539,1002
2024-09-19 14:05:45.573,416.1549080890656,995
2024-09-19 14:05:45.768,416.1435886051181,105
2024-09-19 14:05:45.782,416.1793151583163,1000
2024-09-19 14:05:45.968,416.1584822028301,13
2024-09-19 14:05:46.451,416.1841073805963,13
2024-09-19 14:05:46.602,416.1819051916118,10
2024-09-19 14:05:47.269,416.1891230525154,996
2024-09-19 14:05:47.324,416.20892411177977,1000
2024-09-19 14:05:47.356,416.2158844874252,103
2024-09-19 14:05:47.630,416.21467613149457,102
2024-09-19 14:05:47.638,416.1872386149164,102
2024-09-19 14:05:47.732,416.219820015912,11
2024-09-19 14:05:47.820,416.2127228974567,1004
2024-09-19 14:05:47.845,416.2194268440285,104
2024-09-19 14:05:47.879,416.1982868279194,1005
2024-09-19 14:05:48.005,416.1673873364228,1001
2024-09-19 14:05:48.037,416.15842862231415,5
2024-09-19 14:05:48.149,416.16161507543154,104
2024-09-19 14:05:48.184,416.1867908165553,99
2024-09-19 14:05:48.186,416.1911721643107,99
2024-09-19 14:05:48.205,416.19255227722414,102
2024-09-19 14:05:48.257,416.1705483512836,995
2024-09-19 14:05:48.262,416.18834219912895,1000
2024-09-19 14:05:48.343,416.17561584395327,95
2024-09-19 14:05:48.369,416.1721503642765,12
2024-09-19 14:05:48.406,416.19730893752944,12
2024-09-19 14:05:48.415,416.1855059859277,102
2024-09-19 14:05:48.470,416.1805578217063,996
2024-09-19 14:05:48.478,416.1857685259374,995
2024-09-19 14:05:48.537,416.16794641328335,103
2024-09-19 14:05:48.624,416.1645140319039,15
2024-09-19 14:05:48.636,416.1754582361254,13
2024-09-19 14:05:48.657,416.1672256433425,12
2024-09-19 14:05:48.772,416.1946616833706,1005
2024-09-19 14:05:48.984,416.1778118393529,104
2024-09-19 14:05:49.099,416.19326327645246,11
2024-09-19 14:05:49.182,416.1891621350528,13
2024-09-19 14:05:49.375,416.1871782182972,1002
2024-09-19 14:05:49.394,41.61660078420583,15
2024-09-19 14:05:49.486,416.1858827855047,1004
2024-09-19 14:05:49.489,416.1932846362941,995
2024-09-19 14:05:49.557,416.1824876858768,1000
2024-09-19 14:05:49.651,416.1865488143251,104
2024-09-19 14:05:50.028,416.2471644622486,995
2024-09-19 14:05:50.028,416.2640327913,100
2024-09-19 14:05:50.048,416.2643340433982,996
2024-09-19 14:05:50.068,416.2445777007037,103
2024-09-19 14:05:50.143,416.2016055301045,10
2024-09-19 14:05:50.156,416.2336234405119,96
2024-09-19 14:05:50.163,416.2131201658456,101
2024-09-19 14:05:50.236,416.2234198082912,8
2024-09-19 14:05:50.269,416.25305295143335,103
2024-09-19 14:05:50.291,416.1841401003612,1002
2024-09-19 14:05:50.330,416.2023037966926,105
2024-09-19 14:05:50.443,416.2463113795088,97
2024-09-19 14:05:50.604,416.1762510513956,8
2024-09-19 14:05:50.613,416.257224617392,98
2024-09-19 14:05:50.641,416.18309004188137,99
2024-09-19 14:05:50.647,416.1786341144922,95
2024-09-19 14:05:50.737,416.1724844978144,997
2024-09-19 14:05:50.884,416.2576301457128,14
2024-09-19 14:05:50.907,416.2580160054154,100
2024-09-19 14:05:51.143,416.2338318447293,997
2024-09-19 14:05:51.324,416.23507160597256,12
2024-09-19 14:05:51.572,416.26065446146896,11
2024-09-19 14:05:52.087,416.1996916212885,1000
2024-09-19 14:05:52.111,416.178696907415,99
2024-09-19 14:05:52.111,416.1855530092477,98
2024-09-19 14:05:52.182,416.1822919708477,1003
2024-09-19 14:05:52.266,416.2329473738752,995
2024-09-19 14:05:52.385,416.2253973530873,97
2024-09-19 14:05:52.389,416.2238653809149,1001
2024-09-19 14:05:52.497,416.1996030966621,101
2024-09-19 14:05:52.584,416.1924777678395,97
2024-09-19 14:05:52.619,416.2444557596933,95
2024-09-19 14:05:52.620,416.2383685205521,1003
2024-09-19 14:05:52.634,416.1928176972578,997
2024-09-19 14:05:52.681,416.2342902518565,99
2024-09-19 14:05:52.710,416.2104757300364,11
2024-09-19 14:05:52.743,416.2005390960621,15
2024-09-19 14:05:52.762,416.2128345916827,101
2024-09-19 14:05:52.872,416.1727796256952,999
2024-09-19 14:05:52.922,416.2048997530258,11
2024-09-19 14:05:52.931,416.21236828201904,1000
2024-09-19 14:05:52.945,416.21562602963934,998
2024-09-19 14:05:52.986,416.2553982952231,105
2024-09-19 14:05:53.115,416.15697657705823,9
2024-09-19 14:05:53.125,416.1471577002602,996
2024-09-19 14:05:53.362,416.15766513193,96
2024-09-19 14:05:53.503,416.150585433845,1001
2024-09-19 14:05:53.613,416.159851352402,104
2024-09-19 14:05:53.823,416.1806906803753,995
2024-09-19 14:05:54.013,-416.13514188023663,14
2024-09-19 14:05:54.052,416.1234489042163,7
2024-09-19 14:05:54.135,416.17290159282766,11
2024-09-19 14:05:54.158,416.132056464107,996
2024-09-19 14:05:54.174,416.1594858731469,95
2024-09-19 14:05:54.179,416.1551740021762,11
2024-09-19 14:05:54.184,416.13351003394814,15
2024-09-19 14:05:54.249,416.0947869141106,99
2024-09-19 14:05:54.256,416.09944801670497,8
2024-09-19 14:05:54.342,416.0931195951415,11
2024-09-19 14:05:54.343,416.1167994261705,13
2024-09-19 14:05:54.349,416.1020275047504,13
2024-09-19 14:05:54.385,416.09780274957313,9
2024-09-19 14:05:54.444,416.1331378854021,102
2024-09-19 14:05:54.463,416.1415997882698,996
2024-09-19 14:05:54.548,416.12011704232856,103
2024-09-19 14:05:54.660,416.1570553654427,101
2024-09-19 14:05:54.704,416.1061919319947,999
2024-09-19 14:05:54.708,416.1042555228216,15
2024-09-19 14:05:54.744,416.14049147254593,15
2024-09-19 14:05:54.772,41.61313192012214,996
2024-09-19 14:05:54.802,416.1553990624821,8
2024-09-19 14:05:54.820,416.11274125644735,101
2024-09-19 14:05:54.904,416.1745450721503,9
2024-09-19 14:05:54.907,416.09793396368127,6
2024-09-19 14:05:54.973,416.14231702595407,996
2024-09-19 14:05:54.983,416.14737159554863,14
2024-09-19 14:05:54.994,416.15492996378543,996
2024-09-19 14:05:55.097,416.0760616861416,995
2024-09-19 14:05:55.109,416.0644807882224,98
2024-09-19 14:05:55.112,416.0610208702892,96
2024-09-19 14:05:55.265,416.0499180454039,102
2024-09-19 14:05:55.316,416.0536044426643,9
2024-09-19 14:05:55.459,416.0706739611877,999
2024-09-19 14:05:55.636,416.078008466849,995
2024-09-19 14:05:55.688,416.09015402837,95
2024-09-19 14:05:55.690,416.06404427512587,5
2024-09-19 14:05:55.936,416.0543722157603,15
2024-09-19 14:05:55.976,416.08767942552254,105
2024-09-19 14:05:56.066,416.093860528782,99
2024-09-19 14:05:56.081,416.0951264927554,997
2024-09-19 14:05:56.359,416.1088925702011,97
2024-09-19 14:05:56.420,416.0869052718899,1000
2024-09-19 14:05:56.432,416.0891234278639,101
2024-09-19 14:05:56.437,416.0700755717135,6
2024-09-19 14:05:56.497,416.091472510448,103
2024-09-19 14:05:56.530,-416.0916570648632,1001
2024-09-19 14:05:56.903,416.0713298714135,14
2024-09-19 14:05:56.905,416.0884916810764,1004
2024-09-19 14:05:57.003,416.0751967264157,12
2024-09-19 14:05:57.058,416.0524913496318,1001
2024-09-19 14:05:57.101,416.08028644388486,12
2024-09-19 14:05:57.123,416.0444287650831,996
2024-09-19 14:05:57.149,416.1049540209998,95
2024-09-19 14:05:57.152,416.063661325759,98
2024-09-19 14:05:57.169,416.06979857578006,101
2024-09-19 14:05:57.231,416.083626558336,11
2024-09-19 14:05:57.328,416.0327219515849,103
2024-09-19 14:05:57.449,416.0479482327986,13
2024-09-19 14:05:57.463,416.0943254584867,10
2024-09-19 14:05:57.597,416.0558555994818,1003
2024-09-19 14:05:57.633,416.00872892459466,1005
2024-09-19 14:05:57.669,416.0605965640511,95
2024-09-19 14:05:57.686,416.0544199712395,100
2024-09-19 14:05:57.716,416.0480695531472,998
2024-09-19 14:05:57.761,416.0840832818792,95
2024-09-19 14:05:57.776,416.06393898628687,95
2024-09-19 14:05:57.816,416.0258431532352,10
2024-09-19 14:05:57.825,416.0883127359912,12
2024-09-19 14:05:57.903,41.60350177907936,7
2024-09-19 14:05:58.002,415.9931969967689,7
2024-09-19 14:05:58.112,416.00864200151176,999
2024-09-19 14:05:58.155,416.0018681585815,1005
2024-09-19 14:05:58.179,415.9841739252129,98
2024-09-19 14:05:58.185,415.989165168316,14
2024-09-19 14:05:58.198,415.97239985183023,996
2024-09-19 14:05:58.262,415.989104896759,1005
2024-09-19 14:05:58.310,415.9595676702066,11
2024-09-19 14:05:58.337,415.9788942860827,997
2024-09-19 14:05:58.347,415.9915382034103,1002
2024-09-19 14:05:58.387,415.963689923407,12
2024-09-19 14:05:58.389,416.00517409016624,101
2024-09-19 14:05:58.510,415.97461520843007,1004
2024-09-19 14:05:58.516,416.0365016049684,98
2024-09-19 14:05:58.546,415.9805727970585,10
2024-09-19 14:05:58.548,415.9534245443704,999
2024-09-19 14:05:58.584,416.00149863136977,95
2024-09-19 14:05:58.597,415.98840619187087,105
2024-09-19 14:05:58.622,415.9590198782026,1001
2024-09-19 14:05:58.635,415.980673457151,996
2024-09-19 14:05:58.649,416.0017482576073,95
2024-09-19 14:05:58.667,415.99545047660376,1003
2024-09-19 14:05:58.708,415.9911075760625,1000
2024-09-19 14:05:58.804,416.0006139414595,1002
2024-09-19 14:05:58.823,416.000276347938,1003
2024-09-19 14:05:58.832,416.0205280560488,996
2024-09-19 14:05:58.861,415.9730042019791,100
2024-09-19 14:05:59.036,415.99050538280846,5
2024-09-19 14:05:59.044,415.99277512686,5
2024-09-19 14:05:59.049,415.9998843054446,5
2024-09-19 14:05:59.054,416.01683852386776,1001
2024-09-19 14:05:59.067,416.0047494138978,100
2024-09-19 14:05:59.177,415.9948819844019,5
2024-09-19 14:05:59.189,415.9990445695763,102
2024-09-19 14:05:59.226,415.9830572064212,1000
2024-09-19 14:05:59.234,415.9870230213724,10
2024-09-19 14:05:59.329,416.01533914350006,105
2024-09-19 14:05:59.358,415.98786432873385,999
2024-09-19 14:05:59.379,415.9748191164718,11
2024-09-19 14:05:59.481,415.997595619414,11
2024-09-19 14:05:59.502,416.01345829745645,99
2024-09-19 14:05:59.573,416.028182502204,998
2024-09-19 14:05:59.585,416.0074175590269,996
2024-09-19 14:05:59.607,415.9842105217965,7
2024-09-19 14:05:59.618,416.0287506385855,999
2024-09-19 14:05:59.621,415.9860022098651,100
2024-09-19 14:05:59.642,415.9906813761674,14
2024-09-19 14:05:59.651,416.0216468689157,997
2024-09-19 14:05:59.675,416.0208180807361,7
2024-09-19 14:05:59.686,415.9915630062037,998
2024-09-19 14:05:59.699,415.9818489498453,100
2024-09-19 14:05:59.713,415.9941759413802,105
2024-09-19 14:05:59.714,415.9810813599791,12
2024-09-19 14:05:59.802,416.0022856995121,105
2024-09-19 14:05:59.891,415.99596592201584,96
