Timestamp,Price,Size
2024-09-18 12:44:00.242,416.98295620757057,96
2024-09-18 12:44:00.738,416.99715564832127,8
2024-09-18 12:44:00.890,416.9870658929929,15
2024-09-18 12:44:00.999,416.9598179038376,105
2024-09-18 12:44:01.080,416.97144727409017,996
2024-09-18 12:44:01.123,416.9666961177365,1002
2024-09-18 12:44:01.131,416.97395280719536,98
2024-09-18 12:44:01.270,416.9585801029293,10
2024-09-18 12:44:01.271,416.9780351605555,1003
2024-09-18 12:44:01.290,416.9788729602136,999
2024-09-18 12:44:01.298,416.9743190628175,15
2024-09-18 12:44:01.312,416.9573412969895,95
2024-09-18 12:44:01.313,416.9508731715439,995
2024-09-18 12:44:01.415,416.97954902800217,8
2024-09-18 12:44:01.510,416.9825364509316,97
2024-09-18 12:44:01.519,416.9791222051389,103
2024-09-18 12:44:01.527,416.96199876498815,999
2024-09-18 12:44:01.538,416.9901650852366,998
2024-09-18 12:44:01.543,416.9957077370888,996
2024-09-18 12:44:01.590,416.9933735189629,102
2024-09-18 12:44:01.590,416.9695282329098,995
2024-09-18 12:44:01.617,416.96863863865394,98
2024-09-18 12:44:01.635,416.978602911603,97
2024-09-18 12:44:01.666,416.96731557408174,6
2024-09-18 12:44:01.704,416.9605517751509,101
2024-09-18 12:44:01.717,416.9695927748157,6
2024-09-18 12:44:01.764,416.9460859700709,102
2024-09-18 12:44:01.816,416.9853693436592,6
2024-09-18 12:44:01.823,416.963166543873,1002
2024-09-18 12:44:01.839,416.9619413083569,95
2024-09-18 12:44:01.857,416.9531591151416,98
2024-09-18 12:44:01.953,416.970873830275,996
2024-09-18 12:44:01.973,416.9899174233213,13
2024-09-18 12:44:02.011,416.9996427913472,95
2024-09-18 12:44:02.023,416.9183552068293,1002
2024-09-18 12:44:02.056,416.92902269192257,1005
2024-09-18 12:44:02.059,417.0024046900612,8
2024-09-18 12:44:02.064,416.98458111030857,8
2024-09-18 12:44:02.077,416.9697936037503,98
2024-09-18 12:44:02.083,416.9875936151627,1005
2024-09-18 12:44:02.120,416.9625818526149,1004
2024-09-18 12:44:02.146,416.9844783941807,10
2024-09-18 12:44:02.163,417.0157695490364,6
2024-09-18 12:44:02.279,416.99907746285146,98
2024-09-18 12:44:02.314,417.02419970168006,999
2024-09-18 12:44:02.391,416.9556053101333,8
2024-09-18 12:44:02.430,416.9153770623431,15
2024-09-18 12:44:02.436,416.93655256826406,104
2024-09-18 12:44:02.555,417.0190383084249,1004
2024-09-18 12:44:02.626,416.9673110837988,11
2024-09-18 12:44:02.891,416.9295613982962,10
2024-09-18 12:44:02.937,416.98563190599407,1005
2024-09-18 12:44:02.999,417.0093125570345,12
2024-09-18 12:44:03.032,416.8777584229084,105
2024-09-18 12:44:03.126,416.9032721117322,97
2024-09-18 12:44:03.138,416.9537714061722,995
2024-09-18 12:44:03.214,416.8955325665413,9
2024-09-18 12:44:03.312,416.9254185286407,96
2024-09-18 12:44:03.319,416.9164486311877,97
2024-09-18 12:44:03.328,416.9053517846232,105
2024-09-18 12:44:03.379,416.86762825413217,95
2024-09-18 12:44:03.454,416.9351070242588,104
2024-09-18 12:44:03.513,416.9339168739476,7
2024-09-18 12:44:03.542,416.8869368291815,6
2024-09-18 12:44:03.605,416.88241350427137,996
2024-09-18 12:44:03.664,416.92922645549015,105
2024-09-18 12:44:03.757,416.8977388794871,1003
2024-09-18 12:44:03.766,416.8862960828883,97
2024-09-18 12:44:03.780,416.866758635168,100
2024-09-18 12:44:03.799,416.8894678897148,6
2024-09-18 12:44:03.868,416.92753385491625,95
2024-09-18 12:44:03.881,416.8926961649751,995
2024-09-18 12:44:03.947,416.9026370848034,1002
2024-09-18 12:44:03.977,416.9080595389151,1003
2024-09-18 12:44:04.077,416.9433096652417,14
2024-09-18 12:44:04.218,416.91121547226095,5
2024-09-18 12:44:04.535,416.9474693553322,100
2024-09-18 12:44:04.595,416.9259007784616,6
2024-09-18 12:44:04.631,416.8967704049133,5
2024-09-18 12:44:04.653,416.9353894091931,15
2024-09-18 12:44:04.797,416.9538185889052,103
2024-09-18 12:44:04.811,416.9458579141838,5
2024-09-18 12:44:05.030,417.0350788948408,999
2024-09-18 12:44:05.064,417.0077454642452,95
2024-09-18 12:44:05.269,416.977472345905,105
2024-09-18 12:44:05.285,417.0260587861157,1001
2024-09-18 12:44:05.305,417.0244177399421,105
2024-09-18 12:44:05.306,416.9803296101686,102
2024-09-18 12:44:05.376,417.026129385833,99
2024-09-18 12:44:05.382,417.0338252445721,102
2024-09-18 12:44:05.389,416.9714624284319,998
2024-09-18 12:44:05.392,417.0235030172853,10
2024-09-18 12:44:05.481,416.96966039131,996
2024-09-18 12:44:05.541,417.0197117977661,998
2024-09-18 12:44:05.565,416.99677576228,99
2024-09-18 12:44:05.584,416.9860858083856,99
2024-09-18 12:44:05.730,416.9748789859009,9
2024-09-18 12:44:05.777,416.9473301569996,100
2024-09-18 12:44:05.782,417.0318687747451,998
2024-09-18 12:44:05.807,417.03055022222816,96
2024-09-18 12:44:05.828,416.97337478818014,96
2024-09-18 12:44:05.901,417.0179974041512,1003
2024-09-18 12:44:05.904,416.97042276292063,9
2024-09-18 12:44:06.178,417.0071975149393,996
2024-09-18 12:44:06.182,417.0112594258248,7
2024-09-18 12:44:06.607,417.012825739398,98
2024-09-18 12:44:06.884,416.99209656244005,11
2024-09-18 12:44:07.161,416.9990476336623,13
2024-09-18 12:44:07.546,417.0089628962101,7
2024-09-18 12:44:07.820,416.9912116740834,102
2024-09-18 12:44:07.951,417.0295416248463,1002
2024-09-18 12:44:08.003,416.98509617050894,7
2024-09-18 12:44:08.007,416.9939024253019,98
2024-09-18 12:44:08.045,416.9550399409965,100
2024-09-18 12:44:08.128,416.93974293917387,999
2024-09-18 12:44:08.128,416.949847170528,997
2024-09-18 12:44:08.141,416.9689407115314,102
2024-09-18 12:44:08.206,416.9701591718788,95
2024-09-18 12:44:08.253,416.9582500115927,995
2024-09-18 12:44:08.330,416.99469648308127,105
2024-09-18 12:44:08.374,-416.9888518098366,10
2024-09-18 12:44:08.407,416.9355431900328,1002
2024-09-18 12:44:08.411,416.9444244033992,999
2024-09-18 12:44:08.501,416.9519209671037,9
2024-09-18 12:44:08.509,416.9776787357004,103
2024-09-18 12:44:08.516,417.0116350227994,1001
2024-09-18 12:44:08.540,416.960319859788,998
2024-09-18 12:44:08.589,416.9854889096239,1000
2024-09-18 12:44:08.613,417.0064900673519,1003
2024-09-18 12:44:08.625,416.95685208777184,13
2024-09-18 12:44:08.676,416.9992661051437,15
2024-09-18 12:44:08.706,416.9369728508661,96
2024-09-18 12:44:08.709,416.9531318578112,1004
2024-09-18 12:44:08.878,416.986132059506,13
2024-09-18 12:44:08.909,41.69458315962157,11
2024-09-18 12:44:08.982,416.95799181314175,101
2024-09-18 12:44:09.074,416.9121566995946,9
2024-09-18 12:44:09.289,416.93127320767854,8
2024-09-18 12:44:09.490,416.9075557481356,102
2024-09-18 12:44:09.518,416.9162089817913,997
2024-09-18 12:44:09.847,416.9112968265346,14
2024-09-18 12:44:09.859,416.9283237547607,995
2024-09-18 12:44:09.968,416.9057410726248,100
2024-09-18 12:44:09.978,416.921211622502,1005
2024-09-18 12:44:10.148,416.931890479803,10
2024-09-18 12:44:10.176,416.9382199349433,100
2024-09-18 12:44:10.229,416.934183660032,15
2024-09-18 12:44:10.324,416.9249301910597,1005
2024-09-18 12:44:10.384,416.9361475654272,98
2024-09-18 12:44:10.488,416.9502534331447,103
2024-09-18 12:44:10.703,416.93113376384025,98
2024-09-18 12:44:10.715,416.9374368548975,96
2024-09-18 12:44:11.776,416.965722501819,104
2024-09-18 12:44:12.005,416.9818066307876,11
2024-09-18 12:44:12.366,416.96665680889777,998
2024-09-18 12:44:12.782,416.9577455490456,13
2024-09-18 12:44:12.850,416.9657632084874,104
2024-09-18 12:44:12.944,416.9718943202944,96
2024-09-18 12:44:12.995,416.9751833798655,103
2024-09-18 12:44:13.040,416.99499519214265,5
2024-09-18 12:44:13.060,416.9440745574771,104
2024-09-18 12:44:13.155,416.9079567806543,1004
2024-09-18 12:44:13.181,416.9673679668096,9
2024-09-18 12:44:13.194,416.9888876926811,998
2024-09-18 12:44:13.244,-416.9895379824838,15
2024-09-18 12:44:13.262,416.9103674061002,13
2024-09-18 12:44:13.271,416.8786890708497,105
2024-09-18 12:44:13.272,416.9872276597266,995
2024-09-18 12:44:13.307,416.9068005461,104
2024-09-18 12:44:13.309,416.9968506793479,97
2024-09-18 12:44:13.320,416.9877319716195,1002
2024-09-18 12:44:13.416,416.97172312918656,11
2024-09-18 12:44:13.448,416.8691376719335,14
2024-09-18 12:44:13.493,417.0001668039925,1002
2024-09-18 12:44:13.507,416.98731530881975,101
2024-09-18 12:44:13.639,416.9827817670855,104
2024-09-18 12:44:13.670,416.9773449991147,1004
2024-09-18 12:44:13.715,416.9586375080473,103
2024-09-18 12:44:13.735,416.8798930508757,6
2024-09-18 12:44:13.757,416.99822704191394,7
2024-09-18 12:44:13.773,416.9291882424874,7
2024-09-18 12:44:13.865,416.99187171363536,6
2024-09-18 12:44:13.889,416.9856295919748,102
2024-09-18 12:44:13.977,416.97328558087713,995
2024-09-18 12:44:15.032,416.8906444472101,7
2024-09-18 12:44:15.070,416.92284892257646,10
2024-09-18 12:44:15.145,416.9455260364024,6
2024-09-18 12:44:15.245,416.92272501153633,999
2024-09-18 12:44:15.265,416.9318207608674,100
2024-09-18 12:44:15.288,416.90590375505343,6
2024-09-18 12:44:15.325,416.8664254220085,15
2024-09-18 12:44:15.346,416.91417246385794,1003
2024-09-18 12:44:15.395,416.9265881491454,999
2024-09-18 12:44:15.424,416.9186955113066,105
2024-09-18 12:44:15.527,416.92229740903866,102
2024-09-18 12:44:15.550,416.8913245023662,999
2024-09-18 12:44:15.603,416.8929349263829,996
2024-09-18 12:44:15.643,416.8994603188698,98
2024-09-18 12:44:15.716,416.8678895381116,995
2024-09-18 12:44:15.755,416.8742501338413,15
2024-09-18 12:44:15.798,416.8598874553718,1005
2024-09-18 12:44:15.853,416.8804648570499,103
2024-09-18 12:44:15.926,416.87427845465567,97
2024-09-18 12:44:16.746,416.9434130577741,9
2024-09-18 12:44:17.096,416.9225076572864,5
2024-09-18 12:44:17.153,416.9397812255698,1000
2024-09-18 12:44:17.179,416.950288055104,14
2024-09-18 12:44:17.189,416.92886334506704,104
2024-09-18 12:44:17.277,416.928239570457,6
2024-09-18 12:44:17.285,416.9324628493279,999
2024-09-18 12:44:17.305,416.9387891661155,1004
2024-09-18 12:44:17.306,416.9354945940242,11
2024-09-18 12:44:17.334,416.9398428852297,999
2024-09-18 12:44:17.346,416.9405757452597,14
2024-09-18 12:44:17.424,416.9164205138127,98
2024-09-18 12:44:17.448,416.9511520874504,12
2024-09-18 12:44:17.455,416.92237611692616,7
2024-09-18 12:44:17.480,416.9221550450177,996
2024-09-18 12:44:17.529,416.9375004939705,997
2024-09-18 12:44:17.556,416.9162074077466,1001
2024-09-18 12:44:17.558,416.9286687110477,11
2024-09-18 12:44:17.579,416.9014222059705,7
2024-09-18 12:44:17.683,416.9245396151452,1004
2024-09-18 12:44:17.729,416.951733459327,101
2024-09-18 12:44:17.733,416.9309516324992,997
2024-09-18 12:44:17.809,416.9386309530411,104
2024-09-18 12:44:17.854,416.9345069326107,104
2024-09-18 12:44:17.911,416.91507009009786,103
2024-09-18 12:44:17.927,416.94421182358144,15
2024-09-18 12:44:18.008,416.9573835719522,1000
2024-09-18 12:44:18.028,416.92451072405294,1003
2024-09-18 12:44:18.063,416.9305111100093,96
2024-09-18 12:44:18.064,416.9155941794053,997
2024-09-18 12:44:18.210,416.9488188818581,1001
2024-09-18 12:44:18.251,416.9151950678364,15
2024-09-18 12:44:18.277,416.8550029147682,7
2024-09-18 12:44:18.361,416.9091004702199,9
2024-09-18 12:44:18.411,416.9585783189497,1003
2024-09-18 12:44:18.421,416.8993315255401,998
2024-09-18 12:44:18.502,416.8675077368626,1004
2024-09-18 12:44:18.520,416.9182510073223,100
2024-09-18 12:44:18.523,416.8320351072903,995
2024-09-18 12:44:18.549,416.83301600449136,103
2024-09-18 12:44:18.577,41.69068483107498,7
2024-09-18 12:44:18.595,416.82213068178896,998
2024-09-18 12:44:18.639,416.9203776886756,1000
2024-09-18 12:44:18.767,-416.93358814355486,1002
2024-09-18 12:44:18.815,416.85298933791074,1005
2024-09-18 12:44:18.862,416.9177162297274,100
2024-09-18 12:44:18.932,416.8998944444958,1002
2024-09-18 12:44:18.945,416.83446279087735,995
2024-09-18 12:44:18.964,41.68944171490853,5
2024-09-18 12:44:18.980,416.8559738047486,96
2024-09-18 12:44:19.018,416.80433004333577,5
2024-09-18 12:44:19.032,416.79808513112425,12
2024-09-18 12:44:19.089,-416.7752692821472,105
2024-09-18 12:44:19.095,416.8006282922034,999
2024-09-18 12:44:19.101,416.7863019399332,101
2024-09-18 12:44:19.108,416.8270946402337,999
2024-09-18 12:44:19.151,416.8430178295141,104
2024-09-18 12:44:19.166,416.8229536756604,10
2024-09-18 12:44:19.195,416.8171000311929,998
2024-09-18 12:44:19.216,416.8049968985376,105
2024-09-18 12:44:19.229,416.7894204791803,97
2024-09-18 12:44:19.237,416.8122988528613,97
2024-09-18 12:44:19.240,416.7816570310944,105
2024-09-18 12:44:19.314,416.81772422791977,13
2024-09-18 12:44:19.362,416.8480540611495,102
2024-09-18 12:44:19.411,416.83156504713,101
2024-09-18 12:44:19.412,416.8198947611982,96
2024-09-18 12:44:19.430,416.7926422183396,1003
2024-09-18 12:44:19.433,416.7579097899976,96
2024-09-18 12:44:19.453,416.79945830774943,8
2024-09-18 12:44:19.456,416.76874067078165,999
2024-09-18 12:44:19.495,416.7941987506455,95
2024-09-18 12:44:19.542,416.8043212057648,102
2024-09-18 12:44:19.695,416.76984964768536,1002
2024-09-18 12:44:19.769,416.820287996049,9
2024-09-18 12:44:19.772,416.8081274280801,102
2024-09-18 12:44:19.838,416.7961328687476,999
2024-09-18 12:44:19.870,416.7875558468151,12
2024-09-18 12:44:19.953,416.81294504378656,95
2024-09-18 12:44:19.997,416.84499744135104,1001
2024-09-18 12:44:20.015,416.8102219871676,1001
2024-09-18 12:44:20.174,416.8287126513208,14
2024-09-18 12:44:20.230,416.8020635621321,99
2024-09-18 12:44:20.342,416.8115260692045,12
2024-09-18 12:44:20.498,416.8142970065829,998
2024-09-18 12:44:20.557,416.8165628937663,1003
2024-09-18 12:44:20.576,416.8056563137037,101
2024-09-18 12:44:20.680,416.8221861608928,1000
2024-09-18 12:44:20.776,416.8128793346006,14
2024-09-18 12:44:20.786,416.8064913217323,103
2024-09-18 12:44:20.952,416.821793724674,8
2024-09-18 12:44:21.110,416.8314143451917,997
2024-09-18 12:44:21.202,416.830064681067,101
2024-09-18 12:44:21.330,416.81568311281086,1005
2024-09-18 12:44:21.615,416.8141313260346,102
2024-09-18 12:44:21.798,416.82303005334313,1004
2024-09-18 12:44:22.038,416.7969860975128,14
2024-09-18 12:44:22.085,416.76037102172575,9
2024-09-18 12:44:22.100,416.7136248286775,102
2024-09-18 12:44:22.190,416.7334998667651,999
2024-09-18 12:44:22.318,416.8233325901906,10
2024-09-18 12:44:22.493,416.7263350234599,13
2024-09-18 12:44:22.535,416.7278789470504,8
2024-09-18 12:44:22.611,416.8213313457037,96
2024-09-18 12:44:22.625,416.7114649306644,11
2024-09-18 12:44:22.694,416.79116087296194,999
2024-09-18 12:44:22.697,416.739763399273,5
2024-09-18 12:44:22.704,416.7656264979056,98
2024-09-18 12:44:22.734,416.7922152548817,5
2024-09-18 12:44:22.758,416.7111695794448,95
2024-09-18 12:44:22.819,416.80060215137627,12
2024-09-18 12:44:22.822,416.7944150082445,997
2024-09-18 12:44:22.881,416.7721917937284,1000
2024-09-18 12:44:22.950,416.74711126974125,13
2024-09-18 12:44:22.955,416.7454765069064,996
2024-09-18 12:44:23.004,416.7188571608912,5
2024-09-18 12:44:23.020,416.7268417957616,11
2024-09-18 12:44:23.029,416.7123665551544,1003
2024-09-18 12:44:23.137,416.7334882388206,996
2024-09-18 12:44:23.164,416.6936927727877,97
2024-09-18 12:44:23.278,416.7149063670452,1005
2024-09-18 12:44:23.300,416.7238864879287,99
2024-09-18 12:44:23.305,416.7178151442047,10
2024-09-18 12:44:23.376,416.7442090549975,101
2024-09-18 12:44:23.398,416.6999961956423,10
2024-09-18 12:44:23.424,416.6987075098446,998
2024-09-18 12:44:23.434,416.7295843896261,9
2024-09-18 12:44:23.439,416.7201125200969,13
2024-09-18 12:44:23.543,416.7301852251686,1002
2024-09-18 12:44:23.676,416.7079606175051,9
2024-09-18 12:44:23.749,416.674720290993,1001
2024-09-18 12:44:23.897,416.7497465052269,9
2024-09-18 12:44:23.977,416.66882405805177,101
2024-09-18 12:44:24.062,416.6789877229215,8
2024-09-18 12:44:24.074,-416.6563884139457,9
2024-09-18 12:44:24.143,416.6818169861165,6
2024-09-18 12:44:24.219,416.6511934467549,100
2024-09-18 12:44:24.262,416.6553925962375,1004
2024-09-18 12:44:24.267,416.67056720500807,999
2024-09-18 12:44:24.291,416.6647703797714,97
2024-09-18 12:44:24.317,416.6740822416748,104
2024-09-18 12:44:24.322,,101
2024-09-18 12:44:24.484,416.6867407224752,997
2024-09-18 12:44:24.537,416.6707870738743,102
2024-09-18 12:44:24.545,416.6618754826714,100
2024-09-18 12:44:24.831,416.6543297043979,13
2024-09-18 12:44:24.929,416.67421001226535,15
2024-09-18 12:44:24.932,416.6624489746112,995
2024-09-18 12:44:25.355,416.65158051642527,95
2024-09-18 12:44:25.689,416.66103238462347,101
2024-09-18 12:44:25.786,416.6360739774153,97
2024-09-18 12:44:26.001,416.67694756333833,105
2024-09-18 12:44:26.013,416.6948844280802,99
2024-09-18 12:44:26.161,416.644647950358,7
2024-09-18 12:44:26.301,416.6478456745037,10
2024-09-18 12:44:26.352,416.6871460345048,999
2024-09-18 12:44:26.410,,6
2024-09-18 12:44:26.410,,7
2024-09-18 12:44:26.421,416.7031675807308,97
2024-09-18 12:44:26.579,416.6461285157466,996
2024-09-18 12:44:26.618,416.6714714601769,998
2024-09-18 12:44:26.652,416.6790687076629,1002
2024-09-18 12:44:26.723,416.7071749207576,1004
2024-09-18 12:44:26.736,416.6766447686644,997
2024-09-18 12:44:26.808,416.6963667440379,13
2024-09-18 12:44:26.814,,102
2024-09-18 12:44:26.837,416.6626620797008,100
2024-09-18 12:44:26.974,416.6460354727935,15
2024-09-18 12:44:27.090,416.6472962626954,95
2024-09-18 12:44:27.157,416.6689482599201,10
2024-09-18 12:44:27.341,416.6585433994876,1004
2024-09-18 12:44:27.367,416.67342783968735,99
2024-09-18 12:44:28.040,416.6326687107936,7
2024-09-18 12:44:28.048,416.6572280427005,13
2024-09-18 12:44:28.111,416.633438596972,6
2024-09-18 12:44:28.141,416.6426858207856,995
2024-09-18 12:44:28.235,416.65278191640897,95
2024-09-18 12:44:28.262,416.6417935144384,13
2024-09-18 12:44:28.264,416.6603826398682,15
2024-09-18 12:44:28.267,416.65325704405376,1001
2024-09-18 12:44:28.277,416.6334634360548,13
2024-09-18 12:44:28.358,416.6683737858055,9
2024-09-18 12:44:28.373,416.6400971457968,1001
2024-09-18 12:44:28.509,416.6737873699268,99
2024-09-18 12:44:28.519,416.64615215760017,9
2024-09-18 12:44:28.523,416.6561584977607,13
2024-09-18 12:44:28.670,416.6628012247824,999
2024-09-18 12:44:28.691,416.6439574891005,1005
2024-09-18 12:44:28.705,416.6808827887851,99
2024-09-18 12:44:28.711,416.6605261118072,999
2024-09-18 12:44:28.794,416.6407570664478,999
2024-09-18 12:44:28.918,416.6830705805339,103
2024-09-18 12:44:28.923,416.6346939463966,11
2024-09-18 12:44:28.951,416.6478404649088,1001
2024-09-18 12:44:28.964,416.6522950977858,105
2024-09-18 12:44:28.994,416.6496080567501,99
2024-09-18 12:44:29.000,416.6135425831037,13
2024-09-18 12:44:29.003,416.6483730833399,100
2024-09-18 12:44:29.040,416.6266378437837,101
2024-09-18 12:44:29.090,416.6514850540583,998
2024-09-18 12:44:29.139,416.6367843380447,5
2024-09-18 12:44:29.184,416.6057732618616,995
2024-09-18 12:44:29.189,416.6504009642717,99
2024-09-18 12:44:29.217,416.6081865173263,10
2024-09-18 12:44:29.308,416.6010345289513,995
2024-09-18 12:44:29.321,416.6424771241998,96
2024-09-18 12:44:29.334,416.6405997173555,104
2024-09-18 12:44:29.336,416.642297290749,101
2024-09-18 12:44:29.374,416.60152634509546,995
2024-09-18 12:44:29.382,416.6078261091834,14
2024-09-18 12:44:29.414,416.65268280397135,996
2024-09-18 12:44:29.493,416.650778740998,11
2024-09-18 12:44:29.605,416.6302505533167,999
2024-09-18 12:44:29.830,416.630571268289,97
2024-09-18 12:44:29.856,416.6445905839291,995
2024-09-18 12:44:29.888,416.6122391170719,95
2024-09-18 12:44:30.026,416.5819799375046,1004
2024-09-18 12:44:30.038,416.6111656496341,105
2024-09-18 12:44:30.126,416.5542611056526,11
2024-09-18 12:44:30.207,416.6031924561572,104
2024-09-18 12:44:30.249,416.5791057139789,98
2024-09-18 12:44:30.256,416.5660463687093,996
2024-09-18 12:44:30.303,416.57451449782855,99
2024-09-18 12:44:30.393,416.55389721635424,95
2024-09-18 12:44:30.559,416.5792227296046,1001
2024-09-18 12:44:30.632,,998
2024-09-18 12:44:30.653,416.5971118455519,1003
2024-09-18 12:44:30.669,416.5962515841866,997
2024-09-18 12:44:30.689,416.5479916215715,999
2024-09-18 12:44:30.811,416.5471800331815,13
2024-09-18 12:44:30.860,416.5481809965666,11
2024-09-18 12:44:30.944,-416.5548582941265,102
2024-09-18 12:44:30.965,416.61110343489054,98
2024-09-18 12:44:31.213,416.59200068309445,12
2024-09-18 12:44:31.431,416.6000973900681,1003
2024-09-18 12:44:31.432,416.5921655269413,1002
2024-09-18 12:44:31.770,416.6120987051856,1001
2024-09-18 12:44:31.840,416.59845228556935,101
2024-09-18 12:44:32.020,416.532382923559,12
2024-09-18 12:44:32.050,416.5098381240427,995
2024-09-18 12:44:32.090,416.5655564626341,96
2024-09-18 12:44:32.121,416.485974682947,98
2024-09-18 12:44:32.122,416.5569838469575,1005
2024-09-18 12:44:32.172,416.58245887850967,6
2024-09-18 12:44:32.262,416.4924554351776,14
2024-09-18 12:44:32.272,416.51544523419534,103
2024-09-18 12:44:32.317,416.5597834534252,997
2024-09-18 12:44:32.410,416.5634977787717,100
2024-09-18 12:44:32.430,416.5553240365579,5
2024-09-18 12:44:32.478,416.54416064249136,104
2024-09-18 12:44:32.514,416.50323490418754,998
2024-09-18 12:44:32.560,416.493214432007,103
2024-09-18 12:44:32.561,416.5110634436359,15
2024-09-18 12:44:32.581,416.5621191238071,98
2024-09-18 12:44:32.581,416.5928958248132,95
2024-09-18 12:44:32.581,416.5112121780504,1003
2024-09-18 12:44:32.702,416.5795641660416,101
2024-09-18 12:44:32.732,416.565917115263,12
2024-09-18 12:44:32.748,416.5831555984958,999
2024-09-18 12:44:32.900,416.52881329834,100
2024-09-18 12:44:32.945,416.4922607307219,103
2024-09-18 12:44:32.951,416.49066620543545,103
2024-09-18 12:44:33.107,416.5215341813384,996
2024-09-18 12:44:33.124,416.5173079350137,104
2024-09-18 12:44:33.164,,100
2024-09-18 12:44:33.195,416.4896260680662,9
2024-09-18 12:44:33.324,416.4812571462735,14
2024-09-18 12:44:33.341,416.50532872117617,1002
2024-09-18 12:44:33.448,416.4800708847002,95
2024-09-18 12:44:33.531,416.5170854969856,99
2024-09-18 12:44:33.589,416.5188256960804,11
2024-09-18 12:44:33.761,416.51014520225897,995
2024-09-18 12:44:33.885,416.4810824945833,104
2024-09-18 12:44:33.893,416.5200712117773,96
2024-09-18 12:44:33.990,416.48411335680703,14
2024-09-18 12:44:34.023,416.5059671593594,102
2024-09-18 12:44:34.023,416.5085063337295,8
2024-09-18 12:44:34.054,416.4785552462516,1004
2024-09-18 12:44:34.090,416.428258946164,14
2024-09-18 12:44:34.150,416.4260219694236,996
2024-09-18 12:44:34.175,416.4703948150113,995
2024-09-18 12:44:34.222,416.45366343009294,95
2024-09-18 12:44:34.287,416.5067278912413,104
2024-09-18 12:44:34.358,416.5004555180676,1004
2024-09-18 12:44:34.368,416.4722795988852,98
2024-09-18 12:44:34.372,416.4549818752685,95
2024-09-18 12:44:34.496,416.5109345155462,101
2024-09-18 12:44:34.511,416.4948730940849,104
2024-09-18 12:44:34.539,416.4618233553328,1000
2024-09-18 12:44:34.548,416.45593531552805,8
2024-09-18 12:44:34.642,416.44093253172736,14
2024-09-18 12:44:34.696,416.4681619596269,7
2024-09-18 12:44:34.763,416.494707299992,98
2024-09-18 12:44:34.841,416.4350234559566,97
2024-09-18 12:44:35.008,416.4359615224003,12
2024-09-18 12:44:35.046,416.4580493465485,5
2024-09-18 12:44:35.083,416.4447742981492,102
2024-09-18 12:44:35.160,416.47969893879616,5
2024-09-18 12:44:35.235,416.4498926346452,7
2024-09-18 12:44:35.323,416.4747789985607,1003
2024-09-18 12:44:35.417,416.4594726980464,98
2024-09-18 12:44:35.446,416.4574929360955,13
2024-09-18 12:44:35.520,416.4557034247748,97
2024-09-18 12:44:35.579,416.4592283699346,1002
2024-09-18 12:44:35.600,416.48473157172856,99
2024-09-18 12:44:35.617,416.4625877160774,100
2024-09-18 12:44:35.799,416.4469622844268,11
2024-09-18 12:44:35.808,416.48829714699696,10
2024-09-18 12:44:35.816,416.48433875329,14
2024-09-18 12:44:35.992,416.4909438656941,12
2024-09-18 12:44:36.072,416.5090907771017,98
2024-09-18 12:44:36.128,416.5019080227529,10
2024-09-18 12:44:36.133,416.5006057252583,99
2024-09-18 12:44:36.231,416.4939952018425,95
2024-09-18 12:44:36.320,41.65112150829725,1003
2024-09-18 12:44:36.321,416.5228121038897,98
2024-09-18 12:44:36.321,416.4887167903556,103
2024-09-18 12:44:36.382,416.5003221200295,996
2024-09-18 12:44:36.424,416.4893655379452,102
2024-09-18 12:44:36.679,416.4982052137398,999
2024-09-18 12:44:36.772,416.51575829541895,995
2024-09-18 12:44:36.789,416.5108374732345,7
2024-09-18 12:44:36.795,416.5004645793059,10
2024-09-18 12:44:36.844,416.5246582512223,101
2024-09-18 12:44:36.921,416.5015962900357,101
2024-09-18 12:44:36.969,416.47907418980014,11
2024-09-18 12:44:36.995,416.50109712949336,14
2024-09-18 12:44:37.045,416.5280934986211,996
2024-09-18 12:44:37.054,416.5373725659199,105
2024-09-18 12:44:37.085,416.57100871064864,1004
2024-09-18 12:44:37.208,416.5609338448047,1000
2024-09-18 12:44:37.214,416.58820055321,96
2024-09-18 12:44:37.244,416.5241642072335,999
2024-09-18 12:44:37.264,416.5568647248873,100
2024-09-18 12:44:37.337,416.5758142630151,996
2024-09-18 12:44:37.362,416.5183974063729,9
2024-09-18 12:44:37.429,416.54559738136186,11
2024-09-18 12:44:37.448,416.5482092098416,10
2024-09-18 12:44:37.564,416.5174915730372,100
2024-09-18 12:44:37.600,416.53025185068674,104
2024-09-18 12:44:37.680,416.5375388977674,13
2024-09-18 12:44:37.757,416.6017385822601,995
2024-09-18 12:44:37.770,416.5568545446917,7
2024-09-18 12:44:37.771,416.5513505421919,97
2024-09-18 12:44:37.870,416.6001363572847,995
2024-09-18 12:44:37.961,416.5522040071161,101
2024-09-18 12:44:37.988,416.52585996454656,104
2024-09-18 12:44:38.116,416.6157726070552,997
2024-09-18 12:44:38.135,416.6341536432396,103
2024-09-18 12:44:38.161,416.6144524263971,11
2024-09-18 12:44:38.196,416.6266720212216,99
2024-09-18 12:44:38.333,416.6221724207187,11
2024-09-18 12:44:38.593,416.6036910747875,13
2024-09-18 12:44:38.711,416.61299613470544,101
2024-09-18 12:44:38.793,416.61061797640014,8
2024-09-18 12:44:38.949,416.6126614438549,1005
2024-09-18 12:44:39.007,416.6971225110128,10
2024-09-18 12:44:39.037,416.67226874718665,100
2024-09-18 12:44:39.093,416.68983112195,1005
2024-09-18 12:44:39.197,416.6408611363711,98
2024-09-18 12:44:39.248,41.66605896259836,1004
2024-09-18 12:44:39.337,416.617649056346,97
2024-09-18 12:44:39.350,416.60204150131375,1004
2024-09-18 12:44:39.376,416.6670836754858,13
2024-09-18 12:44:39.397,416.7060074083068,96
2024-09-18 12:44:39.400,416.7157255629245,105
2024-09-18 12:44:39.437,416.710287499064,96
2024-09-18 12:44:39.479,416.6768624809002,11
2024-09-18 12:44:39.503,416.63547247350976,102
2024-09-18 12:44:39.547,416.7146388795244,11
2024-09-18 12:44:39.603,416.6924192617916,7
2024-09-18 12:44:39.649,416.695221629556,101
2024-09-18 12:44:39.708,416.71257027928857,5
2024-09-18 12:44:39.738,416.7034183683461,97
2024-09-18 12:44:39.806,416.6829463910275,998
2024-09-18 12:44:39.817,416.6835282122813,5
2024-09-18 12:44:39.921,416.70341557581946,95
2024-09-18 12:44:39.931,416.7105086999532,105
2024-09-18 12:44:40.164,416.6809357121129,1002
2024-09-18 12:44:40.223,416.6600679085623,1002
2024-09-18 12:44:40.273,416.6796917984837,101
2024-09-18 12:44:40.279,416.6629075777415,15
2024-09-18 12:44:40.286,416.659533921084,1001
2024-09-18 12:44:40.339,416.72318177426473,996
2024-09-18 12:44:40.420,416.7055689511261,105
2024-09-18 12:44:40.443,416.66285205369,12
2024-09-18 12:44:40.453,416.7113262117628,1005
2024-09-18 12:44:40.466,416.6996541241754,1004
2024-09-18 12:44:40.535,416.67734322214375,104
2024-09-18 12:44:40.584,416.6553784352504,104
2024-09-18 12:44:40.598,416.6628744259484,7
2024-09-18 12:44:40.599,416.700889005946,13
2024-09-18 12:44:40.648,416.70523620320967,11
2024-09-18 12:44:40.686,416.6832146525767,1001
2024-09-18 12:44:40.754,416.713965264212,995
2024-09-18 12:44:40.791,416.6884276981788,102
2024-09-18 12:44:40.840,416.65845640954575,998
2024-09-18 12:44:40.846,416.6969998404516,96
2024-09-18 12:44:40.959,416.6946859572362,1002
2024-09-18 12:44:40.981,416.7066692474101,1003
2024-09-18 12:44:40.997,416.66826846020615,5
2024-09-18 12:44:41.061,416.7497607061021,95
2024-09-18 12:44:41.069,416.7753177869513,11
2024-09-18 12:44:41.113,416.7552831761401,105
2024-09-18 12:44:41.133,416.784160510885,99
2024-09-18 12:44:41.141,416.719701279655,1005
2024-09-18 12:44:41.215,416.74844125920606,1005
2024-09-18 12:44:41.219,416.7777402027052,999
2024-09-18 12:44:41.245,,998
2024-09-18 12:44:41.269,416.7557774933129,9
2024-09-18 12:44:41.324,416.79154239726086,1000
2024-09-18 12:44:41.375,416.7760063073376,6
2024-09-18 12:44:41.381,416.7469319956232,1001
2024-09-18 12:44:41.455,416.7220618276676,999
2024-09-18 12:44:41.689,416.78362121299625,9
2024-09-18 12:44:41.744,416.75862782342585,1004
2024-09-18 12:44:41.847,416.7409530862837,998
2024-09-18 12:44:41.910,416.705012057201,1005
2024-09-18 12:44:41.929,416.7800399825609,97
2024-09-18 12:44:42.027,416.8101684091942,997
2024-09-18 12:44:42.079,416.7633235263381,8
2024-09-18 12:44:42.123,416.7530629128386,1004
2024-09-18 12:44:42.135,416.82240316762767,10
2024-09-18 12:44:42.145,416.7754326756808,105
2024-09-18 12:44:42.181,416.8339569753129,10
2024-09-18 12:44:42.184,416.7870882099929,15
2024-09-18 12:44:42.218,416.7522108989738,12
2024-09-18 12:44:42.231,416.7809172654733,13
2024-09-18 12:44:42.243,416.7800448215942,100
2024-09-18 12:44:42.245,,100
2024-09-18 12:44:42.402,416.829749254751,1003
2024-09-18 12:44:42.423,416.8122031933537,9
2024-09-18 12:44:42.514,416.7533405628161,102
2024-09-18 12:44:42.586,416.8284851217034,1003
2024-09-18 12:44:42.602,416.7784710930174,98
2024-09-18 12:44:42.624,416.8210340233448,9
2024-09-18 12:44:42.648,416.7503916446379,6
2024-09-18 12:44:42.682,416.7579647955332,97
2024-09-18 12:44:42.807,416.82109980423456,995
2024-09-18 12:44:42.843,416.8104499732406,997
2024-09-18 12:44:42.889,416.7721126101819,10
2024-09-18 12:44:42.894,416.80294239157854,9
2024-09-18 12:44:42.919,416.77309073439335,999
2024-09-18 12:44:43.006,416.8355180852752,999
2024-09-18 12:44:43.135,416.8177262864251,998
2024-09-18 12:44:43.558,416.8252847638221,9
2024-09-18 12:44:43.582,416.824656105052,9
2024-09-18 12:44:43.591,416.8496233268168,101
2024-09-18 12:44:43.630,416.8313301517935,11
2024-09-18 12:44:43.664,416.8172583747223,99
2024-09-18 12:44:43.666,416.841785951946,101
2024-09-18 12:44:43.682,416.84663230158486,6
2024-09-18 12:44:43.693,416.83988884254313,1004
2024-09-18 12:44:43.696,416.8559172903321,997
2024-09-18 12:44:43.733,416.8346590904717,5
2024-09-18 12:44:43.784,416.8532388151583,15
2024-09-18 12:44:43.786,416.8735153271059,13
2024-09-18 12:44:43.820,416.8625078979573,9
2024-09-18 12:44:43.874,416.7935979574752,998
2024-09-18 12:44:43.958,416.8215940848757,104
2024-09-18 12:44:44.364,416.8328355735912,1001
2024-09-18 12:44:44.789,416.8536018207839,11
2024-09-18 12:44:44.872,416.8552362757744,14
2024-09-18 12:44:45.052,416.7404146689961,103
2024-09-18 12:44:45.062,,5
2024-09-18 12:44:45.092,416.7732228048888,6
2024-09-18 12:44:45.123,416.7828036740993,7
2024-09-18 12:44:45.173,416.7608876285208,1001
2024-09-18 12:44:45.358,416.7300084309941,1005
2024-09-18 12:44:45.372,416.7288992273902,996
2024-09-18 12:44:45.381,416.7882613383584,102
2024-09-18 12:44:45.397,416.7725475711578,96
2024-09-18 12:44:45.415,416.7508255481585,999
2024-09-18 12:44:45.450,416.78889525434926,99
2024-09-18 12:44:45.470,416.8065415632929,104
2024-09-18 12:44:45.581,416.71372511109377,996
2024-09-18 12:44:45.649,416.8002348549295,101
2024-09-18 12:44:45.703,416.7825506122362,998
2024-09-18 12:44:45.705,416.8142355783504,14
2024-09-18 12:44:45.884,416.8098086734448,7
2024-09-18 12:44:45.925,,1002
2024-09-18 12:44:45.985,416.8385285174461,10
2024-09-18 12:44:46.010,416.7539800133586,1003
2024-09-18 12:44:46.048,416.7362244568195,1003
2024-09-18 12:44:46.099,416.7533752813733,995
2024-09-18 12:44:46.103,416.7247550878325,1002
2024-09-18 12:44:46.199,416.7730432407029,1005
2024-09-18 12:44:46.240,416.7606189527907,100
2024-09-18 12:44:46.340,416.77478266241457,1003
2024-09-18 12:44:46.519,416.76380798376414,99
2024-09-18 12:44:46.592,,996
2024-09-18 12:44:46.643,416.7748736031441,1001
2024-09-18 12:44:46.833,416.78797039660407,98
2024-09-18 12:44:46.874,416.7592663674301,99
2024-09-18 12:44:46.974,416.7570992487954,1001
2024-09-18 12:44:46.988,416.7295658792674,9
2024-09-18 12:44:47.353,416.7853458926186,12
2024-09-18 12:44:47.412,416.7731931074359,13
2024-09-18 12:44:47.699,416.7562487940008,15
2024-09-18 12:44:47.817,416.7731283027963,9
2024-09-18 12:44:47.844,416.7721592407554,997
2024-09-18 12:44:48.105,416.7636199243545,10
2024-09-18 12:44:48.109,416.7622599364011,100
2024-09-18 12:44:48.152,416.73540131576885,98
2024-09-18 12:44:48.171,416.7455735139144,97
2024-09-18 12:44:48.198,416.7518949729704,1003
2024-09-18 12:44:48.201,416.74915004499326,95
2024-09-18 12:44:48.332,416.7553593692351,14
2024-09-18 12:44:48.448,416.7557816669101,9
2024-09-18 12:44:48.462,416.7825027719181,9
2024-09-18 12:44:48.503,416.7506402576778,1000
2024-09-18 12:44:48.528,416.7807827008879,99
2024-09-18 12:44:48.603,416.751552397246,997
2024-09-18 12:44:48.613,416.79251006111406,103
2024-09-18 12:44:48.622,416.7431840302632,101
2024-09-18 12:44:48.633,416.77227508262894,96
2024-09-18 12:44:48.728,416.7416434903787,997
2024-09-18 12:44:48.743,416.7780692730631,105
2024-09-18 12:44:48.765,416.7741716409949,15
2024-09-18 12:44:48.804,416.7694343742418,96
2024-09-18 12:44:48.830,416.7674831278339,104
2024-09-18 12:44:48.847,416.7498398626111,1001
2024-09-18 12:44:48.857,416.75777811002064,99
2024-09-18 12:44:48.869,416.7649081046599,999
2024-09-18 12:44:48.875,416.78600656723177,8
2024-09-18 12:44:48.984,416.75854245851366,104
2024-09-18 12:44:49.068,416.6780307886581,996
2024-09-18 12:44:49.341,416.68639184005866,1000
2024-09-18 12:44:49.590,416.6828387573672,104
2024-09-18 12:44:49.803,416.7044354256018,100
2024-09-18 12:44:49.997,416.69243231041054,6
2024-09-18 12:44:50.297,416.6678365191633,999
2024-09-18 12:44:50.536,416.65804721024114,10
2024-09-18 12:44:51.193,416.6683191887013,998
2024-09-18 12:44:51.399,416.6847138977952,5
2024-09-18 12:44:51.438,416.6923703081373,12
2024-09-18 12:44:51.449,416.695874072852,997
2024-09-18 12:44:51.585,416.7022985407924,11
2024-09-18 12:44:51.607,416.6939613864861,1005
2024-09-18 12:44:51.786,416.6902623099497,96
2024-09-18 12:44:51.881,416.67155976535633,999
2024-09-18 12:44:52.036,416.6976434607861,96
2024-09-18 12:44:52.052,416.69347724193926,997
2024-09-18 12:44:52.105,416.6921598005293,102
2024-09-18 12:44:52.271,416.6960448467674,99
2024-09-18 12:44:52.442,416.6771992814872,96
2024-09-18 12:44:52.542,416.67590120104256,1001
2024-09-18 12:44:52.610,416.68682042590376,104
2024-09-18 12:44:52.691,416.6868026316736,8
2024-09-18 12:44:52.702,416.6738783402593,995
2024-09-18 12:44:52.795,416.695588297198,1004
2024-09-18 12:44:53.016,416.6563152841471,999
2024-09-18 12:44:53.407,416.6613152070755,104
2024-09-18 12:44:53.616,416.6828656626486,996
2024-09-18 12:44:54.003,416.6947353170863,13
2024-09-18 12:44:54.021,416.6848513619918,97
2024-09-18 12:44:54.039,416.6794532247644,997
2024-09-18 12:44:54.050,416.7436695205392,105
2024-09-18 12:44:54.051,416.6822101481225,1004
2024-09-18 12:44:54.078,416.68198050993095,1003
2024-09-18 12:44:54.082,416.696838051091,97
2024-09-18 12:44:54.095,416.6908703165621,5
2024-09-18 12:44:54.129,416.7100132196068,5
2024-09-18 12:44:54.182,416.7069066964665,5
2024-09-18 12:44:54.194,416.6872965955293,998
2024-09-18 12:44:54.235,416.6993116897698,1000
2024-09-18 12:44:54.329,416.6767567054463,14
2024-09-18 12:44:54.353,416.6817732067731,102
2024-09-18 12:44:54.357,416.7349413512754,101
2024-09-18 12:44:54.419,416.73338030024905,999
2024-09-18 12:44:54.423,416.7006700143976,10
2024-09-18 12:44:54.457,416.6908188829666,1003
2024-09-18 12:44:54.484,416.698490984932,100
2024-09-18 12:44:54.486,416.6877206271063,5
2024-09-18 12:44:54.495,416.7235511889118,98
2024-09-18 12:44:54.533,416.71701468249256,7
2024-09-18 12:44:54.552,416.6666759167986,14
2024-09-18 12:44:54.564,416.67258687312784,15
2024-09-18 12:44:54.576,416.682034165723,1005
2024-09-18 12:44:54.700,416.72461367924313,999
2024-09-18 12:44:54.773,416.69561278616027,103
2024-09-18 12:44:54.853,416.6770446066897,995
2024-09-18 12:44:54.885,416.66817017098,7
2024-09-18 12:44:54.887,416.69652809092935,999
2024-09-18 12:44:55.028,41.67086861794714,15
2024-09-18 12:44:55.105,416.711257688321,103
2024-09-18 12:44:55.122,416.7113755644047,10
2024-09-18 12:44:55.204,416.71794890354187,1001
2024-09-18 12:44:55.264,416.71262630097993,1002
2024-09-18 12:44:55.285,416.7366008991684,14
2024-09-18 12:44:55.417,,95
2024-09-18 12:44:55.476,416.72013754678005,1004
2024-09-18 12:44:55.499,416.7181301340944,13
2024-09-18 12:44:55.648,416.7075644036458,104
2024-09-18 12:44:55.698,416.7248991194351,101
2024-09-18 12:44:55.732,416.7173979997283,1004
2024-09-18 12:44:55.742,416.7105851855375,9
2024-09-18 12:44:56.831,416.7266727369652,13
2024-09-18 12:44:57.000,416.7499716496436,6
2024-09-18 12:44:57.046,416.7522904356933,97
2024-09-18 12:44:57.077,416.7266860788362,1001
2024-09-18 12:44:57.086,416.7295328260113,103
2024-09-18 12:44:57.089,416.7316167142122,1002
2024-09-18 12:44:57.209,416.7384548837957,1004
2024-09-18 12:44:57.251,416.72329418331407,995
2024-09-18 12:44:57.290,416.7280031408327,96
2024-09-18 12:44:57.306,416.7309874201138,105
2024-09-18 12:44:57.325,416.7282998397296,5
2024-09-18 12:44:57.426,416.7270061719536,1004
2024-09-18 12:44:57.434,416.7455656898774,97
2024-09-18 12:44:57.586,416.7306360219663,96
2024-09-18 12:44:57.599,416.77082561507655,103
2024-09-18 12:44:57.667,416.7235363988905,5
2024-09-18 12:44:57.758,416.7507196280546,96
2024-09-18 12:44:57.760,416.75227647710574,996
2024-09-18 12:44:57.814,416.7373174809492,98
2024-09-18 12:44:57.831,416.7346948352651,998
2024-09-18 12:44:57.897,416.7433689539574,102
2024-09-18 12:44:57.949,416.72574372888505,105
2024-09-18 12:44:58.002,416.7574343821447,5
2024-09-18 12:44:58.064,416.7316172187728,105
2024-09-18 12:44:58.117,416.7638778992432,95
2024-09-18 12:44:58.159,416.7423005626779,96
2024-09-18 12:44:58.238,416.7723258904825,15
2024-09-18 12:44:58.265,416.77357608710025,1000
2024-09-18 12:44:58.321,416.7326688644068,97
2024-09-18 12:44:58.345,416.7329351280693,10
2024-09-18 12:44:58.359,416.74279448435385,995
2024-09-18 12:44:58.378,416.7343267009981,1005
2024-09-18 12:44:58.425,416.7633276351708,996
2024-09-18 12:44:58.476,416.7741291413123,13
2024-09-18 12:44:58.563,416.7251135068808,13
2024-09-18 12:44:58.628,416.7371196253678,95
2024-09-18 12:44:58.710,416.7559957193496,997
2024-09-18 12:44:58.729,416.7525465483732,996
2024-09-18 12:44:58.750,416.7295736030997,95
2024-09-18 12:44:58.861,416.7453460336217,105
2024-09-18 12:44:59.193,416.7804593322349,101
2024-09-18 12:44:59.299,416.7896215259159,995
2024-09-18 12:44:59.299,416.8190314052352,102
2024-09-18 12:44:59.402,416.8093448945141,102
2024-09-18 12:44:59.649,416.7940084438115,12
2024-09-18 12:44:59.679,-416.7942479662085,1004
2024-09-18 12:44:59.726,416.7981838579894,100
