Timestamp,Price,Size
2024-09-16 14:41:00.089,415.99985268903913,1001
2024-09-16 14:41:00.152,416.032325349348,14
2024-09-16 14:41:00.160,416.0459875417209,14
2024-09-16 14:41:00.193,-415.976759665801,15
2024-09-16 14:41:00.323,416.03037284657415,104
2024-09-16 14:41:00.378,,999
2024-09-16 14:41:00.387,415.9974112761945,8
2024-09-16 14:41:00.437,416.0345430559086,5
2024-09-16 14:41:00.466,415.99777730491866,6
2024-09-16 14:41:00.542,415.98779451820496,13
2024-09-16 14:41:00.553,415.98311008465726,98
2024-09-16 14:41:00.627,416.00149863054673,1002
2024-09-16 14:41:00.645,415.9924316743171,105
2024-09-16 14:41:00.649,416.021393452349,5
2024-09-16 14:41:00.743,416.00797165139454,15
2024-09-16 14:41:00.779,415.9897558329653,1004
2024-09-16 14:41:00.877,416.01708659772896,97
2024-09-16 14:41:00.952,416.0367753432301,104
2024-09-16 14:41:01.103,416.0485572083421,996
2024-09-16 14:41:01.203,416.0359060007832,102
2024-09-16 14:41:01.237,416.0203374491339,1005
2024-09-16 14:41:01.249,416.0134775468166,1004
2024-09-16 14:41:01.290,416.0313609080298,5
2024-09-16 14:41:01.296,416.0191698898982,12
2024-09-16 14:41:01.338,41.601417506750565,6
2024-09-16 14:41:01.369,416.0255176035288,15
2024-09-16 14:41:01.485,416.0454526098297,13
2024-09-16 14:41:01.621,416.0205620037087,995
2024-09-16 14:41:01.678,416.0361157009857,13
2024-09-16 14:41:01.779,416.0508933058751,1001
2024-09-16 14:41:02.050,415.9602676198488,5
2024-09-16 14:41:02.095,415.95141655736205,15
2024-09-16 14:41:02.190,415.98368300829327,999
2024-09-16 14:41:02.259,415.9012327911252,7
2024-09-16 14:41:02.360,416.0139266857785,1000
2024-09-16 14:41:02.375,415.9284986168298,9
2024-09-16 14:41:02.500,415.94877339984936,1001
2024-09-16 14:41:02.599,415.931711322012,1003
2024-09-16 14:41:02.665,415.9343656818877,1000
2024-09-16 14:41:02.668,416.0019549603674,1005
2024-09-16 14:41:02.697,415.998433057784,1005
2024-09-16 14:41:02.775,415.9394445415833,99
2024-09-16 14:41:02.788,416.0026607506529,1001
2024-09-16 14:41:02.836,415.9321417457417,96
2024-09-16 14:41:02.994,415.92285413103366,98
2024-09-16 14:41:03.005,415.83291666333565,99
2024-09-16 14:41:03.010,415.8567262834309,105
2024-09-16 14:41:03.080,415.888976737841,1002
2024-09-16 14:41:03.194,415.8561031099143,95
2024-09-16 14:41:03.272,415.8382582236159,7
2024-09-16 14:41:03.348,415.82388391980487,100
2024-09-16 14:41:03.355,415.8611913427218,1003
2024-09-16 14:41:03.379,415.8508651650192,7
2024-09-16 14:41:03.420,415.8499366158293,96
2024-09-16 14:41:03.461,415.8592441534548,6
2024-09-16 14:41:03.462,415.8759196494606,1004
2024-09-16 14:41:03.507,415.8501956746472,996
2024-09-16 14:41:03.583,415.8734503878406,11
2024-09-16 14:41:03.612,415.8241377392235,102
2024-09-16 14:41:03.676,415.8753258878168,1005
2024-09-16 14:41:03.689,415.81893433552216,8
2024-09-16 14:41:03.690,415.83593358064974,1005
2024-09-16 14:41:03.705,415.8781207307413,1001
2024-09-16 14:41:03.775,415.8291616644236,104
2024-09-16 14:41:03.788,415.9026906883116,1004
2024-09-16 14:41:03.915,415.82762278520113,100
2024-09-16 14:41:04.040,415.89064759826624,98
2024-09-16 14:41:04.103,415.9090070434024,101
2024-09-16 14:41:04.161,415.9180879439932,5
2024-09-16 14:41:04.269,415.9101828816305,1001
2024-09-16 14:41:04.375,415.9202813727458,1001
2024-09-16 14:41:04.446,415.9233874987666,14
2024-09-16 14:41:04.489,415.8547055273538,7
2024-09-16 14:41:04.596,415.8558431244632,1002
2024-09-16 14:41:04.608,415.8577147011584,1003
2024-09-16 14:41:04.656,415.9006777224371,100
2024-09-16 14:41:04.715,415.8670901503266,7
2024-09-16 14:41:04.765,415.8793934736165,1000
2024-09-16 14:41:04.792,415.86858299215817,5
2024-09-16 14:41:04.840,415.8715305111722,1001
2024-09-16 14:41:04.963,415.8609867556595,5
2024-09-16 14:41:05.066,415.8675529938349,996
2024-09-16 14:41:05.077,415.87328770669086,98
2024-09-16 14:41:05.102,415.8843136184116,1000
2024-09-16 14:41:05.130,415.7962583240777,8
2024-09-16 14:41:05.135,415.8682295902936,7
2024-09-16 14:41:05.238,415.8877099325317,999
2024-09-16 14:41:05.255,415.8666862425705,5
2024-09-16 14:41:05.270,415.88147592616855,100
2024-09-16 14:41:05.305,415.8003283510995,95
2024-09-16 14:41:05.312,415.88938591490313,102
2024-09-16 14:41:05.342,415.8749819352252,105
2024-09-16 14:41:05.346,415.84754285024746,15
2024-09-16 14:41:05.388,415.82376048071495,105
2024-09-16 14:41:05.392,415.8198917151654,100
2024-09-16 14:41:05.419,415.883118514718,103
2024-09-16 14:41:05.491,415.83636075339655,1005
2024-09-16 14:41:05.523,415.837878747158,7
2024-09-16 14:41:05.587,415.85042453012113,5
2024-09-16 14:41:05.609,415.8292862802238,12
2024-09-16 14:41:05.718,415.7889512836658,13
2024-09-16 14:41:05.761,415.8534069659034,100
2024-09-16 14:41:05.804,415.81158993763904,1004
2024-09-16 14:41:05.817,415.8589012376307,10
2024-09-16 14:41:05.856,415.88964852074656,999
2024-09-16 14:41:05.903,415.8787709313468,9
2024-09-16 14:41:05.965,415.8075540078006,1005
2024-09-16 14:41:06.270,415.8139190747522,102
2024-09-16 14:41:06.424,415.8013146300874,1001
2024-09-16 14:41:06.795,415.81323565284976,100
2024-09-16 14:41:07.069,415.8273582815149,998
2024-09-16 14:41:07.282,415.8003340099377,9
2024-09-16 14:41:07.301,415.8293841475544,101
2024-09-16 14:41:07.302,415.841757470696,104
2024-09-16 14:41:07.404,415.8110574983634,996
2024-09-16 14:41:07.518,415.81208448238505,998
2024-09-16 14:41:07.529,415.8069817783391,10
2024-09-16 14:41:07.576,415.7904507934642,1003
2024-09-16 14:41:07.722,415.7961067591069,105
2024-09-16 14:41:07.879,415.8196057101427,1001
2024-09-16 14:41:07.884,415.8014010401408,95
2024-09-16 14:41:07.943,415.8468122555976,1005
2024-09-16 14:41:08.123,415.8529729848253,999
2024-09-16 14:41:08.151,415.84901004639295,10
2024-09-16 14:41:08.204,415.8447900658373,15
2024-09-16 14:41:08.271,415.8348727251251,97
2024-09-16 14:41:08.346,415.8675175866094,8
2024-09-16 14:41:08.542,415.8677766255301,11
2024-09-16 14:41:08.590,419.2283234467272,999
2024-09-16 14:41:08.763,415.8510272552732,96
2024-09-16 14:41:09.074,415.8777512768088,1001
2024-09-16 14:41:09.184,415.8337883968225,99
2024-09-16 14:41:09.185,415.90213788374194,97
2024-09-16 14:41:09.193,415.8658184950023,104
2024-09-16 14:41:09.247,415.92943944455146,7
2024-09-16 14:41:09.272,415.8525271550161,105
2024-09-16 14:41:09.282,415.9116622606491,95
2024-09-16 14:41:09.316,415.86650781603896,9
2024-09-16 14:41:09.328,415.854942370314,104
2024-09-16 14:41:09.373,415.91599332962,104
2024-09-16 14:41:09.498,415.89636651646697,998
2024-09-16 14:41:09.530,415.8535901325958,101
2024-09-16 14:41:09.551,415.9014828206268,100
2024-09-16 14:41:09.566,415.8801389098872,13
2024-09-16 14:41:09.568,415.92519991284473,7
2024-09-16 14:41:09.675,415.861391309586,996
2024-09-16 14:41:09.820,415.8538487206236,998
2024-09-16 14:41:09.948,415.8716097650181,13
2024-09-16 14:41:10.025,415.96911371665465,101
2024-09-16 14:41:10.251,415.9830826247429,10
2024-09-16 14:41:10.439,415.9522754073317,103
2024-09-16 14:41:10.610,415.9463105140353,102
2024-09-16 14:41:11.213,415.96271241130665,1001
2024-09-16 14:41:12.092,415.95247374643486,13
2024-09-16 14:41:12.264,415.9431691583456,97
2024-09-16 14:41:12.318,415.9653557121037,11
2024-09-16 14:41:12.457,415.9533231105343,105
2024-09-16 14:41:12.525,415.96620938717257,100
2024-09-16 14:41:12.532,415.93432608270354,8
2024-09-16 14:41:12.590,415.9460583321177,97
2024-09-16 14:41:12.620,415.9664949519076,9
2024-09-16 14:41:12.638,415.9662899408296,104
2024-09-16 14:41:12.664,415.96107783580857,1004
2024-09-16 14:41:12.703,415.9470975446301,99
2024-09-16 14:41:12.777,415.9513596232034,996
2024-09-16 14:41:12.903,415.9294680649133,98
2024-09-16 14:41:13.726,415.97544584224727,15
2024-09-16 14:41:14.261,415.9517696564067,101
2024-09-16 14:41:14.266,415.96791844590734,105
2024-09-16 14:41:14.366,415.9615414935224,12
2024-09-16 14:41:14.429,415.95485845151535,7
2024-09-16 14:41:14.438,415.96539602849793,7
2024-09-16 14:41:14.611,416.0020338285902,9
2024-09-16 14:41:14.650,415.967567912724,1001
2024-09-16 14:41:14.696,415.9686352770805,12
2024-09-16 14:41:14.929,415.9771537222809,99
2024-09-16 14:41:14.974,415.9520368466126,15
2024-09-16 14:41:15.374,416.0012416753594,97
2024-09-16 14:41:15.576,416.01617240041634,96
2024-09-16 14:41:15.664,416.0233758791518,12
2024-09-16 14:41:15.676,416.0256086651625,1003
2024-09-16 14:41:15.695,416.0161325812551,14
2024-09-16 14:41:15.759,416.00279339933,999
2024-09-16 14:41:15.778,416.0076380301702,1002
2024-09-16 14:41:15.823,416.0179607298653,14
2024-09-16 14:41:15.850,416.0116288574732,5
2024-09-16 14:41:15.871,416.0284960092959,1003
2024-09-16 14:41:15.871,416.01131441244416,97
2024-09-16 14:41:15.949,416.02123466966447,97
2024-09-16 14:41:16.035,415.8668204800693,1003
2024-09-16 14:41:16.111,415.8697597556998,1002
2024-09-16 14:41:16.205,415.902645208352,10
2024-09-16 14:41:16.209,415.8215442385623,12
2024-09-16 14:41:16.299,415.96977688904514,97
2024-09-16 14:41:16.374,415.8572625246318,999
2024-09-16 14:41:16.416,415.96543249000285,15
2024-09-16 14:41:16.482,416.00196030411706,7
2024-09-16 14:41:16.513,415.9883358484306,998
2024-09-16 14:41:16.526,415.8773685107632,96
2024-09-16 14:41:16.695,415.9326030493704,14
2024-09-16 14:41:16.727,415.8911110536485,11
2024-09-16 14:41:16.729,415.87574977721744,5
2024-09-16 14:41:16.731,415.8668286365456,11
2024-09-16 14:41:16.748,415.9091908327043,1001
2024-09-16 14:41:16.768,415.9259880384758,12
2024-09-16 14:41:16.795,415.8426579791751,7
2024-09-16 14:41:16.803,416.0002933188675,8
2024-09-16 14:41:16.873,415.92033107023,14
2024-09-16 14:41:16.874,415.8981980413948,999
2024-09-16 14:41:16.888,415.89814238099495,15
2024-09-16 14:41:16.907,419.2416960027268,9
2024-09-16 14:41:16.998,415.9929841966191,5
2024-09-16 14:41:17.256,415.7762723846436,101
2024-09-16 14:41:17.315,415.809734205496,15
2024-09-16 14:41:17.374,415.7389094466584,98
2024-09-16 14:41:17.378,415.75131770531465,96
2024-09-16 14:41:17.392,415.7867027363241,997
2024-09-16 14:41:17.399,415.79375492056926,15
2024-09-16 14:41:17.657,415.7588175521636,14
2024-09-16 14:41:17.703,415.7791892219189,11
2024-09-16 14:41:17.815,415.7622904461949,1004
2024-09-16 14:41:18.281,415.7486520867973,96
2024-09-16 14:41:18.796,415.7432921194902,995
2024-09-16 14:41:19.055,415.70193943326336,1004
2024-09-16 14:41:19.650,415.7437414522784,10
2024-09-16 14:41:19.677,415.7366495952113,104
2024-09-16 14:41:19.969,415.7281284385949,14
2024-09-16 14:41:20.200,415.7448788871578,15
2024-09-16 14:41:20.771,415.7267454989279,95
2024-09-16 14:41:21.276,415.72046983192047,996
2024-09-16 14:41:21.304,415.7235947627037,5
2024-09-16 14:41:21.600,415.7277224412824,105
2024-09-16 14:41:21.618,415.7313503952347,14
2024-09-16 14:41:22.028,415.71054352428587,13
2024-09-16 14:41:22.064,415.6476808743035,998
2024-09-16 14:41:22.228,415.6472606381031,1000
2024-09-16 14:41:22.243,415.7158556043621,995
2024-09-16 14:41:22.281,415.6887192149728,15
2024-09-16 14:41:22.332,415.6600754430305,9
2024-09-16 14:41:22.375,415.6814806499713,98
2024-09-16 14:41:22.444,415.6468422059195,103
2024-09-16 14:41:22.551,415.65771808291066,6
2024-09-16 14:41:22.687,415.7288788469356,1005
2024-09-16 14:41:22.861,415.64427736255647,1001
2024-09-16 14:41:22.876,415.672058077215,999
2024-09-16 14:41:23.269,415.6554760145612,6
2024-09-16 14:41:23.349,415.6470506179464,95
2024-09-16 14:41:23.452,415.6466104868146,104
2024-09-16 14:41:23.585,415.6572329171356,101
2024-09-16 14:41:23.760,415.6339382511223,995
2024-09-16 14:41:23.770,415.65311726844976,1001
2024-09-16 14:41:23.787,415.65888101992334,10
2024-09-16 14:41:23.788,415.6602223230013,105
2024-09-16 14:41:23.960,415.6434036748943,11
2024-09-16 14:41:24.003,415.6735937520443,103
2024-09-16 14:41:24.048,415.62792284206887,103
2024-09-16 14:41:24.052,415.6659528920465,999
2024-09-16 14:41:24.091,415.62617675324753,1004
2024-09-16 14:41:24.105,419.3575115374067,997
2024-09-16 14:41:24.110,415.63522943080494,97
2024-09-16 14:41:24.153,,14
2024-09-16 14:41:24.162,415.6449463518151,998
2024-09-16 14:41:24.205,-415.6421082197341,5
2024-09-16 14:41:24.247,415.6192805181352,1002
2024-09-16 14:41:24.365,415.6234695484202,99
2024-09-16 14:41:24.441,415.61970408232514,104
2024-09-16 14:41:24.507,415.6306506706775,1001
2024-09-16 14:41:24.537,415.6071662768933,101
2024-09-16 14:41:24.541,415.6145113016774,12
2024-09-16 14:41:24.591,415.6483297899364,105
2024-09-16 14:41:24.654,415.6409851891513,6
2024-09-16 14:41:24.795,415.6631087750215,95
2024-09-16 14:41:24.964,415.6529813050561,8
2024-09-16 14:41:25.042,415.6494586625219,96
2024-09-16 14:41:25.047,415.6739701914883,97
2024-09-16 14:41:25.082,415.6566968588274,995
2024-09-16 14:41:25.271,415.67312914221856,104
2024-09-16 14:41:25.429,415.67794678271946,10
2024-09-16 14:41:25.632,415.6864532645145,95
2024-09-16 14:41:25.982,415.63624802823534,11
2024-09-16 14:41:26.026,415.5606064091414,102
2024-09-16 14:41:26.203,415.54965653347256,1005
2024-09-16 14:41:26.231,415.54498802559885,6
2024-09-16 14:41:26.349,415.6198344021235,95
2024-09-16 14:41:26.383,415.53296082589407,1000
2024-09-16 14:41:26.432,415.5238559227972,1005
2024-09-16 14:41:26.502,415.5772177309048,99
2024-09-16 14:41:26.547,415.5657412289089,1000
2024-09-16 14:41:26.559,415.54716396333527,100
2024-09-16 14:41:26.592,415.53610244876427,1003
2024-09-16 14:41:26.678,415.5472021985805,105
2024-09-16 14:41:26.714,415.52260572701744,103
2024-09-16 14:41:26.761,415.53319400993786,5
2024-09-16 14:41:26.764,415.5308685093956,105
2024-09-16 14:41:26.764,415.533799924134,1001
2024-09-16 14:41:26.943,415.5429126197407,1004
2024-09-16 14:41:27.043,415.5190310398368,105
2024-09-16 14:41:27.652,415.5181058378007,101
2024-09-16 14:41:28.058,415.5644238611709,15
2024-09-16 14:41:28.062,415.5657687011234,1003
2024-09-16 14:41:28.100,415.5902045594103,996
2024-09-16 14:41:28.150,415.577815046506,995
2024-09-16 14:41:28.167,415.5584659538799,102
2024-09-16 14:41:28.174,415.5405204637712,6
2024-09-16 14:41:28.222,415.57604671720406,12
2024-09-16 14:41:28.268,415.5619481356462,95
2024-09-16 14:41:28.277,415.57088982266777,1001
2024-09-16 14:41:28.284,415.58198932298393,97
2024-09-16 14:41:28.338,-415.5572672805796,6
2024-09-16 14:41:28.354,415.5626250437416,6
2024-09-16 14:41:28.357,415.5792380006568,105
2024-09-16 14:41:28.398,415.56445044933287,8
2024-09-16 14:41:28.576,415.5575637025796,101
2024-09-16 14:41:28.631,415.5632356427773,1003
2024-09-16 14:41:28.644,415.5343871889433,100
2024-09-16 14:41:28.864,415.5485294287164,15
2024-09-16 14:41:28.893,415.5354869208268,97
2024-09-16 14:41:28.950,415.5555015033471,11
2024-09-16 14:41:28.976,415.59782716934336,10
2024-09-16 14:41:28.976,415.575202565175,6
2024-09-16 14:41:28.992,415.56927974798776,1004
2024-09-16 14:41:29.080,415.5461861119797,9
2024-09-16 14:41:29.084,415.6255945481949,99
2024-09-16 14:41:29.086,415.6132289883183,103
2024-09-16 14:41:29.092,415.57857807094007,7
2024-09-16 14:41:29.153,415.5821754158955,98
2024-09-16 14:41:29.177,415.60324186777433,995
2024-09-16 14:41:29.204,415.6066323810055,95
2024-09-16 14:41:29.212,419.273572624384,1004
2024-09-16 14:41:29.230,415.6198678252157,998
2024-09-16 14:41:29.300,415.5768000868712,105
2024-09-16 14:41:29.479,415.5869036399909,995
2024-09-16 14:41:29.481,415.5565379763302,15
2024-09-16 14:41:29.492,415.58392449789966,103
2024-09-16 14:41:29.555,415.59092231843886,8
2024-09-16 14:41:29.556,415.6472644399397,8
2024-09-16 14:41:29.604,415.5620733271776,9
2024-09-16 14:41:29.617,415.593893688326,12
2024-09-16 14:41:29.653,-415.5595853650052,8
2024-09-16 14:41:29.660,415.5547136905473,5
2024-09-16 14:41:29.672,415.5835507753053,97
2024-09-16 14:41:29.722,415.56235693232185,102
2024-09-16 14:41:29.775,415.5766212436919,105
2024-09-16 14:41:29.983,415.6158398204754,9
2024-09-16 14:41:29.988,415.5875625766764,104
2024-09-16 14:41:30.011,415.61490958754416,1003
2024-09-16 14:41:30.138,415.55624490446274,997
2024-09-16 14:41:30.141,415.5499935396228,11
2024-09-16 14:41:30.203,415.5744149008256,5
2024-09-16 14:41:30.230,415.5741261349452,100
2024-09-16 14:41:30.232,415.5948639907498,1002
2024-09-16 14:41:30.504,415.5604538425785,995
2024-09-16 14:41:30.515,415.55396901840186,100
2024-09-16 14:41:30.632,415.5903701089719,1005
2024-09-16 14:41:30.633,415.558161466649,8
2024-09-16 14:41:30.683,415.5791267100846,7
2024-09-16 14:41:30.770,415.5940889977593,14
2024-09-16 14:41:30.905,415.56403989726056,99
2024-09-16 14:41:30.912,415.5868978824438,1001
2024-09-16 14:41:30.945,415.57268312080765,100
2024-09-16 14:41:30.961,415.5724541332463,103
2024-09-16 14:41:31.179,415.5536435198976,10
2024-09-16 14:41:31.276,415.549522002302,105
2024-09-16 14:41:31.408,415.5404484225523,100
2024-09-16 14:41:31.431,415.5339838055616,995
2024-09-16 14:41:31.537,415.5463272700462,10
2024-09-16 14:41:31.988,415.55630642736304,11
2024-09-16 14:41:31.996,415.5419628484018,95
2024-09-16 14:41:32.008,415.5999292585974,97
2024-09-16 14:41:32.155,415.6075289233589,95
2024-09-16 14:41:32.169,415.56870854498055,996
2024-09-16 14:41:32.294,415.5983308879506,97
2024-09-16 14:41:32.560,415.5814013921666,104
2024-09-16 14:41:32.634,415.6053710867248,12
2024-09-16 14:41:32.862,415.60767115739225,100
2024-09-16 14:41:32.924,415.562676945717,9
2024-09-16 14:41:32.982,415.6188763167661,1005
2024-09-16 14:41:33.710,415.60440103687375,14
2024-09-16 14:41:34.117,415.6444791770509,14
2024-09-16 14:41:34.191,415.68009960727306,1000
2024-09-16 14:41:34.321,415.6477583378466,13
2024-09-16 14:41:34.593,415.68408778040737,997
2024-09-16 14:41:34.599,415.6533843455898,1005
2024-09-16 14:41:34.605,415.6237691693568,10
2024-09-16 14:41:34.777,415.6682463926519,6
2024-09-16 14:41:34.821,415.6879711504809,101
2024-09-16 14:41:34.935,415.6357499353035,101
2024-09-16 14:41:34.935,415.6736697421785,7
2024-09-16 14:41:35.023,415.62447323361766,996
2024-09-16 14:41:35.043,415.67874858409954,104
2024-09-16 14:41:35.082,415.6721871193161,998
2024-09-16 14:41:35.139,415.6702952469432,9
2024-09-16 14:41:35.258,415.6685939010444,1004
2024-09-16 14:41:35.265,415.6412786821032,1004
2024-09-16 14:41:35.318,415.6533038314646,99
2024-09-16 14:41:35.335,415.6407078319008,99
2024-09-16 14:41:35.343,415.6097837072066,7
2024-09-16 14:41:35.348,41.55865995494951,997
2024-09-16 14:41:35.361,415.5877242051408,14
2024-09-16 14:41:35.382,415.6366076724192,101
2024-09-16 14:41:35.447,415.6385215235903,1003
2024-09-16 14:41:35.737,415.63643217670847,1005
2024-09-16 14:41:35.832,415.6685469797328,1004
2024-09-16 14:41:35.901,415.593693214712,995
2024-09-16 14:41:35.907,415.61657991758426,997
2024-09-16 14:41:35.910,415.6709638991054,1005
2024-09-16 14:41:35.925,415.58776668196174,1000
2024-09-16 14:41:35.933,415.6401742884857,1003
2024-09-16 14:41:35.934,415.6651419266512,104
2024-09-16 14:41:35.985,415.6318016765059,105
2024-09-16 14:41:36.235,415.58297841383046,101
2024-09-16 14:41:36.868,415.6013422915063,998
2024-09-16 14:41:36.873,415.5782355785734,8
2024-09-16 14:41:36.924,415.6060920525877,98
2024-09-16 14:41:36.962,415.59361344553474,999
2024-09-16 14:41:37.493,415.5962749280503,5
2024-09-16 14:41:38.105,,999
2024-09-16 14:41:38.141,415.611336900416,1005
2024-09-16 14:41:38.162,415.6799936400239,1005
2024-09-16 14:41:38.188,415.6354665551503,95
2024-09-16 14:41:38.191,415.646297279739,999
2024-09-16 14:41:38.279,415.6041107614206,5
2024-09-16 14:41:38.290,415.6522807369644,5
2024-09-16 14:41:38.297,415.6995168511879,98
2024-09-16 14:41:38.334,415.6929415684707,101
2024-09-16 14:41:38.430,415.6820607378504,998
2024-09-16 14:41:38.457,415.604330245716,1001
2024-09-16 14:41:38.523,415.6855122290003,104
2024-09-16 14:41:38.581,415.5987307322391,99
2024-09-16 14:41:38.732,415.6048062414454,100
2024-09-16 14:41:38.827,415.6311568811044,998
2024-09-16 14:41:38.834,415.6618458225248,1000
2024-09-16 14:41:38.835,415.60821274576864,101
2024-09-16 14:41:38.842,415.62990950443583,102
2024-09-16 14:41:38.863,415.6129480408156,6
2024-09-16 14:41:39.008,415.7099155250468,101
2024-09-16 14:41:39.019,415.6954172276426,997
2024-09-16 14:41:39.025,415.7176682272062,998
2024-09-16 14:41:39.071,415.7033469280182,100
2024-09-16 14:41:39.128,415.7025276198201,14
2024-09-16 14:41:39.217,415.6963481797522,11
2024-09-16 14:41:39.268,415.7073706688196,995
2024-09-16 14:41:39.274,415.7216538756375,14
2024-09-16 14:41:39.310,415.70610041625446,102
2024-09-16 14:41:39.322,415.6982756812458,10
2024-09-16 14:41:39.375,415.7079563582696,1000
2024-09-16 14:41:39.500,415.68499070675296,5
2024-09-16 14:41:39.520,-415.70335692941535,996
2024-09-16 14:41:39.602,415.6916612034528,8
2024-09-16 14:41:39.632,415.6964456934092,1004
2024-09-16 14:41:39.664,415.6816599687579,8
2024-09-16 14:41:39.759,415.7021650887658,10
2024-09-16 14:41:39.791,415.7051860627035,1005
2024-09-16 14:41:39.794,415.7134568709653,6
2024-09-16 14:41:39.849,415.6864845060943,1004
2024-09-16 14:41:39.862,415.720204733101,100
2024-09-16 14:41:39.907,415.7191117714544,105
2024-09-16 14:41:40.073,415.6767495255596,14
2024-09-16 14:41:40.098,415.70384759313856,6
2024-09-16 14:41:40.206,415.7097372186472,9
2024-09-16 14:41:40.250,,1005
2024-09-16 14:41:40.292,415.7041271804184,14
2024-09-16 14:41:40.327,415.69331558180585,103
2024-09-16 14:41:40.348,415.6786997497356,15
2024-09-16 14:41:40.395,415.7018943551189,998
2024-09-16 14:41:40.398,415.6899267674492,98
2024-09-16 14:41:40.475,415.67507962718224,995
2024-09-16 14:41:40.530,415.66493945292666,105
2024-09-16 14:41:40.571,415.6942399872984,100
2024-09-16 14:41:40.584,415.7225510178085,1005
2024-09-16 14:41:40.620,415.69736693969327,1002
2024-09-16 14:41:40.650,415.6831115802208,99
2024-09-16 14:41:40.676,415.6909312840975,13
2024-09-16 14:41:40.677,415.6957638807726,100
2024-09-16 14:41:40.816,415.74040187827217,97
2024-09-16 14:41:40.918,415.7176300012233,1000
2024-09-16 14:41:40.935,415.6809197889683,104
2024-09-16 14:41:40.953,415.71950312275777,8
2024-09-16 14:41:40.973,415.6845186489366,6
2024-09-16 14:41:40.999,415.66205245167725,10
2024-09-16 14:41:41.408,415.73484084874553,997
2024-09-16 14:41:41.825,415.7364711230944,10
2024-09-16 14:41:42.044,415.7442712750101,100
2024-09-16 14:41:42.116,415.7236411132927,1005
2024-09-16 14:41:42.123,415.7299873155608,1001
2024-09-16 14:41:42.244,,7
2024-09-16 14:41:42.272,415.7481059294629,996
2024-09-16 14:41:42.277,415.7418555761628,96
2024-09-16 14:41:42.313,415.71319677127366,1004
2024-09-16 14:41:42.518,415.703025395384,15
2024-09-16 14:41:42.590,415.7317023019218,98
2024-09-16 14:41:42.638,415.7525407323403,11
2024-09-16 14:41:42.701,415.6941642556078,995
2024-09-16 14:41:42.729,415.6951569777784,98
2024-09-16 14:41:42.737,415.72766359470506,96
2024-09-16 14:41:42.761,415.7031847946172,102
2024-09-16 14:41:42.802,415.7285723311393,95
2024-09-16 14:41:42.833,415.7317834498348,1005
2024-09-16 14:41:43.085,415.72185320323,997
2024-09-16 14:41:43.096,415.7040364908446,1000
2024-09-16 14:41:43.119,415.6954212191022,97
2024-09-16 14:41:43.142,415.6907424944948,96
2024-09-16 14:41:43.168,415.68093490922354,1005
2024-09-16 14:41:43.349,415.6950040266392,1004
2024-09-16 14:41:43.350,415.7253776031302,996
2024-09-16 14:41:43.400,415.7008822426404,12
2024-09-16 14:41:43.424,415.70011575536586,1002
2024-09-16 14:41:43.425,415.6795110684393,95
2024-09-16 14:41:43.465,415.70747964864114,10
2024-09-16 14:41:43.504,415.6981054971426,7
2024-09-16 14:41:43.576,415.6899857404508,101
2024-09-16 14:41:43.577,415.6984784845479,103
2024-09-16 14:41:43.594,415.694714703255,105
2024-09-16 14:41:43.596,415.6978847787384,7
2024-09-16 14:41:43.618,415.6835974011194,96
2024-09-16 14:41:43.638,415.6923429708414,6
2024-09-16 14:41:43.679,415.69874487743647,100
2024-09-16 14:41:43.700,415.69211146657113,8
2024-09-16 14:41:43.703,415.6755752952912,998
2024-09-16 14:41:43.770,415.7098742484693,101
2024-09-16 14:41:43.777,415.70112112791776,1001
2024-09-16 14:41:43.803,415.7080840558343,996
2024-09-16 14:41:43.833,415.7182649374289,97
2024-09-16 14:41:43.909,415.7197522529672,103
2024-09-16 14:41:43.970,415.7053551028417,99
2024-09-16 14:41:44.311,415.7015020179929,96
2024-09-16 14:41:44.379,415.6998228790328,7
2024-09-16 14:41:44.435,415.7110181230076,997
2024-09-16 14:41:44.472,415.7275181091821,103
2024-09-16 14:41:44.507,415.70020492671614,103
2024-09-16 14:41:44.549,415.7093710257407,10
2024-09-16 14:41:45.044,415.6524743631689,14
2024-09-16 14:41:45.060,415.6552717860537,14
2024-09-16 14:41:45.076,415.6646432977884,995
2024-09-16 14:41:45.088,415.6287784069223,95
2024-09-16 14:41:45.144,415.6368336972779,9
2024-09-16 14:41:45.177,415.6449236414072,96
2024-09-16 14:41:45.185,415.6254022138996,8
2024-09-16 14:41:45.242,415.6702292762308,5
2024-09-16 14:41:45.252,419.4659065301367,98
2024-09-16 14:41:45.286,415.65026298992,995
2024-09-16 14:41:45.348,415.68504670465376,101
2024-09-16 14:41:45.353,415.6604222524643,1005
2024-09-16 14:41:45.370,415.636790968462,998
2024-09-16 14:41:45.393,415.6068959091735,1001
2024-09-16 14:41:45.429,415.6126248084219,13
2024-09-16 14:41:45.444,,1001
2024-09-16 14:41:45.462,415.6338465068356,1001
2024-09-16 14:41:45.567,415.6803104293554,104
2024-09-16 14:41:45.574,415.6760951287666,9
2024-09-16 14:41:45.578,415.7048899502219,995
2024-09-16 14:41:45.683,415.6937494021902,1003
2024-09-16 14:41:45.691,415.64612015782,999
2024-09-16 14:41:45.720,415.6378869917865,95
2024-09-16 14:41:45.736,415.644098323815,95
2024-09-16 14:41:45.768,415.6111798656479,100
2024-09-16 14:41:45.828,415.6387813953032,9
2024-09-16 14:41:45.859,415.6422369941714,997
2024-09-16 14:41:45.934,415.68172887816985,103
2024-09-16 14:41:45.973,415.6882160783381,95
2024-09-16 14:41:46.053,415.6524141436776,101
2024-09-16 14:41:46.055,415.6586852944126,998
2024-09-16 14:41:46.150,415.67674490298543,7
2024-09-16 14:41:46.229,415.6708673867296,14
2024-09-16 14:41:46.244,415.6571006642892,5
2024-09-16 14:41:46.303,415.69473723236393,97
2024-09-16 14:41:46.345,415.6944104100856,102
2024-09-16 14:41:46.454,415.68459011721006,104
2024-09-16 14:41:46.519,415.66703873810144,95
2024-09-16 14:41:46.624,415.6628010194301,995
2024-09-16 14:41:46.769,415.6925676292181,12
2024-09-16 14:41:46.773,415.6883480133652,1001
2024-09-16 14:41:46.850,415.6599014023625,8
2024-09-16 14:41:46.878,415.6465080414763,6
2024-09-16 14:41:46.907,415.6994759111403,1000
2024-09-16 14:41:46.912,415.67574252166,102
2024-09-16 14:41:46.916,415.6678822463565,1003
2024-09-16 14:41:46.922,415.6584311551534,105
2024-09-16 14:41:46.954,415.7014525191499,14
2024-09-16 14:41:46.999,415.6529122881509,997
2024-09-16 14:41:47.151,415.65112817969657,100
2024-09-16 14:41:47.169,415.6565654189628,1002
2024-09-16 14:41:47.249,415.6435668400901,13
2024-09-16 14:41:47.931,415.65514633643926,104
2024-09-16 14:41:48.113,415.5807547247108,6
2024-09-16 14:41:48.195,415.6149759923889,11
2024-09-16 14:41:48.271,415.5657204270672,10
2024-09-16 14:41:48.314,415.5360584737128,5
2024-09-16 14:41:48.341,415.55806948891626,99
2024-09-16 14:41:48.419,415.6223431664321,1002
2024-09-16 14:41:48.424,415.59057153293577,8
2024-09-16 14:41:48.527,415.58567902156886,98
2024-09-16 14:41:48.566,415.6324919311115,13
2024-09-16 14:41:48.566,415.6251299477701,999
2024-09-16 14:41:48.612,415.5471654916803,101
2024-09-16 14:41:48.619,415.64198019569415,98
2024-09-16 14:41:48.626,41.56327615902202,102
2024-09-16 14:41:48.666,415.60419397357407,1001
2024-09-16 14:41:48.669,415.595679899598,10
2024-09-16 14:41:48.701,415.56466451712,104
2024-09-16 14:41:48.702,415.6145720448352,7
2024-09-16 14:41:48.822,415.6130803882206,1004
2024-09-16 14:41:48.849,415.5263952493067,1001
2024-09-16 14:41:48.908,415.5500026110236,7
2024-09-16 14:41:48.922,415.56657962792167,999
2024-09-16 14:41:48.934,415.5740730918165,96
2024-09-16 14:41:50.002,415.5353599408037,1001
2024-09-16 14:41:50.168,415.5485520385199,15
2024-09-16 14:41:50.221,415.55110560839097,13
2024-09-16 14:41:50.356,415.54528964516805,104
2024-09-16 14:41:50.433,415.5507392057051,1000
2024-09-16 14:41:50.777,415.5501668655475,1000
2024-09-16 14:41:50.779,419.6820855282029,104
2024-09-16 14:41:51.242,415.5045151063685,12
2024-09-16 14:41:51.396,415.512877000108,995
2024-09-16 14:41:51.437,415.5399743177727,11
2024-09-16 14:41:51.485,415.5102779227504,9
2024-09-16 14:41:51.509,415.5449039517126,1001
2024-09-16 14:41:51.533,415.5161868649955,10
2024-09-16 14:41:51.645,415.5242826119366,103
2024-09-16 14:41:51.694,415.5191843981784,7
2024-09-16 14:41:51.851,415.5124940392398,9
2024-09-16 14:41:51.861,415.5189396435186,999
2024-09-16 14:41:51.974,415.52759377797247,12
2024-09-16 14:41:52.094,415.6067347966928,99
2024-09-16 14:41:52.200,415.5519663941882,998
2024-09-16 14:41:52.273,415.5393626136995,9
2024-09-16 14:41:52.275,415.5572908761837,11
2024-09-16 14:41:52.308,-415.571128598136,96
2024-09-16 14:41:52.423,415.625957577428,997
2024-09-16 14:41:52.431,415.5781173538371,8
2024-09-16 14:41:52.537,415.59112884890055,9
2024-09-16 14:41:52.715,415.5271083866714,95
2024-09-16 14:41:52.782,415.53318624439,9
2024-09-16 14:41:52.787,415.6006178290395,999
2024-09-16 14:41:52.818,-415.64169504385984,8
2024-09-16 14:41:52.887,415.570368238882,995
2024-09-16 14:41:53.168,415.6280385935982,96
2024-09-16 14:41:53.253,415.6526137297512,8
2024-09-16 14:41:53.258,415.6115688950537,97
2024-09-16 14:41:53.329,415.6666179173094,105
2024-09-16 14:41:53.337,415.6299473805967,102
2024-09-16 14:41:53.479,415.6177582484744,1000
2024-09-16 14:41:53.479,415.6272987422027,12
2024-09-16 14:41:53.497,415.6611484600306,5
2024-09-16 14:41:53.497,415.6517817922603,95
2024-09-16 14:41:53.548,415.665056909958,105
2024-09-16 14:41:53.795,415.6268365156423,6
2024-09-16 14:41:53.811,415.6208423086737,1004
2024-09-16 14:41:53.841,415.66375550944537,8
2024-09-16 14:41:53.854,415.6229356291512,95
2024-09-16 14:41:53.957,415.6711432441329,999
2024-09-16 14:41:54.094,415.57807712148747,99
2024-09-16 14:41:54.276,415.6117318834614,6
2024-09-16 14:41:54.478,415.6170457280384,102
2024-09-16 14:41:54.504,415.61430335651465,1000
2024-09-16 14:41:54.573,415.6277089397761,96
2024-09-16 14:41:54.862,415.64641000056486,1001
2024-09-16 14:41:54.876,415.5984817388109,6
2024-09-16 14:41:54.881,415.6144186167039,15
2024-09-16 14:41:55.014,415.5907096492029,96
2024-09-16 14:41:55.075,415.5964746017925,99
2024-09-16 14:41:55.151,415.596296688157,101
2024-09-16 14:41:55.284,415.545279751371,100
2024-09-16 14:41:55.394,415.5909766593848,996
2024-09-16 14:41:55.434,415.590889987736,9
2024-09-16 14:41:55.448,415.5911891213616,96
2024-09-16 14:41:55.515,415.5730739562025,1005
2024-09-16 14:41:55.616,415.53465964366086,98
2024-09-16 14:41:55.634,415.5708228845833,97
2024-09-16 14:41:55.672,415.52705852355285,12
2024-09-16 14:41:55.742,415.5454667852616,5
2024-09-16 14:41:55.913,415.5573998284058,97
2024-09-16 14:41:55.915,415.5755351083999,10
2024-09-16 14:41:56.008,415.5928769269188,95
2024-09-16 14:41:56.022,415.5655646913141,997
2024-09-16 14:41:56.133,415.5870406493679,99
2024-09-16 14:41:56.142,415.5387924114337,1001
2024-09-16 14:41:56.147,415.5650017260329,1002
2024-09-16 14:41:56.187,415.5847309391695,997
2024-09-16 14:41:56.323,415.5901244770479,10
2024-09-16 14:41:56.403,415.5430949109478,99
2024-09-16 14:41:56.454,415.57517824950185,1005
2024-09-16 14:41:56.569,415.5962884869304,95
2024-09-16 14:41:56.620,415.5799423716232,9
2024-09-16 14:41:56.680,415.5694515661653,996
2024-09-16 14:41:56.728,415.60092510224166,11
2024-09-16 14:41:56.801,41.5577358856402,1004
2024-09-16 14:41:56.827,415.5900185274821,997
2024-09-16 14:41:56.833,415.5890523586426,104
2024-09-16 14:41:56.840,415.5415003378101,7
2024-09-16 14:41:56.892,415.52965262676906,995
2024-09-16 14:41:56.903,415.6018396165666,99
2024-09-16 14:41:56.992,415.5571188559562,999
2024-09-16 14:41:57.090,415.5690007431294,1000
2024-09-16 14:41:57.129,415.5766446540415,1002
2024-09-16 14:41:57.230,415.6049238510029,1003
2024-09-16 14:41:57.279,415.54191728200544,997
2024-09-16 14:41:57.317,415.55974129641385,995
2024-09-16 14:41:57.361,415.5651103509146,1004
2024-09-16 14:41:57.364,415.5403665178448,96
2024-09-16 14:41:57.389,415.5559114529852,7
2024-09-16 14:41:57.404,415.5209256644468,998
2024-09-16 14:41:57.421,415.5920721421852,12
2024-09-16 14:41:57.477,415.52627283601663,8
2024-09-16 14:41:57.515,415.5343757419404,104
2024-09-16 14:41:57.541,415.54158676365176,102
2024-09-16 14:41:57.544,415.5537935159907,1002
2024-09-16 14:41:57.559,415.56069619481457,12
2024-09-16 14:41:57.709,415.5984931923227,14
2024-09-16 14:41:57.739,415.53113130804593,7
2024-09-16 14:41:57.770,415.5107588071669,98
2024-09-16 14:41:57.857,415.5605320342556,100
2024-09-16 14:41:57.862,415.5092797601547,996
2024-09-16 14:41:57.912,415.5420678179323,100
2024-09-16 14:41:57.941,415.59856746763614,8
2024-09-16 14:41:57.985,415.5197189615357,97
2024-09-16 14:41:58.017,415.4792438167033,996
2024-09-16 14:41:58.069,415.4925324607746,9
2024-09-16 14:41:58.080,415.49767743492384,1005
2024-09-16 14:41:58.084,415.4732223262327,998
2024-09-16 14:41:58.086,415.4793464446553,104
2024-09-16 14:41:58.169,415.5065834801911,105
2024-09-16 14:41:58.227,415.4509723737264,105
2024-09-16 14:41:58.317,415.48894823660993,13
2024-09-16 14:41:58.439,415.54956671255314,15
2024-09-16 14:41:58.465,415.43783043458654,1003
2024-09-16 14:41:58.498,415.42834400645296,995
2024-09-16 14:41:58.541,415.5508420767751,1003
2024-09-16 14:41:58.562,415.4604097639725,13
2024-09-16 14:41:58.594,415.4450048163672,96
2024-09-16 14:41:58.615,415.4594128549113,1003
2024-09-16 14:41:58.711,415.4271937130301,15
2024-09-16 14:41:58.747,415.486357646684,8
2024-09-16 14:41:58.750,415.5098414850665,1001
2024-09-16 14:41:58.784,415.4449842622002,1001
2024-09-16 14:41:58.820,415.4286629151632,11
2024-09-16 14:41:58.859,415.5258323326162,101
2024-09-16 14:41:58.875,415.4396560234009,996
2024-09-16 14:41:58.898,415.4746504455533,997
2024-09-16 14:41:58.973,415.44641864619103,1003
2024-09-16 14:41:59.002,415.4644087681393,103
2024-09-16 14:41:59.004,415.4159716084796,1001
2024-09-16 14:41:59.130,415.4324348443943,11
2024-09-16 14:41:59.298,415.4854323586047,998
2024-09-16 14:41:59.350,415.4391053295116,995
2024-09-16 14:41:59.360,415.4309920156498,10
2024-09-16 14:41:59.370,415.457410829664,15
2024-09-16 14:41:59.532,415.4221446023922,1002
2024-09-16 14:41:59.616,415.479520427133,7
2024-09-16 14:41:59.623,415.421395806955,7
2024-09-16 14:41:59.649,415.43807752913705,6
2024-09-16 14:41:59.686,415.4627948752708,997
2024-09-16 14:41:59.798,415.4400674098614,996
2024-09-16 14:41:59.816,415.4024684436237,999
