Timestamp,Price,Size
2024-09-17 14:40:00.059,407.1735297074374,1004
2024-09-17 14:40:00.117,-407.1958427913968,104
2024-09-17 14:40:00.277,407.2099452317778,13
2024-09-17 14:40:00.340,407.1795650617223,102
2024-09-17 14:40:00.344,407.134998590845,996
2024-09-17 14:40:00.410,407.2134647112169,5
2024-09-17 14:40:00.491,407.1930321479997,14
2024-09-17 14:40:00.494,407.1753054470792,102
2024-09-17 14:40:00.501,407.14899249913327,1002
2024-09-17 14:40:00.526,407.2089064111856,8
2024-09-17 14:40:00.632,407.1438811850742,99
2024-09-17 14:40:00.660,407.1100358854016,999
2024-09-17 14:40:00.711,407.14008315777295,999
2024-09-17 14:40:00.717,407.1457694587343,102
2024-09-17 14:40:00.735,407.1338467353913,15
2024-09-17 14:40:00.785,407.1508671866855,996
2024-09-17 14:40:00.827,407.2045463148056,99
2024-09-17 14:40:00.884,407.18105907920864,995
2024-09-17 14:40:00.929,407.1476964689889,11
2024-09-17 14:40:00.932,407.21467868662177,13
2024-09-17 14:40:00.955,407.1752896683242,1000
2024-09-17 14:40:01.008,407.1738079326989,15
2024-09-17 14:40:01.014,407.1385580611873,96
2024-09-17 14:40:01.050,407.1811681799023,12
2024-09-17 14:40:01.139,407.15200023765016,11
2024-09-17 14:40:01.309,407.1670308029128,102
2024-09-17 14:40:01.373,407.13808447196647,15
2024-09-17 14:40:01.408,407.1338251223967,98
2024-09-17 14:40:01.549,407.1516471503836,105
2024-09-17 14:40:01.599,407.1484557294075,5
2024-09-17 14:40:01.779,407.145787181704,104
2024-09-17 14:40:02.099,407.1732310551264,996
2024-09-17 14:40:02.233,407.1849452295924,995
2024-09-17 14:40:02.343,407.1895912386998,1004
2024-09-17 14:40:02.345,407.25945167956365,1004
2024-09-17 14:40:02.501,407.2036281392949,1003
2024-09-17 14:40:02.553,416.0698800852074,100
2024-09-17 14:40:02.588,407.23423915733287,99
2024-09-17 14:40:02.596,407.2201578260331,1001
2024-09-17 14:40:02.876,407.1783742341119,1001
2024-09-17 14:40:02.951,407.243138881282,105
2024-09-17 14:40:03.097,407.3100118377957,100
2024-09-17 14:40:03.199,407.28071509025546,104
2024-09-17 14:40:03.331,407.28292575750686,99
2024-09-17 14:40:03.341,407.3391952391738,95
2024-09-17 14:40:03.352,407.33024906024417,99
2024-09-17 14:40:03.379,407.2846981460983,6
2024-09-17 14:40:03.409,407.3507472193919,105
2024-09-17 14:40:03.448,407.309040810909,12
2024-09-17 14:40:03.486,407.29464424563423,997
2024-09-17 14:40:03.517,407.3123220591029,98
2024-09-17 14:40:03.641,407.2875892590572,98
2024-09-17 14:40:03.643,407.25873710920825,96
2024-09-17 14:40:03.671,407.2950705108719,1004
2024-09-17 14:40:03.789,407.3187638326244,104
2024-09-17 14:40:03.824,407.30543859341856,105
2024-09-17 14:40:03.926,407.269383462644,101
2024-09-17 14:40:03.933,407.310121918884,14
2024-09-17 14:40:05.012,407.350684114745,10
2024-09-17 14:40:05.256,407.3347815519196,8
2024-09-17 14:40:05.285,407.3624508687714,1004
2024-09-17 14:40:05.323,407.35970571780166,11
2024-09-17 14:40:05.340,407.3586675735344,996
2024-09-17 14:40:05.408,407.3672915393365,1001
2024-09-17 14:40:05.537,407.3736837309035,1002
2024-09-17 14:40:05.541,407.36005785146585,9
2024-09-17 14:40:05.670,407.3920262704747,96
2024-09-17 14:40:05.693,,15
2024-09-17 14:40:05.696,407.3897671025418,1003
2024-09-17 14:40:05.846,407.366315251176,6
2024-09-17 14:40:05.856,407.3890235319549,15
2024-09-17 14:40:05.876,407.3841077861984,15
2024-09-17 14:40:05.966,407.3493889773045,99
2024-09-17 14:40:05.999,407.37600142742514,1001
2024-09-17 14:40:06.123,407.356248669058,998
2024-09-17 14:40:06.254,407.32762556063807,1003
2024-09-17 14:40:06.341,407.3398955925232,99
2024-09-17 14:40:06.379,407.339880822057,997
2024-09-17 14:40:06.498,407.3635503925019,1003
2024-09-17 14:40:06.517,407.35599741083473,1003
2024-09-17 14:40:06.571,407.3235818478802,10
2024-09-17 14:40:06.810,407.33802897637554,12
2024-09-17 14:40:06.825,407.33332462959305,96
2024-09-17 14:40:06.834,407.3183955674921,96
2024-09-17 14:40:06.890,407.3254603188481,103
2024-09-17 14:40:06.905,407.3573572594012,1002
2024-09-17 14:40:06.921,407.3365282298381,996
2024-09-17 14:40:06.933,407.3472968848362,997
2024-09-17 14:40:06.992,407.3580586906161,12
2024-09-17 14:40:07.003,407.3535587038181,95
2024-09-17 14:40:07.408,407.36728406234494,1001
2024-09-17 14:40:07.485,407.3518739842336,15
2024-09-17 14:40:07.542,407.35031321963777,97
2024-09-17 14:40:07.605,407.3590220973404,14
2024-09-17 14:40:07.624,407.35061825397503,15
2024-09-17 14:40:07.647,407.3541353271216,98
2024-09-17 14:40:07.703,407.3345204830828,105
2024-09-17 14:40:07.718,407.3509680977545,15
2024-09-17 14:40:07.719,407.34759240826014,100
2024-09-17 14:40:07.908,407.33297313804513,999
2024-09-17 14:40:08.008,407.433514736225,96
2024-09-17 14:40:08.023,407.3725195071728,101
2024-09-17 14:40:08.080,407.4100285671821,998
2024-09-17 14:40:08.163,407.4098362133663,8
2024-09-17 14:40:08.212,407.3890130832221,995
2024-09-17 14:40:08.215,407.4186792703635,11
2024-09-17 14:40:08.236,407.45207253575774,9
2024-09-17 14:40:08.245,407.3561536589728,9
2024-09-17 14:40:08.262,407.4888264225228,11
2024-09-17 14:40:08.342,407.4101281091641,96
2024-09-17 14:40:08.355,407.3717793804271,9
2024-09-17 14:40:08.366,407.4614409835233,15
2024-09-17 14:40:08.373,407.4682008883693,998
2024-09-17 14:40:08.433,407.43643381814695,104
2024-09-17 14:40:08.442,407.4053818887792,9
2024-09-17 14:40:08.460,,9
2024-09-17 14:40:08.547,407.4460907199983,1002
2024-09-17 14:40:08.594,407.41799122109927,105
2024-09-17 14:40:08.597,407.436367078765,996
2024-09-17 14:40:08.653,407.39821165140313,103
2024-09-17 14:40:08.684,407.4393810722358,998
2024-09-17 14:40:08.728,407.4052960604349,1005
2024-09-17 14:40:08.827,407.3972735447888,99
2024-09-17 14:40:08.865,407.439513903994,102
2024-09-17 14:40:08.875,407.4673396712783,1002
2024-09-17 14:40:08.883,407.43961681024274,8
2024-09-17 14:40:08.952,407.4057134569925,13
2024-09-17 14:40:09.009,407.41491668338887,100
2024-09-17 14:40:09.039,407.3911862652403,1001
2024-09-17 14:40:09.041,407.4382864244939,101
2024-09-17 14:40:09.102,407.3961726729027,105
2024-09-17 14:40:09.116,407.40109541010105,1004
2024-09-17 14:40:09.142,407.4286678733161,998
2024-09-17 14:40:09.171,407.4307279922963,14
2024-09-17 14:40:09.196,407.3708882041591,12
2024-09-17 14:40:09.250,407.3824839647279,999
2024-09-17 14:40:09.295,407.4230977862831,100
2024-09-17 14:40:09.313,407.39588179728577,104
2024-09-17 14:40:09.370,407.3731149776616,1004
2024-09-17 14:40:09.413,-407.4354751264085,105
2024-09-17 14:40:09.435,407.3796762612444,1003
2024-09-17 14:40:09.477,407.43422859930274,996
2024-09-17 14:40:09.493,407.4336947431533,99
2024-09-17 14:40:09.510,407.37033093318087,14
2024-09-17 14:40:09.541,407.4141606755904,12
2024-09-17 14:40:09.631,407.3619708605357,12
2024-09-17 14:40:09.637,40.73952277665413,996
2024-09-17 14:40:09.639,407.43572078870807,100
2024-09-17 14:40:09.691,407.3798724490518,95
2024-09-17 14:40:09.757,407.43971884974536,101
2024-09-17 14:40:09.778,407.3932592924781,95
2024-09-17 14:40:09.883,407.36609349801455,6
2024-09-17 14:40:09.930,407.4219778662865,100
2024-09-17 14:40:09.939,407.3990280924664,95
2024-09-17 14:40:09.979,407.45588584296974,96
2024-09-17 14:40:10.017,407.47084200524046,1003
2024-09-17 14:40:10.022,407.5133263022286,101
2024-09-17 14:40:10.032,407.4520353166568,105
2024-09-17 14:40:10.103,407.4930177398092,99
2024-09-17 14:40:10.127,407.46277027634665,10
2024-09-17 14:40:10.177,407.48462622897335,9
2024-09-17 14:40:10.205,407.4520688360564,12
2024-09-17 14:40:10.286,407.4751500411661,1000
2024-09-17 14:40:10.304,407.4354905596868,5
2024-09-17 14:40:10.342,407.4817940570928,103
2024-09-17 14:40:10.349,407.4773017539535,1005
2024-09-17 14:40:10.381,407.4663715689705,1004
2024-09-17 14:40:10.547,407.458621499882,1004
2024-09-17 14:40:10.550,407.408318282921,1005
2024-09-17 14:40:10.579,407.49341468720615,12
2024-09-17 14:40:10.596,407.51526547555966,99
2024-09-17 14:40:10.604,407.4860915864709,102
2024-09-17 14:40:10.641,407.40057026584464,105
2024-09-17 14:40:10.671,407.3842945041009,6
2024-09-17 14:40:10.687,407.4728395052012,1000
2024-09-17 14:40:10.754,407.3944276848529,6
2024-09-17 14:40:10.761,407.4946363524816,8
2024-09-17 14:40:10.781,407.4308551547382,11
2024-09-17 14:40:10.796,407.4885011392323,998
2024-09-17 14:40:10.911,407.4727506530872,1004
2024-09-17 14:40:10.933,407.50753768900665,13
2024-09-17 14:40:10.981,407.489979102927,1004
2024-09-17 14:40:10.999,407.3907617183585,9
2024-09-17 14:40:11.155,407.5417980052797,1005
2024-09-17 14:40:11.328,-407.5173257783747,5
2024-09-17 14:40:11.372,407.509410799748,95
2024-09-17 14:40:11.426,407.5172741235869,1000
2024-09-17 14:40:11.601,407.4968412573534,8
2024-09-17 14:40:11.660,407.5077438759282,1004
2024-09-17 14:40:11.674,407.5100697549326,104
2024-09-17 14:40:11.687,407.5211270093805,1004
2024-09-17 14:40:11.732,407.51573254800303,98
2024-09-17 14:40:11.733,407.5499664403996,8
2024-09-17 14:40:11.765,407.52416478543694,998
2024-09-17 14:40:11.801,407.534231796163,102
2024-09-17 14:40:11.918,407.5024330227019,7
2024-09-17 14:40:11.973,407.5439991053244,95
2024-09-17 14:40:11.979,-407.562806586304,1000
2024-09-17 14:40:12.031,407.52454170555694,105
2024-09-17 14:40:12.263,407.527180078048,104
2024-09-17 14:40:12.279,407.52013014957873,995
2024-09-17 14:40:12.427,407.5536031284392,7
2024-09-17 14:40:12.557,407.5402164006219,12
2024-09-17 14:40:12.592,407.545212726864,1005
2024-09-17 14:40:12.815,415.8850487286519,996
2024-09-17 14:40:12.917,407.5863014527412,1003
2024-09-17 14:40:12.932,407.5754440737256,10
2024-09-17 14:40:13.012,407.651833758167,95
2024-09-17 14:40:13.014,407.57023881522633,1004
2024-09-17 14:40:13.035,407.5917675257922,100
2024-09-17 14:40:13.117,407.6697438629295,99
2024-09-17 14:40:13.140,407.6249012091816,105
2024-09-17 14:40:13.253,407.67582377763046,7
2024-09-17 14:40:13.259,407.55508305477537,5
2024-09-17 14:40:13.501,407.6180641943101,1004
2024-09-17 14:40:13.543,407.64063304430624,105
2024-09-17 14:40:13.577,407.5674285492119,99
2024-09-17 14:40:13.628,,10
2024-09-17 14:40:13.775,407.6338873312585,97
2024-09-17 14:40:13.895,407.5853581558112,8
2024-09-17 14:40:13.903,407.5713809151226,15
2024-09-17 14:40:13.912,407.65311988671016,10
2024-09-17 14:40:13.942,407.5533160898708,1005
2024-09-17 14:40:14.426,407.688323746227,97
2024-09-17 14:40:14.489,415.87560395916336,1002
2024-09-17 14:40:14.935,407.6836303189789,101
2024-09-17 14:40:15.087,407.6872533593408,999
2024-09-17 14:40:15.098,407.7186391845975,1002
2024-09-17 14:40:15.108,407.7135976138501,101
2024-09-17 14:40:15.147,407.6927748638002,7
2024-09-17 14:40:15.176,407.6980096647509,14
2024-09-17 14:40:15.188,407.707602552172,98
2024-09-17 14:40:15.329,407.6603382526545,5
2024-09-17 14:40:15.339,407.6922192683186,997
2024-09-17 14:40:15.347,407.6986778579725,11
2024-09-17 14:40:15.400,407.72951760463343,996
2024-09-17 14:40:15.461,407.657808747817,99
2024-09-17 14:40:15.493,407.66418378272107,999
2024-09-17 14:40:15.503,407.7003613629681,6
2024-09-17 14:40:15.522,407.72899956668334,97
2024-09-17 14:40:15.561,407.6994219706548,1000
2024-09-17 14:40:15.620,407.7100896694034,1004
2024-09-17 14:40:15.626,407.6770254557825,97
2024-09-17 14:40:15.628,407.6786034726449,11
2024-09-17 14:40:15.641,407.6992481708488,995
2024-09-17 14:40:15.666,407.69927003437886,8
2024-09-17 14:40:15.669,407.6941407669853,98
2024-09-17 14:40:15.748,407.67324217481297,6
2024-09-17 14:40:15.760,407.6905116601167,10
2024-09-17 14:40:15.816,407.6672245307517,1003
2024-09-17 14:40:15.943,407.6824081795531,15
2024-09-17 14:40:15.972,407.6701133459485,1003
2024-09-17 14:40:16.017,407.7049499668903,999
2024-09-17 14:40:16.039,407.7362614228362,1004
2024-09-17 14:40:16.054,407.7020372998892,13
2024-09-17 14:40:16.148,407.698359989905,11
2024-09-17 14:40:16.202,407.7466965031857,1002
2024-09-17 14:40:16.226,407.7055462672664,99
2024-09-17 14:40:16.286,407.7114879885397,98
2024-09-17 14:40:16.300,415.9471379392242,1000
2024-09-17 14:40:16.427,407.7151284019532,14
2024-09-17 14:40:16.441,407.7326881009899,95
2024-09-17 14:40:16.448,407.7353690880796,8
2024-09-17 14:40:16.611,407.7219021919845,99
2024-09-17 14:40:16.656,407.7228484209456,9
2024-09-17 14:40:16.739,407.6978303200106,12
2024-09-17 14:40:16.784,407.7131463784828,1000
2024-09-17 14:40:16.804,407.71782088812967,98
2024-09-17 14:40:16.839,407.7418539484714,104
2024-09-17 14:40:16.860,407.69526167085576,10
2024-09-17 14:40:17.113,-407.7004652320615,5
2024-09-17 14:40:17.182,407.6468269287794,1003
2024-09-17 14:40:17.217,407.6676879387998,101
2024-09-17 14:40:17.228,407.6747785382772,1004
2024-09-17 14:40:17.270,407.6439762777416,7
2024-09-17 14:40:17.354,-407.65301759569456,1005
2024-09-17 14:40:17.500,407.6976396023017,101
2024-09-17 14:40:17.535,407.7031840094275,1001
2024-09-17 14:40:17.629,407.6790529249437,1000
2024-09-17 14:40:17.684,407.65326269186096,99
2024-09-17 14:40:17.690,407.6937707504333,1005
2024-09-17 14:40:17.842,407.6517513369432,1003
2024-09-17 14:40:17.875,407.65103448953846,1000
2024-09-17 14:40:17.938,407.648083210243,102
2024-09-17 14:40:18.011,407.6505865191159,105
2024-09-17 14:40:18.165,407.6562252014887,13
2024-09-17 14:40:18.262,407.6333210698151,996
2024-09-17 14:40:18.312,407.6559062961382,10
2024-09-17 14:40:18.349,407.6750160031855,101
2024-09-17 14:40:18.521,407.65589134133,997
2024-09-17 14:40:18.582,407.6311511152307,6
2024-09-17 14:40:18.652,407.6380732752812,6
2024-09-17 14:40:18.703,407.6524477770077,98
2024-09-17 14:40:18.792,407.6569801525769,9
2024-09-17 14:40:18.816,407.6302390745794,15
2024-09-17 14:40:18.819,407.6498728993411,15
2024-09-17 14:40:18.915,407.6753730630828,12
2024-09-17 14:40:19.003,407.6383788895478,11
2024-09-17 14:40:19.026,407.63481817255496,998
2024-09-17 14:40:19.140,407.658194726198,14
2024-09-17 14:40:19.168,407.7069732304994,104
2024-09-17 14:40:19.205,407.6990424194327,101
2024-09-17 14:40:19.216,407.6207585592677,996
2024-09-17 14:40:19.276,407.6694920393858,9
2024-09-17 14:40:19.280,407.6333635938879,96
2024-09-17 14:40:19.299,407.6576477493172,11
2024-09-17 14:40:19.326,407.6441181915781,1003
2024-09-17 14:40:19.362,407.68922548868426,104
2024-09-17 14:40:19.384,407.6551613402717,11
2024-09-17 14:40:19.400,407.62249404959886,1000
2024-09-17 14:40:19.425,407.6514429409468,1000
2024-09-17 14:40:19.426,407.6602403550508,996
2024-09-17 14:40:19.478,407.7047912561776,1004
2024-09-17 14:40:19.496,407.648801885097,5
2024-09-17 14:40:19.590,407.71158623976726,999
2024-09-17 14:40:19.655,407.6385882736879,104
2024-09-17 14:40:19.699,407.6251853570475,1004
2024-09-17 14:40:19.758,407.66262771495394,1003
2024-09-17 14:40:19.766,407.7195373456069,999
2024-09-17 14:40:19.788,407.649804301809,996
2024-09-17 14:40:19.801,407.6932422921456,1000
2024-09-17 14:40:19.802,407.6199656053328,996
2024-09-17 14:40:19.810,407.6625700429262,104
2024-09-17 14:40:19.825,407.6182426041948,102
2024-09-17 14:40:19.901,407.6296096045844,12
2024-09-17 14:40:20.028,407.6776376428222,999
2024-09-17 14:40:20.108,407.7096825882389,13
2024-09-17 14:40:20.182,407.74202700839504,9
2024-09-17 14:40:20.201,407.69801349895897,9
2024-09-17 14:40:20.248,407.6648450691603,999
2024-09-17 14:40:20.261,407.6871131169999,5
2024-09-17 14:40:20.298,407.73612434443794,103
2024-09-17 14:40:20.322,407.67510784049546,97
2024-09-17 14:40:20.399,407.7180407099308,1001
2024-09-17 14:40:20.549,407.74144364741255,96
2024-09-17 14:40:20.580,407.7070348320899,996
2024-09-17 14:40:20.598,407.7082903701847,5
2024-09-17 14:40:20.751,407.71887077160375,104
2024-09-17 14:40:20.922,407.7454732090729,10
2024-09-17 14:40:20.981,407.7298817146165,1004
2024-09-17 14:40:21.006,407.7051984177617,1004
2024-09-17 14:40:21.025,407.71307278519066,14
2024-09-17 14:40:21.027,407.7473562949843,14
2024-09-17 14:40:21.111,407.7095810660074,1000
2024-09-17 14:40:21.150,407.69352428018016,1000
2024-09-17 14:40:21.169,407.7288683580334,996
2024-09-17 14:40:21.179,407.72309625052713,1002
2024-09-17 14:40:21.224,407.71077677553984,1003
2024-09-17 14:40:21.257,407.6947938484452,101
2024-09-17 14:40:21.260,407.715552126347,105
2024-09-17 14:40:21.261,407.7181113616719,104
2024-09-17 14:40:21.406,407.7364935106874,7
2024-09-17 14:40:21.452,407.7163917076081,1004
2024-09-17 14:40:21.463,407.736387417839,103
2024-09-17 14:40:21.484,407.7227729066911,7
2024-09-17 14:40:21.678,407.7497294263359,999
2024-09-17 14:40:21.688,407.7132614779797,1002
2024-09-17 14:40:21.740,407.7275694568437,12
2024-09-17 14:40:21.747,407.7113833808786,8
2024-09-17 14:40:21.778,407.70405367833854,95
2024-09-17 14:40:21.789,407.7026795139744,96
2024-09-17 14:40:21.838,407.704185817362,1001
2024-09-17 14:40:21.909,407.7478164391644,7
2024-09-17 14:40:21.917,407.7168956580304,11
2024-09-17 14:40:21.936,407.7132780833591,99
2024-09-17 14:40:21.941,407.7437226062612,12
2024-09-17 14:40:21.975,407.7499641876991,105
2024-09-17 14:40:22.025,407.70953252536697,100
2024-09-17 14:40:22.101,407.7111130186557,99
2024-09-17 14:40:22.175,407.7223648066592,99
2024-09-17 14:40:22.188,407.6660064813826,998
2024-09-17 14:40:22.225,407.7192983252499,98
2024-09-17 14:40:22.277,407.6962675937931,13
2024-09-17 14:40:22.315,407.7160252049992,6
2024-09-17 14:40:22.351,407.702398388851,998
2024-09-17 14:40:22.364,407.6801252832936,1004
2024-09-17 14:40:22.472,407.7299613479238,1000
2024-09-17 14:40:22.499,407.7092461696346,8
2024-09-17 14:40:22.503,407.6734124155259,9
2024-09-17 14:40:22.647,407.7111379234405,9
2024-09-17 14:40:22.654,407.71697719847856,6
2024-09-17 14:40:22.785,407.6697714877927,102
2024-09-17 14:40:22.823,407.7250204964727,98
2024-09-17 14:40:22.828,407.7288978960195,103
2024-09-17 14:40:22.853,407.7216879543405,997
2024-09-17 14:40:22.870,407.69698533998513,996
2024-09-17 14:40:24.029,407.6146897549029,96
2024-09-17 14:40:24.076,415.8018876778438,1000
2024-09-17 14:40:24.114,407.6424832072368,102
2024-09-17 14:40:24.119,407.6269709801248,5
2024-09-17 14:40:24.145,407.6525232454213,5
2024-09-17 14:40:24.272,407.6609964157285,1000
2024-09-17 14:40:24.298,407.630290975566,1005
2024-09-17 14:40:24.333,407.6492995790904,1001
2024-09-17 14:40:24.346,407.6664974625776,105
2024-09-17 14:40:24.360,407.6418240155173,99
2024-09-17 14:40:24.387,407.60678847767673,1001
2024-09-17 14:40:24.402,407.6253218075557,13
2024-09-17 14:40:24.412,407.6415222552995,1001
2024-09-17 14:40:24.512,407.63537463276526,12
2024-09-17 14:40:24.610,407.6399641302807,14
2024-09-17 14:40:24.620,407.6269018283149,97
2024-09-17 14:40:24.644,407.628695907714,1002
2024-09-17 14:40:24.655,407.62706319988354,95
2024-09-17 14:40:24.681,407.6393886352181,97
2024-09-17 14:40:24.714,407.63959614552135,1000
2024-09-17 14:40:24.757,407.643452374552,12
2024-09-17 14:40:24.776,407.5888622725756,996
2024-09-17 14:40:24.840,407.65202253835264,1004
2024-09-17 14:40:24.846,407.61988114022,5
2024-09-17 14:40:24.944,407.6007109365788,98
2024-09-17 14:40:24.945,407.604776978151,105
2024-09-17 14:40:24.964,407.66399978516966,1005
2024-09-17 14:40:24.969,407.6432234179982,5
2024-09-17 14:40:24.979,407.62482385573287,98
2024-09-17 14:40:24.984,407.6344616994053,1000
2024-09-17 14:40:24.986,407.6739408987002,8
2024-09-17 14:40:26.181,407.619635538161,14
2024-09-17 14:40:26.280,407.62472059465057,997
2024-09-17 14:40:26.965,407.6170522262223,1000
2024-09-17 14:40:27.057,407.61929184219065,9
2024-09-17 14:40:27.067,407.6557820315901,98
2024-09-17 14:40:27.085,407.6495699497586,998
2024-09-17 14:40:27.184,407.6584197371324,14
2024-09-17 14:40:27.189,407.6635805009397,14
2024-09-17 14:40:27.242,407.6629544104388,5
2024-09-17 14:40:27.277,407.6179339679078,8
2024-09-17 14:40:27.334,407.6730960650812,998
2024-09-17 14:40:27.446,407.6749427637141,11
2024-09-17 14:40:27.468,407.6689454201841,7
2024-09-17 14:40:27.513,407.661259955399,13
2024-09-17 14:40:27.577,40.76574596906938,997
2024-09-17 14:40:27.696,407.6773084740907,1005
2024-09-17 14:40:27.745,407.6800200282112,5
2024-09-17 14:40:27.751,407.6506234318536,1000
2024-09-17 14:40:27.752,407.6756412204402,1000
2024-09-17 14:40:27.777,407.6812958659869,14
2024-09-17 14:40:27.777,407.6623773275221,10
2024-09-17 14:40:27.787,407.67372579121326,96
2024-09-17 14:40:27.803,407.63509152910825,102
2024-09-17 14:40:27.811,407.6798917989484,15
2024-09-17 14:40:27.820,407.6714852963141,997
2024-09-17 14:40:27.856,407.694764368047,13
2024-09-17 14:40:27.876,407.6779433646496,95
2024-09-17 14:40:27.879,407.6817120168392,10
2024-09-17 14:40:27.886,407.6604225305418,12
2024-09-17 14:40:27.978,407.6679605104864,1003
2024-09-17 14:40:27.985,407.6792577500946,102
2024-09-17 14:40:28.007,407.7014150129145,999
2024-09-17 14:40:28.012,407.6825687011861,998
2024-09-17 14:40:28.084,407.69109936478327,10
2024-09-17 14:40:28.189,407.6738293399595,11
2024-09-17 14:40:28.244,407.7399085879815,99
2024-09-17 14:40:28.331,407.72369149608096,1004
2024-09-17 14:40:28.514,407.7252988088266,103
2024-09-17 14:40:28.533,407.7085214043384,1001
2024-09-17 14:40:28.749,407.7254883405496,1003
2024-09-17 14:40:28.859,407.70216494973874,1004
2024-09-17 14:40:28.879,407.7166870702928,999
2024-09-17 14:40:28.881,407.7204898984658,11
2024-09-17 14:40:29.007,407.8400646448829,10
2024-09-17 14:40:29.036,407.8271076389591,95
2024-09-17 14:40:29.090,407.8412194379669,99
2024-09-17 14:40:29.097,407.7546938109994,98
2024-09-17 14:40:29.117,407.7757711701724,1001
2024-09-17 14:40:29.121,407.7661879558785,1003
2024-09-17 14:40:29.146,407.7696975838309,1003
2024-09-17 14:40:29.185,407.8124617756865,105
2024-09-17 14:40:29.262,407.8307929882448,102
2024-09-17 14:40:29.347,407.7698164134958,15
2024-09-17 14:40:29.371,407.7876656889234,998
2024-09-17 14:40:29.383,407.7972002351706,105
2024-09-17 14:40:29.410,407.7649814540753,1000
2024-09-17 14:40:29.433,415.8257476910432,1003
2024-09-17 14:40:29.433,407.77666297576445,100
2024-09-17 14:40:29.580,407.75818207459326,996
2024-09-17 14:40:29.626,407.7441109907878,6
2024-09-17 14:40:29.672,407.7684282498776,998
2024-09-17 14:40:29.678,407.8333322805444,995
2024-09-17 14:40:29.713,40.77457565772004,8
2024-09-17 14:40:29.726,407.7388386148911,103
2024-09-17 14:40:29.761,407.75228663689904,11
2024-09-17 14:40:29.799,407.84450259537306,9
2024-09-17 14:40:29.802,407.7688969820909,999
2024-09-17 14:40:29.817,407.7804335625438,1004
2024-09-17 14:40:29.824,407.7939794731225,98
2024-09-17 14:40:29.878,407.73723580150806,995
2024-09-17 14:40:29.908,407.83299393872926,13
2024-09-17 14:40:29.927,407.8258730800071,101
2024-09-17 14:40:29.983,407.84204059136016,9
2024-09-17 14:40:30.252,407.77175001712567,1000
2024-09-17 14:40:30.513,407.76418345486456,104
2024-09-17 14:40:30.899,407.7516606828855,101
2024-09-17 14:40:31.040,407.76571063739937,14
2024-09-17 14:40:31.040,407.7252694430762,100
2024-09-17 14:40:31.052,407.7682855796307,100
2024-09-17 14:40:31.069,407.7656136841301,101
2024-09-17 14:40:31.124,407.7385683102501,5
2024-09-17 14:40:31.167,407.7405347121668,6
2024-09-17 14:40:31.302,407.7091340240331,14
2024-09-17 14:40:31.319,407.7495092931113,98
2024-09-17 14:40:31.340,407.74070024532926,98
2024-09-17 14:40:31.374,407.7413427857309,995
2024-09-17 14:40:31.496,407.7461531515575,999
2024-09-17 14:40:31.541,407.7342197479432,96
2024-09-17 14:40:31.556,407.729752576745,1000
2024-09-17 14:40:31.605,,11
2024-09-17 14:40:31.632,407.7338639166146,996
2024-09-17 14:40:31.635,407.73092052708864,9
2024-09-17 14:40:31.648,407.7201891020935,9
2024-09-17 14:40:31.788,407.7529661892905,95
2024-09-17 14:40:31.854,407.7372757379191,1003
2024-09-17 14:40:31.868,407.7528156248972,105
2024-09-17 14:40:31.880,407.7388226486349,104
2024-09-17 14:40:31.888,407.7656356169043,1002
2024-09-17 14:40:32.075,407.7497892629192,103
2024-09-17 14:40:32.078,407.7440129982828,97
2024-09-17 14:40:32.115,407.7313833541298,5
2024-09-17 14:40:32.319,407.7309303979055,100
2024-09-17 14:40:32.659,407.72332660951815,98
2024-09-17 14:40:32.777,407.7503812977511,103
2024-09-17 14:40:32.836,407.7455538481621,1001
2024-09-17 14:40:33.077,407.75054393848217,100
2024-09-17 14:40:33.102,407.768246691843,1004
2024-09-17 14:40:33.128,407.7728785451628,101
2024-09-17 14:40:33.179,407.7585709154441,10
2024-09-17 14:40:33.361,407.7761206664873,12
2024-09-17 14:40:33.401,407.750368193956,996
2024-09-17 14:40:33.456,407.7361623542976,99
2024-09-17 14:40:33.489,407.7561903932076,1000
2024-09-17 14:40:33.623,407.7505957949057,10
2024-09-17 14:40:33.669,407.7579303235693,1004
2024-09-17 14:40:33.718,407.7738705010754,96
2024-09-17 14:40:33.943,407.75072905678655,96
2024-09-17 14:40:34.043,407.74291220759306,95
2024-09-17 14:40:34.063,407.7404546014778,10
2024-09-17 14:40:34.116,407.7772928652325,996
2024-09-17 14:40:34.301,407.7387650878573,1003
2024-09-17 14:40:34.307,407.7759145193499,104
2024-09-17 14:40:34.341,407.7894986130996,6
2024-09-17 14:40:34.383,407.7413302134111,97
2024-09-17 14:40:34.395,407.74828405663095,1002
2024-09-17 14:40:34.505,407.78131388968825,11
2024-09-17 14:40:34.518,407.7699013664716,95
2024-09-17 14:40:34.593,407.7544200010772,11
2024-09-17 14:40:34.637,407.7861127528234,1001
2024-09-17 14:40:34.640,407.7392803405496,7
2024-09-17 14:40:34.664,407.7715965959315,95
2024-09-17 14:40:34.669,407.7434865668277,1005
2024-09-17 14:40:34.700,407.7729801959813,995
2024-09-17 14:40:34.716,407.7543152470401,1001
2024-09-17 14:40:34.814,407.7809472999325,1000
2024-09-17 14:40:34.835,407.7395751243382,15
2024-09-17 14:40:34.877,407.7394482762275,98
2024-09-17 14:40:34.882,407.7319422012707,13
2024-09-17 14:40:34.911,407.78199530493777,1003
2024-09-17 14:40:34.969,407.7621014236751,996
2024-09-17 14:40:35.100,,103
2024-09-17 14:40:35.129,407.7902885038872,1000
2024-09-17 14:40:35.144,407.7660241043536,995
2024-09-17 14:40:35.194,407.769154598296,101
2024-09-17 14:40:35.429,407.7650576012253,1001
2024-09-17 14:40:35.481,407.7695541170704,995
2024-09-17 14:40:35.991,407.7602998584694,103
2024-09-17 14:40:36.072,407.76945992309527,97
2024-09-17 14:40:36.169,407.767382294581,1005
2024-09-17 14:40:36.220,407.761075177255,104
2024-09-17 14:40:36.225,407.7604923076784,5
2024-09-17 14:40:36.341,407.7510477926482,105
2024-09-17 14:40:36.525,407.7462114277609,8
2024-09-17 14:40:36.576,407.7605177840105,99
2024-09-17 14:40:36.587,407.7657083296135,995
2024-09-17 14:40:36.626,407.7716623882199,98
2024-09-17 14:40:36.634,407.7533055224852,13
2024-09-17 14:40:36.797,407.7503841871064,103
2024-09-17 14:40:36.927,407.7582621185573,1002
2024-09-17 14:40:36.936,407.7548067003895,996
2024-09-17 14:40:37.045,407.8331303751592,99
2024-09-17 14:40:37.059,407.782289863389,102
2024-09-17 14:40:37.082,407.8209429425556,1001
2024-09-17 14:40:37.179,407.7649651834421,1002
2024-09-17 14:40:37.226,407.7958200805338,105
2024-09-17 14:40:37.253,407.8565259202428,996
2024-09-17 14:40:37.271,407.7750579354928,100
2024-09-17 14:40:37.295,407.7894219510145,7
2024-09-17 14:40:37.345,407.8108049594688,97
2024-09-17 14:40:37.347,407.8494853146768,13
2024-09-17 14:40:37.443,407.7693537267471,105
2024-09-17 14:40:37.446,407.76029065579854,96
2024-09-17 14:40:37.477,407.8056985911844,1003
2024-09-17 14:40:37.478,407.8193718656229,99
2024-09-17 14:40:37.532,407.8485189261296,5
2024-09-17 14:40:37.538,407.77867278875954,996
2024-09-17 14:40:37.559,407.7639943510142,998
2024-09-17 14:40:37.671,407.7891506118984,103
2024-09-17 14:40:37.701,407.7730599291687,6
2024-09-17 14:40:37.704,407.8341206243698,101
2024-09-17 14:40:37.740,407.7892236756341,1000
2024-09-17 14:40:37.746,407.7813018711992,103
2024-09-17 14:40:37.766,407.7664027340938,8
2024-09-17 14:40:37.767,407.833166437907,998
2024-09-17 14:40:37.780,407.802962855998,9
2024-09-17 14:40:37.780,407.8363471533679,11
2024-09-17 14:40:37.798,407.8438704613628,996
2024-09-17 14:40:37.896,407.7548675019596,998
2024-09-17 14:40:37.959,407.8232077179064,13
2024-09-17 14:40:38.004,407.8310526616482,98
2024-09-17 14:40:38.024,407.84492114736383,95
2024-09-17 14:40:38.050,407.8279247474328,1002
2024-09-17 14:40:38.128,407.806513373471,103
2024-09-17 14:40:38.159,407.8020447118066,997
2024-09-17 14:40:38.205,407.8097532198363,8
2024-09-17 14:40:38.296,407.8434260311439,11
2024-09-17 14:40:38.317,407.8662711909264,7
2024-09-17 14:40:38.331,407.79103367640926,14
2024-09-17 14:40:38.386,407.8177719475806,13
2024-09-17 14:40:38.458,407.8764954077007,105
2024-09-17 14:40:38.470,407.8115860859884,14
2024-09-17 14:40:38.484,407.7974383982223,13
2024-09-17 14:40:38.536,407.876831470682,1002
2024-09-17 14:40:38.547,407.8148870770788,101
2024-09-17 14:40:38.557,407.8044595353803,997
2024-09-17 14:40:38.613,407.83195954559017,1005
2024-09-17 14:40:38.627,407.8321089372421,996
2024-09-17 14:40:38.642,407.8668994630966,1005
2024-09-17 14:40:38.707,407.7773965518276,1001
2024-09-17 14:40:38.741,407.8453694008912,95
2024-09-17 14:40:38.754,407.8032582152583,104
2024-09-17 14:40:38.773,407.8699581515671,1001
2024-09-17 14:40:38.821,407.80391346348574,996
2024-09-17 14:40:38.839,407.8696564798945,1001
2024-09-17 14:40:38.929,407.8404108850685,995
2024-09-17 14:40:38.996,407.8714331078473,998
2024-09-17 14:40:39.007,407.8267723016791,101
2024-09-17 14:40:39.028,407.8237139432287,96
2024-09-17 14:40:39.048,407.8716648470727,1000
2024-09-17 14:40:39.078,,7
2024-09-17 14:40:39.108,407.8482775025332,15
2024-09-17 14:40:39.111,407.8296646829141,13
2024-09-17 14:40:39.165,407.8419526740572,98
2024-09-17 14:40:39.195,407.8502762765896,7
2024-09-17 14:40:39.214,407.88981530763937,105
2024-09-17 14:40:39.299,407.8218525144033,1000
2024-09-17 14:40:39.388,407.809253038322,103
2024-09-17 14:40:39.407,407.8684874929024,98
2024-09-17 14:40:39.416,407.8313670207894,12
2024-09-17 14:40:39.423,407.8562326118361,10
2024-09-17 14:40:39.428,407.8983495455023,995
2024-09-17 14:40:39.451,407.844735375058,6
2024-09-17 14:40:39.469,407.9009622031361,10
2024-09-17 14:40:39.481,407.8943481237879,105
2024-09-17 14:40:39.632,407.89605699336187,997
2024-09-17 14:40:39.818,407.8199312601293,1004
2024-09-17 14:40:39.865,407.82505127530726,1003
2024-09-17 14:40:39.918,407.8760114715637,100
2024-09-17 14:40:39.936,407.8717882384485,1005
2024-09-17 14:40:39.936,407.8164040658714,105
2024-09-17 14:40:39.968,407.84763535651257,1002
2024-09-17 14:40:39.981,407.8023609571169,102
2024-09-17 14:40:39.990,407.8206935067452,8
2024-09-17 14:40:39.995,407.8129625464517,96
2024-09-17 14:40:39.996,407.8893622705077,15
2024-09-17 14:40:40.037,407.9270922415965,1000
2024-09-17 14:40:40.058,407.91690895371215,998
2024-09-17 14:40:40.091,407.93014948713,998
2024-09-17 14:40:40.137,407.89440832666673,996
2024-09-17 14:40:40.176,407.8889600355781,995
2024-09-17 14:40:40.200,407.9038758605568,101
2024-09-17 14:40:40.279,407.9034934800552,104
2024-09-17 14:40:40.283,407.8991388228048,1004
2024-09-17 14:40:40.285,407.9048881331085,96
2024-09-17 14:40:40.286,407.8989009045095,997
2024-09-17 14:40:40.319,407.9070700952739,95
2024-09-17 14:40:40.414,407.9008888845243,998
2024-09-17 14:40:40.426,407.9131228074307,8
2024-09-17 14:40:40.455,-407.91353672799846,1001
2024-09-17 14:40:40.517,407.8942589613516,99
2024-09-17 14:40:40.569,407.90338416434895,999
2024-09-17 14:40:40.592,407.89538029500017,96
2024-09-17 14:40:40.675,407.90639755911263,11
2024-09-17 14:40:40.737,407.905210448728,95
2024-09-17 14:40:40.911,407.8728574168248,1005
2024-09-17 14:40:40.930,407.9061561909792,6
2024-09-17 14:40:40.953,407.9195563357278,998
2024-09-17 14:40:40.959,407.9079563402085,10
2024-09-17 14:40:42.166,407.9344587887914,6
2024-09-17 14:40:42.225,407.9350323765106,1004
2024-09-17 14:40:42.257,407.9446652111888,96
2024-09-17 14:40:42.340,407.9372872046278,12
2024-09-17 14:40:42.342,407.9446192693353,99
2024-09-17 14:40:42.417,407.9613131860053,998
2024-09-17 14:40:42.422,407.93393105504447,100
2024-09-17 14:40:42.585,407.9185809414288,1000
2024-09-17 14:40:43.016,407.91132345721735,96
2024-09-17 14:40:43.020,407.8298800099864,102
2024-09-17 14:40:43.094,407.8234843994787,995
2024-09-17 14:40:43.110,407.88023071600094,104
2024-09-17 14:40:43.128,407.8820974714447,7
2024-09-17 14:40:43.156,407.8779224344948,1002
2024-09-17 14:40:43.163,407.8834291108032,996
2024-09-17 14:40:43.184,407.8971860128766,96
2024-09-17 14:40:43.211,407.9326512014656,995
2024-09-17 14:40:43.217,407.8765722059634,1000
2024-09-17 14:40:43.234,407.91850897007896,8
2024-09-17 14:40:43.424,407.87811633316153,8
2024-09-17 14:40:43.462,407.9285176426067,96
2024-09-17 14:40:43.488,407.9017222229275,95
2024-09-17 14:40:43.532,407.8778555302668,997
2024-09-17 14:40:43.716,407.8640987276101,1001
2024-09-17 14:40:43.727,407.8478036227785,98
2024-09-17 14:40:43.743,407.9060822254257,12
2024-09-17 14:40:43.750,407.91306844656896,11
2024-09-17 14:40:43.835,407.8770149030315,103
2024-09-17 14:40:43.836,407.9409111762974,13
2024-09-17 14:40:43.865,407.89642561203846,1002
2024-09-17 14:40:43.912,407.9241909562601,11
2024-09-17 14:40:43.913,407.9144668675583,96
2024-09-17 14:40:44.001,407.8834904023412,104
2024-09-17 14:40:44.025,407.85950152082944,6
2024-09-17 14:40:44.089,407.9123967159748,10
2024-09-17 14:40:44.148,407.8860602732261,101
2024-09-17 14:40:44.187,407.8559940705145,10
2024-09-17 14:40:44.241,407.8695746445864,1002
2024-09-17 14:40:44.260,407.824640044906,13
2024-09-17 14:40:44.272,407.8632918244773,13
2024-09-17 14:40:44.359,407.8660145899677,11
2024-09-17 14:40:44.433,407.825931268916,100
2024-09-17 14:40:44.436,407.7870270521359,5
2024-09-17 14:40:44.497,407.8345517276165,1004
2024-09-17 14:40:44.508,407.8614883664627,95
2024-09-17 14:40:44.529,407.8151266274232,10
2024-09-17 14:40:44.600,407.8630773937442,101
2024-09-17 14:40:44.619,407.831626023533,997
2024-09-17 14:40:44.636,407.854622232545,1000
2024-09-17 14:40:44.651,407.8677979729813,13
2024-09-17 14:40:44.706,407.9210989111905,1003
2024-09-17 14:40:44.706,407.91700071225256,12
2024-09-17 14:40:44.710,407.8721218969055,96
2024-09-17 14:40:44.783,407.879050338442,9
2024-09-17 14:40:44.896,407.8571269081148,5
2024-09-17 14:40:46.161,407.888445446573,102
2024-09-17 14:40:46.176,407.88898109128905,11
2024-09-17 14:40:46.252,407.8911194293515,996
2024-09-17 14:40:46.500,415.5444705997058,999
2024-09-17 14:40:46.566,407.9146008941536,995
2024-09-17 14:40:46.619,407.89170160280383,998
2024-09-17 14:40:46.856,407.91116821632505,103
2024-09-17 14:40:47.008,407.96314594263646,101
2024-09-17 14:40:47.070,407.89259770332507,103
2024-09-17 14:40:47.114,407.91582158943993,97
2024-09-17 14:40:47.170,407.9024052715951,96
2024-09-17 14:40:47.172,415.53574687457535,104
2024-09-17 14:40:47.194,407.89378739917765,103
2024-09-17 14:40:47.205,407.9556961734673,98
2024-09-17 14:40:47.327,407.9285815244039,5
2024-09-17 14:40:47.418,407.8909197117783,1004
2024-09-17 14:40:47.469,407.9067635617385,8
2024-09-17 14:40:47.477,407.9258375740182,15
2024-09-17 14:40:47.524,407.8905276544489,5
2024-09-17 14:40:47.576,407.8787782624521,11
2024-09-17 14:40:47.582,407.9084687970903,998
2024-09-17 14:40:47.678,407.933948421547,1002
2024-09-17 14:40:47.712,407.93822843229736,998
2024-09-17 14:40:47.797,407.97528374268495,5
2024-09-17 14:40:47.805,407.9355044655986,100
2024-09-17 14:40:47.818,407.9125747918275,99
2024-09-17 14:40:47.823,-407.934442736462,96
2024-09-17 14:40:47.848,407.9174720238185,98
2024-09-17 14:40:47.865,407.8796023468918,104
2024-09-17 14:40:47.891,407.90732247764936,7
2024-09-17 14:40:47.931,407.97437506131394,996
2024-09-17 14:40:47.939,407.9783760029245,14
2024-09-17 14:40:48.002,407.89646746090045,6
2024-09-17 14:40:48.011,407.9321196229446,1003
2024-09-17 14:40:48.101,407.9015638499925,997
2024-09-17 14:40:48.101,407.9005804618369,11
2024-09-17 14:40:48.116,407.8979645083701,100
2024-09-17 14:40:48.138,407.8934436167976,15
2024-09-17 14:40:48.215,407.90786984906833,1000
2024-09-17 14:40:48.229,407.93631141987817,1003
2024-09-17 14:40:48.230,407.8809566742288,1004
2024-09-17 14:40:48.244,407.9003332909168,102
2024-09-17 14:40:48.288,407.8946294186913,95
2024-09-17 14:40:48.385,407.8826626767635,1003
2024-09-17 14:40:48.521,407.920405286185,98
2024-09-17 14:40:48.635,407.9370591856188,13
2024-09-17 14:40:48.687,407.9136384857571,104
2024-09-17 14:40:48.721,407.8977850725291,5
2024-09-17 14:40:48.734,407.9374658419426,99
2024-09-17 14:40:48.739,407.8859311740355,104
2024-09-17 14:40:48.763,407.8894174841866,13
2024-09-17 14:40:49.087,407.9070392078108,101
2024-09-17 14:40:49.240,,103
2024-09-17 14:40:49.240,407.8850141135332,102
2024-09-17 14:40:49.252,407.8813221274585,101
2024-09-17 14:40:49.298,407.8792611481948,1001
2024-09-17 14:40:49.334,407.88188281134313,101
2024-09-17 14:40:49.346,407.9277163572348,105
2024-09-17 14:40:49.488,407.91520078685966,1002
2024-09-17 14:40:49.635,407.89373193857097,95
2024-09-17 14:40:49.689,407.928954787378,97
2024-09-17 14:40:49.724,407.88752488258245,1000
2024-09-17 14:40:49.735,,15
2024-09-17 14:40:50.087,-407.9473246458887,5
2024-09-17 14:40:50.177,407.967192696686,9
2024-09-17 14:40:50.250,407.91606171163926,13
2024-09-17 14:40:50.283,407.95128426244713,8
2024-09-17 14:40:50.318,407.89510501556174,998
2024-09-17 14:40:50.332,407.9512127458386,1001
2024-09-17 14:40:50.375,407.94010127757264,9
2024-09-17 14:40:50.536,-407.90988873981934,5
2024-09-17 14:40:50.547,407.92069312645685,97
2024-09-17 14:40:50.555,407.8869149751321,101
2024-09-17 14:40:50.604,407.9667615310669,98
2024-09-17 14:40:50.738,407.9799661543311,11
2024-09-17 14:40:50.764,407.9664781329468,11
2024-09-17 14:40:50.874,407.9433657367964,1004
2024-09-17 14:40:51.012,407.93781240317776,11
2024-09-17 14:40:51.200,407.9518655067236,996
2024-09-17 14:40:51.208,407.90962700441713,997
2024-09-17 14:40:51.218,407.9619041698601,100
2024-09-17 14:40:51.220,407.9490760486865,98
2024-09-17 14:40:51.285,407.9418505365836,995
2024-09-17 14:40:51.296,407.9214230067712,103
2024-09-17 14:40:51.358,407.9486759146799,1003
2024-09-17 14:40:51.364,407.8890900728076,103
2024-09-17 14:40:51.417,407.9449926537145,1000
2024-09-17 14:40:51.421,407.9161132003478,7
2024-09-17 14:40:51.428,407.9052361389273,96
2024-09-17 14:40:51.430,407.9039662209256,98
2024-09-17 14:40:51.525,407.9378409396848,15
2024-09-17 14:40:51.537,407.9688125384751,15
2024-09-17 14:40:51.553,407.9240863365818,10
2024-09-17 14:40:51.585,407.9174587424965,13
2024-09-17 14:40:51.602,407.905473024492,96
2024-09-17 14:40:51.684,407.891958228336,998
2024-09-17 14:40:51.686,407.900708862338,6
2024-09-17 14:40:51.707,407.90851757705,1005
2024-09-17 14:40:51.718,407.96449639537394,1002
2024-09-17 14:40:51.753,407.9525821800914,1001
2024-09-17 14:40:51.758,407.9275270283055,8
2024-09-17 14:40:51.774,407.9421762373771,1005
2024-09-17 14:40:51.781,407.9461892276211,1000
2024-09-17 14:40:51.880,407.9492696722168,995
2024-09-17 14:40:51.896,407.9580413069916,97
2024-09-17 14:40:52.044,407.9465214091974,1004
2024-09-17 14:40:52.129,407.927961775341,13
2024-09-17 14:40:52.249,407.9442309605022,14
2024-09-17 14:40:52.344,407.9240788246019,104
2024-09-17 14:40:52.533,407.92343374539166,99
2024-09-17 14:40:52.609,407.92487839732985,14
2024-09-17 14:40:52.711,407.94205879801336,6
2024-09-17 14:40:52.715,407.92445988730645,11
2024-09-17 14:40:53.002,407.9014606569178,11
2024-09-17 14:40:53.110,407.9242025852428,6
2024-09-17 14:40:53.165,407.9223270900953,12
2024-09-17 14:40:53.202,407.90619774608143,100
2024-09-17 14:40:53.361,407.9286282924257,11
2024-09-17 14:40:53.461,407.9208681123304,104
2024-09-17 14:40:53.493,407.899783012628,12
2024-09-17 14:40:53.544,407.9508945131108,13
2024-09-17 14:40:53.567,407.9053800976368,6
2024-09-17 14:40:53.573,407.924081287771,998
2024-09-17 14:40:53.643,407.9436656174752,1005
2024-09-17 14:40:53.651,407.89657075635375,998
2024-09-17 14:40:53.657,407.9152930279673,102
2024-09-17 14:40:53.667,407.9282011022091,105
2024-09-17 14:40:53.724,407.9105974335225,10
2024-09-17 14:40:54.027,407.9091191223325,97
2024-09-17 14:40:54.030,407.9364894204306,96
2024-09-17 14:40:54.041,407.941678820803,9
2024-09-17 14:40:54.079,407.9212073681021,101
2024-09-17 14:40:54.116,407.908773398595,102
2024-09-17 14:40:54.342,415.4753596658832,8
2024-09-17 14:40:54.433,407.897534006209,999
2024-09-17 14:40:54.496,407.95187234676513,100
2024-09-17 14:40:54.507,407.93088127428734,10
2024-09-17 14:40:54.556,407.9374882997794,1004
2024-09-17 14:40:54.632,407.94132737815977,1002
2024-09-17 14:40:54.669,407.8967990142243,1002
2024-09-17 14:40:54.737,407.9139293071849,11
2024-09-17 14:40:54.746,415.478577698141,1003
2024-09-17 14:40:54.879,407.88962222394815,103
2024-09-17 14:40:54.964,407.9549577668132,14
2024-09-17 14:40:54.965,407.9437444805477,11
2024-09-17 14:40:54.969,407.902699923794,10
2024-09-17 14:40:55.048,407.9029143380093,995
2024-09-17 14:40:55.170,407.9099578105011,12
2024-09-17 14:40:55.467,407.9307598813776,1002
2024-09-17 14:40:55.533,407.9211204465105,14
2024-09-17 14:40:55.592,407.93980710297535,101
2024-09-17 14:40:55.643,407.9431253731843,11
2024-09-17 14:40:55.849,407.9005199520522,996
2024-09-17 14:40:55.863,407.9109897433066,11
2024-09-17 14:40:56.259,407.93969320033546,11
2024-09-17 14:40:56.598,407.9295794378489,995
2024-09-17 14:40:56.636,407.937175858689,96
2024-09-17 14:40:56.678,407.9249460767816,12
2024-09-17 14:40:56.851,407.9149985221934,101
2024-09-17 14:40:57.004,407.9414131348216,98
2024-09-17 14:40:57.166,407.9405363151213,100
2024-09-17 14:40:57.230,407.9476384557482,10
2024-09-17 14:40:57.232,407.9579960804806,996
2024-09-17 14:40:57.247,407.9340498094463,998
2024-09-17 14:40:57.279,407.89436464333903,8
2024-09-17 14:40:57.375,407.8702500360583,997
2024-09-17 14:40:57.413,407.95455221506177,995
2024-09-17 14:40:57.415,407.8431920098118,11
2024-09-17 14:40:57.443,407.86218487935855,1003
2024-09-17 14:40:57.531,407.9514391292382,999
2024-09-17 14:40:57.558,407.912397916544,14
2024-09-17 14:40:57.607,407.9195131283407,996
2024-09-17 14:40:57.746,407.84040853126174,1004
2024-09-17 14:40:57.770,407.85228727714855,98
2024-09-17 14:40:57.848,407.868057823188,99
2024-09-17 14:40:57.914,407.9574087534099,95
2024-09-17 14:40:57.974,407.86046597389947,998
2024-09-17 14:40:58.259,407.8019440377298,997
2024-09-17 14:40:58.363,407.8496631666154,10
2024-09-17 14:40:58.458,407.7872809491564,100
2024-09-17 14:40:58.511,407.8221737224729,8
2024-09-17 14:40:58.658,407.8360700991609,1003
2024-09-17 14:40:58.764,407.81103013498034,995
2024-09-17 14:40:58.840,407.81960131133087,105
2024-09-17 14:40:58.922,407.8096848377008,14
2024-09-17 14:40:58.939,407.78873488541007,1004
2024-09-17 14:40:58.961,407.788599657145,15
2024-09-17 14:40:58.974,407.8044440910931,998
2024-09-17 14:40:59.074,407.78358313873326,105
2024-09-17 14:40:59.082,407.82375697206345,1001
2024-09-17 14:40:59.097,407.8030547010161,103
2024-09-17 14:40:59.165,407.8162511002223,1002
2024-09-17 14:40:59.222,407.8397677349497,995
2024-09-17 14:40:59.236,407.83243625402326,99
2024-09-17 14:40:59.332,407.8294622005834,997
2024-09-17 14:40:59.380,407.8078608612813,11
2024-09-17 14:40:59.483,407.8345929773277,10
2024-09-17 14:40:59.570,407.8095922008601,103
2024-09-17 14:40:59.642,407.7894570823296,7
2024-09-17 14:40:59.732,407.788186253305,99
2024-09-17 14:40:59.763,407.8279192193976,11
2024-09-17 14:40:59.808,407.811786867176,105
2024-09-17 14:40:59.849,407.8105478056299,9
