Timestamp,Price,Size
2024-09-16 15:31:00.052,415.8413047359815,97
2024-09-16 15:31:00.085,415.8490194268812,99
2024-09-16 15:31:00.140,415.8506770528484,5
2024-09-16 15:31:00.152,415.8533913768517,1005
2024-09-16 15:31:00.216,415.8433498382049,1004
2024-09-16 15:31:00.288,415.8359908213984,99
2024-09-16 15:31:00.314,415.8519715252259,95
2024-09-16 15:31:00.398,-415.8470436575607,1004
2024-09-16 15:31:00.842,415.8378896290484,999
2024-09-16 15:31:00.926,415.85321491545847,7
2024-09-16 15:31:01.006,415.9477104477863,103
2024-09-16 15:31:01.019,415.9879514405592,99
2024-09-16 15:31:01.129,415.9085618359158,1003
2024-09-16 15:31:01.138,415.93543829639697,999
2024-09-16 15:31:01.173,415.9403392793746,97
2024-09-16 15:31:01.226,415.8904551696353,998
2024-09-16 15:31:01.300,415.8955645030026,1004
2024-09-16 15:31:01.500,415.97074362172816,95
2024-09-16 15:31:01.510,415.9612443270583,102
2024-09-16 15:31:01.558,415.9400217710036,13
2024-09-16 15:31:01.590,415.9627417954292,1003
2024-09-16 15:31:01.618,415.96915047394975,1003
2024-09-16 15:31:01.645,415.959874638673,5
2024-09-16 15:31:01.662,415.8846429078569,100
2024-09-16 15:31:01.666,415.9619969617484,105
2024-09-16 15:31:01.699,415.8796778212079,15
2024-09-16 15:31:01.708,415.9237280384255,8
2024-09-16 15:31:01.709,415.9080950434704,1001
2024-09-16 15:31:01.781,415.9301665709722,1002
2024-09-16 15:31:01.950,415.94987401524577,104
2024-09-16 15:31:01.993,415.9599771572652,999
2024-09-16 15:31:02.073,-416.002769523357,1005
2024-09-16 15:31:02.300,416.0049837701636,95
2024-09-16 15:31:02.425,416.0126342629016,1001
2024-09-16 15:31:02.434,415.9950642255913,1003
2024-09-16 15:31:02.459,415.9899376205148,14
2024-09-16 15:31:02.470,416.0196844624923,8
2024-09-16 15:31:02.581,416.0076239829434,95
2024-09-16 15:31:02.605,416.0067671604046,999
2024-09-16 15:31:02.659,416.0313410076572,998
2024-09-16 15:31:02.688,415.9909712092218,12
2024-09-16 15:31:02.688,416.0231699748567,11
2024-09-16 15:31:02.739,416.0142345820458,13
2024-09-16 15:31:02.792,415.9912845814235,8
2024-09-16 15:31:02.806,416.0299023546925,97
2024-09-16 15:31:02.865,416.0096836497219,5
2024-09-16 15:31:03.000,415.9037458713469,104
2024-09-16 15:31:03.006,415.8943020559685,9
2024-09-16 15:31:03.065,415.8831351572869,104
2024-09-16 15:31:03.121,415.9014500472173,98
2024-09-16 15:31:03.125,415.8925241025036,1005
2024-09-16 15:31:03.201,415.8983729087584,6
2024-09-16 15:31:03.226,41.58844948385181,1001
2024-09-16 15:31:03.399,415.9116386896023,98
2024-09-16 15:31:03.409,415.955587821187,1001
2024-09-16 15:31:03.428,415.9062248326187,10
2024-09-16 15:31:03.481,415.9647784547088,105
2024-09-16 15:31:03.553,41.59027141739363,101
2024-09-16 15:31:03.584,415.894836593256,103
2024-09-16 15:31:03.593,415.9062287014356,996
2024-09-16 15:31:03.609,415.94646087200937,7
2024-09-16 15:31:03.631,415.8948235664717,97
2024-09-16 15:31:03.646,415.9092638150282,1002
2024-09-16 15:31:03.687,415.8913905399219,7
2024-09-16 15:31:03.719,415.9628263261071,10
2024-09-16 15:31:03.727,41.58947732177848,102
2024-09-16 15:31:03.754,415.9675371482517,1001
2024-09-16 15:31:03.756,415.9872839974694,95
2024-09-16 15:31:03.838,415.91276033349646,13
2024-09-16 15:31:03.916,415.9583217719328,998
2024-09-16 15:31:03.932,416.003243450432,15
2024-09-16 15:31:03.961,415.9010819282482,12
2024-09-16 15:31:03.974,415.8936086868548,96
2024-09-16 15:31:03.999,415.8904214664914,14
2024-09-16 15:31:04.367,415.86225901785343,104
2024-09-16 15:31:04.388,415.86399213285176,1001
2024-09-16 15:31:04.521,415.8719432481182,96
2024-09-16 15:31:04.545,415.8669463858658,1002
2024-09-16 15:31:04.661,415.8584146947924,1002
2024-09-16 15:31:04.811,415.8647748767731,15
2024-09-16 15:31:04.874,415.86475515505066,15
2024-09-16 15:31:04.965,415.8436693827247,996
2024-09-16 15:31:05.053,415.92501312969335,6
2024-09-16 15:31:05.198,415.903088433191,100
2024-09-16 15:31:05.237,415.903789218964,5
2024-09-16 15:31:05.262,415.8834383656328,1001
2024-09-16 15:31:05.409,415.9225746302428,12
2024-09-16 15:31:05.417,415.92256730605135,99
2024-09-16 15:31:05.421,415.91057640262216,1000
2024-09-16 15:31:05.440,415.9081631562776,97
2024-09-16 15:31:05.535,415.8886905887797,1002
2024-09-16 15:31:05.734,415.9195114383435,103
2024-09-16 15:31:05.784,415.9169024502306,5
2024-09-16 15:31:05.797,415.8960321071086,9
2024-09-16 15:31:05.946,415.9270098525769,10
2024-09-16 15:31:05.976,415.9148066401737,101
2024-09-16 15:31:06.139,415.9344533083044,11
2024-09-16 15:31:06.187,415.9104570236304,7
2024-09-16 15:31:06.237,415.9301085851049,1000
2024-09-16 15:31:06.306,415.94197515613024,96
2024-09-16 15:31:06.325,415.9281083571288,103
2024-09-16 15:31:06.441,415.92165935120966,105
2024-09-16 15:31:06.458,415.93240158935487,996
2024-09-16 15:31:06.615,415.9398562683237,1005
2024-09-16 15:31:06.734,415.9207103638496,6
2024-09-16 15:31:06.741,415.9243937353276,1003
2024-09-16 15:31:06.861,415.91510936967234,103
2024-09-16 15:31:06.877,415.9454259076386,8
2024-09-16 15:31:06.985,415.9426068102093,104
2024-09-16 15:31:07.047,-415.9510251260357,11
2024-09-16 15:31:07.107,415.9554008399778,99
2024-09-16 15:31:07.129,415.94387165246224,103
2024-09-16 15:31:07.174,415.95523018482766,6
2024-09-16 15:31:07.205,415.9411671634703,100
2024-09-16 15:31:07.263,415.9513371346189,14
2024-09-16 15:31:07.283,415.9595757363533,1005
2024-09-16 15:31:07.324,415.9490127341553,104
2024-09-16 15:31:07.327,-415.9572026381641,103
2024-09-16 15:31:07.353,415.9389665293368,102
2024-09-16 15:31:07.355,415.96111703561735,8
2024-09-16 15:31:07.437,415.9466570906845,12
2024-09-16 15:31:07.439,415.9447896353541,104
2024-09-16 15:31:07.474,415.940973728776,103
2024-09-16 15:31:07.517,415.9585800100752,999
2024-09-16 15:31:07.654,415.94079469962105,12
2024-09-16 15:31:07.669,415.95321209198033,10
2024-09-16 15:31:07.971,415.949169496925,104
2024-09-16 15:31:08.064,416.0161270823706,1004
2024-09-16 15:31:08.094,415.9510900514478,13
2024-09-16 15:31:08.099,416.0193177978287,12
2024-09-16 15:31:08.110,415.9468987685861,12
2024-09-16 15:31:08.147,416.0098598124686,998
2024-09-16 15:31:08.251,415.9996946924382,9
2024-09-16 15:31:08.364,416.0136768209932,1004
2024-09-16 15:31:08.403,416.0127624489828,8
2024-09-16 15:31:08.435,415.9852752790438,1003
2024-09-16 15:31:08.439,416.01038074473513,7
2024-09-16 15:31:08.439,416.0092808279002,1000
2024-09-16 15:31:08.482,415.9902505150405,102
2024-09-16 15:31:08.507,415.9979784146267,995
2024-09-16 15:31:08.513,415.97994764995417,104
2024-09-16 15:31:08.513,415.9929527682938,100
2024-09-16 15:31:08.542,416.00517653249767,97
2024-09-16 15:31:08.564,415.9482235898928,104
2024-09-16 15:31:08.619,416.01422222041776,99
2024-09-16 15:31:08.716,416.00726386564537,102
2024-09-16 15:31:08.724,415.9685540404938,1000
2024-09-16 15:31:08.732,415.999980880572,13
2024-09-16 15:31:08.740,416.0134759721464,99
2024-09-16 15:31:08.757,415.9508209109876,12
2024-09-16 15:31:08.767,415.99489369208055,12
2024-09-16 15:31:08.768,416.01750239864623,98
2024-09-16 15:31:08.892,416.0147367023929,7
2024-09-16 15:31:08.899,416.017425450195,1003
2024-09-16 15:31:08.931,415.9875571354933,5
2024-09-16 15:31:08.967,416.0225816695927,996
2024-09-16 15:31:08.978,416.0064487652754,95
2024-09-16 15:31:09.116,416.03599918422776,996
2024-09-16 15:31:09.134,416.0365498694193,104
2024-09-16 15:31:09.309,416.0381035957497,1001
2024-09-16 15:31:09.408,416.0604019056424,99
2024-09-16 15:31:09.519,416.0366423864538,7
2024-09-16 15:31:09.542,416.02521678225247,1002
2024-09-16 15:31:09.597,416.0264834386814,99
2024-09-16 15:31:09.904,416.03550115029975,999
2024-09-16 15:31:10.435,416.07605354562537,14
2024-09-16 15:31:10.574,416.0741749430169,1002
2024-09-16 15:31:10.967,416.0660754360868,97
2024-09-16 15:31:11.022,416.0550367255647,8
2024-09-16 15:31:11.122,416.05154687978825,1001
2024-09-16 15:31:11.191,416.02462418980224,10
2024-09-16 15:31:11.222,416.0450132587044,103
2024-09-16 15:31:11.335,416.0458785595533,14
2024-09-16 15:31:11.420,416.0640390154522,1000
2024-09-16 15:31:11.440,416.0418591535555,1002
2024-09-16 15:31:11.464,416.0902224738471,1000
2024-09-16 15:31:11.490,416.0279908353253,10
2024-09-16 15:31:11.528,416.0969600419306,8
2024-09-16 15:31:11.539,416.05269888306793,101
2024-09-16 15:31:11.545,416.0590884807245,97
2024-09-16 15:31:11.592,416.0552289133399,9
2024-09-16 15:31:11.707,416.0521722069553,99
2024-09-16 15:31:11.733,416.051603691446,98
2024-09-16 15:31:11.761,416.0679190101813,9
2024-09-16 15:31:11.815,416.08999696729154,97
2024-09-16 15:31:11.823,416.0658015266605,995
2024-09-16 15:31:11.867,416.0507126582718,105
2024-09-16 15:31:11.895,416.0601323993261,5
2024-09-16 15:31:12.041,416.0206759677799,1004
2024-09-16 15:31:12.177,416.02174928783097,7
2024-09-16 15:31:12.370,416.0068422429719,10
2024-09-16 15:31:12.439,416.0243009078544,14
2024-09-16 15:31:12.545,416.0358663055732,9
2024-09-16 15:31:12.619,416.0271103909829,1000
2024-09-16 15:31:13.026,416.0994662075174,105
2024-09-16 15:31:13.199,416.123688494682,101
2024-09-16 15:31:13.215,416.04832225105287,14
2024-09-16 15:31:13.224,416.0350890760105,98
2024-09-16 15:31:13.283,416.0790570253869,15
2024-09-16 15:31:13.400,416.047217009927,1005
2024-09-16 15:31:13.402,416.0446560431125,996
2024-09-16 15:31:13.502,416.13343458971656,10
2024-09-16 15:31:13.531,416.0559868006563,11
2024-09-16 15:31:13.633,416.0353230651143,6
2024-09-16 15:31:13.640,416.059695112193,102
2024-09-16 15:31:13.676,416.0638219088215,13
2024-09-16 15:31:13.680,416.14086420146623,95
2024-09-16 15:31:13.698,416.02844285805713,105
2024-09-16 15:31:13.737,416.1333673241084,102
2024-09-16 15:31:13.749,416.0429157644336,997
2024-09-16 15:31:13.756,416.0648434934476,7
2024-09-16 15:31:13.841,416.0407456193661,15
2024-09-16 15:31:13.842,416.0427086641952,97
2024-09-16 15:31:13.869,416.12086431397415,95
2024-09-16 15:31:13.914,416.0483610470476,13
2024-09-16 15:31:14.009,416.1060660985439,13
2024-09-16 15:31:14.024,416.0990941856195,5
2024-09-16 15:31:14.113,416.1110778319776,96
2024-09-16 15:31:14.175,416.0428199044636,98
2024-09-16 15:31:14.183,416.0392287963416,14
2024-09-16 15:31:14.207,416.0403505191327,998
2024-09-16 15:31:14.236,416.0463287460902,998
2024-09-16 15:31:14.267,416.0529119196101,95
2024-09-16 15:31:14.299,416.0630322331572,6
2024-09-16 15:31:14.345,416.0461763406318,9
2024-09-16 15:31:14.354,416.07154293144,1004
2024-09-16 15:31:14.372,416.0583995795005,1001
2024-09-16 15:31:14.449,416.0557465310124,99
2024-09-16 15:31:14.479,416.09888204877205,999
2024-09-16 15:31:14.543,416.08875154694414,9
2024-09-16 15:31:14.553,416.0556162588855,5
2024-09-16 15:31:14.561,416.09247036742704,1005
2024-09-16 15:31:14.644,416.0414890536682,10
2024-09-16 15:31:14.707,416.0465448997396,9
2024-09-16 15:31:14.864,416.10818037145566,6
2024-09-16 15:31:14.868,416.09504193835227,5
2024-09-16 15:31:14.907,416.0640917750738,97
2024-09-16 15:31:14.964,416.0495311854218,995
2024-09-16 15:31:14.971,416.0790692491455,6
2024-09-16 15:31:14.974,416.0418660403466,5
2024-09-16 15:31:15.067,416.07716249622337,996
2024-09-16 15:31:15.077,416.07968212354535,1005
2024-09-16 15:31:15.320,416.0769235710072,102
2024-09-16 15:31:15.428,416.0731290285573,15
2024-09-16 15:31:15.836,416.0782804191923,8
2024-09-16 15:31:15.839,416.0738510577421,1005
2024-09-16 15:31:15.918,416.0777656043213,1004
2024-09-16 15:31:16.067,416.07922130006665,105
2024-09-16 15:31:16.069,416.05306977501255,1004
2024-09-16 15:31:16.081,416.0351255137256,1004
2024-09-16 15:31:16.132,416.06377012546375,996
2024-09-16 15:31:16.261,416.0606857758587,104
2024-09-16 15:31:16.285,416.06356252767375,100
2024-09-16 15:31:16.341,416.0493057990303,7
2024-09-16 15:31:16.358,416.0233207571068,13
2024-09-16 15:31:16.426,416.0501892062228,1000
2024-09-16 15:31:16.426,416.0767826059897,97
2024-09-16 15:31:16.446,416.0898635006886,998
2024-09-16 15:31:16.469,416.07308629596673,99
2024-09-16 15:31:16.475,416.0752802980328,9
2024-09-16 15:31:16.505,416.062375159421,1003
2024-09-16 15:31:16.531,416.0573375654545,11
2024-09-16 15:31:16.619,416.0587760379144,1003
2024-09-16 15:31:16.625,416.0612269518783,10
2024-09-16 15:31:16.705,,997
2024-09-16 15:31:16.815,416.0604912443989,8
2024-09-16 15:31:16.827,416.0830936958674,7
2024-09-16 15:31:16.866,416.0390091714234,5
2024-09-16 15:31:16.898,416.1054473627417,998
2024-09-16 15:31:16.954,416.0469570073407,103
2024-09-16 15:31:17.171,416.14367748005833,14
2024-09-16 15:31:17.205,416.15338907110544,11
2024-09-16 15:31:17.281,416.1244510056565,101
2024-09-16 15:31:17.319,416.1378290159028,98
2024-09-16 15:31:17.372,-416.1211630897246,998
2024-09-16 15:31:17.682,416.149238907382,14
2024-09-16 15:31:17.910,416.139432627787,105
2024-09-16 15:31:18.119,416.1394052674103,14
2024-09-16 15:31:18.128,416.1417137024469,998
2024-09-16 15:31:18.139,416.1506416014202,105
2024-09-16 15:31:18.212,416.1401707244077,104
2024-09-16 15:31:18.297,416.1650249844924,997
2024-09-16 15:31:18.298,416.13853235819874,100
2024-09-16 15:31:18.331,416.1393907928522,104
2024-09-16 15:31:18.383,416.1374993185768,1000
2024-09-16 15:31:18.413,416.1644922187811,997
2024-09-16 15:31:18.423,416.1517209593241,105
2024-09-16 15:31:18.459,416.1603090482209,5
2024-09-16 15:31:18.555,416.17186580676633,1004
2024-09-16 15:31:18.581,416.14745071231886,97
2024-09-16 15:31:18.673,416.15636172526695,998
2024-09-16 15:31:18.794,416.1421941682469,99
2024-09-16 15:31:18.824,416.1522753262841,10
2024-09-16 15:31:18.879,416.1333305259903,105
2024-09-16 15:31:18.967,416.1502338989448,8
2024-09-16 15:31:19.029,416.1387476629076,15
2024-09-16 15:31:19.055,416.1208742492791,999
2024-09-16 15:31:19.077,416.1503360442521,8
2024-09-16 15:31:19.518,416.0794699612323,1003
2024-09-16 15:31:19.539,416.133749205837,5
2024-09-16 15:31:19.700,416.0858298053173,11
2024-09-16 15:31:19.707,416.13860360526274,97
2024-09-16 15:31:19.734,416.1309173146993,1005
2024-09-16 15:31:19.753,416.0950710454081,96
2024-09-16 15:31:19.784,416.0940518289688,12
2024-09-16 15:31:19.832,416.0876798553837,11
2024-09-16 15:31:19.925,416.1270481742359,1004
2024-09-16 15:31:19.982,416.0967901226835,9
2024-09-16 15:31:20.105,416.0245391519617,995
2024-09-16 15:31:20.109,416.0111681461012,7
2024-09-16 15:31:20.142,416.03794314862944,9
2024-09-16 15:31:20.327,416.09996694997767,96
2024-09-16 15:31:20.404,416.0015400414919,95
2024-09-16 15:31:20.435,415.9962477959534,14
2024-09-16 15:31:20.448,416.0150359722504,6
2024-09-16 15:31:20.561,416.0357126185576,11
2024-09-16 15:31:20.599,415.9948058640871,6
2024-09-16 15:31:20.600,416.0912171182198,6
2024-09-16 15:31:20.862,416.0665465312992,6
2024-09-16 15:31:20.865,416.0949312253486,1004
2024-09-16 15:31:20.888,415.9951508013932,98
2024-09-16 15:31:20.892,416.0855311543829,1000
2024-09-16 15:31:20.895,416.0710300808216,7
2024-09-16 15:31:21.050,416.0449439467182,101
2024-09-16 15:31:21.056,416.0169598336514,999
2024-09-16 15:31:21.067,416.04134476970864,995
2024-09-16 15:31:21.092,416.0326956425529,999
2024-09-16 15:31:21.093,415.99999923847474,5
2024-09-16 15:31:21.117,416.0399080656799,998
2024-09-16 15:31:21.131,416.0295557461248,999
2024-09-16 15:31:21.163,416.0389350991468,995
2024-09-16 15:31:21.175,416.0149993636135,10
2024-09-16 15:31:21.177,416.0582060912282,6
2024-09-16 15:31:21.188,416.017936879269,95
2024-09-16 15:31:21.209,416.0363517050122,5
2024-09-16 15:31:21.266,415.9963923240024,11
2024-09-16 15:31:21.358,416.0035251195106,101
2024-09-16 15:31:21.400,416.0012088707925,13
2024-09-16 15:31:21.432,416.0557316163556,98
2024-09-16 15:31:21.501,416.0198966882506,5
2024-09-16 15:31:21.508,416.008565050886,5
2024-09-16 15:31:21.551,416.0469895404694,1002
2024-09-16 15:31:21.636,416.0146134969072,7
2024-09-16 15:31:21.640,416.033977361837,12
2024-09-16 15:31:21.704,415.9981180530864,5
2024-09-16 15:31:21.827,416.0152894756456,105
2024-09-16 15:31:21.862,416.0156448954808,6
2024-09-16 15:31:21.889,416.00520862676353,996
2024-09-16 15:31:21.907,416.0477307742312,101
2024-09-16 15:31:21.926,416.0426732693251,1005
2024-09-16 15:31:21.959,416.03794727719344,104
2024-09-16 15:31:21.994,416.01684894401694,5
2024-09-16 15:31:22.049,415.9803090587449,95
2024-09-16 15:31:22.156,415.99243469580097,7
2024-09-16 15:31:22.157,41.59831707983255,98
2024-09-16 15:31:22.256,415.9852784443942,101
2024-09-16 15:31:22.280,415.98517901122153,10
2024-09-16 15:31:22.292,415.9728120688373,13
2024-09-16 15:31:22.381,415.982608807426,9
2024-09-16 15:31:22.382,415.9945450101668,96
2024-09-16 15:31:22.451,416.00181763173975,996
2024-09-16 15:31:22.457,415.9752067294007,11
2024-09-16 15:31:22.472,415.986699390256,103
2024-09-16 15:31:22.653,415.958842719349,1000
2024-09-16 15:31:22.729,415.99077389080446,101
2024-09-16 15:31:22.741,415.9991717530125,5
2024-09-16 15:31:22.742,415.9957378842197,12
2024-09-16 15:31:22.778,417.1613525864267,15
2024-09-16 15:31:22.783,415.997001325387,97
2024-09-16 15:31:22.798,415.9955461028235,12
2024-09-16 15:31:22.816,415.9798984355191,105
2024-09-16 15:31:22.844,415.9618764308764,997
2024-09-16 15:31:22.865,415.97553307771454,9
2024-09-16 15:31:22.881,415.9800783436726,103
2024-09-16 15:31:22.885,415.9901929406556,996
2024-09-16 15:31:22.919,415.9886615667337,12
2024-09-16 15:31:22.963,415.9782870852184,996
2024-09-16 15:31:22.995,415.9867461308551,11
2024-09-16 15:31:23.078,415.95786336098985,105
2024-09-16 15:31:23.082,415.9001385385455,97
2024-09-16 15:31:23.103,415.91504463067525,11
2024-09-16 15:31:23.120,,96
2024-09-16 15:31:23.173,415.9671088965358,97
2024-09-16 15:31:23.251,415.9062328195502,13
2024-09-16 15:31:23.459,415.8939399630628,9
2024-09-16 15:31:23.465,415.91180565040406,104
2024-09-16 15:31:23.536,415.9804126518409,95
2024-09-16 15:31:23.569,415.9943327900056,100
2024-09-16 15:31:23.634,415.9587832539062,6
2024-09-16 15:31:23.652,415.9806824697643,8
2024-09-16 15:31:23.717,415.9392800206501,1004
2024-09-16 15:31:23.769,415.92594633551255,1004
2024-09-16 15:31:23.770,415.98477879412735,102
2024-09-16 15:31:23.794,415.9768372187387,1001
2024-09-16 15:31:23.863,415.9885403157392,11
2024-09-16 15:31:23.895,415.9594699310589,102
2024-09-16 15:31:23.926,415.9343190933486,12
2024-09-16 15:31:23.927,415.9404404538888,98
2024-09-16 15:31:23.934,415.9541509045792,1001
2024-09-16 15:31:24.029,415.80666015361777,105
2024-09-16 15:31:24.040,415.835043280366,103
2024-09-16 15:31:24.066,415.8372393332471,7
2024-09-16 15:31:24.190,415.8120320824112,995
2024-09-16 15:31:24.330,415.8879234391605,102
2024-09-16 15:31:24.339,415.8943213211154,5
2024-09-16 15:31:24.358,415.88401423393697,1001
2024-09-16 15:31:24.394,415.8976924194588,1003
2024-09-16 15:31:24.397,415.8580212830004,1002
2024-09-16 15:31:24.500,415.8555345347051,1001
2024-09-16 15:31:24.526,415.8000768654699,11
2024-09-16 15:31:24.555,415.8251746392849,7
2024-09-16 15:31:24.578,415.79411160473376,1002
2024-09-16 15:31:24.647,415.8424623252565,998
2024-09-16 15:31:24.674,415.8978764087932,101
2024-09-16 15:31:24.727,415.89590873926727,99
2024-09-16 15:31:24.745,415.8194579090584,97
2024-09-16 15:31:24.749,415.90726036417,8
2024-09-16 15:31:24.823,415.8934007978771,1000
2024-09-16 15:31:24.868,415.7957344798445,105
2024-09-16 15:31:24.978,415.8121356592392,5
2024-09-16 15:31:24.984,415.9087399047444,99
2024-09-16 15:31:25.028,415.8136621702738,6
2024-09-16 15:31:25.055,415.8273406796538,102
2024-09-16 15:31:25.063,415.7998693467167,99
2024-09-16 15:31:25.091,415.8297836172629,105
2024-09-16 15:31:25.269,415.82556850835175,12
2024-09-16 15:31:25.299,415.8382045590106,997
2024-09-16 15:31:25.321,415.80745059624,96
2024-09-16 15:31:25.429,415.8154513815456,1003
2024-09-16 15:31:26.098,415.798589241427,10
2024-09-16 15:31:26.175,415.8668736968416,12
2024-09-16 15:31:26.205,415.778035804814,1000
2024-09-16 15:31:26.315,415.8224243478562,999
2024-09-16 15:31:26.322,,1000
2024-09-16 15:31:26.383,415.86480056226304,99
2024-09-16 15:31:26.406,415.7954806708767,5
2024-09-16 15:31:26.406,415.8079438919536,10
2024-09-16 15:31:26.433,415.839922698347,98
2024-09-16 15:31:26.485,415.8373129536812,7
2024-09-16 15:31:26.515,415.8069172469308,12
2024-09-16 15:31:26.559,415.85086571377707,13
2024-09-16 15:31:26.616,415.8451276394989,96
2024-09-16 15:31:26.638,415.78998107292864,995
2024-09-16 15:31:26.685,415.7723763466852,14
2024-09-16 15:31:26.685,415.8015207978456,1002
2024-09-16 15:31:26.719,415.8497961235032,1004
2024-09-16 15:31:26.750,415.8213046658057,995
2024-09-16 15:31:26.760,415.7833790506683,998
2024-09-16 15:31:26.766,415.85184016976336,98
2024-09-16 15:31:26.789,415.79445249494194,13
2024-09-16 15:31:26.795,415.8665257295972,15
2024-09-16 15:31:26.849,415.7921751293757,11
2024-09-16 15:31:26.918,415.7872823570794,9
2024-09-16 15:31:26.936,415.773932400818,1002
2024-09-16 15:31:27.106,415.8137201461136,12
2024-09-16 15:31:27.223,415.7401197543493,100
2024-09-16 15:31:27.292,415.7324901190029,15
2024-09-16 15:31:27.318,415.812071103596,1001
2024-09-16 15:31:27.319,415.72584926943375,9
2024-09-16 15:31:27.343,415.7264011945644,5
2024-09-16 15:31:27.367,415.817045993259,1001
2024-09-16 15:31:27.430,415.7943359440133,1001
2024-09-16 15:31:27.431,415.7323230295651,996
2024-09-16 15:31:27.449,415.7278589054409,14
2024-09-16 15:31:27.517,415.722577460009,105
2024-09-16 15:31:27.571,415.7656652923704,1002
2024-09-16 15:31:27.615,415.7942375027526,1001
2024-09-16 15:31:27.676,415.7477642535576,1001
2024-09-16 15:31:27.697,415.7191717373348,6
2024-09-16 15:31:27.713,415.8021734913801,99
2024-09-16 15:31:27.719,415.73119771570816,8
2024-09-16 15:31:27.727,415.725783513619,995
2024-09-16 15:31:27.783,415.79915249021656,1000
2024-09-16 15:31:27.787,415.808251495839,996
2024-09-16 15:31:27.815,415.8050992302077,996
2024-09-16 15:31:27.861,415.73373300156845,100
2024-09-16 15:31:27.886,41.57295973979031,1000
2024-09-16 15:31:27.967,415.7964101869341,105
2024-09-16 15:31:27.995,415.7962896096878,997
2024-09-16 15:31:28.038,415.7641529892679,102
2024-09-16 15:31:28.055,415.72922102678416,104
2024-09-16 15:31:28.108,415.7656685825735,96
2024-09-16 15:31:28.118,415.7504093581834,7
2024-09-16 15:31:28.228,415.76000693072814,10
2024-09-16 15:31:28.278,415.7683435849889,13
2024-09-16 15:31:28.278,415.74009203222334,995
2024-09-16 15:31:28.325,415.75492505559765,7
2024-09-16 15:31:28.339,415.7477341520503,12
2024-09-16 15:31:28.389,415.7412484368009,6
2024-09-16 15:31:28.404,415.7440839464674,96
2024-09-16 15:31:28.426,415.7390562616751,98
2024-09-16 15:31:28.455,415.7443513055772,997
2024-09-16 15:31:28.583,415.7833976517453,1000
2024-09-16 15:31:28.591,415.7454657020032,998
2024-09-16 15:31:28.631,415.7743992341889,95
2024-09-16 15:31:28.665,415.7943303606913,10
2024-09-16 15:31:28.671,415.78906290168754,99
2024-09-16 15:31:28.744,415.7509946346983,14
2024-09-16 15:31:28.765,415.74942967637634,995
2024-09-16 15:31:28.797,415.7242084079666,5
2024-09-16 15:31:28.812,415.7463067787227,7
2024-09-16 15:31:28.818,415.72577278074647,99
2024-09-16 15:31:28.819,415.7861492101071,1005
2024-09-16 15:31:28.833,415.7366716780553,14
2024-09-16 15:31:28.941,415.7353733750839,998
2024-09-16 15:31:28.959,415.7665300678579,10
2024-09-16 15:31:28.961,415.7494157622287,98
2024-09-16 15:31:28.991,415.7580142967364,96
2024-09-16 15:31:29.008,415.80561688806097,1005
2024-09-16 15:31:29.030,415.807778584486,5
2024-09-16 15:31:29.039,415.7989439051913,98
2024-09-16 15:31:29.193,415.8062566252559,997
2024-09-16 15:31:29.224,415.8276230843899,103
2024-09-16 15:31:29.311,415.8187807921609,13
2024-09-16 15:31:29.347,415.77878063539055,1002
2024-09-16 15:31:29.442,415.8130582009793,97
2024-09-16 15:31:29.651,415.79612776629847,12
2024-09-16 15:31:29.697,415.8027233637907,6
2024-09-16 15:31:29.920,417.0561123391524,5
2024-09-16 15:31:29.930,415.8073235216869,13
2024-09-16 15:31:30.012,415.80904349374856,98
2024-09-16 15:31:30.049,415.7997527060635,996
2024-09-16 15:31:30.100,415.7635724680045,99
2024-09-16 15:31:30.144,415.8042105045955,998
2024-09-16 15:31:30.161,415.79653975682487,98
2024-09-16 15:31:30.238,415.7585455341561,99
2024-09-16 15:31:30.249,415.7319840929475,7
2024-09-16 15:31:30.272,415.6968423335824,996
2024-09-16 15:31:30.272,415.7767820420817,996
2024-09-16 15:31:30.298,415.689397832032,997
2024-09-16 15:31:30.299,415.7950721782709,6
2024-09-16 15:31:30.302,415.8049808696006,100
2024-09-16 15:31:30.329,415.7538165605358,1005
2024-09-16 15:31:30.341,415.7084514032159,999
2024-09-16 15:31:30.349,415.7467714322309,1000
2024-09-16 15:31:30.462,415.7039748168049,96
2024-09-16 15:31:30.486,415.7962145922771,103
2024-09-16 15:31:30.573,415.7908637893231,7
2024-09-16 15:31:30.578,417.0376972721503,105
2024-09-16 15:31:30.587,415.8005819647394,14
2024-09-16 15:31:30.599,415.684326034174,11
2024-09-16 15:31:30.628,415.7952957503304,1002
2024-09-16 15:31:30.653,415.7567117769672,1001
2024-09-16 15:31:30.719,415.74762150211177,6
2024-09-16 15:31:30.752,415.76988903986,1005
2024-09-16 15:31:30.790,415.72240912997694,13
2024-09-16 15:31:30.813,415.8033669821459,98
2024-09-16 15:31:30.861,415.7042079065958,100
2024-09-16 15:31:30.871,415.71474229889503,1000
2024-09-16 15:31:30.947,415.7237970583695,1005
2024-09-16 15:31:30.957,415.79357567862337,97
2024-09-16 15:31:31.126,415.7287065287715,1000
2024-09-16 15:31:31.233,415.7374373057627,101
2024-09-16 15:31:31.298,415.7060968927311,1001
2024-09-16 15:31:31.304,415.7625252198161,1002
2024-09-16 15:31:31.315,415.7195354772954,995
2024-09-16 15:31:31.360,415.73778939822535,105
2024-09-16 15:31:31.459,415.7468495690226,5
2024-09-16 15:31:31.568,415.7406916154074,996
2024-09-16 15:31:31.613,415.72726717708525,102
2024-09-16 15:31:31.705,415.7565004129429,101
2024-09-16 15:31:31.745,415.7661758591281,7
2024-09-16 15:31:31.781,415.7138341044629,8
2024-09-16 15:31:31.805,415.7237529800112,1005
2024-09-16 15:31:31.821,415.7529097824194,999
2024-09-16 15:31:31.874,415.740431822151,997
2024-09-16 15:31:32.017,415.758278368319,15
2024-09-16 15:31:32.123,417.0502524903864,98
2024-09-16 15:31:32.226,415.760627763944,999
2024-09-16 15:31:32.568,415.7668874442328,96
2024-09-16 15:31:33.213,415.78088189456025,7
2024-09-16 15:31:33.505,415.7555371285572,995
2024-09-16 15:31:33.886,415.76478211979935,101
2024-09-16 15:31:33.981,415.7629522313347,95
2024-09-16 15:31:34.050,415.7728152957409,95
2024-09-16 15:31:34.059,415.7663668839948,998
2024-09-16 15:31:34.117,415.7886164706777,997
2024-09-16 15:31:34.166,415.77991202749706,996
2024-09-16 15:31:34.618,415.7754090520382,9
2024-09-16 15:31:34.745,415.79795610664667,10
2024-09-16 15:31:34.806,415.7795337944395,995
2024-09-16 15:31:34.808,417.141884560014,9
2024-09-16 15:31:36.008,415.7302728923488,100
2024-09-16 15:31:36.111,415.73274304310615,1003
2024-09-16 15:31:36.177,415.75580072571466,7
2024-09-16 15:31:36.190,415.7762792873876,1005
2024-09-16 15:31:36.194,415.76036065269614,101
2024-09-16 15:31:36.315,415.75674601590816,101
2024-09-16 15:31:36.327,415.7474794404235,1001
2024-09-16 15:31:36.350,415.7530462425258,6
2024-09-16 15:31:36.352,415.747780371978,101
2024-09-16 15:31:36.384,415.7291210576528,104
2024-09-16 15:31:36.395,415.7736770888202,102
2024-09-16 15:31:36.407,415.7422437987436,997
2024-09-16 15:31:36.463,415.75749272360247,1002
2024-09-16 15:31:36.492,415.75932675951617,1004
2024-09-16 15:31:36.522,415.7655160218883,103
2024-09-16 15:31:36.539,415.7431891843985,105
2024-09-16 15:31:36.539,415.73105043059815,14
2024-09-16 15:31:36.543,415.7407997427241,1003
2024-09-16 15:31:36.603,415.7308718147216,1001
2024-09-16 15:31:36.623,415.7429918705731,99
2024-09-16 15:31:36.681,415.7503430652749,996
2024-09-16 15:31:36.685,415.76467024572753,13
2024-09-16 15:31:36.819,415.7340600972177,96
2024-09-16 15:31:36.821,415.7549574453433,995
2024-09-16 15:31:36.825,415.7546300082673,103
2024-09-16 15:31:36.918,415.7551723405263,1000
2024-09-16 15:31:36.984,415.7563138645826,11
2024-09-16 15:31:37.075,415.7556946386089,996
2024-09-16 15:31:37.191,415.7564265845759,14
2024-09-16 15:31:37.262,415.7511943216177,995
2024-09-16 15:31:37.606,415.7357601106759,996
2024-09-16 15:31:37.766,415.7724249734424,100
2024-09-16 15:31:38.007,415.7222785926447,1001
2024-09-16 15:31:38.012,415.7537417601994,1003
2024-09-16 15:31:38.122,415.7162763905004,101
2024-09-16 15:31:38.236,415.7001897200538,12
2024-09-16 15:31:38.437,415.7306385808198,995
2024-09-16 15:31:38.493,415.7102891857445,1003
2024-09-16 15:31:38.623,415.7231751712508,1005
2024-09-16 15:31:38.643,415.7251914464729,1005
2024-09-16 15:31:38.667,415.7357908889152,96
2024-09-16 15:31:38.684,415.7141689068614,9
2024-09-16 15:31:38.830,415.72172426607295,8
2024-09-16 15:31:38.836,415.7157951970211,999
2024-09-16 15:31:38.981,415.7211912382909,101
2024-09-16 15:31:39.105,415.700364962503,8
2024-09-16 15:31:39.520,415.71259171799903,97
2024-09-16 15:31:39.963,415.6986386634229,10
2024-09-16 15:31:40.019,415.7063095682841,11
2024-09-16 15:31:40.090,415.7136802074127,96
2024-09-16 15:31:40.090,415.7153757436622,105
2024-09-16 15:31:40.205,415.7084701892751,999
2024-09-16 15:31:40.206,415.6804185147822,14
2024-09-16 15:31:40.280,415.7188453049053,997
2024-09-16 15:31:40.329,415.7310352460449,15
2024-09-16 15:31:40.331,415.7035988996423,10
2024-09-16 15:31:40.447,415.6911974185649,12
2024-09-16 15:31:40.509,415.7001643879615,95
2024-09-16 15:31:40.567,415.6772162597503,105
2024-09-16 15:31:40.590,415.71829411232505,97
2024-09-16 15:31:40.615,415.7142808183944,8
2024-09-16 15:31:40.708,415.7159371607384,5
2024-09-16 15:31:40.739,415.7244047502178,996
2024-09-16 15:31:40.787,415.6983087151633,97
2024-09-16 15:31:40.800,415.6994537737473,1003
2024-09-16 15:31:40.906,415.6974167215499,105
2024-09-16 15:31:40.947,415.708490047485,100
2024-09-16 15:31:40.975,415.7122359173839,14
2024-09-16 15:31:41.066,415.7151493956407,996
2024-09-16 15:31:41.291,415.7156112796176,98
2024-09-16 15:31:41.368,415.7462188160519,10
2024-09-16 15:31:41.422,415.7166748912332,101
2024-09-16 15:31:41.453,415.7068256246646,15
2024-09-16 15:31:41.580,415.7213405094064,100
2024-09-16 15:31:41.667,415.71935869760665,99
2024-09-16 15:31:41.754,415.73473367061376,1000
2024-09-16 15:31:41.816,415.729865453652,10
2024-09-16 15:31:41.866,415.7019060359543,105
2024-09-16 15:31:42.002,415.7549047637471,996
2024-09-16 15:31:42.160,415.7434896260914,7
2024-09-16 15:31:42.402,417.17645574453456,999
2024-09-16 15:31:42.497,415.7435348007544,1004
2024-09-16 15:31:42.954,415.7402375045541,104
2024-09-16 15:31:43.029,415.751012261661,1004
2024-09-16 15:31:43.165,415.7645817868909,104
2024-09-16 15:31:43.220,415.7092311749724,15
2024-09-16 15:31:43.246,415.7406219358064,13
2024-09-16 15:31:43.273,415.7476896079124,100
2024-09-16 15:31:43.284,415.7241983735334,1001
2024-09-16 15:31:43.301,415.7562797813279,999
2024-09-16 15:31:43.396,-415.7129019534402,103
2024-09-16 15:31:43.482,415.7299516933179,98
2024-09-16 15:31:43.495,415.7173654306314,998
2024-09-16 15:31:43.544,415.7606549365771,96
2024-09-16 15:31:43.606,415.7265213457235,998
2024-09-16 15:31:43.653,415.7311540560655,7
2024-09-16 15:31:43.778,415.7326460567232,997
2024-09-16 15:31:43.938,415.7258276425548,100
2024-09-16 15:31:43.951,415.7397480467276,9
2024-09-16 15:31:43.997,415.7352469851508,103
2024-09-16 15:31:44.016,415.7506426348556,5
2024-09-16 15:31:44.026,-415.74579754696737,5
2024-09-16 15:31:44.028,415.7638145642088,996
2024-09-16 15:31:44.111,415.742950524877,13
2024-09-16 15:31:44.144,415.7442303733146,15
2024-09-16 15:31:44.148,415.7536642662211,98
2024-09-16 15:31:44.154,415.7407020514274,1005
2024-09-16 15:31:44.247,-415.7355100356816,995
2024-09-16 15:31:44.248,415.76793115749047,104
2024-09-16 15:31:44.267,415.7572330659136,1001
2024-09-16 15:31:44.311,415.7580966575422,1002
2024-09-16 15:31:44.397,415.7643339211507,995
2024-09-16 15:31:44.408,415.75629474343015,104
2024-09-16 15:31:44.535,415.7481972428285,5
2024-09-16 15:31:44.557,415.7823773180903,104
2024-09-16 15:31:44.594,415.755709172193,996
2024-09-16 15:31:44.606,415.7627851441407,12
2024-09-16 15:31:44.642,415.74958289916384,1002
2024-09-16 15:31:44.649,415.7582596118336,96
2024-09-16 15:31:44.765,415.7760571306506,998
2024-09-16 15:31:44.878,415.767768954014,997
2024-09-16 15:31:44.959,415.762867439744,1004
2024-09-16 15:31:45.000,415.7657690475692,105
2024-09-16 15:31:45.058,415.7701722334253,98
2024-09-16 15:31:45.202,-415.7697199090568,101
2024-09-16 15:31:45.268,415.7654511875801,998
2024-09-16 15:31:45.300,415.7691359275596,6
2024-09-16 15:31:45.392,-415.7667877677346,1001
2024-09-16 15:31:45.406,415.75719767104687,8
2024-09-16 15:31:45.551,415.7379056552421,996
2024-09-16 15:31:45.659,415.744810331044,105
2024-09-16 15:31:45.674,415.7616702883067,97
2024-09-16 15:31:45.783,415.76154996723113,14
2024-09-16 15:31:45.949,415.7788526397393,999
2024-09-16 15:31:45.979,415.7603420843234,15
2024-09-16 15:31:46.055,415.75915082648345,14
2024-09-16 15:31:46.088,415.758736829772,11
2024-09-16 15:31:46.231,415.7638106175499,1001
2024-09-16 15:31:46.369,415.7536262738372,996
2024-09-16 15:31:46.406,415.7873877948657,1002
2024-09-16 15:31:46.416,415.75781375200455,1003
2024-09-16 15:31:46.423,415.752602343926,999
2024-09-16 15:31:46.643,415.7547341482333,13
2024-09-16 15:31:46.685,41.57678081624961,1003
2024-09-16 15:31:46.716,415.775323094009,1002
2024-09-16 15:31:46.717,415.7611438934469,996
2024-09-16 15:31:46.842,415.776704940644,95
2024-09-16 15:31:46.861,415.7864958879314,95
2024-09-16 15:31:46.868,,15
2024-09-16 15:31:46.905,415.775727938628,100
2024-09-16 15:31:46.933,415.726638103557,996
2024-09-16 15:31:46.956,415.76964173826696,5
2024-09-16 15:31:47.040,415.83317571025833,995
2024-09-16 15:31:47.121,415.816278438809,995
2024-09-16 15:31:47.231,415.8117492216484,14
2024-09-16 15:31:47.253,415.8195916637801,11
2024-09-16 15:31:47.254,415.7975871457423,1003
2024-09-16 15:31:47.312,,1000
2024-09-16 15:31:47.414,415.7552014178961,105
2024-09-16 15:31:47.513,415.81119693043416,97
2024-09-16 15:31:47.567,415.7781285352556,1001
2024-09-16 15:31:47.630,415.8253685361962,13
2024-09-16 15:31:47.662,415.7941771263593,11
2024-09-16 15:31:47.668,415.7494688875928,97
2024-09-16 15:31:47.713,415.80685380538944,101
2024-09-16 15:31:47.718,415.8254700106326,7
2024-09-16 15:31:47.761,415.7656044601955,1000
2024-09-16 15:31:47.871,415.7595724498105,102
2024-09-16 15:31:47.899,415.7519588188428,1005
2024-09-16 15:31:47.911,415.8204504629409,13
2024-09-16 15:31:47.916,415.7638900594238,11
2024-09-16 15:31:48.016,415.8573620167693,5
2024-09-16 15:31:48.061,415.8443186512617,7
2024-09-16 15:31:48.123,415.85547487754656,7
2024-09-16 15:31:48.131,415.8688325728392,1000
2024-09-16 15:31:48.212,415.8581953783647,997
2024-09-16 15:31:48.265,415.8280530968733,15
2024-09-16 15:31:48.277,415.7834078657208,6
2024-09-16 15:31:48.328,415.820338675285,1005
2024-09-16 15:31:48.329,415.770387372719,101
2024-09-16 15:31:48.427,415.8593566874466,1004
2024-09-16 15:31:48.445,415.8718785770741,8
2024-09-16 15:31:48.602,415.8156975727304,101
2024-09-16 15:31:48.628,415.84927715419343,999
2024-09-16 15:31:48.649,41.580903151179164,14
2024-09-16 15:31:48.695,415.8517330522746,8
2024-09-16 15:31:48.698,415.8318885886875,999
2024-09-16 15:31:48.747,415.84906122921626,97
2024-09-16 15:31:48.760,415.7560884761132,6
2024-09-16 15:31:48.795,415.82037097340185,1000
2024-09-16 15:31:48.882,415.8277585051584,997
2024-09-16 15:31:48.929,415.84186951573,1002
2024-09-16 15:31:48.940,415.858850473442,102
2024-09-16 15:31:48.941,415.8595905391255,97
2024-09-16 15:31:48.958,415.85333511514943,13
2024-09-16 15:31:48.965,415.7722310937196,997
2024-09-16 15:31:48.996,415.8307123283242,999
2024-09-16 15:31:49.104,415.7605273126362,1004
2024-09-16 15:31:49.226,415.7415034794858,8
2024-09-16 15:31:49.315,415.75558866711816,8
2024-09-16 15:31:49.356,415.74687040489255,1001
2024-09-16 15:31:49.389,415.7576659063837,1000
2024-09-16 15:31:49.395,415.7665010263804,1001
2024-09-16 15:31:49.417,415.7361628397098,10
2024-09-16 15:31:49.488,415.7398042863342,9
2024-09-16 15:31:49.552,415.737296500384,99
2024-09-16 15:31:49.770,415.7357696845481,14
2024-09-16 15:31:49.823,415.73971136589074,105
2024-09-16 15:31:50.197,415.7803974788428,105
2024-09-16 15:31:50.306,415.7635409124536,101
2024-09-16 15:31:50.349,415.7894048635932,96
2024-09-16 15:31:50.477,415.785071878794,101
2024-09-16 15:31:51.016,415.7209972836754,11
2024-09-16 15:31:51.075,415.7740278213033,8
2024-09-16 15:31:51.099,415.7578514123402,8
2024-09-16 15:31:51.101,415.8034967350286,1004
2024-09-16 15:31:51.116,415.75627372856496,99
2024-09-16 15:31:51.125,415.76302018939606,995
2024-09-16 15:31:51.159,415.8052677231737,101
2024-09-16 15:31:51.166,415.7186589308465,104
2024-09-16 15:31:51.198,415.7940640955461,11
2024-09-16 15:31:51.266,415.8155055856891,1001
2024-09-16 15:31:51.297,415.756613140378,100
2024-09-16 15:31:51.325,415.7520210588991,105
2024-09-16 15:31:51.417,415.7082367246961,995
2024-09-16 15:31:51.422,415.7997112817631,1004
2024-09-16 15:31:51.503,415.7632457374216,103
2024-09-16 15:31:51.524,415.74279117509,14
2024-09-16 15:31:51.527,415.7500452953316,8
2024-09-16 15:31:51.631,415.7408018417741,7
2024-09-16 15:31:51.653,415.77459921568624,98
2024-09-16 15:31:51.689,415.7844961595033,12
2024-09-16 15:31:51.756,415.8058202027586,96
2024-09-16 15:31:51.785,415.7604517061405,97
2024-09-16 15:31:51.788,415.7152216747981,996
2024-09-16 15:31:51.888,415.7168654721648,996
2024-09-16 15:31:51.903,415.75610726786647,96
2024-09-16 15:31:51.916,415.80931371513066,8
2024-09-16 15:31:51.925,415.7529922043786,1001
2024-09-16 15:31:51.971,415.73964079027735,8
2024-09-16 15:31:51.982,415.7925685034343,101
2024-09-16 15:31:53.006,415.74554550914746,1002
2024-09-16 15:31:53.108,415.7252207575592,998
2024-09-16 15:31:53.160,415.72580118897673,15
2024-09-16 15:31:53.191,415.7517857566425,100
2024-09-16 15:31:53.195,415.7154817399234,7
2024-09-16 15:31:53.220,415.7508838290052,10
2024-09-16 15:31:53.233,415.7414901642182,998
2024-09-16 15:31:53.251,415.695512615989,95
2024-09-16 15:31:53.257,415.77490298920446,7
2024-09-16 15:31:53.447,415.7471273774802,1002
2024-09-16 15:31:53.460,415.7578069651647,12
2024-09-16 15:31:53.504,415.7682960506665,14
2024-09-16 15:31:53.506,415.7295619992464,102
2024-09-16 15:31:53.555,41.57786481032126,12
2024-09-16 15:31:53.628,415.73566836703327,11
2024-09-16 15:31:53.685,415.7087127546394,96
2024-09-16 15:31:53.737,415.7620472064094,15
2024-09-16 15:31:53.806,415.7334578196712,103
2024-09-16 15:31:53.988,415.7324017092728,5
2024-09-16 15:31:53.992,415.78197183210114,8
2024-09-16 15:31:53.999,415.7351255466049,15
2024-09-16 15:31:54.093,415.7283431558128,1005
2024-09-16 15:31:54.157,,1001
2024-09-16 15:31:54.274,415.65540001684735,13
2024-09-16 15:31:54.378,415.739859971071,13
2024-09-16 15:31:54.416,415.67498414426376,1005
2024-09-16 15:31:54.479,415.6807213746065,97
2024-09-16 15:31:54.481,,97
2024-09-16 15:31:54.505,415.7464366926447,7
2024-09-16 15:31:54.539,415.6701268480546,10
2024-09-16 15:31:54.551,415.69627998030177,1002
2024-09-16 15:31:54.679,415.71396190004754,995
2024-09-16 15:31:54.689,415.65501105324057,5
2024-09-16 15:31:54.694,415.7549442495556,1002
2024-09-16 15:31:54.789,415.7118224181289,102
2024-09-16 15:31:54.792,415.6862680688537,104
2024-09-16 15:31:54.831,415.7383717246892,1003
2024-09-16 15:31:54.875,415.7340024561229,7
2024-09-16 15:31:54.890,415.6779518650949,6
2024-09-16 15:31:55.198,415.80633320553767,11
2024-09-16 15:31:55.299,415.80547510816245,10
2024-09-16 15:31:55.343,415.7952011787378,10
2024-09-16 15:31:55.350,415.7978565666559,96
2024-09-16 15:31:55.357,415.7403972880321,997
2024-09-16 15:31:55.359,415.75037946703503,997
2024-09-16 15:31:55.371,415.7518400708446,15
2024-09-16 15:31:55.496,415.8192059436673,5
2024-09-16 15:31:55.499,415.7915854571595,105
2024-09-16 15:31:55.603,415.791819916904,998
2024-09-16 15:31:55.634,415.8036058777592,105
2024-09-16 15:31:55.685,415.765535585012,1003
2024-09-16 15:31:55.919,415.79603934464126,104
2024-09-16 15:31:56.324,415.7835185572219,1004
2024-09-16 15:31:56.514,415.7586242204726,999
2024-09-16 15:31:56.791,-415.7629769357208,9
2024-09-16 15:31:56.861,415.7775267430302,1005
2024-09-16 15:31:57.001,415.7176500982997,999
2024-09-16 15:31:57.003,415.750220591373,1001
2024-09-16 15:31:57.037,41.57146443508267,997
2024-09-16 15:31:57.044,415.6964279946377,1002
2024-09-16 15:31:57.074,415.7451478163824,104
2024-09-16 15:31:57.098,415.74333211747967,102
2024-09-16 15:31:57.185,415.75960164823056,101
2024-09-16 15:31:57.245,415.76232335889097,100
2024-09-16 15:31:57.249,415.7121913610964,10
2024-09-16 15:31:57.252,415.7609635922534,11
2024-09-16 15:31:57.255,415.70195524902806,9
2024-09-16 15:31:57.265,415.74198399616046,1001
2024-09-16 15:31:57.268,415.7469042107716,10
2024-09-16 15:31:57.275,415.73286251763096,1005
2024-09-16 15:31:57.308,417.2638342837439,10
2024-09-16 15:31:57.328,415.7337339438376,12
2024-09-16 15:31:57.339,415.7175580966373,104
2024-09-16 15:31:57.369,415.74481165508575,95
2024-09-16 15:31:57.417,415.7119016109237,5
2024-09-16 15:31:57.431,415.70620728121776,105
2024-09-16 15:31:57.450,415.7515399627164,998
2024-09-16 15:31:57.466,415.7624666880473,12
2024-09-16 15:31:57.503,415.7649133454344,95
2024-09-16 15:31:57.505,415.680877237811,13
2024-09-16 15:31:57.718,415.7158954121122,98
2024-09-16 15:31:57.744,415.7659192213628,1003
2024-09-16 15:31:57.777,415.7428995684342,8
2024-09-16 15:31:57.816,415.7557402923728,101
2024-09-16 15:31:57.819,415.74384426425047,98
2024-09-16 15:31:57.822,415.7562432133658,99
2024-09-16 15:31:57.880,415.765620882965,96
2024-09-16 15:31:58.025,415.6851531314709,1002
2024-09-16 15:31:58.059,415.6809133791995,15
2024-09-16 15:31:58.236,415.7066284232618,104
2024-09-16 15:31:58.393,415.72685460466886,8
2024-09-16 15:31:58.490,415.7113227663487,102
2024-09-16 15:31:59.027,415.7754923210176,9
2024-09-16 15:31:59.090,415.78123699623,997
2024-09-16 15:31:59.096,415.7399372254828,1000
2024-09-16 15:31:59.169,415.77520012516254,13
2024-09-16 15:31:59.169,415.7841346581713,1000
2024-09-16 15:31:59.251,415.7435591297043,999
2024-09-16 15:31:59.273,415.7590979824146,1004
2024-09-16 15:31:59.275,415.76312286555793,1005
2024-09-16 15:31:59.415,415.7649083212023,98
2024-09-16 15:31:59.444,415.7520435024349,1002
2024-09-16 15:31:59.472,415.7735199799904,102
2024-09-16 15:31:59.492,415.7178670325101,8
2024-09-16 15:31:59.498,415.7734573539024,1002
2024-09-16 15:31:59.501,415.75140357259454,98
2024-09-16 15:31:59.513,415.7792282301732,102
2024-09-16 15:31:59.540,415.7420628382719,1003
2024-09-16 15:31:59.546,415.7655304688001,998
2024-09-16 15:31:59.568,415.7270494007092,1005
2024-09-16 15:31:59.666,415.7342523817983,8
2024-09-16 15:31:59.691,415.7660227537884,10
2024-09-16 15:31:59.704,415.7512774113207,101
2024-09-16 15:31:59.813,415.7888402213905,1002
2024-09-16 15:31:59.910,415.7755149622875,99
2024-09-16 15:31:59.911,415.7112062524796,103
2024-09-16 15:31:59.963,415.7838697779802,7
2024-09-16 15:31:59.968,415.740949772085,105
