Timestamp,Price,Size
2024-09-17 13:09:00.086,404.968594759215,996
2024-09-17 13:09:00.099,404.9561582201897,99
2024-09-17 13:09:00.109,404.96197821846016,96
2024-09-17 13:09:00.137,404.9648411955819,8
2024-09-17 13:09:00.173,404.9665495282181,100
2024-09-17 13:09:00.188,404.9611515649839,997
2024-09-17 13:09:00.275,404.9805336795365,14
2024-09-17 13:09:00.498,404.9845067507955,96
2024-09-17 13:09:00.771,404.9806289836343,13
2024-09-17 13:09:00.863,404.9547059779735,1000
2024-09-17 13:09:00.923,404.9482815373497,100
2024-09-17 13:09:00.963,404.9741040703523,1000
2024-09-17 13:09:01.093,404.9404699899493,13
2024-09-17 13:09:01.176,404.9434628818517,995
2024-09-17 13:09:01.223,404.9523565497152,13
2024-09-17 13:09:01.274,404.95241562541537,15
2024-09-17 13:09:01.324,404.9503138435244,100
2024-09-17 13:09:01.362,404.9537811197365,15
2024-09-17 13:09:01.399,404.9572138491768,97
2024-09-17 13:09:01.735,404.9320114834162,15
2024-09-17 13:09:01.786,404.9470965074686,10
2024-09-17 13:09:01.818,404.96923350097546,98
2024-09-17 13:09:01.887,404.9404244387005,102
2024-09-17 13:09:02.008,404.9334785410181,14
2024-09-17 13:09:02.032,404.9208965485009,11
2024-09-17 13:09:02.039,404.9646885883824,7
2024-09-17 13:09:02.186,404.96933021297474,5
2024-09-17 13:09:02.227,404.9747446539738,1000
2024-09-17 13:09:02.249,404.9164619748293,5
2024-09-17 13:09:02.268,404.9520664841901,15
2024-09-17 13:09:02.326,404.9766367032486,95
2024-09-17 13:09:02.386,404.9079065785005,105
2024-09-17 13:09:02.460,-404.9282803728568,12
2024-09-17 13:09:02.461,404.9775639287295,12
2024-09-17 13:09:02.480,404.9666276314947,995
2024-09-17 13:09:02.488,404.9765093679968,101
2024-09-17 13:09:02.490,404.96060519675774,1000
2024-09-17 13:09:02.517,404.9285110656625,997
2024-09-17 13:09:02.569,404.9275366537677,996
2024-09-17 13:09:02.626,404.932875753045,101
2024-09-17 13:09:02.632,404.9395144921188,97
2024-09-17 13:09:02.647,404.968801718191,103
2024-09-17 13:09:02.651,404.9767163608525,102
2024-09-17 13:09:02.673,404.9575011947674,102
2024-09-17 13:09:02.731,404.9743208430655,13
2024-09-17 13:09:02.753,404.9428224987269,95
2024-09-17 13:09:02.785,404.9364843576438,97
2024-09-17 13:09:02.860,404.9542909502191,99
2024-09-17 13:09:02.897,404.9510273588976,96
2024-09-17 13:09:02.947,404.9509693552973,6
2024-09-17 13:09:02.949,404.9484887643342,1001
2024-09-17 13:09:03.018,404.9817288082728,11
2024-09-17 13:09:03.044,404.9477540799623,103
2024-09-17 13:09:03.068,404.91675943837976,100
2024-09-17 13:09:03.097,404.9917473335015,10
2024-09-17 13:09:03.133,404.9506186822477,1001
2024-09-17 13:09:03.228,-404.9556946593483,13
2024-09-17 13:09:03.309,404.9624589196149,15
2024-09-17 13:09:03.323,404.9602549923758,996
2024-09-17 13:09:03.379,404.952874203105,6
2024-09-17 13:09:03.411,404.9695720457132,13
2024-09-17 13:09:03.503,404.955884018957,9
2024-09-17 13:09:03.682,404.9526039648071,15
2024-09-17 13:09:03.710,404.9174584128618,103
2024-09-17 13:09:03.795,404.95270336445486,99
2024-09-17 13:09:03.821,404.9326486367737,8
2024-09-17 13:09:03.831,404.9540577783583,11
2024-09-17 13:09:03.847,404.9590360942644,10
2024-09-17 13:09:03.906,404.9068792672186,1000
2024-09-17 13:09:03.941,404.9647202054281,98
2024-09-17 13:09:04.030,404.9686987772511,995
2024-09-17 13:09:04.031,40.49577762528237,14
2024-09-17 13:09:04.069,404.9586098546719,5
2024-09-17 13:09:04.248,404.94410605580896,102
2024-09-17 13:09:04.278,404.9878427524224,1003
2024-09-17 13:09:04.336,404.9700923991847,996
2024-09-17 13:09:04.351,404.92119918545706,11
2024-09-17 13:09:04.353,404.95848706236296,14
2024-09-17 13:09:04.415,404.9481353975984,103
2024-09-17 13:09:04.426,404.9484987009244,1001
2024-09-17 13:09:04.470,404.9697672967215,12
2024-09-17 13:09:04.482,404.95646738382095,1005
2024-09-17 13:09:04.595,404.9874988178388,6
2024-09-17 13:09:04.608,404.9515732668823,102
2024-09-17 13:09:04.671,404.99741686476017,14
2024-09-17 13:09:04.678,404.9760844950675,997
2024-09-17 13:09:04.809,404.9007007153452,6
2024-09-17 13:09:04.958,404.9521190711301,7
2024-09-17 13:09:04.986,404.9433599933064,11
2024-09-17 13:09:05.087,404.9041968985878,101
2024-09-17 13:09:05.132,404.9088248623791,97
2024-09-17 13:09:05.164,404.9265401935821,96
2024-09-17 13:09:05.223,404.9153768672258,999
2024-09-17 13:09:05.284,404.93363174506544,7
2024-09-17 13:09:05.348,404.9370936292999,1003
2024-09-17 13:09:05.372,404.9393350532416,13
2024-09-17 13:09:05.400,404.9356716568212,96
2024-09-17 13:09:05.403,404.9067411185135,7
2024-09-17 13:09:05.448,404.8900321688441,103
2024-09-17 13:09:05.494,404.9042446924509,8
2024-09-17 13:09:05.499,404.9419529601663,96
2024-09-17 13:09:05.585,404.8921864621885,11
2024-09-17 13:09:05.617,404.9250390845839,15
2024-09-17 13:09:05.679,404.92103196556417,996
2024-09-17 13:09:05.737,404.89756578292935,97
2024-09-17 13:09:05.861,404.9006083748741,995
2024-09-17 13:09:05.862,40.49222741518478,999
2024-09-17 13:09:05.882,404.9211323202343,101
2024-09-17 13:09:06.039,404.8797637736627,97
2024-09-17 13:09:06.071,404.8876025583692,1000
2024-09-17 13:09:06.098,404.868649025464,104
2024-09-17 13:09:06.154,404.88528047621816,1000
2024-09-17 13:09:06.201,404.9127505173185,98
2024-09-17 13:09:06.202,404.91805724814105,998
2024-09-17 13:09:06.207,404.87233771803295,1004
2024-09-17 13:09:06.222,404.8994985656983,9
2024-09-17 13:09:06.243,404.9245837650936,105
2024-09-17 13:09:06.312,404.8587339178949,12
2024-09-17 13:09:06.336,404.8695100392753,100
2024-09-17 13:09:06.338,404.9256211041407,105
2024-09-17 13:09:06.398,404.9217051308632,96
2024-09-17 13:09:06.462,404.9026809537049,999
2024-09-17 13:09:06.477,404.904934157002,104
2024-09-17 13:09:06.510,404.903375796822,998
2024-09-17 13:09:06.517,404.8840576100321,1005
2024-09-17 13:09:06.533,404.9125517265128,9
2024-09-17 13:09:06.537,404.91116900330695,103
2024-09-17 13:09:06.560,404.8975463485115,103
2024-09-17 13:09:06.677,404.8910905204472,1005
2024-09-17 13:09:06.682,404.8818151751578,1000
2024-09-17 13:09:06.695,404.910092362756,1002
2024-09-17 13:09:06.735,404.8948729008,8
2024-09-17 13:09:06.760,404.8884403218069,102
2024-09-17 13:09:06.785,404.9403206377563,103
2024-09-17 13:09:06.796,404.8885661636016,99
2024-09-17 13:09:06.876,404.90706058431607,8
2024-09-17 13:09:06.879,404.89693000099584,13
2024-09-17 13:09:06.993,404.9086921317347,1005
2024-09-17 13:09:07.061,404.8898449051908,100
2024-09-17 13:09:07.364,404.88275249810926,1001
2024-09-17 13:09:07.744,404.867080579938,97
2024-09-17 13:09:07.744,404.8692879228084,100
2024-09-17 13:09:07.908,404.9157771913192,11
2024-09-17 13:09:07.939,404.919085622522,12
2024-09-17 13:09:08.018,404.80571602701457,15
2024-09-17 13:09:08.019,404.7949438433298,6
2024-09-17 13:09:08.029,404.8575357203592,11
2024-09-17 13:09:08.058,404.80505777935394,97
2024-09-17 13:09:08.192,404.8338900761367,103
2024-09-17 13:09:08.229,404.7965409777439,1005
2024-09-17 13:09:08.232,404.8300142889781,7
2024-09-17 13:09:08.265,404.8324729592568,998
2024-09-17 13:09:08.311,404.7819556108232,998
2024-09-17 13:09:08.345,404.80186666253246,101
2024-09-17 13:09:08.362,404.7710568705618,104
2024-09-17 13:09:08.378,,9
2024-09-17 13:09:08.413,404.7780934729947,15
2024-09-17 13:09:08.421,404.78058534887134,15
2024-09-17 13:09:08.579,-404.7845239495974,6
2024-09-17 13:09:08.587,404.7721501398736,14
2024-09-17 13:09:08.636,404.80627395842055,1001
2024-09-17 13:09:08.719,404.8110495413434,95
2024-09-17 13:09:08.860,404.7828890355916,96
2024-09-17 13:09:08.914,404.7873887412513,1003
2024-09-17 13:09:08.935,404.7701209405047,100
2024-09-17 13:09:08.941,404.80149883861714,1001
2024-09-17 13:09:08.993,404.8318927457785,99
2024-09-17 13:09:09.004,404.7917130543239,97
2024-09-17 13:09:09.049,404.7881103264476,11
2024-09-17 13:09:09.076,404.8148963204773,97
2024-09-17 13:09:09.100,404.8246411520924,102
2024-09-17 13:09:09.344,404.77933511506143,1000
2024-09-17 13:09:09.389,404.8217627198314,1003
2024-09-17 13:09:09.567,404.796262666626,1005
2024-09-17 13:09:09.601,404.7740521516749,10
2024-09-17 13:09:09.884,404.80613135076135,1002
2024-09-17 13:09:09.970,404.7721663208997,99
2024-09-17 13:09:10.067,404.834631637026,100
2024-09-17 13:09:10.072,404.84406087550616,11
2024-09-17 13:09:10.245,404.8500452379343,95
2024-09-17 13:09:10.349,404.8577386339328,13
2024-09-17 13:09:10.711,404.8222429360153,96
2024-09-17 13:09:10.753,404.8499147528802,103
2024-09-17 13:09:12.048,404.86431528313375,9
2024-09-17 13:09:12.260,404.84715994320334,12
2024-09-17 13:09:12.291,404.8478260419645,5
2024-09-17 13:09:12.646,404.85784932992834,10
2024-09-17 13:09:12.675,404.8167975846636,101
2024-09-17 13:09:12.727,404.8542238622936,104
2024-09-17 13:09:12.916,404.8538767035911,995
2024-09-17 13:09:12.964,40.48665170538229,15
2024-09-17 13:09:12.975,404.838219282466,8
2024-09-17 13:09:13.043,404.840061333872,100
2024-09-17 13:09:13.153,404.8253557921017,8
2024-09-17 13:09:13.228,404.8784615566514,1002
2024-09-17 13:09:13.288,404.8182903103723,7
2024-09-17 13:09:13.314,404.8391838385022,15
2024-09-17 13:09:13.359,404.8617582357289,13
2024-09-17 13:09:13.469,404.8255363351296,7
2024-09-17 13:09:13.477,404.7950860867279,7
2024-09-17 13:09:13.492,-404.8191810855136,104
2024-09-17 13:09:13.560,404.8322049804385,10
2024-09-17 13:09:13.717,404.8265602024353,1005
2024-09-17 13:09:13.783,404.8716469951386,101
2024-09-17 13:09:13.853,404.8240919362063,999
2024-09-17 13:09:13.884,404.832133883272,996
2024-09-17 13:09:14.064,404.7738993653037,998
2024-09-17 13:09:14.527,404.7870314811803,100
2024-09-17 13:09:14.974,404.78756455471125,5
2024-09-17 13:09:16.046,404.759853375078,999
2024-09-17 13:09:16.077,404.7713384160445,95
2024-09-17 13:09:16.183,404.7784785054173,11
2024-09-17 13:09:16.259,404.7852565564201,13
2024-09-17 13:09:16.260,404.7763474060614,95
2024-09-17 13:09:16.291,404.77010884844617,1001
2024-09-17 13:09:16.630,404.7804836077221,101
2024-09-17 13:09:16.826,404.7976103885642,5
2024-09-17 13:09:16.862,40.47696634310861,104
2024-09-17 13:09:17.003,404.7058198480139,96
2024-09-17 13:09:17.337,404.7956986270887,95
2024-09-17 13:09:17.396,404.8110499458272,9
2024-09-17 13:09:17.404,404.72717254014026,97
2024-09-17 13:09:17.471,404.763750276541,98
2024-09-17 13:09:17.485,404.80068227956366,995
2024-09-17 13:09:17.498,404.72661364556046,14
2024-09-17 13:09:17.505,404.7334572977308,7
2024-09-17 13:09:17.508,404.7899727460388,105
2024-09-17 13:09:17.528,404.713443848477,6
2024-09-17 13:09:17.537,404.7048510435801,995
2024-09-17 13:09:17.537,404.71061062944864,1004
2024-09-17 13:09:17.550,404.7883027197485,11
2024-09-17 13:09:17.568,404.7289484255515,105
2024-09-17 13:09:17.666,404.7263656779796,5
2024-09-17 13:09:17.677,404.81595242778286,101
2024-09-17 13:09:17.701,404.7734374599895,999
2024-09-17 13:09:17.753,404.7194485425209,10
2024-09-17 13:09:17.768,404.723109725912,101
2024-09-17 13:09:17.784,404.7187752861984,99
2024-09-17 13:09:17.807,404.7039648229624,999
2024-09-17 13:09:17.839,404.75792559826345,1002
2024-09-17 13:09:17.879,404.7464639444068,100
2024-09-17 13:09:17.886,404.7777400744976,96
2024-09-17 13:09:17.908,404.7633679503841,15
2024-09-17 13:09:17.914,404.7759709529426,103
2024-09-17 13:09:17.927,404.73679123359904,10
2024-09-17 13:09:17.930,404.6947035694364,8
2024-09-17 13:09:17.983,404.8177499321261,10
2024-09-17 13:09:18.622,404.84981793339097,997
2024-09-17 13:09:18.797,404.8271461245242,1002
2024-09-17 13:09:18.801,40.48622160456484,105
2024-09-17 13:09:18.818,404.8337893429149,11
2024-09-17 13:09:19.099,404.8647274864524,99
2024-09-17 13:09:19.122,404.8415492336458,11
2024-09-17 13:09:19.155,404.85516890226194,1005
2024-09-17 13:09:19.214,404.8398164859973,104
2024-09-17 13:09:19.285,404.858806939262,99
2024-09-17 13:09:19.309,404.8497176033256,12
2024-09-17 13:09:19.310,404.83711529687776,1002
2024-09-17 13:09:19.327,404.8574367284511,100
2024-09-17 13:09:19.453,404.8447684114061,999
2024-09-17 13:09:19.460,404.8649022449823,1000
2024-09-17 13:09:19.470,404.8512355600139,5
2024-09-17 13:09:19.503,404.84921455915656,9
2024-09-17 13:09:19.545,404.8445522388291,105
2024-09-17 13:09:19.559,404.85002012950827,1002
2024-09-17 13:09:19.692,404.8462598096186,1005
2024-09-17 13:09:19.761,-404.8480105256926,12
2024-09-17 13:09:19.953,404.8538608553885,95
2024-09-17 13:09:19.981,404.8537458132511,102
2024-09-17 13:09:20.026,404.85658061620313,5
2024-09-17 13:09:20.075,404.8304464253851,12
2024-09-17 13:09:20.077,404.8619458362434,100
2024-09-17 13:09:20.145,404.8222874167227,1003
2024-09-17 13:09:20.195,404.8859170468224,103
2024-09-17 13:09:20.271,404.817533295923,95
2024-09-17 13:09:20.303,404.8894231583744,7
2024-09-17 13:09:20.316,404.8235072113486,98
2024-09-17 13:09:20.424,404.8511566000204,9
2024-09-17 13:09:20.436,404.84267945761104,1005
2024-09-17 13:09:20.626,404.873884715028,104
2024-09-17 13:09:20.678,404.82943523146986,998
2024-09-17 13:09:20.681,404.8776129671177,14
2024-09-17 13:09:20.835,404.85975432167066,13
2024-09-17 13:09:20.919,404.82322964464805,96
2024-09-17 13:09:20.930,404.8704743651888,1001
2024-09-17 13:09:20.947,404.8933745114927,1003
2024-09-17 13:09:21.037,404.8229193635624,998
2024-09-17 13:09:21.404,404.8109986804933,103
2024-09-17 13:09:21.429,404.805653876564,995
2024-09-17 13:09:22.186,404.7861888722089,1001
2024-09-17 13:09:23.127,404.7907037366984,10
2024-09-17 13:09:23.222,404.7906672983393,5
2024-09-17 13:09:23.599,404.7957209491237,1002
2024-09-17 13:09:23.691,404.7998892478942,15
2024-09-17 13:09:23.736,404.7982954448435,102
2024-09-17 13:09:23.998,404.7821300267546,1000
2024-09-17 13:09:24.087,404.8218524407275,95
2024-09-17 13:09:24.167,404.810048861742,97
2024-09-17 13:09:24.170,404.7975591066626,8
2024-09-17 13:09:24.204,404.87358463122814,998
2024-09-17 13:09:24.206,40.48567768604419,1004
2024-09-17 13:09:24.266,404.803806266952,1001
2024-09-17 13:09:24.273,404.818307400748,100
2024-09-17 13:09:24.280,404.8162067699131,1003
2024-09-17 13:09:24.365,404.83594943392046,6
2024-09-17 13:09:24.451,404.835077322949,100
2024-09-17 13:09:24.548,404.83162078560895,9
2024-09-17 13:09:24.554,404.8354777178306,97
2024-09-17 13:09:24.616,404.8294525556344,6
2024-09-17 13:09:24.645,404.8300903093963,1000
2024-09-17 13:09:24.693,404.8297753655328,1003
2024-09-17 13:09:24.718,404.8349289375988,1003
2024-09-17 13:09:24.776,404.8283965508938,6
2024-09-17 13:09:24.788,404.8513099629769,7
2024-09-17 13:09:24.814,404.8332213327501,9
2024-09-17 13:09:24.820,404.8212076798693,100
2024-09-17 13:09:24.837,404.8699608227867,1001
2024-09-17 13:09:24.850,404.8114159654885,5
2024-09-17 13:09:24.855,404.8886344657812,101
2024-09-17 13:09:24.898,404.8272032798192,1001
2024-09-17 13:09:24.902,404.85360080361824,105
2024-09-17 13:09:24.981,404.82965119819846,9
2024-09-17 13:09:24.985,404.8042054733372,9
2024-09-17 13:09:25.062,404.888644476989,7
2024-09-17 13:09:25.165,404.93214384202696,7
2024-09-17 13:09:25.219,404.9303459805284,100
2024-09-17 13:09:25.369,404.9311190002944,8
2024-09-17 13:09:25.501,404.88479323917215,997
2024-09-17 13:09:25.644,404.9372940888664,999
2024-09-17 13:09:25.684,404.8961003637538,1000
2024-09-17 13:09:25.852,,101
2024-09-17 13:09:25.866,404.888824214988,13
2024-09-17 13:09:25.911,404.90651341720826,102
2024-09-17 13:09:25.959,404.8998223437308,7
2024-09-17 13:09:25.985,404.8876556133076,996
2024-09-17 13:09:26.030,404.8993182250633,11
2024-09-17 13:09:26.058,404.8935788246488,98
2024-09-17 13:09:26.113,404.91567121799454,997
2024-09-17 13:09:26.141,404.8660950798469,9
2024-09-17 13:09:26.283,404.8842507280736,6
2024-09-17 13:09:26.302,404.8880517582384,7
2024-09-17 13:09:26.306,404.8960237525268,12
2024-09-17 13:09:26.401,404.8889205013232,96
2024-09-17 13:09:26.409,404.8919838494573,1005
2024-09-17 13:09:26.559,404.8691786752977,998
2024-09-17 13:09:26.613,404.87685903715686,8
2024-09-17 13:09:26.640,404.8892383763958,8
2024-09-17 13:09:26.647,404.8974622112416,996
2024-09-17 13:09:26.682,404.89685551233424,1005
2024-09-17 13:09:26.726,404.8837576101493,999
2024-09-17 13:09:26.729,404.9087914698522,105
2024-09-17 13:09:26.781,404.90310633029264,12
2024-09-17 13:09:26.848,404.908339948839,997
2024-09-17 13:09:26.899,404.9014549245313,100
2024-09-17 13:09:27.080,404.88748399352033,1005
2024-09-17 13:09:27.123,404.9044606167592,997
2024-09-17 13:09:27.126,404.8797760970277,997
2024-09-17 13:09:27.212,404.8947892648209,6
2024-09-17 13:09:27.306,404.8940908588902,96
2024-09-17 13:09:27.320,404.8782785308487,97
2024-09-17 13:09:27.345,404.8976680173653,97
2024-09-17 13:09:27.358,404.8912605170875,1001
2024-09-17 13:09:27.391,404.912761691115,997
2024-09-17 13:09:27.404,404.89918763047154,1004
2024-09-17 13:09:27.405,404.9067461370543,5
2024-09-17 13:09:27.480,404.918981667819,998
2024-09-17 13:09:27.536,404.88350615162784,97
2024-09-17 13:09:27.640,404.9002231091605,104
2024-09-17 13:09:27.683,404.9125249802209,96
2024-09-17 13:09:27.685,404.9021513476673,12
2024-09-17 13:09:27.735,-404.91133566160966,9
2024-09-17 13:09:27.809,40.49218898068412,8
2024-09-17 13:09:27.927,404.9137484141753,6
2024-09-17 13:09:27.980,404.9233360092218,98
2024-09-17 13:09:28.026,404.8903502306327,15
2024-09-17 13:09:28.092,404.8785149298733,1002
2024-09-17 13:09:28.193,404.8824717280936,14
2024-09-17 13:09:28.216,404.8728280752768,99
2024-09-17 13:09:28.320,404.8935339024283,12
2024-09-17 13:09:28.446,404.8812778508063,10
2024-09-17 13:09:28.565,404.8869249774025,95
2024-09-17 13:09:28.756,404.890320009701,11
2024-09-17 13:09:28.776,,9
2024-09-17 13:09:28.840,404.8976031849902,1001
2024-09-17 13:09:28.958,-404.8825641279729,102
2024-09-17 13:09:29.057,,8
2024-09-17 13:09:29.153,404.877056128025,98
2024-09-17 13:09:29.198,404.8950825366186,998
2024-09-17 13:09:29.199,404.8894967771445,10
2024-09-17 13:09:29.220,404.9833710745757,102
2024-09-17 13:09:29.261,404.9010970177265,98
2024-09-17 13:09:29.262,404.9298505636918,999
2024-09-17 13:09:29.278,404.9243831447926,1004
2024-09-17 13:09:29.309,404.9723319790812,995
2024-09-17 13:09:29.322,404.8522903800711,997
2024-09-17 13:09:29.334,404.98922880707664,100
2024-09-17 13:09:29.447,404.89444768318685,97
2024-09-17 13:09:29.556,404.987075367836,105
2024-09-17 13:09:29.558,404.9914327090456,103
2024-09-17 13:09:29.587,404.8397073667506,95
2024-09-17 13:09:29.715,404.8680343859559,98
2024-09-17 13:09:29.715,404.9439649741947,96
2024-09-17 13:09:29.721,404.932620743959,97
2024-09-17 13:09:29.741,404.9598676475472,997
2024-09-17 13:09:29.750,404.9317502638403,105
2024-09-17 13:09:29.789,404.8343422602151,1003
2024-09-17 13:09:29.791,404.99227900763225,6
2024-09-17 13:09:29.791,404.90171436272544,14
2024-09-17 13:09:29.792,404.8699864724498,98
2024-09-17 13:09:29.796,404.9125963051392,1000
2024-09-17 13:09:29.860,404.9528169225544,14
2024-09-17 13:09:29.893,404.9076847111761,14
2024-09-17 13:09:29.923,404.9761753147835,100
2024-09-17 13:09:29.948,404.9651546691273,1003
2024-09-17 13:09:30.524,404.98294718599,11
2024-09-17 13:09:31.157,405.0128526343306,999
2024-09-17 13:09:31.157,404.9940005044502,10
2024-09-17 13:09:31.163,405.0441398476011,95
2024-09-17 13:09:31.202,405.0210507065708,9
2024-09-17 13:09:31.236,404.9961671874224,8
2024-09-17 13:09:31.274,405.0398087869255,11
2024-09-17 13:09:31.297,405.0122850951336,15
2024-09-17 13:09:31.373,405.0460538139136,12
2024-09-17 13:09:31.387,405.0171721233858,9
2024-09-17 13:09:31.487,405.0507327339602,11
2024-09-17 13:09:31.497,404.9825793737738,13
2024-09-17 13:09:31.551,405.03214811268384,1004
2024-09-17 13:09:31.589,404.9767008295198,101
2024-09-17 13:09:31.717,405.0222524387965,1000
2024-09-17 13:09:31.773,405.002018362264,1004
2024-09-17 13:09:31.778,405.01275054708486,10
2024-09-17 13:09:31.867,405.00511418534575,102
2024-09-17 13:09:31.892,405.0120179774847,997
2024-09-17 13:09:31.899,405.04394984072985,5
2024-09-17 13:09:31.916,405.0169421780227,6
2024-09-17 13:09:32.060,405.0039637146409,998
2024-09-17 13:09:32.146,404.9939382542743,96
2024-09-17 13:09:32.360,405.0214785093515,6
2024-09-17 13:09:32.371,405.0184937346874,5
2024-09-17 13:09:32.398,405.0188030606746,9
2024-09-17 13:09:32.567,404.9946229573969,11
2024-09-17 13:09:32.703,,103
2024-09-17 13:09:32.930,405.01081309872745,1001
2024-09-17 13:09:33.015,405.0054221335066,1001
2024-09-17 13:09:33.055,-405.0140760860836,14
2024-09-17 13:09:33.355,405.0010941225908,1004
2024-09-17 13:09:33.394,405.00647476175055,102
2024-09-17 13:09:33.417,404.9976810260407,98
2024-09-17 13:09:33.464,405.01183275349945,998
2024-09-17 13:09:33.514,40.50019007982894,996
2024-09-17 13:09:33.514,405.0086724022996,5
2024-09-17 13:09:33.654,405.00575960426994,7
2024-09-17 13:09:33.698,404.9935104923067,95
2024-09-17 13:09:33.713,404.992611112898,1002
2024-09-17 13:09:33.738,405.0049658364677,996
2024-09-17 13:09:33.867,405.0145542935424,101
2024-09-17 13:09:33.919,405.0154910577886,1001
2024-09-17 13:09:33.965,405.0137307231009,97
2024-09-17 13:09:34.334,405.0354977905909,1001
2024-09-17 13:09:34.469,405.0407341050393,14
2024-09-17 13:09:34.754,,998
2024-09-17 13:09:34.862,405.0512445987769,10
2024-09-17 13:09:34.874,405.04036405830334,99
2024-09-17 13:09:34.925,405.04673619700736,15
2024-09-17 13:09:34.926,405.03646479459286,8
2024-09-17 13:09:35.058,404.9828910019512,97
2024-09-17 13:09:35.067,404.9644562739424,5
2024-09-17 13:09:35.235,404.98902377379954,104
2024-09-17 13:09:35.239,404.9711798261012,1004
2024-09-17 13:09:35.304,405.0275779089337,7
2024-09-17 13:09:35.334,404.97002728835326,99
2024-09-17 13:09:35.381,404.99995481463554,11
2024-09-17 13:09:35.531,404.9905624985545,13
2024-09-17 13:09:35.546,404.9973959495761,13
2024-09-17 13:09:35.569,405.0122112012568,99
2024-09-17 13:09:35.653,404.97902191931206,997
2024-09-17 13:09:35.673,404.9733550579112,15
2024-09-17 13:09:35.678,404.9998080944005,14
2024-09-17 13:09:35.693,404.9779199258734,14
2024-09-17 13:09:35.703,404.99708278337016,11
2024-09-17 13:09:35.727,404.9720371499421,998
2024-09-17 13:09:35.761,404.9739655120587,9
2024-09-17 13:09:35.911,404.9757725287464,98
2024-09-17 13:09:35.923,405.03257508850027,15
2024-09-17 13:09:35.924,404.9669502540747,14
2024-09-17 13:09:35.969,404.96921926659513,105
2024-09-17 13:09:35.978,404.9803080902106,1001
2024-09-17 13:09:35.984,404.9805544419388,98
2024-09-17 13:09:36.062,404.9195001446992,99
2024-09-17 13:09:36.234,404.9517265792702,1000
2024-09-17 13:09:36.275,404.963597205519,14
2024-09-17 13:09:36.295,404.9613266427435,99
2024-09-17 13:09:36.388,404.9591908161082,997
2024-09-17 13:09:36.406,404.9790162252778,103
2024-09-17 13:09:36.413,404.96789833774073,1000
2024-09-17 13:09:36.539,404.9241085462508,97
2024-09-17 13:09:36.562,404.962459075216,98
2024-09-17 13:09:36.590,404.98995343005214,102
2024-09-17 13:09:36.699,404.99678415610686,97
2024-09-17 13:09:36.758,404.9395962746309,98
2024-09-17 13:09:36.768,404.96878774632114,14
2024-09-17 13:09:36.810,404.98143401123815,13
2024-09-17 13:09:36.839,404.9424555364511,96
2024-09-17 13:09:36.855,40.49660608920999,15
2024-09-17 13:09:36.916,404.9598242256913,1004
2024-09-17 13:09:37.016,404.89585000662527,1000
2024-09-17 13:09:37.066,404.8819854616932,6
2024-09-17 13:09:37.088,404.89733090950887,15
2024-09-17 13:09:37.090,404.8812920189396,9
2024-09-17 13:09:37.120,404.8914417224174,1000
2024-09-17 13:09:37.136,404.88665068953486,101
2024-09-17 13:09:37.182,404.8860275544319,97
2024-09-17 13:09:37.183,404.9132201876522,995
2024-09-17 13:09:37.211,404.8785242971209,11
2024-09-17 13:09:37.249,404.893761666485,1002
2024-09-17 13:09:37.325,404.89138905119967,1002
2024-09-17 13:09:37.344,404.86456122832186,100
2024-09-17 13:09:37.354,404.8892070869061,1000
2024-09-17 13:09:37.366,404.9031657085707,99
2024-09-17 13:09:37.392,404.8918800304209,7
2024-09-17 13:09:37.393,404.909356505011,8
2024-09-17 13:09:37.429,404.91429399978193,996
2024-09-17 13:09:37.455,404.90086294976726,997
2024-09-17 13:09:37.513,404.9189640240938,1004
2024-09-17 13:09:37.536,404.8874178817267,5
2024-09-17 13:09:37.608,404.8761354090863,5
2024-09-17 13:09:37.737,404.9040543410447,14
2024-09-17 13:09:37.779,404.8906680963042,996
2024-09-17 13:09:37.825,404.8807038380682,11
2024-09-17 13:09:37.871,404.8942282925928,996
2024-09-17 13:09:37.965,404.89793832102686,996
2024-09-17 13:09:37.966,404.9091130574814,5
2024-09-17 13:09:37.975,404.89603412296486,105
2024-09-17 13:09:37.996,404.9166229875331,97
2024-09-17 13:09:38.344,404.8822202413917,97
2024-09-17 13:09:38.778,404.8705167435584,14
2024-09-17 13:09:38.986,404.8733361608474,14
2024-09-17 13:09:39.050,404.8440182851365,7
2024-09-17 13:09:39.145,404.81662871388943,6
2024-09-17 13:09:39.216,404.8277405638768,105
2024-09-17 13:09:39.241,404.83607896897166,15
2024-09-17 13:09:39.287,404.8288639520277,95
2024-09-17 13:09:39.289,404.8483381243288,95
2024-09-17 13:09:39.295,404.8477069487803,8
2024-09-17 13:09:39.323,404.8331758670863,6
2024-09-17 13:09:39.367,404.8382170195465,996
2024-09-17 13:09:39.420,404.8464798431674,1002
2024-09-17 13:09:39.436,404.82387860399206,105
2024-09-17 13:09:39.520,404.8369151897896,100
2024-09-17 13:09:39.567,404.842623513692,15
2024-09-17 13:09:39.601,404.8294596678178,105
2024-09-17 13:09:39.615,404.8232056128498,5
2024-09-17 13:09:39.651,404.841855104266,7
2024-09-17 13:09:39.655,404.8428627525341,104
2024-09-17 13:09:39.666,404.81536668760367,97
2024-09-17 13:09:39.725,404.8461177548036,1001
2024-09-17 13:09:39.727,-40.48434889305736,14
2024-09-17 13:09:39.859,404.8205495591863,995
2024-09-17 13:09:39.930,404.8478625462074,1005
2024-09-17 13:09:39.954,404.8298945387393,99
2024-09-17 13:09:40.004,404.8049925176888,11
2024-09-17 13:09:40.052,404.7935068393879,101
2024-09-17 13:09:40.132,404.79078394567534,11
2024-09-17 13:09:40.157,404.80150320928726,996
2024-09-17 13:09:40.162,404.8392130134866,999
2024-09-17 13:09:40.197,404.8266915645902,11
2024-09-17 13:09:40.253,404.8122321314174,995
2024-09-17 13:09:40.567,404.8304125126497,104
2024-09-17 13:09:40.809,404.78819204405664,104
2024-09-17 13:09:40.970,404.7687955267443,105
2024-09-17 13:09:41.019,404.7788046571006,96
2024-09-17 13:09:41.082,404.77990682155263,9
2024-09-17 13:09:41.119,404.7864966793926,14
2024-09-17 13:09:41.132,404.7845191219348,1003
2024-09-17 13:09:41.155,404.7905325950181,101
2024-09-17 13:09:41.190,404.7890814094474,7
2024-09-17 13:09:41.236,404.7739941448275,1002
2024-09-17 13:09:41.341,404.7762217898297,1002
2024-09-17 13:09:41.397,404.7808830105146,10
2024-09-17 13:09:41.527,404.7913050192682,105
2024-09-17 13:09:41.532,404.782351260415,101
2024-09-17 13:09:41.535,404.76889762071534,12
2024-09-17 13:09:41.559,404.7754993035785,15
2024-09-17 13:09:41.637,404.76468516554814,5
2024-09-17 13:09:41.736,404.80114038238514,1001
2024-09-17 13:09:41.767,404.7645921888617,1000
2024-09-17 13:09:42.255,404.7736102720288,996
2024-09-17 13:09:42.306,404.8126471972118,1004
2024-09-17 13:09:42.576,404.7926551342821,7
2024-09-17 13:09:42.760,404.7869096778821,1000
2024-09-17 13:09:42.882,404.7658554923287,1000
2024-09-17 13:09:42.937,404.8113429534957,99
2024-09-17 13:09:42.974,404.8048965715881,104
2024-09-17 13:09:43.040,404.831969805933,998
2024-09-17 13:09:43.069,404.7502828718629,1005
2024-09-17 13:09:43.166,404.7678586302832,999
2024-09-17 13:09:43.257,404.7731249951378,1003
2024-09-17 13:09:43.257,404.8044255103048,102
2024-09-17 13:09:43.286,404.7717952957927,103
2024-09-17 13:09:43.357,404.7431697018036,105
2024-09-17 13:09:43.363,404.78792731988574,999
2024-09-17 13:09:43.405,404.76719878187527,1000
2024-09-17 13:09:43.447,404.77592451492586,101
2024-09-17 13:09:43.521,404.81670320855295,1004
2024-09-17 13:09:43.658,404.74520125561065,98
2024-09-17 13:09:43.715,404.8100108005497,996
2024-09-17 13:09:43.759,404.7808180533111,105
2024-09-17 13:09:43.848,404.7543047989691,1000
2024-09-17 13:09:43.861,404.7358830174805,1000
2024-09-17 13:09:43.928,404.7867074262246,1002
2024-09-17 13:09:43.931,404.7994091024816,103
2024-09-17 13:09:44.160,404.8678826291501,104
2024-09-17 13:09:44.221,404.8380778344211,11
2024-09-17 13:09:44.536,404.8496955301007,8
2024-09-17 13:09:44.638,404.84532675422935,102
2024-09-17 13:09:44.756,404.83948712301145,8
2024-09-17 13:09:44.782,404.856828455836,1005
2024-09-17 13:09:44.845,404.8462345272134,7
2024-09-17 13:09:45.173,404.8245613253282,1000
2024-09-17 13:09:45.400,404.8396912566658,5
2024-09-17 13:09:45.425,404.8388241698944,1001
2024-09-17 13:09:45.436,404.8348189666587,12
2024-09-17 13:09:45.452,404.8234129343993,99
2024-09-17 13:09:46.044,404.78164300069153,1000
2024-09-17 13:09:46.115,404.8227524605814,12
2024-09-17 13:09:46.144,404.780344841756,1003
2024-09-17 13:09:46.157,404.75575540473153,1004
2024-09-17 13:09:46.189,404.7693642723905,102
2024-09-17 13:09:46.211,404.719708927016,999
2024-09-17 13:09:46.219,404.76294502715376,100
2024-09-17 13:09:46.249,404.7454991694072,95
2024-09-17 13:09:46.275,404.7658428240735,100
2024-09-17 13:09:46.290,404.7820910565072,102
2024-09-17 13:09:46.319,404.7939830782644,995
2024-09-17 13:09:46.391,404.7762493985343,100
2024-09-17 13:09:46.466,404.7361250913538,1004
2024-09-17 13:09:46.517,404.74500788621,5
2024-09-17 13:09:46.548,404.7776990785517,104
2024-09-17 13:09:46.725,404.78175576865175,1000
2024-09-17 13:09:46.729,404.77527090337367,997
2024-09-17 13:09:46.856,404.77091702834247,998
2024-09-17 13:09:46.878,404.7238768719964,1003
2024-09-17 13:09:46.886,404.76008703204855,104
2024-09-17 13:09:46.945,40.48209995666325,996
2024-09-17 13:09:47.283,404.7210309708093,5
2024-09-17 13:09:48.240,404.65620738129286,12
2024-09-17 13:09:48.260,404.6881385442006,9
2024-09-17 13:09:48.329,404.6664669711124,95
2024-09-17 13:09:48.378,404.6727078332166,995
2024-09-17 13:09:48.398,404.6939114514927,98
2024-09-17 13:09:48.400,404.65966615119663,13
2024-09-17 13:09:48.655,404.6791837095028,999
2024-09-17 13:09:48.690,404.6875114815403,7
2024-09-17 13:09:48.864,404.6902157014548,1001
2024-09-17 13:09:48.881,404.69501852960485,999
2024-09-17 13:09:48.886,404.67959189447566,98
2024-09-17 13:09:48.888,404.6716244595862,1001
2024-09-17 13:09:48.936,404.69084544185546,102
2024-09-17 13:09:48.988,404.6806650693182,103
2024-09-17 13:09:50.250,404.66570079144185,99
2024-09-17 13:09:50.279,404.66708656154856,96
2024-09-17 13:09:50.329,404.6566160784955,105
2024-09-17 13:09:50.408,404.6716596860214,97
2024-09-17 13:09:50.481,404.6621642658386,15
2024-09-17 13:09:51.040,404.699932744843,997
2024-09-17 13:09:51.046,404.6984165619293,1004
2024-09-17 13:09:51.194,404.7082895189894,10
2024-09-17 13:09:51.285,404.6816803304026,99
2024-09-17 13:09:51.322,404.6883066840038,8
2024-09-17 13:09:51.361,404.6840553676042,97
2024-09-17 13:09:51.380,404.6988024590832,10
2024-09-17 13:09:51.381,404.7108922927382,98
2024-09-17 13:09:51.401,404.7097115582668,998
2024-09-17 13:09:51.449,404.6824167020164,13
2024-09-17 13:09:51.506,404.6800213020628,95
2024-09-17 13:09:51.560,404.6933147357421,104
2024-09-17 13:09:51.582,404.6969963764392,8
2024-09-17 13:09:51.603,404.68371199715057,103
2024-09-17 13:09:51.650,404.6873384806357,96
2024-09-17 13:09:51.673,404.6771433211375,97
2024-09-17 13:09:51.679,404.6711340218188,102
2024-09-17 13:09:51.806,404.6967804580058,1005
2024-09-17 13:09:51.853,404.6736277031585,1002
2024-09-17 13:09:51.870,404.6861541669434,5
2024-09-17 13:09:51.915,404.6808698446221,998
2024-09-17 13:09:51.925,404.7266186884009,7
2024-09-17 13:09:51.939,404.7017455372456,996
2024-09-17 13:09:51.940,404.67225151692026,97
2024-09-17 13:09:51.961,404.6887431536377,1004
2024-09-17 13:09:51.995,404.6806190157128,6
2024-09-17 13:09:52.046,404.756583173543,102
2024-09-17 13:09:52.056,404.78994673798974,8
2024-09-17 13:09:52.084,404.7336156299424,10
2024-09-17 13:09:52.123,404.7231418767377,1005
2024-09-17 13:09:52.246,404.743611905969,101
2024-09-17 13:09:52.261,404.7420906272087,997
2024-09-17 13:09:52.371,404.7332470522898,9
2024-09-17 13:09:52.481,404.733519158069,1000
2024-09-17 13:09:52.488,404.7129505035646,103
2024-09-17 13:09:52.560,404.7318941707644,97
2024-09-17 13:09:52.589,404.719999584302,101
2024-09-17 13:09:52.590,404.755581930147,7
2024-09-17 13:09:52.708,404.7486639851813,11
2024-09-17 13:09:52.742,404.7574143404916,104
2024-09-17 13:09:52.777,404.7310761328522,5
2024-09-17 13:09:52.813,404.723150185623,5
2024-09-17 13:09:52.822,404.73352941994864,14
2024-09-17 13:09:52.934,404.7299420970173,95
2024-09-17 13:09:53.550,404.798028164857,101
2024-09-17 13:09:53.714,404.78041272641696,105
2024-09-17 13:09:53.764,404.7916153441696,1003
2024-09-17 13:09:54.010,404.78869885838577,95
2024-09-17 13:09:54.301,404.7890010507212,14
2024-09-17 13:09:54.348,404.7923366786267,98
2024-09-17 13:09:54.370,404.79517121612577,1002
2024-09-17 13:09:54.465,404.77028243815954,1004
2024-09-17 13:09:54.474,404.7746820335908,998
2024-09-17 13:09:54.474,404.76225499839967,13
2024-09-17 13:09:54.657,404.77622931233793,12
2024-09-17 13:09:54.981,404.7753730762466,8
2024-09-17 13:09:54.989,404.8070697974947,1002
2024-09-17 13:09:54.991,404.8063467947765,14
2024-09-17 13:09:54.997,-404.7707076825503,14
2024-09-17 13:09:55.119,404.7997552669105,9
2024-09-17 13:09:55.167,404.8041458385764,95
2024-09-17 13:09:55.212,404.7822806300581,95
2024-09-17 13:09:55.269,404.79347305407583,1002
2024-09-17 13:09:55.398,404.7940841267543,1002
2024-09-17 13:09:55.520,404.8051170167668,5
2024-09-17 13:09:55.584,404.8076169903301,9
2024-09-17 13:09:55.609,404.8095646560635,997
2024-09-17 13:09:55.670,404.8232459319955,999
2024-09-17 13:09:55.740,404.7843793280496,105
2024-09-17 13:09:55.752,404.8046960516312,1003
2024-09-17 13:09:55.827,404.8122828538935,15
2024-09-17 13:09:55.922,404.8010319359048,998
2024-09-17 13:09:55.947,404.7953476589486,100
2024-09-17 13:09:56.005,404.83687321733424,1000
2024-09-17 13:09:56.450,404.8278589911481,15
2024-09-17 13:09:56.503,404.8539480670071,996
2024-09-17 13:09:56.540,40.48670830295039,9
2024-09-17 13:09:56.780,404.8565871967792,9
2024-09-17 13:09:56.813,404.83041599117774,996
2024-09-17 13:09:56.869,404.8579135289094,1005
2024-09-17 13:09:56.942,404.8318805520758,95
2024-09-17 13:09:57.739,404.85890525658334,1003
2024-09-17 13:09:57.970,404.8676843185136,97
2024-09-17 13:09:58.564,404.8644832227448,101
2024-09-17 13:09:59.009,404.80804552263766,101
2024-09-17 13:09:59.015,404.8302884320988,8
2024-09-17 13:09:59.082,404.8275063039092,1004
2024-09-17 13:09:59.198,404.8357688615839,96
2024-09-17 13:09:59.311,40.486168580966506,98
2024-09-17 13:09:59.535,404.82141713608206,103
2024-09-17 13:09:59.541,404.8423227504603,8
2024-09-17 13:09:59.556,404.8234520952895,998
2024-09-17 13:09:59.665,404.8368649682095,1000
2024-09-17 13:09:59.675,404.834405725998,995
2024-09-17 13:09:59.805,404.80696013560106,97
2024-09-17 13:09:59.838,404.856526525857,97
2024-09-17 13:09:59.847,404.85262723932055,103
2024-09-17 13:09:59.959,404.8388491723633,97
2024-09-17 13:09:59.983,404.8554679865707,1004
