Timestamp,Price,Size
2024-09-19 15:25:00.070,419.5923675659062,13
2024-09-19 15:25:00.073,419.6266854695926,14
2024-09-19 15:25:00.092,419.63449704233307,98
2024-09-19 15:25:00.143,419.6285042686405,9
2024-09-19 15:25:00.171,419.6235231160944,100
2024-09-19 15:25:00.343,419.6347741666328,102
2024-09-19 15:25:00.378,419.63073904885056,7
2024-09-19 15:25:00.464,419.6329498204909,12
2024-09-19 15:25:00.486,419.6337446993754,1001
2024-09-19 15:25:00.506,419.6368075950402,97
2024-09-19 15:25:00.545,419.6307624338176,996
2024-09-19 15:25:00.674,419.62751013541225,997
2024-09-19 15:25:00.809,419.6018338235942,1001
2024-09-19 15:25:00.818,419.5960869836261,1001
2024-09-19 15:25:00.942,419.6006274433438,101
2024-09-19 15:25:01.012,419.5502694097228,100
2024-09-19 15:25:01.085,419.55329943486646,15
2024-09-19 15:25:01.093,419.535556901348,1003
2024-09-19 15:25:01.113,419.54655650241887,998
2024-09-19 15:25:01.129,419.54881200330846,97
2024-09-19 15:25:01.223,419.5390176814297,105
2024-09-19 15:25:01.254,419.565217150177,100
2024-09-19 15:25:01.260,419.5648817003943,1000
2024-09-19 15:25:01.279,419.5896110838701,15
2024-09-19 15:25:01.337,419.5761754355645,1002
2024-09-19 15:25:01.338,419.5512673181103,5
2024-09-19 15:25:01.409,419.5409666013949,105
2024-09-19 15:25:01.430,419.547915228263,1001
2024-09-19 15:25:01.472,419.53321792428426,7
2024-09-19 15:25:01.516,419.5444912078057,1002
2024-09-19 15:25:01.583,419.55943226829874,998
2024-09-19 15:25:01.595,419.56912013069,9
2024-09-19 15:25:01.605,419.5586778474086,99
2024-09-19 15:25:01.627,419.5461081262812,97
2024-09-19 15:25:01.648,419.5654187198657,998
2024-09-19 15:25:01.677,419.5347115740754,98
2024-09-19 15:25:01.710,419.5311413899668,100
2024-09-19 15:25:01.754,419.5507794840732,7
2024-09-19 15:25:01.818,41.95847230772955,1000
2024-09-19 15:25:01.857,419.5486856884564,6
2024-09-19 15:25:01.942,419.5701909848473,10
2024-09-19 15:25:01.966,419.5743497474434,95
2024-09-19 15:25:01.974,419.5561759588728,10
2024-09-19 15:25:02.023,419.5509880202667,100
2024-09-19 15:25:02.073,41.95736978133032,8
2024-09-19 15:25:02.111,419.53164305466566,97
2024-09-19 15:25:02.139,419.5014714795613,1004
2024-09-19 15:25:02.188,419.530622223677,997
2024-09-19 15:25:02.268,419.55891950269785,1002
2024-09-19 15:25:02.269,419.54576326644144,11
2024-09-19 15:25:02.288,419.55819954671045,97
2024-09-19 15:25:02.485,419.5704962624769,995
2024-09-19 15:25:02.557,419.5258391804144,6
2024-09-19 15:25:02.562,419.5358531916485,15
2024-09-19 15:25:02.652,419.5871346532171,1004
2024-09-19 15:25:02.683,419.5360586967401,997
2024-09-19 15:25:02.734,419.5572731517791,11
2024-09-19 15:25:02.749,419.5160358303313,13
2024-09-19 15:25:02.778,419.5741306671893,1004
2024-09-19 15:25:02.827,419.54173210384073,995
2024-09-19 15:25:02.861,419.4945423666112,1004
2024-09-19 15:25:02.925,419.5242308601855,1003
2024-09-19 15:25:03.030,419.49179100190855,996
2024-09-19 15:25:03.088,419.50873728668313,1004
2024-09-19 15:25:03.233,419.4981626877676,101
2024-09-19 15:25:03.325,419.5014829644935,14
2024-09-19 15:25:03.481,419.503477979906,6
2024-09-19 15:25:03.606,419.50842233234073,6
2024-09-19 15:25:04.000,419.4926253792463,1002
2024-09-19 15:25:04.053,419.4768214575788,96
2024-09-19 15:25:04.074,419.4790103524559,8
2024-09-19 15:25:04.097,419.4282973540506,1002
2024-09-19 15:25:04.199,419.463819215197,14
2024-09-19 15:25:04.286,419.4263530916288,1005
2024-09-19 15:25:04.346,419.517822982563,1000
2024-09-19 15:25:04.383,41.95026541977808,1000
2024-09-19 15:25:04.387,419.40531530712855,97
2024-09-19 15:25:04.415,419.4710965285345,1004
2024-09-19 15:25:04.465,419.4845714347352,15
2024-09-19 15:25:04.519,419.4326824496487,6
2024-09-19 15:25:04.575,419.4898701230313,7
2024-09-19 15:25:04.746,419.480536196764,1002
2024-09-19 15:25:04.764,419.4290677248151,9
2024-09-19 15:25:04.827,419.4519945624348,998
2024-09-19 15:25:04.846,419.46126521837033,1005
2024-09-19 15:25:04.938,419.49006356932927,1005
2024-09-19 15:25:04.958,419.50262073854,9
2024-09-19 15:25:04.985,419.46698961990535,10
2024-09-19 15:25:04.993,419.5004059822259,14
2024-09-19 15:25:05.074,419.3794593651717,15
2024-09-19 15:25:05.179,419.411908694688,999
2024-09-19 15:25:05.265,419.3370013547388,999
2024-09-19 15:25:05.330,419.4166937185929,95
2024-09-19 15:25:05.352,419.4015893218154,13
2024-09-19 15:25:05.365,419.41494054808607,13
2024-09-19 15:25:05.424,419.3986841073631,97
2024-09-19 15:25:05.520,419.3987145469531,98
2024-09-19 15:25:05.534,419.3995217358146,96
2024-09-19 15:25:05.630,419.3973823127998,8
2024-09-19 15:25:05.645,419.4195098538922,998
2024-09-19 15:25:05.654,419.3968849865656,101
2024-09-19 15:25:05.682,419.3737340362367,102
2024-09-19 15:25:05.695,419.3473761460262,14
2024-09-19 15:25:05.746,419.3366996971125,11
2024-09-19 15:25:05.755,419.4031623115442,98
2024-09-19 15:25:05.776,419.3514922112005,100
2024-09-19 15:25:05.776,419.3384559363266,995
2024-09-19 15:25:05.780,419.4013098600801,998
2024-09-19 15:25:05.930,419.4025967599295,1003
2024-09-19 15:25:05.982,419.4126560581886,97
2024-09-19 15:25:06.087,419.31476496137554,12
2024-09-19 15:25:06.117,419.2492382676074,99
2024-09-19 15:25:06.129,419.2362853584055,8
2024-09-19 15:25:06.173,,7
2024-09-19 15:25:06.176,419.3489571411697,998
2024-09-19 15:25:06.239,419.3476460677063,9
2024-09-19 15:25:06.281,419.2444177686521,9
2024-09-19 15:25:06.310,419.328437370282,1003
2024-09-19 15:25:06.313,419.3202695311629,1002
2024-09-19 15:25:06.334,419.34072086945423,95
2024-09-19 15:25:06.418,419.33238223231626,1001
2024-09-19 15:25:06.453,419.2814533169717,15
2024-09-19 15:25:06.513,,103
2024-09-19 15:25:06.593,419.2798152613611,997
2024-09-19 15:25:06.705,419.3242556487135,13
2024-09-19 15:25:06.705,419.316494238388,98
2024-09-19 15:25:06.709,419.3240513031899,10
2024-09-19 15:25:06.723,419.3274785682849,99
2024-09-19 15:25:06.790,419.3335918825844,104
2024-09-19 15:25:06.821,419.3283111463063,96
2024-09-19 15:25:06.822,419.34019541015937,1004
2024-09-19 15:25:06.852,419.3377811052212,95
2024-09-19 15:25:06.942,419.3489295043529,97
2024-09-19 15:25:06.961,419.35114107248586,1005
2024-09-19 15:25:07.003,419.2031425734997,8
2024-09-19 15:25:07.114,419.2482255868701,101
2024-09-19 15:25:07.202,-419.55634971072527,105
2024-09-19 15:25:07.227,419.19981141994816,11
2024-09-19 15:25:07.633,419.20020700537947,1003
2024-09-19 15:25:07.660,419.2079443223705,10
2024-09-19 15:25:07.687,419.2238428526069,15
2024-09-19 15:25:07.693,419.20879793529343,1004
2024-09-19 15:25:08.003,41.91421051216582,13
2024-09-19 15:25:08.012,419.1448133508325,999
2024-09-19 15:25:08.063,419.150165760136,101
2024-09-19 15:25:08.072,419.21542597845945,97
2024-09-19 15:25:08.206,419.17918756121946,11
2024-09-19 15:25:08.259,419.17793076519,5
2024-09-19 15:25:08.329,419.1888784285841,1001
2024-09-19 15:25:08.450,419.1627987978098,99
2024-09-19 15:25:08.633,419.1931454346152,8
2024-09-19 15:25:08.641,419.1801079768596,101
2024-09-19 15:25:08.755,419.1918734559936,1005
2024-09-19 15:25:08.965,419.1603393001234,1003
2024-09-19 15:25:09.017,419.126811594745,105
2024-09-19 15:25:09.066,419.09981322667386,995
2024-09-19 15:25:09.077,419.13281182363096,104
2024-09-19 15:25:09.097,419.0974032714399,9
2024-09-19 15:25:09.103,419.1135338010423,103
2024-09-19 15:25:09.104,419.09395101734697,1001
2024-09-19 15:25:09.145,419.0831319120766,96
2024-09-19 15:25:09.167,419.0825585569526,7
2024-09-19 15:25:09.337,419.0965178645422,1005
2024-09-19 15:25:09.360,419.092197115517,1001
2024-09-19 15:25:09.375,419.1243649401053,9
2024-09-19 15:25:09.389,,11
2024-09-19 15:25:09.435,419.0926617234493,15
2024-09-19 15:25:09.461,419.1390629981822,997
2024-09-19 15:25:09.495,419.0993961919283,8
2024-09-19 15:25:09.534,419.098588074769,996
2024-09-19 15:25:09.623,41.91399729364339,1001
2024-09-19 15:25:09.646,419.1160314743585,10
2024-09-19 15:25:09.708,419.0837333570752,999
2024-09-19 15:25:09.744,419.1274842240181,97
2024-09-19 15:25:09.765,419.1044483896336,101
2024-09-19 15:25:09.777,419.1215034485359,7
2024-09-19 15:25:09.805,419.0793816133668,1004
2024-09-19 15:25:09.853,419.0926131503353,103
2024-09-19 15:25:09.874,419.117784231218,101
2024-09-19 15:25:09.903,419.0946882732237,98
2024-09-19 15:25:09.983,419.1084615816734,6
2024-09-19 15:25:09.989,419.1410155698068,14
2024-09-19 15:25:10.269,419.0805937981819,1001
2024-09-19 15:25:10.576,419.0820545935644,97
2024-09-19 15:25:10.738,419.0935979778323,995
2024-09-19 15:25:10.949,419.0885300644045,95
2024-09-19 15:25:11.062,419.1203906503411,998
2024-09-19 15:25:11.079,419.09641083906615,100
2024-09-19 15:25:11.102,419.1049490321519,14
2024-09-19 15:25:11.106,419.1123171793923,95
2024-09-19 15:25:11.112,419.0834542842911,13
2024-09-19 15:25:11.168,419.0768189579369,13
2024-09-19 15:25:11.211,419.1342360360436,102
2024-09-19 15:25:11.244,419.0931228936674,14
2024-09-19 15:25:11.380,419.0853712261533,997
2024-09-19 15:25:11.439,419.1384917424729,9
2024-09-19 15:25:11.466,419.089281471384,998
2024-09-19 15:25:11.499,419.0856972222317,1000
2024-09-19 15:25:11.529,41.91123272167436,9
2024-09-19 15:25:11.535,419.1103826968654,999
2024-09-19 15:25:11.550,419.0919156734933,1004
2024-09-19 15:25:11.582,419.0745951738651,96
2024-09-19 15:25:11.604,419.1152773264107,100
2024-09-19 15:25:11.699,419.1768311659103,9
2024-09-19 15:25:11.751,419.1252259906358,6
2024-09-19 15:25:11.775,419.11108397537566,996
2024-09-19 15:25:11.841,419.10055558074936,1001
2024-09-19 15:25:11.848,41.9123322522932,15
2024-09-19 15:25:11.858,419.1855515195643,995
2024-09-19 15:25:11.863,419.12362047341566,13
2024-09-19 15:25:11.905,419.1177518711354,5
2024-09-19 15:25:11.933,419.161226227481,10
2024-09-19 15:25:12.079,419.2177902674153,1004
2024-09-19 15:25:12.129,419.1974256277481,995
2024-09-19 15:25:12.156,419.1774105137855,12
2024-09-19 15:25:12.171,419.18446151245786,998
2024-09-19 15:25:12.182,419.21725636691895,996
2024-09-19 15:25:12.189,419.2104438493744,10
2024-09-19 15:25:12.217,419.1642830531839,1002
2024-09-19 15:25:12.237,419.1796938064907,104
2024-09-19 15:25:12.243,419.2153607334965,1003
2024-09-19 15:25:12.251,419.1985299978205,102
2024-09-19 15:25:12.318,419.1928592298024,101
2024-09-19 15:25:12.341,419.1950260629344,95
2024-09-19 15:25:12.429,419.1847063950991,5
2024-09-19 15:25:12.483,419.209787422863,997
2024-09-19 15:25:12.503,419.197362631718,6
2024-09-19 15:25:12.509,41.91873243449739,13
2024-09-19 15:25:12.519,419.22926024684654,9
2024-09-19 15:25:12.561,419.2171422899872,96
2024-09-19 15:25:12.607,419.1966150215405,1004
2024-09-19 15:25:12.623,419.2024898353683,7
2024-09-19 15:25:12.711,,9
2024-09-19 15:25:12.781,419.2045466106889,104
2024-09-19 15:25:12.804,419.2198709460306,5
2024-09-19 15:25:12.821,419.1859880561801,999
2024-09-19 15:25:12.838,419.1884461406741,104
2024-09-19 15:25:12.855,419.1983702046549,5
2024-09-19 15:25:12.873,419.1634007308956,97
2024-09-19 15:25:12.888,419.21358842541866,1004
2024-09-19 15:25:12.890,419.219696469836,100
2024-09-19 15:25:13.136,419.2141797109659,105
2024-09-19 15:25:13.204,41.91939274760631,103
2024-09-19 15:25:13.209,419.1747447927274,105
2024-09-19 15:25:13.211,419.21379222311145,97
2024-09-19 15:25:13.264,419.2099101610572,6
2024-09-19 15:25:13.276,419.1921436127838,7
2024-09-19 15:25:13.325,419.17811432617214,7
2024-09-19 15:25:13.342,419.18386424004143,12
2024-09-19 15:25:13.353,419.2066364790769,1001
2024-09-19 15:25:13.390,419.1964719360638,995
2024-09-19 15:25:13.402,419.170832471891,11
2024-09-19 15:25:13.419,419.2011286092924,99
2024-09-19 15:25:13.434,419.20860820303153,998
2024-09-19 15:25:13.455,419.2032952210714,99
2024-09-19 15:25:13.466,419.1891685945786,1002
2024-09-19 15:25:13.491,419.16391214597326,14
2024-09-19 15:25:13.511,419.1975877396295,99
2024-09-19 15:25:13.560,419.2020345298906,104
2024-09-19 15:25:13.579,419.20653147491424,96
2024-09-19 15:25:13.584,419.1982920800922,998
2024-09-19 15:25:13.587,419.19166815917686,1002
2024-09-19 15:25:13.619,419.2104737888422,13
2024-09-19 15:25:13.694,419.1799756911328,105
2024-09-19 15:25:13.695,419.2075805935794,8
2024-09-19 15:25:13.698,419.1893778970516,10
2024-09-19 15:25:13.725,419.1977631359448,100
2024-09-19 15:25:13.780,419.1859354651174,97
2024-09-19 15:25:14.005,419.133155526198,7
2024-09-19 15:25:14.034,419.12224883702686,15
2024-09-19 15:25:14.043,-419.1385526406673,13
2024-09-19 15:25:14.058,419.1698231077343,12
2024-09-19 15:25:14.101,419.1597159553963,96
2024-09-19 15:25:14.119,419.1639134466025,97
2024-09-19 15:25:14.143,419.1353614936249,96
2024-09-19 15:25:14.188,419.1770418224734,102
2024-09-19 15:25:14.199,419.1048116835751,13
2024-09-19 15:25:14.281,419.1446040660996,96
2024-09-19 15:25:14.515,419.156778108142,5
2024-09-19 15:25:14.520,419.11181147442056,103
2024-09-19 15:25:14.570,419.13162581784,95
2024-09-19 15:25:14.613,419.1202047998496,995
2024-09-19 15:25:14.643,419.1179331759386,105
2024-09-19 15:25:14.656,419.1733531038847,998
2024-09-19 15:25:14.663,419.12506475326734,101
2024-09-19 15:25:14.685,419.1808263721259,1001
2024-09-19 15:25:14.689,419.1425111985824,5
2024-09-19 15:25:14.707,419.1471429639359,995
2024-09-19 15:25:14.754,419.11389453289337,12
2024-09-19 15:25:14.810,419.1337179798026,11
2024-09-19 15:25:14.890,419.1825223942821,8
2024-09-19 15:25:14.948,419.1609633003448,998
2024-09-19 15:25:14.967,419.113185673659,1004
2024-09-19 15:25:15.051,419.1034893405943,104
2024-09-19 15:25:15.067,419.1048419820564,8
2024-09-19 15:25:15.265,419.1085254998176,101
2024-09-19 15:25:15.327,419.1175650531728,1003
2024-09-19 15:25:15.349,419.1450560808708,102
2024-09-19 15:25:15.391,419.1139358388775,998
2024-09-19 15:25:15.466,419.165643511307,98
2024-09-19 15:25:15.655,419.121178913984,95
2024-09-19 15:25:15.655,419.11257344740295,1005
2024-09-19 15:25:15.669,419.1059285797955,98
2024-09-19 15:25:15.703,419.0980497400581,103
2024-09-19 15:25:15.778,419.12090413685,95
2024-09-19 15:25:15.882,419.0944185016676,98
2024-09-19 15:25:15.905,419.1509414718843,100
2024-09-19 15:25:15.926,419.1154787835402,8
2024-09-19 15:25:15.942,419.107535739764,13
2024-09-19 15:25:15.975,419.09476387070055,1005
2024-09-19 15:25:16.010,419.0984961949613,11
2024-09-19 15:25:16.060,419.0834104605901,104
2024-09-19 15:25:16.187,419.0801970333492,1000
2024-09-19 15:25:16.339,419.1293476885806,105
2024-09-19 15:25:16.454,419.091976150456,15
2024-09-19 15:25:16.542,419.1018277243648,1004
2024-09-19 15:25:16.625,419.0816833358592,100
2024-09-19 15:25:16.638,419.1405813180935,997
2024-09-19 15:25:16.749,419.0896734467871,95
2024-09-19 15:25:16.862,419.0909903570216,15
2024-09-19 15:25:16.890,419.0929433698656,102
2024-09-19 15:25:17.203,419.1535486145769,97
2024-09-19 15:25:17.308,419.179457795464,15
2024-09-19 15:25:17.320,419.1927675390848,1003
2024-09-19 15:25:17.326,419.1813180100386,5
2024-09-19 15:25:17.379,419.1446673007956,12
2024-09-19 15:25:17.482,419.16406855033176,1003
2024-09-19 15:25:17.486,419.1551038611204,1000
2024-09-19 15:25:17.536,419.1386221269248,1004
2024-09-19 15:25:17.556,419.17491023062,995
2024-09-19 15:25:17.580,419.1823753953073,996
2024-09-19 15:25:17.643,419.1317378662071,1005
2024-09-19 15:25:17.784,41.91394279041885,100
2024-09-19 15:25:17.833,-419.1630324395541,1003
2024-09-19 15:25:17.937,419.1745123435574,97
2024-09-19 15:25:17.996,419.1512152640307,97
2024-09-19 15:25:18.389,419.2537789336029,8
2024-09-19 15:25:18.844,419.2162476974723,97
2024-09-19 15:25:19.116,419.29400152310177,1005
2024-09-19 15:25:19.188,419.2644205441726,104
2024-09-19 15:25:19.302,419.2548262004055,11
2024-09-19 15:25:19.390,419.8289190414987,997
2024-09-19 15:25:19.409,419.2904927295057,103
2024-09-19 15:25:19.425,419.2920611194935,99
2024-09-19 15:25:19.582,419.2624347622733,99
2024-09-19 15:25:19.625,419.8570170734866,9
2024-09-19 15:25:19.679,419.31145061317454,999
2024-09-19 15:25:19.744,419.2523216729937,995
2024-09-19 15:25:19.748,419.2892663243735,103
2024-09-19 15:25:19.762,419.27333239077626,998
2024-09-19 15:25:19.845,419.26464285122887,8
2024-09-19 15:25:20.050,419.3908587686789,11
2024-09-19 15:25:20.051,419.34664766881104,10
2024-09-19 15:25:20.075,419.3805384159298,9
2024-09-19 15:25:20.114,419.3408706708724,14
2024-09-19 15:25:20.218,419.4020149321287,99
2024-09-19 15:25:20.230,419.34718578616696,102
2024-09-19 15:25:20.231,419.3374803072599,100
2024-09-19 15:25:20.260,419.3892354556855,5
2024-09-19 15:25:20.261,419.3524689421675,14
2024-09-19 15:25:20.332,419.3260178226844,13
2024-09-19 15:25:20.341,419.3921570982404,5
2024-09-19 15:25:20.389,419.3257280880696,9
2024-09-19 15:25:20.390,419.3731013519276,98
2024-09-19 15:25:20.428,419.3956360094856,104
2024-09-19 15:25:20.442,41.93518381524388,95
2024-09-19 15:25:20.464,419.3333059434738,102
2024-09-19 15:25:20.532,419.3295477185016,1004
2024-09-19 15:25:20.543,419.3368871472799,13
2024-09-19 15:25:20.545,419.35472172973454,14
2024-09-19 15:25:20.580,419.3469119659697,103
2024-09-19 15:25:20.664,419.3437671212158,6
2024-09-19 15:25:20.745,419.3251706471752,101
2024-09-19 15:25:20.761,419.38612827976056,102
2024-09-19 15:25:20.920,419.3329283225541,1000
2024-09-19 15:25:20.939,-419.39245161024,12
2024-09-19 15:25:21.158,419.4046462633953,10
2024-09-19 15:25:21.270,419.39064185476735,102
2024-09-19 15:25:21.325,419.4747975547037,15
2024-09-19 15:25:21.379,419.4004912656658,102
2024-09-19 15:25:21.382,419.3911299021763,104
2024-09-19 15:25:21.401,419.4158173646663,13
2024-09-19 15:25:21.423,419.415192754928,14
2024-09-19 15:25:21.537,419.4199399171461,998
2024-09-19 15:25:21.582,419.40998882860487,10
2024-09-19 15:25:21.586,419.417912864401,8
2024-09-19 15:25:21.601,419.3861373350148,103
2024-09-19 15:25:21.606,419.44812831882274,101
2024-09-19 15:25:21.636,419.4709178509132,6
2024-09-19 15:25:21.638,419.9715437275139,1002
2024-09-19 15:25:21.754,419.40018814376185,10
2024-09-19 15:25:21.761,419.46874223484446,15
2024-09-19 15:25:21.823,419.4545173234244,15
2024-09-19 15:25:21.843,419.41198315876943,995
2024-09-19 15:25:21.858,419.3998534472433,105
2024-09-19 15:25:22.160,419.4372432582009,995
2024-09-19 15:25:22.302,419.4662977611845,12
2024-09-19 15:25:22.334,419.4819821713484,11
2024-09-19 15:25:22.337,419.3572180944181,100
2024-09-19 15:25:22.352,419.3609690528497,12
2024-09-19 15:25:22.395,419.3702976206434,14
2024-09-19 15:25:22.419,419.37381772565726,105
2024-09-19 15:25:22.441,419.4572814223545,101
2024-09-19 15:25:22.515,419.337795884268,5
2024-09-19 15:25:22.606,419.3696684350164,11
2024-09-19 15:25:22.628,419.3591773726169,5
2024-09-19 15:25:22.647,419.4781085265621,104
2024-09-19 15:25:22.690,419.3564598576162,6
2024-09-19 15:25:22.708,419.4480145963643,100
2024-09-19 15:25:22.788,419.3398275725477,10
2024-09-19 15:25:22.858,419.4122002830863,12
2024-09-19 15:25:22.870,419.4500831678361,9
2024-09-19 15:25:22.923,419.4768139652305,995
2024-09-19 15:25:23.045,419.29852569044,100
2024-09-19 15:25:23.085,419.2914091883126,999
2024-09-19 15:25:23.094,419.29039631784696,103
2024-09-19 15:25:23.123,419.2846491194728,104
2024-09-19 15:25:23.126,419.9536522458452,8
2024-09-19 15:25:23.281,419.3174281597734,102
2024-09-19 15:25:23.340,419.3294737309128,105
2024-09-19 15:25:23.402,419.2888223887821,105
2024-09-19 15:25:23.409,419.320797493636,14
2024-09-19 15:25:23.541,419.3156671443711,999
2024-09-19 15:25:23.578,419.3230684385522,11
2024-09-19 15:25:23.649,419.3064774507062,98
2024-09-19 15:25:23.753,419.2902959660521,12
2024-09-19 15:25:23.774,419.2781633447037,98
2024-09-19 15:25:23.806,419.3282488655758,998
2024-09-19 15:25:23.817,419.3162039202751,1000
2024-09-19 15:25:23.828,419.3284421415306,103
2024-09-19 15:25:23.982,419.3082026283921,105
2024-09-19 15:25:24.015,419.2653123252863,15
2024-09-19 15:25:24.288,419.310327154606,995
2024-09-19 15:25:24.415,419.27987227621946,1005
2024-09-19 15:25:24.660,419.31170244458696,15
2024-09-19 15:25:24.700,419.320164730557,103
2024-09-19 15:25:24.791,419.25670584985954,95
2024-09-19 15:25:24.885,419.2921766643663,10
2024-09-19 15:25:25.015,419.2585453084205,103
2024-09-19 15:25:25.066,419.27747972204463,105
2024-09-19 15:25:25.070,419.2361354215304,8
2024-09-19 15:25:25.156,419.1977413066141,98
2024-09-19 15:25:25.170,419.2160956607938,7
2024-09-19 15:25:25.268,419.281985605639,8
2024-09-19 15:25:25.274,419.2675088450489,12
2024-09-19 15:25:25.282,419.2725313077861,102
2024-09-19 15:25:25.288,419.2242244676981,1004
2024-09-19 15:25:25.376,419.2849632650267,12
2024-09-19 15:25:25.384,419.9317033004772,1000
2024-09-19 15:25:25.408,419.2514751892658,1001
2024-09-19 15:25:25.458,419.29133258383854,97
2024-09-19 15:25:25.485,419.26773251620415,10
2024-09-19 15:25:25.492,419.27816947061496,1001
2024-09-19 15:25:25.526,419.28458176073474,96
2024-09-19 15:25:25.543,419.2603145957236,997
2024-09-19 15:25:25.567,419.2686771876957,101
2024-09-19 15:25:25.610,419.26836680362055,101
2024-09-19 15:25:25.628,419.2743211245108,102
2024-09-19 15:25:25.662,419.27002904811087,9
2024-09-19 15:25:25.677,419.1999337807367,102
2024-09-19 15:25:25.738,419.2865759949223,105
2024-09-19 15:25:25.776,419.2539716859772,105
2024-09-19 15:25:25.810,419.22737103820646,104
2024-09-19 15:25:25.827,419.27226545090303,1005
2024-09-19 15:25:25.899,419.2912166868337,5
2024-09-19 15:25:25.933,419.29755961556384,15
2024-09-19 15:25:25.957,419.2297363353223,97
2024-09-19 15:25:25.959,-419.2627436269112,1000
2024-09-19 15:25:25.969,419.2688140095979,7
2024-09-19 15:25:26.047,419.2718177487734,102
2024-09-19 15:25:26.092,419.26821702926594,101
2024-09-19 15:25:26.094,41.9279964277344,14
2024-09-19 15:25:26.171,419.2674976476849,9
2024-09-19 15:25:26.351,419.246111725392,1000
2024-09-19 15:25:26.373,419.2499553071883,14
2024-09-19 15:25:26.382,419.24255340210783,996
2024-09-19 15:25:26.419,419.25959376397554,8
2024-09-19 15:25:26.419,419.2336648895563,13
2024-09-19 15:25:26.501,419.2486668123496,999
2024-09-19 15:25:26.525,419.2556278645848,96
2024-09-19 15:25:26.590,419.24748462424014,1003
2024-09-19 15:25:26.668,419.26186137818985,1002
2024-09-19 15:25:26.686,419.2645667911853,95
2024-09-19 15:25:26.701,419.2332225955458,13
2024-09-19 15:25:26.714,419.24431718460926,13
2024-09-19 15:25:26.758,419.2756636639605,14
2024-09-19 15:25:26.768,419.2764212301795,10
2024-09-19 15:25:26.812,419.2726595300008,998
2024-09-19 15:25:26.941,419.2424836123446,97
2024-09-19 15:25:27.000,419.2918108071297,95
2024-09-19 15:25:27.017,419.3033326195279,995
2024-09-19 15:25:27.052,419.2706191818032,999
2024-09-19 15:25:27.082,419.3222291676017,998
2024-09-19 15:25:27.088,419.2743660641651,1005
2024-09-19 15:25:27.171,419.2726585445553,996
2024-09-19 15:25:27.207,-419.32903116528354,998
2024-09-19 15:25:27.221,419.2636260808958,98
2024-09-19 15:25:27.250,419.322447352075,8
2024-09-19 15:25:27.270,419.2589302699625,104
2024-09-19 15:25:27.282,419.2535657255344,1003
2024-09-19 15:25:27.301,419.244810063656,996
2024-09-19 15:25:27.335,419.263057044529,995
2024-09-19 15:25:27.455,419.2726443705838,10
2024-09-19 15:25:27.537,419.2871529360311,7
2024-09-19 15:25:27.568,419.3076306200166,15
2024-09-19 15:25:27.587,419.3033772229701,104
2024-09-19 15:25:27.643,419.2614373004813,1003
2024-09-19 15:25:27.648,419.3204031951252,9
2024-09-19 15:25:27.729,419.2784917516405,11
2024-09-19 15:25:27.752,419.2794650180308,1001
2024-09-19 15:25:27.766,419.2480865877141,5
2024-09-19 15:25:27.807,419.3085834426633,99
2024-09-19 15:25:27.838,419.3051810470269,7
2024-09-19 15:25:27.869,419.25705180302367,999
2024-09-19 15:25:27.876,419.28592132697065,9
2024-09-19 15:25:27.896,419.27333692427794,5
2024-09-19 15:25:27.929,419.309438085276,1001
2024-09-19 15:25:27.963,419.2541776018868,14
2024-09-19 15:25:28.014,419.3063571175052,6
2024-09-19 15:25:28.107,419.32281955197726,13
2024-09-19 15:25:28.148,419.3192913619068,8
2024-09-19 15:25:28.291,419.3143909753367,996
2024-09-19 15:25:28.454,419.3016529812315,995
2024-09-19 15:25:28.504,419.3114320207283,99
2024-09-19 15:25:28.518,419.3235115203535,95
2024-09-19 15:25:28.552,419.2876823545029,996
2024-09-19 15:25:28.778,419.3379460330983,96
2024-09-19 15:25:28.788,419.2742949736283,15
2024-09-19 15:25:28.790,419.3139965435167,104
2024-09-19 15:25:28.837,419.3205603710021,105
2024-09-19 15:25:29.013,419.2821290616672,996
2024-09-19 15:25:29.020,419.2800355274804,11
2024-09-19 15:25:29.025,419.29775658562073,999
2024-09-19 15:25:29.026,419.2684212993008,15
2024-09-19 15:25:29.077,41.93031451591166,997
2024-09-19 15:25:29.145,419.30173857431095,1005
2024-09-19 15:25:29.157,419.30460788796825,8
2024-09-19 15:25:29.244,419.2893882931506,15
2024-09-19 15:25:29.286,419.2885857740341,1005
2024-09-19 15:25:29.342,419.2813907261013,5
2024-09-19 15:25:29.392,419.2867024460539,96
2024-09-19 15:25:29.428,419.2620167654305,9
2024-09-19 15:25:29.468,419.313714965088,1004
2024-09-19 15:25:29.521,419.2866449358394,5
2024-09-19 15:25:29.546,419.30451364072337,1005
2024-09-19 15:25:29.594,419.2762618764728,995
2024-09-19 15:25:29.622,419.2936340472775,12
2024-09-19 15:25:29.630,419.2565598255569,101
2024-09-19 15:25:29.716,419.2984951636214,10
2024-09-19 15:25:29.745,419.27600635502455,999
2024-09-19 15:25:29.798,419.2912168800253,13
2024-09-19 15:25:29.843,419.2964911898415,1002
2024-09-19 15:25:29.860,419.296878180484,100
2024-09-19 15:25:29.890,419.2936200331611,11
2024-09-19 15:25:29.921,419.26797189507255,104
2024-09-19 15:25:29.983,419.2729987850966,100
2024-09-19 15:25:30.108,419.3155251959333,1002
2024-09-19 15:25:30.236,419.3051430884232,13
2024-09-19 15:25:30.297,419.3461666581335,999
2024-09-19 15:25:30.381,419.30804425055305,8
2024-09-19 15:25:30.456,419.6866194318725,5
2024-09-19 15:25:30.680,419.3364069036009,14
2024-09-19 15:25:30.849,419.35808802219634,9
2024-09-19 15:25:30.926,419.324605580636,1001
2024-09-19 15:25:31.125,41.93092308617162,999
2024-09-19 15:25:31.235,419.3323220063895,95
2024-09-19 15:25:31.310,419.3476897753416,1001
2024-09-19 15:25:31.555,419.3181627998117,98
2024-09-19 15:25:31.665,419.3163379315183,11
2024-09-19 15:25:31.722,419.3379476513477,99
2024-09-19 15:25:31.761,419.3272547175835,997
2024-09-19 15:25:31.943,419.3158960062668,103
2024-09-19 15:25:31.954,419.3492933906559,7
2024-09-19 15:25:32.158,419.2562120263125,95
2024-09-19 15:25:32.162,419.2523105587877,13
2024-09-19 15:25:32.165,419.2563461101369,15
2024-09-19 15:25:32.269,419.25620183659817,95
2024-09-19 15:25:32.332,419.29668839592193,102
2024-09-19 15:25:32.364,419.3266353052938,99
2024-09-19 15:25:32.410,419.2562123359894,13
2024-09-19 15:25:32.458,419.2429178742388,996
2024-09-19 15:25:32.468,419.3429853057833,102
2024-09-19 15:25:32.504,419.2848395103773,100
2024-09-19 15:25:32.517,419.2446846055654,100
2024-09-19 15:25:32.954,419.2509177794363,15
2024-09-19 15:25:32.992,419.2469550584205,101
2024-09-19 15:25:33.017,419.2988006769582,996
2024-09-19 15:25:33.127,419.2598090342785,5
2024-09-19 15:25:33.149,419.2644049997947,998
2024-09-19 15:25:33.289,419.2774340771987,99
2024-09-19 15:25:33.317,419.2421070449975,995
2024-09-19 15:25:33.398,419.2690127641785,9
2024-09-19 15:25:33.455,419.2679673888603,11
2024-09-19 15:25:33.581,419.2545380486442,5
2024-09-19 15:25:33.606,419.2528069529138,1004
2024-09-19 15:25:33.613,419.30265551101576,1002
2024-09-19 15:25:33.636,419.2578586940846,5
2024-09-19 15:25:33.732,419.28542336854815,1003
2024-09-19 15:25:33.859,419.28902052250567,13
2024-09-19 15:25:33.894,419.2572072847896,1004
2024-09-19 15:25:34.006,419.3518523235616,999
2024-09-19 15:25:34.008,419.3420917821393,8
2024-09-19 15:25:34.047,419.3443407636,6
2024-09-19 15:25:34.072,419.34766829000176,105
2024-09-19 15:25:34.109,419.29298681836144,6
2024-09-19 15:25:34.151,419.299118130652,995
2024-09-19 15:25:34.153,41.93087451283465,102
2024-09-19 15:25:34.254,419.3397142975352,9
2024-09-19 15:25:34.261,419.3062483211008,97
2024-09-19 15:25:34.322,419.3391844039518,105
2024-09-19 15:25:34.397,419.331443722733,997
2024-09-19 15:25:34.441,419.3525954765656,1004
2024-09-19 15:25:34.470,41.93342870126185,995
2024-09-19 15:25:34.501,419.3303992845169,1004
2024-09-19 15:25:34.552,419.3039091778086,100
2024-09-19 15:25:34.610,419.3144827021171,1000
2024-09-19 15:25:34.728,419.3458982036041,5
2024-09-19 15:25:34.867,419.32546397596826,97
2024-09-19 15:25:34.924,,996
2024-09-19 15:25:34.971,419.3401324336564,1005
2024-09-19 15:25:35.109,-419.4072830945422,7
2024-09-19 15:25:35.238,419.4042754665402,6
2024-09-19 15:25:35.370,419.4068724469006,1000
2024-09-19 15:25:35.373,419.3981248729344,12
2024-09-19 15:25:35.404,419.3763927110056,995
2024-09-19 15:25:35.549,419.4077481438625,96
2024-09-19 15:25:35.557,419.4273779790648,12
2024-09-19 15:25:35.609,419.3931299267867,1005
2024-09-19 15:25:35.652,419.3475195286495,1000
2024-09-19 15:25:35.805,419.3867914360753,1002
2024-09-19 15:25:35.867,419.4046426137068,998
2024-09-19 15:25:35.893,41.94043868623896,102
2024-09-19 15:25:35.964,419.4138068150893,6
2024-09-19 15:25:35.980,419.382813549458,8
2024-09-19 15:25:36.120,419.37747111095786,14
2024-09-19 15:25:36.146,419.347996463633,7
2024-09-19 15:25:36.200,419.3859601262974,10
2024-09-19 15:25:36.211,419.38246299947536,1005
2024-09-19 15:25:36.235,419.3701199351733,1000
2024-09-19 15:25:36.241,419.3886265698876,12
2024-09-19 15:25:36.260,419.3569680665635,995
2024-09-19 15:25:36.290,419.4013064990549,104
2024-09-19 15:25:36.292,419.3815007704303,103
2024-09-19 15:25:36.330,419.38979147389,12
2024-09-19 15:25:36.344,419.375788992058,12
2024-09-19 15:25:36.349,419.3854819705902,99
2024-09-19 15:25:36.483,419.3779683366177,1002
2024-09-19 15:25:36.543,419.3389731621536,98
2024-09-19 15:25:36.615,419.35654103046943,101
2024-09-19 15:25:36.691,419.3916592040053,104
2024-09-19 15:25:36.703,419.38599724815487,11
2024-09-19 15:25:36.720,419.3635649833344,13
2024-09-19 15:25:36.764,419.39155639996943,5
2024-09-19 15:25:36.774,419.3729711822822,95
2024-09-19 15:25:36.797,419.382746577639,5
2024-09-19 15:25:36.844,419.3474864095653,96
2024-09-19 15:25:36.905,419.3888142834549,12
2024-09-19 15:25:36.938,419.3789461245942,98
2024-09-19 15:25:36.961,419.3589180191781,96
2024-09-19 15:25:37.152,419.3295375444935,1000
2024-09-19 15:25:37.213,419.3450564647122,105
2024-09-19 15:25:37.631,419.3586309226345,6
2024-09-19 15:25:37.952,419.35471445489264,1004
2024-09-19 15:25:38.004,419.3204878078425,995
2024-09-19 15:25:38.042,419.3117281935552,95
2024-09-19 15:25:38.186,419.3115463777983,102
2024-09-19 15:25:38.293,419.3302945792908,1000
2024-09-19 15:25:38.324,419.3274418826588,98
2024-09-19 15:25:38.347,419.3352385193436,103
2024-09-19 15:25:38.385,419.3127703108462,1002
2024-09-19 15:25:38.450,419.3185529508386,15
2024-09-19 15:25:38.459,419.3162253889132,1001
2024-09-19 15:25:38.560,419.3314863126754,97
2024-09-19 15:25:38.696,419.33195263590665,102
2024-09-19 15:25:38.703,419.31949346460925,1001
2024-09-19 15:25:38.857,419.3175406537064,8
2024-09-19 15:25:39.208,419.337942227353,995
2024-09-19 15:25:39.586,419.3436015758279,5
2024-09-19 15:25:39.809,419.3332828897443,13
2024-09-19 15:25:39.928,419.35217673406754,105
2024-09-19 15:25:39.968,419.3464141852599,9
2024-09-19 15:25:40.113,419.2974385687813,104
2024-09-19 15:25:40.138,419.3221728868064,10
2024-09-19 15:25:40.152,419.3508741924837,996
2024-09-19 15:25:40.176,419.36698358466646,10
2024-09-19 15:25:40.212,419.3073486194551,103
2024-09-19 15:25:40.214,419.3114625151182,8
2024-09-19 15:25:40.350,419.3830630890257,12
2024-09-19 15:25:40.378,419.3105030572505,11
2024-09-19 15:25:40.387,419.33220183753934,1000
2024-09-19 15:25:40.397,419.3515809567919,104
2024-09-19 15:25:40.403,-419.3467281794812,97
2024-09-19 15:25:40.491,419.3561475799833,95
2024-09-19 15:25:40.569,,100
2024-09-19 15:25:40.599,419.3599742711756,5
2024-09-19 15:25:40.644,419.3078451933495,997
2024-09-19 15:25:40.708,419.293949338332,99
2024-09-19 15:25:40.717,419.3259844025537,8
2024-09-19 15:25:40.748,419.30544554265225,14
2024-09-19 15:25:40.768,419.2951924375212,13
2024-09-19 15:25:40.843,419.32337786711065,96
2024-09-19 15:25:40.937,419.29929011434587,1001
2024-09-19 15:25:40.958,419.36311721090925,98
2024-09-19 15:25:42.084,419.3859468795496,6
2024-09-19 15:25:42.121,419.3515257470955,9
2024-09-19 15:25:42.148,419.3560238126945,13
2024-09-19 15:25:42.196,419.3663093307878,1001
2024-09-19 15:25:42.264,419.3348697967489,6
2024-09-19 15:25:42.272,419.3774031929487,997
2024-09-19 15:25:42.319,419.3563945304929,10
2024-09-19 15:25:42.690,419.3551645130344,999
2024-09-19 15:25:42.821,419.3375840709546,105
2024-09-19 15:25:43.108,419.3648469696846,1000
2024-09-19 15:25:43.120,419.3619793820735,14
2024-09-19 15:25:43.133,419.29556653218,100
2024-09-19 15:25:43.172,419.3905700707738,99
2024-09-19 15:25:43.188,419.3052663486919,998
2024-09-19 15:25:43.236,419.3074649990108,1005
2024-09-19 15:25:43.378,419.2971328790634,15
2024-09-19 15:25:43.443,419.30625576499614,12
2024-09-19 15:25:43.444,419.3324720203208,5
2024-09-19 15:25:43.491,419.37998887789854,1001
2024-09-19 15:25:43.596,419.29366334643214,105
2024-09-19 15:25:43.670,419.2969017790724,6
2024-09-19 15:25:43.767,419.365481131835,15
2024-09-19 15:25:43.820,419.3189153817677,1000
2024-09-19 15:25:43.860,419.3061712885984,104
2024-09-19 15:25:43.945,419.3349593831314,995
2024-09-19 15:25:43.972,419.2935986838064,11
2024-09-19 15:25:43.974,419.3235097100016,8
2024-09-19 15:25:44.156,419.24291435409054,1004
2024-09-19 15:25:44.354,419.16874864709536,996
2024-09-19 15:25:44.428,419.2331277046556,14
2024-09-19 15:25:44.453,419.2538305516451,999
2024-09-19 15:25:44.506,419.2302251850788,99
2024-09-19 15:25:44.610,419.2453248788374,1005
2024-09-19 15:25:44.660,419.22747245793687,13
2024-09-19 15:25:44.677,419.2783510744417,1002
2024-09-19 15:25:44.881,419.1991502430304,1000
2024-09-19 15:25:44.996,419.2228858383655,14
2024-09-19 15:25:45.394,419.1608097861336,103
2024-09-19 15:25:45.859,419.1607624746232,996
2024-09-19 15:25:46.139,419.182522253592,105
2024-09-19 15:25:46.156,419.16746572554007,95
2024-09-19 15:25:46.179,419.1708638116991,10
2024-09-19 15:25:46.185,419.1905060839919,105
2024-09-19 15:25:46.195,419.1448975221963,7
2024-09-19 15:25:46.216,419.17815319466416,11
2024-09-19 15:25:46.231,419.1432298925678,998
2024-09-19 15:25:46.263,419.1816396111216,98
2024-09-19 15:25:46.349,419.1622071467618,15
2024-09-19 15:25:46.394,419.1632476976241,998
2024-09-19 15:25:46.406,419.1633107345799,95
2024-09-19 15:25:46.448,419.190997540539,101
2024-09-19 15:25:46.479,419.20071654568807,96
2024-09-19 15:25:46.487,419.1745918394312,1000
2024-09-19 15:25:46.489,419.1753339754764,1000
2024-09-19 15:25:46.491,419.1778973422028,12
2024-09-19 15:25:46.531,419.17174255795226,13
2024-09-19 15:25:46.571,419.1430373848532,98
2024-09-19 15:25:46.666,419.1914616375184,8
2024-09-19 15:25:46.684,419.1739620430122,102
2024-09-19 15:25:46.758,419.1543617106103,100
2024-09-19 15:25:46.766,419.1866732306378,999
2024-09-19 15:25:46.792,419.19170794249385,100
2024-09-19 15:25:46.925,419.1812341255306,13
2024-09-19 15:25:46.926,419.1687235996871,102
2024-09-19 15:25:46.996,419.184290039479,95
2024-09-19 15:25:47.082,419.2072536661207,96
2024-09-19 15:25:47.114,419.2188846855759,99
2024-09-19 15:25:47.268,419.2071054453322,104
2024-09-19 15:25:47.298,419.2204002143957,10
2024-09-19 15:25:47.307,419.2409378694487,1005
2024-09-19 15:25:47.345,419.22876848506553,104
2024-09-19 15:25:47.353,419.1934766709795,8
2024-09-19 15:25:47.363,419.2134720422729,98
2024-09-19 15:25:47.435,419.2106421331132,1005
2024-09-19 15:25:47.443,419.2198004559402,96
2024-09-19 15:25:47.460,419.22826106197874,9
2024-09-19 15:25:47.476,419.2057039951213,999
2024-09-19 15:25:47.511,419.2256348880352,7
2024-09-19 15:25:47.611,419.2347020569517,998
2024-09-19 15:25:47.663,419.2122586312439,9
2024-09-19 15:25:47.676,419.2329944196429,6
2024-09-19 15:25:47.683,419.2075376814535,98
2024-09-19 15:25:47.830,419.206300677008,104
2024-09-19 15:25:47.848,419.22097741461903,1003
2024-09-19 15:25:47.866,419.2291828377704,12
2024-09-19 15:25:47.912,419.24390282112864,101
2024-09-19 15:25:47.928,419.2190887085621,999
2024-09-19 15:25:48.072,419.2922543126512,5
2024-09-19 15:25:48.088,419.2900926441892,103
2024-09-19 15:25:48.099,419.2813915459736,104
2024-09-19 15:25:48.130,419.2519081720389,1004
2024-09-19 15:25:48.149,419.2573656351613,1003
2024-09-19 15:25:48.285,419.3064704720625,1004
2024-09-19 15:25:48.352,419.2470001653541,998
2024-09-19 15:25:48.436,419.2690348883559,996
2024-09-19 15:25:48.480,419.2621083155871,996
2024-09-19 15:25:48.482,419.2643013335468,100
2024-09-19 15:25:48.495,419.2807690375248,99
2024-09-19 15:25:48.512,419.24401423883626,98
2024-09-19 15:25:48.537,419.2952281898461,12
2024-09-19 15:25:48.569,41.92473362533073,14
2024-09-19 15:25:48.576,419.2360177565415,15
2024-09-19 15:25:48.587,419.2710475918413,1000
2024-09-19 15:25:48.631,419.31410493543297,995
2024-09-19 15:25:48.681,419.3038884380937,1001
2024-09-19 15:25:48.699,419.3058533874874,8
2024-09-19 15:25:48.703,419.23956429430575,105
2024-09-19 15:25:48.708,419.26219553755743,15
2024-09-19 15:25:48.721,419.2699311832184,12
2024-09-19 15:25:48.761,419.2912039660019,98
2024-09-19 15:25:48.772,419.28205063469454,14
2024-09-19 15:25:48.776,419.24829978065696,96
2024-09-19 15:25:48.805,419.2879187016179,101
2024-09-19 15:25:48.856,419.26481479131286,10
2024-09-19 15:25:49.035,419.2795406448509,104
2024-09-19 15:25:49.535,419.2905706304614,996
2024-09-19 15:25:49.662,419.2803612569528,1004
2024-09-19 15:25:49.923,419.29197039236726,997
2024-09-19 15:25:49.981,419.2903054925105,11
2024-09-19 15:25:50.157,419.234084080586,1005
2024-09-19 15:25:50.261,419.2808351328855,995
2024-09-19 15:25:50.342,419.2739197298628,998
2024-09-19 15:25:50.456,419.2770885927178,12
2024-09-19 15:25:50.633,419.2835670766182,997
2024-09-19 15:25:50.651,419.2669379221729,996
2024-09-19 15:25:50.709,419.25588604864095,1005
2024-09-19 15:25:50.746,419.2786650486453,97
2024-09-19 15:25:51.062,419.2134686386371,1004
2024-09-19 15:25:51.099,419.2495215084955,999
2024-09-19 15:25:51.138,,1001
2024-09-19 15:25:51.182,419.2562404991903,8
2024-09-19 15:25:51.279,419.2316920380401,1002
2024-09-19 15:25:51.297,419.2269854245415,95
2024-09-19 15:25:51.300,419.2611493457428,1003
2024-09-19 15:25:51.302,419.2500931700918,13
2024-09-19 15:25:51.329,419.2510645250552,997
2024-09-19 15:25:51.365,419.2530674314046,8
2024-09-19 15:25:51.405,419.2459576629523,1000
2024-09-19 15:25:51.414,419.2541347668426,5
2024-09-19 15:25:51.485,419.2111259399952,100
2024-09-19 15:25:51.527,419.2304971984641,999
2024-09-19 15:25:51.541,419.2438165161547,13
2024-09-19 15:25:51.592,419.2690021331738,15
2024-09-19 15:25:51.637,419.24482946239846,995
2024-09-19 15:25:51.732,419.228230379727,998
2024-09-19 15:25:51.782,419.2305924319103,996
2024-09-19 15:25:51.792,419.25918911159,12
2024-09-19 15:25:51.819,-419.2228764922304,95
2024-09-19 15:25:51.833,419.2340479936042,99
2024-09-19 15:25:51.962,419.2729258319808,102
2024-09-19 15:25:51.973,419.2531633596644,95
2024-09-19 15:25:52.018,419.20406422167423,6
2024-09-19 15:25:52.114,419.1969300518331,105
2024-09-19 15:25:52.134,419.2215058588378,102
2024-09-19 15:25:52.156,419.2167236531191,105
2024-09-19 15:25:52.224,419.21988561911286,100
2024-09-19 15:25:52.473,419.2094821394929,6
2024-09-19 15:25:52.603,419.1970078121132,995
2024-09-19 15:25:52.707,419.20061730738985,104
2024-09-19 15:25:53.016,419.14510716479066,6
2024-09-19 15:25:53.017,419.1418457331917,12
2024-09-19 15:25:53.032,419.1509388493179,10
2024-09-19 15:25:53.089,419.1750367540785,96
2024-09-19 15:25:53.093,419.14701194742594,8
2024-09-19 15:25:53.104,419.1500448653938,996
2024-09-19 15:25:53.165,419.2055626920771,1001
2024-09-19 15:25:53.178,419.1423487069546,15
2024-09-19 15:25:53.186,419.1294833492952,996
2024-09-19 15:25:53.231,419.1770852833713,998
2024-09-19 15:25:53.312,419.1289193107565,103
2024-09-19 15:25:53.341,419.1370775133635,11
2024-09-19 15:25:53.406,419.144703125573,999
2024-09-19 15:25:53.439,419.81221223425,995
2024-09-19 15:25:53.509,419.1425340903533,1000
2024-09-19 15:25:53.513,419.1408326272291,102
2024-09-19 15:25:53.558,419.1313916779703,8
2024-09-19 15:25:53.559,419.1560760664687,1004
2024-09-19 15:25:53.585,419.14094491653486,1003
2024-09-19 15:25:53.609,419.1633101831274,999
2024-09-19 15:25:53.632,419.2140691907159,998
2024-09-19 15:25:53.661,419.1401314507205,7
2024-09-19 15:25:53.664,419.1527591958345,1005
2024-09-19 15:25:53.673,419.1394872078959,95
2024-09-19 15:25:53.716,419.12975666701993,7
2024-09-19 15:25:53.772,419.2170938138416,97
2024-09-19 15:25:53.882,419.1226841038192,101
2024-09-19 15:25:53.928,419.1360089417525,5
2024-09-19 15:25:53.997,419.1456269135639,101
2024-09-19 15:25:54.171,419.1629422963297,10
2024-09-19 15:25:54.289,419.1811846508183,1000
2024-09-19 15:25:54.508,419.1444372134379,996
2024-09-19 15:25:55.038,419.2231403231321,100
2024-09-19 15:25:55.061,419.1965370148874,995
2024-09-19 15:25:55.080,419.20412177587775,996
2024-09-19 15:25:55.084,419.2216481557404,6
2024-09-19 15:25:55.096,419.1980972907684,996
2024-09-19 15:25:55.120,419.196818229964,97
2024-09-19 15:25:55.120,419.1948846804703,8
2024-09-19 15:25:55.148,419.1893654516701,997
2024-09-19 15:25:55.186,419.1924495235524,103
2024-09-19 15:25:55.205,419.2268010633841,101
2024-09-19 15:25:55.258,419.1814275142588,101
2024-09-19 15:25:55.281,419.2026403680138,95
2024-09-19 15:25:55.288,419.19174297845126,13
2024-09-19 15:25:55.429,419.18501052964206,999
2024-09-19 15:25:55.462,419.2314221180176,1002
2024-09-19 15:25:55.470,419.21493918703874,997
2024-09-19 15:25:55.471,419.2188734567037,998
2024-09-19 15:25:55.518,419.2301079897666,98
2024-09-19 15:25:55.599,419.20046104183126,100
2024-09-19 15:25:55.603,419.2181058930548,10
2024-09-19 15:25:55.634,419.2167757373391,1003
2024-09-19 15:25:55.667,419.21672182846487,95
2024-09-19 15:25:55.684,419.177712126468,1005
2024-09-19 15:25:55.799,419.2044281049252,997
2024-09-19 15:25:55.810,419.1992949971578,5
2024-09-19 15:25:55.815,419.2203788662902,100
2024-09-19 15:25:55.848,419.19492058025867,998
2024-09-19 15:25:55.901,419.2230557628853,103
2024-09-19 15:25:55.984,419.1826783824212,6
2024-09-19 15:25:55.997,419.1952540370653,10
2024-09-19 15:25:56.721,419.1735703634433,5
2024-09-19 15:25:56.809,419.1706444297728,1003
2024-09-19 15:25:57.044,419.1818720185645,1005
2024-09-19 15:25:57.084,419.1611125596564,102
2024-09-19 15:25:57.091,419.1752208771948,1005
2024-09-19 15:25:57.097,419.1728972914454,97
2024-09-19 15:25:57.161,419.1930536000721,1002
2024-09-19 15:25:57.352,419.179201771101,10
2024-09-19 15:25:57.419,419.1801925049798,5
2024-09-19 15:25:57.469,419.1097101480573,11
2024-09-19 15:25:57.474,419.15351882598026,96
2024-09-19 15:25:57.489,419.15163224856127,13
2024-09-19 15:25:57.522,419.1793623087812,6
2024-09-19 15:25:57.522,419.1750813907925,9
2024-09-19 15:25:57.573,419.17869964995504,15
2024-09-19 15:25:57.602,419.1771649613902,97
2024-09-19 15:25:57.619,419.1552504164819,102
2024-09-19 15:25:57.663,419.18243166005294,97
2024-09-19 15:25:57.668,419.1768555917324,97
2024-09-19 15:25:57.682,419.1644089047229,997
2024-09-19 15:25:57.770,419.1944739496536,15
2024-09-19 15:25:57.810,419.1749053527058,105
2024-09-19 15:25:57.817,419.1777374120936,95
2024-09-19 15:25:57.851,419.1590789295117,1003
2024-09-19 15:25:57.888,419.155910606882,1004
2024-09-19 15:25:57.895,419.1544742774373,105
2024-09-19 15:25:57.926,419.14465793991394,103
2024-09-19 15:25:57.926,419.18463989752905,14
2024-09-19 15:25:57.947,419.1487936783303,101
2024-09-19 15:25:57.983,419.1620469954369,998
2024-09-19 15:25:57.997,419.1748725810687,101
2024-09-19 15:25:58.138,419.1734406562276,1004
2024-09-19 15:25:58.138,419.1419399475079,105
2024-09-19 15:25:58.173,419.184021845564,1004
2024-09-19 15:25:58.233,419.18732842529255,6
2024-09-19 15:25:58.350,419.13877589940233,13
2024-09-19 15:25:58.363,419.1499252941875,12
2024-09-19 15:25:58.364,419.1764879618924,14
2024-09-19 15:25:58.369,419.1465060230613,101
2024-09-19 15:25:58.388,419.16086564380566,97
2024-09-19 15:25:58.389,419.1883474088841,97
2024-09-19 15:25:58.398,419.16057796694895,15
2024-09-19 15:25:58.443,419.16974445943816,11
2024-09-19 15:25:58.498,419.1634635942924,1005
2024-09-19 15:25:58.514,419.1694937495213,96
2024-09-19 15:25:58.525,419.1136005130375,13
2024-09-19 15:25:58.573,419.1844749502307,103
2024-09-19 15:25:58.594,419.1612605368069,15
2024-09-19 15:25:58.910,419.16083987511496,14
2024-09-19 15:25:58.956,419.1691874134802,1000
2024-09-19 15:25:59.077,419.1935385116932,1000
2024-09-19 15:25:59.119,419.1791496337557,1003
2024-09-19 15:25:59.133,419.1832195632078,102
2024-09-19 15:25:59.139,419.20043983028273,13
2024-09-19 15:25:59.162,419.1751106366924,12
2024-09-19 15:25:59.271,419.1927810326802,13
2024-09-19 15:25:59.306,419.1777379690074,99
2024-09-19 15:25:59.327,419.17498996012125,97
2024-09-19 15:25:59.394,419.20042144320473,9
2024-09-19 15:25:59.529,419.1803702767824,102
2024-09-19 15:25:59.661,419.218391227192,995
2024-09-19 15:25:59.785,419.20905555277824,98
2024-09-19 15:25:59.813,419.2013055514177,5
2024-09-19 15:25:59.824,419.20260140405577,1004
2024-09-19 15:25:59.874,419.1966107086487,95
2024-09-19 15:25:59.879,419.1873615969955,995
2024-09-19 15:25:59.919,419.1649446012069,14
2024-09-19 15:25:59.974,419.1950894326664,11
