Timestamp,Price,Size
2024-09-20 12:25:00.003,428.8196075660346,7
2024-09-20 12:25:00.129,428.78616496044526,103
2024-09-20 12:25:00.181,428.7815141293378,12
2024-09-20 12:25:00.230,428.8081000213169,999
2024-09-20 12:25:00.310,428.8324779996341,97
2024-09-20 12:25:00.424,-428.7967763021944,1003
2024-09-20 12:25:00.452,428.794145749357,99
2024-09-20 12:25:00.485,428.8298957952228,1005
2024-09-20 12:25:00.490,428.807491657705,96
2024-09-20 12:25:00.532,428.8168973543524,1005
2024-09-20 12:25:00.583,428.8207944174231,1000
2024-09-20 12:25:00.586,428.7850789468078,10
2024-09-20 12:25:00.638,428.78995009187264,96
2024-09-20 12:25:00.734,428.80242899209,1005
2024-09-20 12:25:00.807,428.8096175326404,1002
2024-09-20 12:25:00.811,428.8012743133222,995
2024-09-20 12:25:00.994,428.80633231073085,6
2024-09-20 12:25:01.140,428.8646348233967,5
2024-09-20 12:25:01.189,428.8752817533007,7
2024-09-20 12:25:01.540,42.88602177447446,995
2024-09-20 12:25:01.728,428.8755948619436,995
2024-09-20 12:25:02.126,428.8719924628069,100
2024-09-20 12:25:02.186,428.9142710564383,11
2024-09-20 12:25:02.538,428.895421148849,1003
2024-09-20 12:25:02.541,428.8855978577054,11
2024-09-20 12:25:02.557,428.8953332544405,1004
2024-09-20 12:25:02.592,428.9136904702357,98
2024-09-20 12:25:02.719,428.8906254381515,999
2024-09-20 12:25:03.008,428.9670780385339,105
2024-09-20 12:25:03.245,428.93156277215337,6
2024-09-20 12:25:03.328,428.897619517883,96
2024-09-20 12:25:03.457,428.932167258746,100
2024-09-20 12:25:03.533,428.9187747596352,997
2024-09-20 12:25:03.629,428.94747990111256,1000
2024-09-20 12:25:03.802,428.9021544931233,997
2024-09-20 12:25:03.806,428.9328793712344,96
2024-09-20 12:25:03.911,428.91683403095016,10
2024-09-20 12:25:04.086,428.97561055118217,95
2024-09-20 12:25:04.187,428.9734840749297,995
2024-09-20 12:25:04.618,428.9539634540428,998
2024-09-20 12:25:04.764,428.97744098378536,15
2024-09-20 12:25:05.005,429.0279107495285,99
2024-09-20 12:25:05.020,429.03472372118966,96
2024-09-20 12:25:05.043,428.98371515363374,1001
2024-09-20 12:25:05.055,428.9924036625816,105
2024-09-20 12:25:05.065,429.0180398576704,15
2024-09-20 12:25:05.209,429.02848377335874,998
2024-09-20 12:25:05.226,428.9846458302249,15
2024-09-20 12:25:05.266,428.9883536213383,13
2024-09-20 12:25:05.312,428.9847317518259,95
2024-09-20 12:25:05.479,428.996533448895,101
2024-09-20 12:25:05.536,428.9918128888281,8
2024-09-20 12:25:05.568,428.9999897434362,7
2024-09-20 12:25:05.604,428.9824285356842,10
2024-09-20 12:25:05.841,428.9693391105451,96
2024-09-20 12:25:05.849,428.9827170683638,1000
2024-09-20 12:25:05.855,428.987276121264,11
2024-09-20 12:25:05.943,428.9949674857221,5
2024-09-20 12:25:05.951,428.9687776554688,98
2024-09-20 12:25:05.961,429.0166487814777,13
2024-09-20 12:25:05.990,428.99022931291927,11
2024-09-20 12:25:06.227,429.03549103564,103
2024-09-20 12:25:06.237,429.0405210471651,996
2024-09-20 12:25:06.330,429.05717625932346,1003
2024-09-20 12:25:06.434,429.0457976437674,1004
2024-09-20 12:25:06.505,429.054714729418,1000
2024-09-20 12:25:06.514,429.053344936903,997
2024-09-20 12:25:06.921,429.0749482130748,1004
2024-09-20 12:25:07.121,429.0943662680258,104
2024-09-20 12:25:07.133,429.06164648565294,15
2024-09-20 12:25:07.185,429.0677114879845,100
2024-09-20 12:25:07.373,429.0731517202119,1002
2024-09-20 12:25:07.538,429.03593284337,1005
2024-09-20 12:25:07.561,429.059075716937,104
2024-09-20 12:25:07.677,429.0613640494516,8
2024-09-20 12:25:07.725,429.09115706566473,97
2024-09-20 12:25:07.949,429.07917893148647,97
2024-09-20 12:25:07.976,429.07220086161846,14
2024-09-20 12:25:08.030,429.0335825114106,13
2024-09-20 12:25:08.090,428.9780465319948,103
2024-09-20 12:25:08.099,428.93641375981065,9
2024-09-20 12:25:08.109,429.02681174115935,102
2024-09-20 12:25:08.161,428.9545197232824,1001
2024-09-20 12:25:08.247,428.965726815384,103
2024-09-20 12:25:08.294,429.01094730270734,998
2024-09-20 12:25:08.318,428.9485233484367,998
2024-09-20 12:25:08.363,428.9439615150858,7
2024-09-20 12:25:08.393,428.9946201445575,102
2024-09-20 12:25:08.596,428.96984979129735,8
2024-09-20 12:25:08.606,428.9367166180435,997
2024-09-20 12:25:08.643,429.028323011484,1000
2024-09-20 12:25:08.661,428.9722011996119,999
2024-09-20 12:25:08.746,428.98165387344335,10
2024-09-20 12:25:08.832,429.0147089117092,7
2024-09-20 12:25:08.872,-428.96730557602814,97
2024-09-20 12:25:08.916,428.9981645270171,100
2024-09-20 12:25:08.933,428.9870245918561,5
2024-09-20 12:25:08.989,428.9815384276695,12
2024-09-20 12:25:09.074,428.9611247401498,96
2024-09-20 12:25:09.102,428.9643736048212,5
2024-09-20 12:25:09.180,428.96483934436696,995
2024-09-20 12:25:09.270,429.0257628343896,104
2024-09-20 12:25:09.333,428.9675786092348,102
2024-09-20 12:25:09.397,428.95450636171387,5
2024-09-20 12:25:09.436,428.9489249214975,11
2024-09-20 12:25:09.531,428.94947071322497,96
2024-09-20 12:25:09.581,428.9482360840179,997
2024-09-20 12:25:09.607,428.9606570902438,13
2024-09-20 12:25:09.675,,995
2024-09-20 12:25:09.716,429.01513702385273,15
2024-09-20 12:25:09.727,428.9664063499037,96
2024-09-20 12:25:09.791,428.93994838770135,100
2024-09-20 12:25:09.873,428.9862853101849,997
2024-09-20 12:25:09.877,428.9643721590217,7
2024-09-20 12:25:09.889,428.9446292439388,102
2024-09-20 12:25:09.939,429.02752714372,99
2024-09-20 12:25:09.996,428.9605061851303,15
2024-09-20 12:25:10.033,428.9971589826733,1002
2024-09-20 12:25:10.056,429.0055079689295,1002
2024-09-20 12:25:10.080,429.00807569414974,1004
2024-09-20 12:25:10.229,429.0207130837397,995
2024-09-20 12:25:10.505,428.99374337762896,95
2024-09-20 12:25:10.571,429.0265974876143,1005
2024-09-20 12:25:10.637,428.9926459061299,98
2024-09-20 12:25:10.871,429.0202419891336,1002
2024-09-20 12:25:10.886,429.025417555873,1000
2024-09-20 12:25:11.068,428.96799528865904,997
2024-09-20 12:25:11.140,428.9775121665376,97
2024-09-20 12:25:11.334,428.98331285501206,8
2024-09-20 12:25:11.478,429.0004672795217,997
2024-09-20 12:25:11.890,428.9771157861735,6
2024-09-20 12:25:11.890,429.00258705198814,104
2024-09-20 12:25:11.942,428.983455080674,101
2024-09-20 12:25:11.996,428.9657850182494,6
2024-09-20 12:25:12.504,428.9782776524509,95
2024-09-20 12:25:13.215,428.99638071572895,104
2024-09-20 12:25:13.279,429.0078946943726,998
2024-09-20 12:25:13.293,429.0111851829271,101
2024-09-20 12:25:13.308,429.0358892734209,11
2024-09-20 12:25:13.360,428.9879265127871,96
2024-09-20 12:25:13.422,428.98644196078754,104
2024-09-20 12:25:13.463,429.0246001547615,1000
2024-09-20 12:25:13.513,42.89957990288506,1001
2024-09-20 12:25:13.700,428.9717225883161,9
2024-09-20 12:25:13.701,429.0195331607459,996
2024-09-20 12:25:13.743,429.01522472114766,7
2024-09-20 12:25:13.847,429.03252882371606,999
2024-09-20 12:25:13.936,428.9925936202553,98
2024-09-20 12:25:13.972,428.9879090118303,15
2024-09-20 12:25:13.976,429.0236276796177,96
2024-09-20 12:25:13.976,428.9916603517879,998
2024-09-20 12:25:14.735,429.0095352461869,14
2024-09-20 12:25:14.905,429.00476356882353,995
2024-09-20 12:25:14.991,429.0004652734352,14
2024-09-20 12:25:15.083,428.9526464347783,12
2024-09-20 12:25:15.087,429.036038942924,1005
2024-09-20 12:25:15.126,428.94452467753655,996
2024-09-20 12:25:15.265,429.0421696546336,995
2024-09-20 12:25:15.287,429.0414380793639,6
2024-09-20 12:25:15.293,429.0383273793921,13
2024-09-20 12:25:15.302,428.92766302703086,11
2024-09-20 12:25:15.370,428.9242249682392,100
2024-09-20 12:25:15.387,428.9698787021159,105
2024-09-20 12:25:15.495,429.03195997506873,102
2024-09-20 12:25:15.559,428.9595241766832,15
2024-09-20 12:25:15.577,,103
2024-09-20 12:25:15.595,428.9902979009837,995
2024-09-20 12:25:15.628,429.01232892485785,12
2024-09-20 12:25:15.656,428.99932100247526,99
2024-09-20 12:25:15.694,429.0415041748619,5
2024-09-20 12:25:15.733,428.9354058402223,13
2024-09-20 12:25:15.741,429.0032639768205,12
2024-09-20 12:25:15.845,428.9522568637174,1001
2024-09-20 12:25:15.858,428.94309931693294,100
2024-09-20 12:25:15.893,428.9401167070541,102
2024-09-20 12:25:15.899,428.9156115401226,995
2024-09-20 12:25:15.922,429.04832988791264,1004
2024-09-20 12:25:15.953,428.9560188612127,98
2024-09-20 12:25:15.980,428.95159851394266,1001
2024-09-20 12:25:16.052,,103
2024-09-20 12:25:16.212,428.8965985446838,7
2024-09-20 12:25:16.234,428.8906745561791,999
2024-09-20 12:25:16.528,428.9390035012989,15
2024-09-20 12:25:16.678,428.9095383838048,1005
2024-09-20 12:25:16.724,428.8867097053184,1004
2024-09-20 12:25:16.726,428.8914056120186,995
2024-09-20 12:25:16.891,428.9035706223923,97
2024-09-20 12:25:16.892,428.8992481338909,7
2024-09-20 12:25:16.959,428.887064496711,998
2024-09-20 12:25:16.970,428.9195421084323,14
2024-09-20 12:25:17.082,428.8000189944674,997
2024-09-20 12:25:17.097,428.8547836777271,103
2024-09-20 12:25:17.101,428.8198927284914,5
2024-09-20 12:25:17.182,428.8236257975867,998
2024-09-20 12:25:17.205,428.80403548133,7
2024-09-20 12:25:17.226,428.8381205163844,997
2024-09-20 12:25:17.244,428.8398377123842,1005
2024-09-20 12:25:17.278,428.8870525201594,104
2024-09-20 12:25:17.293,428.82910591357626,95
2024-09-20 12:25:17.378,428.81743921481393,1002
2024-09-20 12:25:17.477,428.8431137113208,998
2024-09-20 12:25:17.487,428.83664237230334,96
2024-09-20 12:25:17.531,428.8617476630183,98
2024-09-20 12:25:17.675,428.8504143664736,12
2024-09-20 12:25:17.686,428.8312850490997,105
2024-09-20 12:25:17.777,428.85316198328735,8
2024-09-20 12:25:17.817,42.88106156037576,105
2024-09-20 12:25:17.890,428.8676096904525,1001
2024-09-20 12:25:18.005,428.8574911488139,10
2024-09-20 12:25:18.025,428.8794442816265,5
2024-09-20 12:25:18.027,428.87106846623726,13
2024-09-20 12:25:18.032,428.91263922638,98
2024-09-20 12:25:18.033,428.9378444389167,100
2024-09-20 12:25:18.080,428.9445195991264,1002
2024-09-20 12:25:18.111,428.8774889735859,1004
2024-09-20 12:25:18.128,428.954152589557,1005
2024-09-20 12:25:18.129,428.8630233539883,105
2024-09-20 12:25:18.185,428.93686684301656,99
2024-09-20 12:25:18.237,428.9430357902421,103
2024-09-20 12:25:18.250,428.8740010962073,102
2024-09-20 12:25:18.401,428.8575856474953,997
2024-09-20 12:25:18.551,,9
2024-09-20 12:25:18.553,428.8620505095751,15
2024-09-20 12:25:18.635,428.9258418301159,1004
2024-09-20 12:25:18.699,428.9364716843751,1004
2024-09-20 12:25:18.820,428.9456118031834,14
2024-09-20 12:25:18.881,,103
2024-09-20 12:25:18.919,428.8569604782164,9
2024-09-20 12:25:18.926,428.9223871701401,95
2024-09-20 12:25:18.927,428.9217197704595,13
2024-09-20 12:25:18.938,428.9354720265509,1005
2024-09-20 12:25:18.983,428.908933310465,105
2024-09-20 12:25:19.053,428.9983945763888,1005
2024-09-20 12:25:19.080,428.9855133033935,96
2024-09-20 12:25:19.095,-428.9641748168194,12
2024-09-20 12:25:19.111,428.99228404592606,105
2024-09-20 12:25:19.135,428.9885127988736,97
2024-09-20 12:25:19.177,428.9830074477797,104
2024-09-20 12:25:19.288,428.9701865880768,13
2024-09-20 12:25:19.315,429.00007728065503,1001
2024-09-20 12:25:19.427,428.95504407942497,11
2024-09-20 12:25:19.453,428.9928453666269,995
2024-09-20 12:25:19.532,428.9441011752948,1000
2024-09-20 12:25:19.588,428.9748546164812,15
2024-09-20 12:25:19.596,428.9968513033808,12
2024-09-20 12:25:19.649,428.9946701712817,995
2024-09-20 12:25:19.694,428.94872687183016,100
2024-09-20 12:25:19.852,428.9549122092496,97
2024-09-20 12:25:19.929,428.9914073675863,999
2024-09-20 12:25:20.032,428.9611658847874,9
2024-09-20 12:25:20.180,429.0166017708371,97
2024-09-20 12:25:20.202,428.9649531049404,5
2024-09-20 12:25:20.285,429.01601319826,12
2024-09-20 12:25:20.369,428.9800976940322,10
2024-09-20 12:25:20.465,429.0206707764168,96
2024-09-20 12:25:20.564,428.9458827604983,95
2024-09-20 12:25:20.601,428.9860317778632,105
2024-09-20 12:25:20.603,429.000473806212,104
2024-09-20 12:25:20.685,428.9571743330959,1002
2024-09-20 12:25:20.699,429.03109108337503,105
2024-09-20 12:25:20.723,429.0395963569313,14
2024-09-20 12:25:20.745,428.9706233038513,99
2024-09-20 12:25:20.750,429.0196114030268,103
2024-09-20 12:25:20.752,428.979853481225,96
2024-09-20 12:25:20.783,428.96600650110855,14
2024-09-20 12:25:20.848,428.9906712445695,99
2024-09-20 12:25:20.957,428.9874735261794,11
2024-09-20 12:25:21.047,428.9470842135852,103
2024-09-20 12:25:21.072,428.82221541520033,9
2024-09-20 12:25:21.097,428.8819146014325,15
2024-09-20 12:25:21.214,428.9419365128042,98
2024-09-20 12:25:21.217,428.9217218999248,9
2024-09-20 12:25:21.249,428.9439945169618,95
2024-09-20 12:25:21.255,428.9047760762895,13
2024-09-20 12:25:21.309,428.9388493805089,15
2024-09-20 12:25:21.314,42.89509162960567,1003
2024-09-20 12:25:21.365,428.8987505812768,1005
2024-09-20 12:25:21.394,428.8947161413323,96
2024-09-20 12:25:21.411,428.89812132083273,1002
2024-09-20 12:25:21.440,428.9392542778592,1005
2024-09-20 12:25:21.492,428.9053541799208,10
2024-09-20 12:25:21.497,428.9469518546757,1003
2024-09-20 12:25:21.582,428.933592363938,5
2024-09-20 12:25:21.607,428.9301281497352,999
2024-09-20 12:25:21.714,428.85699895426137,105
2024-09-20 12:25:21.717,428.9387164664855,14
2024-09-20 12:25:21.751,428.95216545807705,98
2024-09-20 12:25:21.846,428.9582734486361,999
2024-09-20 12:25:21.949,428.8849956619919,1002
2024-09-20 12:25:21.970,428.8972766290203,11
2024-09-20 12:25:21.971,428.8732984895194,10
2024-09-20 12:25:22.037,428.81704630076047,998
2024-09-20 12:25:22.050,428.82398073003617,103
2024-09-20 12:25:22.050,428.82285255462017,1005
2024-09-20 12:25:22.121,428.81360553007033,97
2024-09-20 12:25:22.156,428.81680947444295,999
2024-09-20 12:25:22.169,428.81147645577727,105
2024-09-20 12:25:22.209,428.8235193277298,999
2024-09-20 12:25:22.254,428.81792345053645,104
2024-09-20 12:25:22.265,428.8179097906199,101
2024-09-20 12:25:22.318,428.8012772210736,105
2024-09-20 12:25:22.339,428.82072158418447,95
2024-09-20 12:25:22.384,428.82709584612223,12
2024-09-20 12:25:22.385,428.8161328013701,998
2024-09-20 12:25:22.441,428.8183936871581,103
2024-09-20 12:25:22.490,428.8188765141224,996
2024-09-20 12:25:22.524,428.8063753598434,97
2024-09-20 12:25:22.609,428.8159481321705,13
2024-09-20 12:25:22.619,428.8205059533476,1005
2024-09-20 12:25:22.626,428.8373836333904,101
2024-09-20 12:25:22.678,428.8094143902771,99
2024-09-20 12:25:22.707,428.8089116591018,105
2024-09-20 12:25:22.734,428.803671107478,5
2024-09-20 12:25:22.769,428.8331160409495,100
2024-09-20 12:25:22.792,428.8204202117446,12
2024-09-20 12:25:22.793,428.8425371947959,102
2024-09-20 12:25:22.819,428.81156414849056,1000
2024-09-20 12:25:22.883,428.79867309046193,104
2024-09-20 12:25:22.959,428.84437808324464,104
2024-09-20 12:25:23.120,428.8253606833145,996
2024-09-20 12:25:23.375,428.8297943805791,8
2024-09-20 12:25:23.449,428.8360880497757,96
2024-09-20 12:25:23.512,428.8498480953119,97
2024-09-20 12:25:23.904,428.8251850075133,6
2024-09-20 12:25:23.988,428.8462080409358,102
2024-09-20 12:25:24.041,428.8165317065332,12
2024-09-20 12:25:24.053,428.8138048542671,1005
2024-09-20 12:25:24.062,428.7821463592287,97
2024-09-20 12:25:24.195,428.79662173103344,996
2024-09-20 12:25:24.293,428.79698838218445,98
2024-09-20 12:25:24.515,428.7936819795788,8
2024-09-20 12:25:24.528,428.76710717057057,105
2024-09-20 12:25:24.569,428.8003266892287,998
2024-09-20 12:25:24.637,428.8086354186084,105
2024-09-20 12:25:24.685,428.8194766864902,100
2024-09-20 12:25:24.859,428.7787948635013,97
2024-09-20 12:25:25.150,428.8236039500623,103
2024-09-20 12:25:25.177,428.73448350525234,6
2024-09-20 12:25:25.193,428.81529092567337,996
2024-09-20 12:25:25.306,428.8318814666882,98
2024-09-20 12:25:25.313,428.82151155721374,6
2024-09-20 12:25:25.329,428.7440633855569,5
2024-09-20 12:25:25.400,428.91687327619,6
2024-09-20 12:25:25.591,428.8420668967877,8
2024-09-20 12:25:25.621,428.7723368698533,997
2024-09-20 12:25:25.630,428.87592398421936,14
2024-09-20 12:25:25.646,428.8562294580455,1001
2024-09-20 12:25:25.706,428.8528980022758,96
2024-09-20 12:25:25.735,428.855577337742,1003
2024-09-20 12:25:25.765,428.78065341474434,996
2024-09-20 12:25:25.788,428.7379566851375,11
2024-09-20 12:25:25.795,428.74511851142734,103
2024-09-20 12:25:25.817,428.8105064136433,104
2024-09-20 12:25:25.827,428.88569826160864,1001
2024-09-20 12:25:25.831,428.89157421323705,6
2024-09-20 12:25:25.851,428.9031832327298,995
2024-09-20 12:25:25.875,428.8522816226513,98
2024-09-20 12:25:25.881,428.91147908171104,96
2024-09-20 12:25:25.905,428.7558931200318,997
2024-09-20 12:25:25.905,428.9225940161712,1005
2024-09-20 12:25:25.916,428.8133869433255,1003
2024-09-20 12:25:25.990,428.7836494633319,1002
2024-09-20 12:25:26.761,428.9103044601451,15
2024-09-20 12:25:27.057,428.9415861416736,104
2024-09-20 12:25:27.069,428.9219161690556,98
2024-09-20 12:25:27.072,428.88817848427,1002
2024-09-20 12:25:27.142,428.9338277153753,98
2024-09-20 12:25:27.242,428.938693383394,105
2024-09-20 12:25:27.313,428.91020857115456,997
2024-09-20 12:25:27.327,428.9255000006073,7
2024-09-20 12:25:27.346,428.9217007829039,1001
2024-09-20 12:25:27.379,428.9395330156652,11
2024-09-20 12:25:27.396,428.9242381504482,9
2024-09-20 12:25:27.439,428.9011421982248,9
2024-09-20 12:25:27.486,428.9420370319652,15
2024-09-20 12:25:27.519,428.9399865150898,1004
2024-09-20 12:25:27.541,428.9113615004597,95
2024-09-20 12:25:27.543,428.9793846063323,103
2024-09-20 12:25:27.619,428.9281395502614,96
2024-09-20 12:25:27.623,428.9435645246164,96
2024-09-20 12:25:27.650,428.93502166831706,1000
2024-09-20 12:25:27.690,428.9409101041599,1003
2024-09-20 12:25:27.885,428.9306397513113,7
2024-09-20 12:25:27.910,428.9285879943068,997
2024-09-20 12:25:27.943,428.927718748244,103
2024-09-20 12:25:27.947,428.9393060667426,996
2024-09-20 12:25:27.971,428.9388253084158,1002
2024-09-20 12:25:27.988,428.9342730355767,1004
2024-09-20 12:25:27.997,428.9104397987119,11
2024-09-20 12:25:28.089,428.9601836839003,98
2024-09-20 12:25:28.202,428.94764925366366,996
2024-09-20 12:25:28.250,428.9093354447172,997
2024-09-20 12:25:28.463,428.9413408472626,10
2024-09-20 12:25:28.492,428.9289781479454,100
2024-09-20 12:25:28.558,428.9560207248613,1000
2024-09-20 12:25:28.675,428.9211600000451,101
2024-09-20 12:25:29.359,428.9388188075248,102
2024-09-20 12:25:29.490,428.9281413684205,14
2024-09-20 12:25:29.710,428.9122321607564,998
2024-09-20 12:25:29.791,428.90820379174494,5
2024-09-20 12:25:29.901,428.9122996480818,96
2024-09-20 12:25:30.001,428.8247774547332,1002
2024-09-20 12:25:30.011,428.8535935783902,6
2024-09-20 12:25:30.019,428.8354041715392,104
2024-09-20 12:25:30.043,428.84729883881,5
2024-09-20 12:25:30.055,428.85897347437367,14
2024-09-20 12:25:30.058,428.8966658522268,11
2024-09-20 12:25:30.081,428.8164091674981,15
2024-09-20 12:25:30.207,428.80919580804937,995
2024-09-20 12:25:30.243,428.8397402117674,1000
2024-09-20 12:25:30.243,428.8993199150509,1004
2024-09-20 12:25:30.255,428.8741130923839,1003
2024-09-20 12:25:30.280,428.8543319117712,5
2024-09-20 12:25:30.311,428.8667548997381,95
2024-09-20 12:25:30.332,428.8685073697694,996
2024-09-20 12:25:30.365,428.8963749324923,6
2024-09-20 12:25:30.420,428.8213165749064,103
2024-09-20 12:25:30.423,428.8543931335372,1001
2024-09-20 12:25:30.485,428.87547426479017,15
2024-09-20 12:25:30.637,428.8047173141331,1004
2024-09-20 12:25:30.645,428.8268819152483,15
2024-09-20 12:25:30.709,428.84736281998414,999
2024-09-20 12:25:30.757,428.81243574875054,1004
2024-09-20 12:25:30.763,428.8283475188093,6
2024-09-20 12:25:30.869,428.84501823888576,1002
2024-09-20 12:25:30.937,428.8894083571031,11
2024-09-20 12:25:31.002,428.7952655290224,11
2024-09-20 12:25:31.070,428.8066481215157,997
2024-09-20 12:25:31.082,428.8274802974204,1004
2024-09-20 12:25:31.247,428.8631459844818,6
2024-09-20 12:25:31.306,428.8284220414934,5
2024-09-20 12:25:31.373,428.8178605288373,15
2024-09-20 12:25:31.399,428.87111920138193,12
2024-09-20 12:25:31.485,428.7998586211818,6
2024-09-20 12:25:31.767,428.7922278452381,13
2024-09-20 12:25:31.937,428.835764923524,97
2024-09-20 12:25:32.001,428.773029552504,101
2024-09-20 12:25:32.023,428.8050594874033,97
2024-09-20 12:25:32.077,428.799732039798,998
2024-09-20 12:25:32.088,428.81636591416,999
2024-09-20 12:25:32.285,428.820576320904,10
2024-09-20 12:25:32.323,428.7919002305174,5
2024-09-20 12:25:32.451,428.79818717357335,1005
2024-09-20 12:25:32.451,-428.8162056790276,999
2024-09-20 12:25:32.464,428.8174437224097,9
2024-09-20 12:25:32.553,428.8068445702828,105
2024-09-20 12:25:32.556,428.8022548624086,12
2024-09-20 12:25:32.587,428.8170981839359,1004
2024-09-20 12:25:32.650,428.8089033119812,999
2024-09-20 12:25:32.677,428.83134412781726,1003
2024-09-20 12:25:32.712,428.8375989052038,102
2024-09-20 12:25:32.717,428.8299603543382,1005
2024-09-20 12:25:32.766,428.8263644008802,95
2024-09-20 12:25:32.788,428.7656337600948,103
2024-09-20 12:25:32.859,428.7954453636162,5
2024-09-20 12:25:32.870,428.8300264866793,7
2024-09-20 12:25:32.894,428.8178763788087,101
2024-09-20 12:25:32.925,428.79668210701055,99
2024-09-20 12:25:32.943,428.8338116204602,1004
2024-09-20 12:25:32.946,428.83660197397626,104
2024-09-20 12:25:32.948,428.80420220041,1003
2024-09-20 12:25:32.960,428.7878406923234,995
2024-09-20 12:25:32.994,428.8015636025762,97
2024-09-20 12:25:33.011,428.8073800632268,996
2024-09-20 12:25:33.024,428.76993788328485,1002
2024-09-20 12:25:33.055,428.7941604381713,104
2024-09-20 12:25:33.103,428.8296826628458,1001
2024-09-20 12:25:33.209,428.8365303640269,13
2024-09-20 12:25:33.216,-428.81125447874496,1005
2024-09-20 12:25:33.219,42.87924430347948,15
2024-09-20 12:25:33.243,428.8398553909011,6
2024-09-20 12:25:33.259,428.8100301236261,1004
2024-09-20 12:25:33.282,428.8289898615104,997
2024-09-20 12:25:33.300,428.81186149101296,997
2024-09-20 12:25:33.330,428.8008137042888,96
2024-09-20 12:25:33.342,428.8262219883108,1005
2024-09-20 12:25:33.451,428.8001763862535,8
2024-09-20 12:25:33.471,428.7863150928576,1001
2024-09-20 12:25:33.507,428.8171403589415,1005
2024-09-20 12:25:33.564,428.8007416723154,99
2024-09-20 12:25:33.581,428.8034239998981,104
2024-09-20 12:25:33.614,428.813590844128,100
2024-09-20 12:25:33.717,428.81058001896594,14
2024-09-20 12:25:33.736,428.822670898441,6
2024-09-20 12:25:33.741,428.7846446553349,8
2024-09-20 12:25:33.783,428.7811982217301,1000
2024-09-20 12:25:33.792,428.799458280728,1003
2024-09-20 12:25:33.880,428.80374960024176,95
2024-09-20 12:25:33.924,428.8308318605034,13
2024-09-20 12:25:33.929,428.8211627702974,95
2024-09-20 12:25:33.932,428.7839875954807,96
2024-09-20 12:25:33.990,428.820627832976,12
2024-09-20 12:25:34.077,428.804621159536,1001
2024-09-20 12:25:34.156,428.7946237089336,995
2024-09-20 12:25:34.296,428.7897070833093,103
2024-09-20 12:25:34.337,428.8033225007971,13
2024-09-20 12:25:34.502,428.8127330454665,10
2024-09-20 12:25:34.534,428.7915212909271,998
2024-09-20 12:25:34.878,428.8073356623672,7
2024-09-20 12:25:34.985,428.7945519169053,101
2024-09-20 12:25:35.005,428.7725383008881,1002
2024-09-20 12:25:35.051,428.7968448393543,5
2024-09-20 12:25:35.361,428.85658409984165,1001
2024-09-20 12:25:35.429,428.8256276883122,5
2024-09-20 12:25:35.490,428.8080518167455,96
2024-09-20 12:25:35.748,428.7915477057657,11
2024-09-20 12:25:35.979,428.7918662611525,996
2024-09-20 12:25:36.029,428.8470721237172,11
2024-09-20 12:25:36.043,428.84338740962727,997
2024-09-20 12:25:36.047,428.7908746897592,999
2024-09-20 12:25:36.131,428.8043827419058,995
2024-09-20 12:25:36.163,428.84868971570216,1001
2024-09-20 12:25:36.203,428.81673848242576,100
2024-09-20 12:25:36.224,428.84192273445217,1000
2024-09-20 12:25:36.227,428.8211555089684,9
2024-09-20 12:25:36.381,428.8170951586482,7
2024-09-20 12:25:36.408,428.81706030004966,98
2024-09-20 12:25:36.494,428.8435392721598,12
2024-09-20 12:25:36.523,428.8506255663832,100
2024-09-20 12:25:36.597,428.8259950897661,5
2024-09-20 12:25:36.637,428.8344433767952,97
2024-09-20 12:25:36.671,428.8394938173096,10
2024-09-20 12:25:36.803,428.8510536993716,8
2024-09-20 12:25:36.806,428.8069639056949,102
2024-09-20 12:25:36.894,428.84139971824567,1004
2024-09-20 12:25:36.963,428.8518450027808,6
2024-09-20 12:25:37.038,428.8877336818095,1005
2024-09-20 12:25:37.054,428.86925808425246,100
2024-09-20 12:25:37.063,428.8921302992516,995
2024-09-20 12:25:37.081,428.8868774057701,996
2024-09-20 12:25:37.166,428.9058487670659,101
2024-09-20 12:25:37.206,428.867192939001,6
2024-09-20 12:25:37.211,428.9089417209584,7
2024-09-20 12:25:37.326,428.9165037799327,100
2024-09-20 12:25:37.386,428.8571827542991,5
2024-09-20 12:25:37.386,428.8764754290287,995
2024-09-20 12:25:37.472,428.91066884232015,1000
2024-09-20 12:25:37.486,428.89234700108886,14
2024-09-20 12:25:37.497,428.9061513609941,10
2024-09-20 12:25:37.557,428.8565281985872,1003
2024-09-20 12:25:37.670,428.9182277627269,1002
2024-09-20 12:25:37.678,428.9148194429022,14
2024-09-20 12:25:37.689,428.8938445861,7
2024-09-20 12:25:37.739,428.86319661317975,7
2024-09-20 12:25:37.764,428.89963855391886,8
2024-09-20 12:25:37.772,428.9212933585796,1002
2024-09-20 12:25:37.785,428.8715376689028,1004
2024-09-20 12:25:37.821,428.8958675027296,8
2024-09-20 12:25:37.899,428.88222043838095,104
2024-09-20 12:25:38.071,428.9707613079496,104
2024-09-20 12:25:38.178,428.93977032255646,5
2024-09-20 12:25:38.253,428.9506624607668,6
2024-09-20 12:25:38.305,428.9258268028344,98
2024-09-20 12:25:38.417,428.95703700611807,8
2024-09-20 12:25:38.419,428.9488045487262,14
2024-09-20 12:25:38.455,428.9477919015044,103
2024-09-20 12:25:38.510,428.9453626500522,1005
2024-09-20 12:25:38.537,428.9661439097559,97
2024-09-20 12:25:38.554,428.9642058745677,98
2024-09-20 12:25:38.613,428.9272999903234,96
2024-09-20 12:25:38.623,428.9236330904059,13
2024-09-20 12:25:38.695,428.9517711333143,1001
2024-09-20 12:25:38.796,428.9418493639122,15
2024-09-20 12:25:38.829,428.9408954194639,10
2024-09-20 12:25:38.879,428.9736326888583,995
2024-09-20 12:25:38.888,428.960691668134,12
2024-09-20 12:25:38.904,428.9209747413,6
2024-09-20 12:25:38.960,428.9282815193282,10
2024-09-20 12:25:39.001,428.9814545371861,998
2024-09-20 12:25:39.009,429.0282301413792,998
2024-09-20 12:25:39.026,429.0113129688924,98
2024-09-20 12:25:39.098,428.9595441540103,14
2024-09-20 12:25:39.192,428.9801091671716,5
2024-09-20 12:25:39.254,428.9905650541139,996
2024-09-20 12:25:39.258,428.9798814376209,102
2024-09-20 12:25:39.293,429.0177803884488,6
2024-09-20 12:25:39.298,428.9501953687718,1002
2024-09-20 12:25:39.317,429.00077944371503,101
2024-09-20 12:25:39.405,429.0128012516874,98
2024-09-20 12:25:39.492,429.0014865296884,105
2024-09-20 12:25:39.507,42.89888071310979,14
2024-09-20 12:25:39.543,429.0037118650149,13
2024-09-20 12:25:39.544,428.98373533584856,96
2024-09-20 12:25:39.556,429.0086176510088,14
2024-09-20 12:25:39.561,428.9945220138481,996
2024-09-20 12:25:39.572,429.01102009698536,7
2024-09-20 12:25:39.599,429.0091496069942,6
2024-09-20 12:25:39.641,428.990760274372,101
2024-09-20 12:25:39.680,429.0154404111258,13
2024-09-20 12:25:39.820,428.9839826880856,100
2024-09-20 12:25:39.953,429.0115697356048,1002
2024-09-20 12:25:39.960,429.0183937298231,999
2024-09-20 12:25:39.969,429.00590099073634,14
2024-09-20 12:25:39.980,428.9580956951984,96
2024-09-20 12:25:40.044,428.9931664138793,997
2024-09-20 12:25:40.058,428.9767703067613,1003
2024-09-20 12:25:40.213,428.960147102251,1005
2024-09-20 12:25:40.370,428.9935378675672,103
2024-09-20 12:25:40.445,429.0206042094245,95
2024-09-20 12:25:40.518,428.96252097822384,105
2024-09-20 12:25:40.547,428.9637607897675,14
2024-09-20 12:25:40.547,429.0340233630967,105
2024-09-20 12:25:40.574,428.9619600577272,102
2024-09-20 12:25:40.600,429.0141658461949,104
2024-09-20 12:25:40.671,428.9766384255759,12
2024-09-20 12:25:40.734,428.9739865928759,105
2024-09-20 12:25:40.745,428.9636130937355,1005
2024-09-20 12:25:40.771,428.9777826742923,995
2024-09-20 12:25:41.053,428.9201938801599,1005
2024-09-20 12:25:41.078,428.959311734019,10
2024-09-20 12:25:41.086,428.9511851873014,996
2024-09-20 12:25:41.207,428.9412126302032,103
2024-09-20 12:25:41.265,428.9153294537815,97
2024-09-20 12:25:41.435,428.9532507104883,9
2024-09-20 12:25:41.444,428.9327862090792,1003
2024-09-20 12:25:41.490,428.9554280941623,10
2024-09-20 12:25:41.500,428.95298001915273,1001
2024-09-20 12:25:41.523,428.95096130004896,998
2024-09-20 12:25:41.581,428.913451066516,1001
2024-09-20 12:25:41.583,428.97392478108696,100
2024-09-20 12:25:41.681,428.9388350942283,999
2024-09-20 12:25:41.697,428.9401465519993,998
2024-09-20 12:25:41.754,428.9782418045083,995
2024-09-20 12:25:41.815,428.9554004763042,9
2024-09-20 12:25:41.867,428.9230428048373,100
2024-09-20 12:25:41.868,428.92544278719225,101
2024-09-20 12:25:41.895,42.89491943720213,6
2024-09-20 12:25:42.040,428.88916523142336,102
2024-09-20 12:25:42.079,428.9062160634981,101
2024-09-20 12:25:42.091,428.9008610603598,96
2024-09-20 12:25:42.097,428.91971210673455,15
2024-09-20 12:25:42.114,428.9905790673981,13
2024-09-20 12:25:42.139,428.9124088459859,997
2024-09-20 12:25:42.140,428.9970700784255,95
2024-09-20 12:25:42.168,428.9181756457073,104
2024-09-20 12:25:42.184,428.9105769273514,13
2024-09-20 12:25:42.273,428.92448046422754,100
2024-09-20 12:25:42.312,428.9161676746237,1001
2024-09-20 12:25:42.362,428.8924220631458,101
2024-09-20 12:25:42.381,428.91020030228935,15
2024-09-20 12:25:42.457,428.90815148946496,101
2024-09-20 12:25:42.471,428.9223986201793,15
2024-09-20 12:25:42.484,428.90942604049087,99
2024-09-20 12:25:42.555,429.0016583887876,14
2024-09-20 12:25:42.680,428.8833420709995,105
2024-09-20 12:25:42.698,428.9196853128551,104
2024-09-20 12:25:42.738,428.9607425893775,5
2024-09-20 12:25:42.746,428.9634555349939,15
2024-09-20 12:25:42.815,428.86927758141167,9
2024-09-20 12:25:42.848,428.90597375956673,997
2024-09-20 12:25:42.899,428.9750015431688,99
2024-09-20 12:25:42.920,428.91420719284446,6
2024-09-20 12:25:42.979,428.9118824282805,1000
2024-09-20 12:25:43.005,428.9790606652984,11
2024-09-20 12:25:43.040,428.9653286297726,1003
2024-09-20 12:25:43.064,428.9374958863335,999
2024-09-20 12:25:43.073,428.9543109045372,102
2024-09-20 12:25:43.125,428.9846558462795,1002
2024-09-20 12:25:43.166,428.9160392235958,100
2024-09-20 12:25:43.169,42.89727553558896,9
2024-09-20 12:25:43.236,428.9116605239138,5
2024-09-20 12:25:43.241,429.0253643981844,102
2024-09-20 12:25:43.246,429.0238863036379,104
2024-09-20 12:25:43.256,428.9414940382532,102
2024-09-20 12:25:43.264,429.0037711153312,1000
2024-09-20 12:25:43.290,428.9622015214785,1000
2024-09-20 12:25:43.336,428.9415874215503,101
2024-09-20 12:25:43.395,428.9187608328808,999
2024-09-20 12:25:43.454,428.9263265221998,1003
2024-09-20 12:25:43.516,428.9333790181939,100
2024-09-20 12:25:43.582,428.9501382420453,10
2024-09-20 12:25:43.624,428.9660000667292,995
2024-09-20 12:25:43.691,429.0093678184518,14
2024-09-20 12:25:43.716,429.03569922220015,98
2024-09-20 12:25:43.752,428.9925891474188,100
2024-09-20 12:25:43.812,429.01025272538334,995
2024-09-20 12:25:43.968,428.9240521861776,997
2024-09-20 12:25:43.990,-428.9656658711223,96
2024-09-20 12:25:44.045,428.9401972622964,15
2024-09-20 12:25:44.055,428.93850227092673,11
2024-09-20 12:25:44.092,428.9466264226405,103
2024-09-20 12:25:44.374,428.914079520696,10
2024-09-20 12:25:44.397,428.904203864288,996
2024-09-20 12:25:44.580,428.9089388429259,5
2024-09-20 12:25:44.743,428.9673888715582,1003
2024-09-20 12:25:44.789,428.90913883201137,102
2024-09-20 12:25:44.891,428.9576669353043,7
2024-09-20 12:25:44.967,428.9203964678724,999
2024-09-20 12:25:45.158,428.8884724371521,11
2024-09-20 12:25:45.195,428.9144375553843,1003
2024-09-20 12:25:45.210,42.88968373005677,1003
2024-09-20 12:25:45.248,428.893726651564,96
2024-09-20 12:25:45.273,428.9246611829909,95
2024-09-20 12:25:45.358,428.8960790015093,98
2024-09-20 12:25:45.394,428.9200056010788,7
2024-09-20 12:25:45.597,428.9087911594128,103
2024-09-20 12:25:45.708,428.8798063770993,14
2024-09-20 12:25:45.714,428.88975711743785,1004
2024-09-20 12:25:45.753,428.8919886033395,104
2024-09-20 12:25:45.878,428.915852098489,9
2024-09-20 12:25:45.926,428.9056617621093,997
2024-09-20 12:25:45.957,428.8850673011642,105
2024-09-20 12:25:46.026,428.8505232242199,97
2024-09-20 12:25:46.035,428.87243970701365,7
2024-09-20 12:25:46.036,428.9147065546683,95
2024-09-20 12:25:46.074,428.8719215325832,104
2024-09-20 12:25:46.194,428.913213433211,13
2024-09-20 12:25:46.339,428.9132093421645,100
2024-09-20 12:25:46.387,428.8790766527496,1002
2024-09-20 12:25:46.388,428.8978581782513,7
2024-09-20 12:25:46.412,428.8711288683328,1001
2024-09-20 12:25:46.426,428.86246343028114,999
2024-09-20 12:25:46.534,428.86950268483,105
2024-09-20 12:25:46.537,428.8650661731514,5
2024-09-20 12:25:46.621,428.8699573305151,6
2024-09-20 12:25:46.636,428.8713385767299,1003
2024-09-20 12:25:46.668,428.8562979115791,96
2024-09-20 12:25:46.763,428.9018500456643,95
2024-09-20 12:25:46.769,428.8659309290165,97
2024-09-20 12:25:46.808,428.86151496041566,95
2024-09-20 12:25:46.884,428.8618261862654,98
2024-09-20 12:25:46.899,428.8838342071616,998
2024-09-20 12:25:46.983,428.8908370811856,6
2024-09-20 12:25:46.992,428.9045486543397,6
2024-09-20 12:25:47.216,428.8509333301846,12
2024-09-20 12:25:47.255,,1000
2024-09-20 12:25:47.316,428.8745101154107,11
2024-09-20 12:25:47.380,428.8643347534102,1001
2024-09-20 12:25:47.472,428.8489272744866,11
2024-09-20 12:25:47.482,428.86239402917545,998
2024-09-20 12:25:47.483,428.85220932809074,1000
2024-09-20 12:25:47.511,428.863826374465,97
2024-09-20 12:25:47.512,428.8559880062812,1003
2024-09-20 12:25:47.516,428.8571965960077,13
2024-09-20 12:25:47.528,-428.8692549230741,1000
2024-09-20 12:25:47.610,428.8519227692735,1000
2024-09-20 12:25:47.672,428.867496015004,10
2024-09-20 12:25:47.674,428.847412308823,995
2024-09-20 12:25:47.704,428.8569063210416,996
2024-09-20 12:25:47.729,428.8506418416843,5
2024-09-20 12:25:47.866,428.85569448526377,103
2024-09-20 12:25:47.918,428.8443947201149,99
2024-09-20 12:25:47.963,428.8601329624925,104
2024-09-20 12:25:47.965,428.86513685634696,999
2024-09-20 12:25:48.266,428.8373957592014,5
2024-09-20 12:25:48.360,428.823599325326,998
2024-09-20 12:25:48.407,428.8461054140104,6
2024-09-20 12:25:48.763,428.8376073209316,10
2024-09-20 12:25:49.002,428.8206535899104,996
2024-09-20 12:25:49.048,428.8308069818135,102
2024-09-20 12:25:49.141,428.8715255240156,10
2024-09-20 12:25:49.260,428.80656689645366,99
2024-09-20 12:25:49.303,428.8423626274771,999
2024-09-20 12:25:49.455,428.8289866866705,10
2024-09-20 12:25:49.461,428.8474038190469,1005
2024-09-20 12:25:49.518,428.8615044295252,102
2024-09-20 12:25:49.627,428.83550845337095,1000
2024-09-20 12:25:49.788,428.806726634317,996
2024-09-20 12:25:49.793,428.8395836276254,95
2024-09-20 12:25:49.816,-428.8198942980868,12
2024-09-20 12:25:49.892,428.809492526194,8
2024-09-20 12:25:49.980,428.84678622899327,998
2024-09-20 12:25:49.992,428.8381474951767,15
2024-09-20 12:25:50.971,428.8639581644381,100
2024-09-20 12:25:51.055,,1002
2024-09-20 12:25:51.060,428.8634230377877,15
2024-09-20 12:25:51.105,428.8724419794119,5
2024-09-20 12:25:51.114,428.87502483162376,14
2024-09-20 12:25:51.125,428.77808126401374,98
2024-09-20 12:25:51.180,428.7638179495881,1004
2024-09-20 12:25:51.184,428.77365669932846,102
2024-09-20 12:25:51.184,428.73857186925005,99
2024-09-20 12:25:51.198,428.8769881147069,1000
2024-09-20 12:25:51.279,428.8215366791107,6
2024-09-20 12:25:51.293,428.74628786075886,15
2024-09-20 12:25:51.307,428.7440973124117,99
2024-09-20 12:25:51.355,428.7916339363676,1004
2024-09-20 12:25:51.357,428.8041872755918,10
2024-09-20 12:25:51.420,428.8303156631649,996
2024-09-20 12:25:51.422,428.853080972369,1005
2024-09-20 12:25:51.444,428.8805631772119,11
2024-09-20 12:25:51.455,428.73145746740965,103
2024-09-20 12:25:51.614,428.7586566136703,100
2024-09-20 12:25:51.697,428.8761589879226,996
2024-09-20 12:25:51.731,428.86718658670645,996
2024-09-20 12:25:51.783,428.8295947058282,8
2024-09-20 12:25:51.817,428.81968679331766,99
2024-09-20 12:25:51.881,428.8325455524384,97
2024-09-20 12:25:51.912,428.86222531606586,14
2024-09-20 12:25:51.916,428.7775161813458,95
2024-09-20 12:25:51.927,428.8137294719808,995
2024-09-20 12:25:51.960,428.874159413329,996
2024-09-20 12:25:51.965,428.8883300734522,995
2024-09-20 12:25:52.087,428.7731739280809,8
2024-09-20 12:25:52.091,428.7238303739006,102
2024-09-20 12:25:52.126,428.7161286428276,1002
2024-09-20 12:25:52.142,428.7373666480142,13
2024-09-20 12:25:52.155,428.7466111366893,11
2024-09-20 12:25:52.160,428.7572907849145,102
2024-09-20 12:25:52.177,428.7216674721335,996
2024-09-20 12:25:52.260,428.73742294892304,96
2024-09-20 12:25:52.262,428.7387010022059,11
2024-09-20 12:25:52.413,428.7330638046024,99
2024-09-20 12:25:52.433,428.6965194407133,103
2024-09-20 12:25:52.490,,1005
2024-09-20 12:25:52.500,428.7853246894448,1002
2024-09-20 12:25:52.625,428.7491586374568,100
2024-09-20 12:25:52.654,428.732471233281,5
2024-09-20 12:25:52.662,428.7833443498959,5
2024-09-20 12:25:52.667,428.7236716644471,997
2024-09-20 12:25:52.680,428.7424449074401,105
2024-09-20 12:25:52.682,428.7159475654801,9
2024-09-20 12:25:52.696,428.77583382833177,6
2024-09-20 12:25:52.698,428.7217626095433,95
2024-09-20 12:25:52.705,428.72454952567085,12
2024-09-20 12:25:52.722,428.7563520061808,5
2024-09-20 12:25:52.857,428.7220458419322,15
2024-09-20 12:25:52.869,428.7590194852095,998
2024-09-20 12:25:52.889,428.7219783778974,104
2024-09-20 12:25:52.938,428.74551737860367,10
2024-09-20 12:25:52.949,428.72718049272817,998
2024-09-20 12:25:52.957,428.7465458411906,15
2024-09-20 12:25:52.995,428.7627811212446,999
2024-09-20 12:25:53.004,428.7924617420393,996
2024-09-20 12:25:53.006,428.8091469017994,1004
2024-09-20 12:25:53.069,428.8124938432897,995
2024-09-20 12:25:53.120,428.7958638491472,7
2024-09-20 12:25:53.370,428.79046181727193,6
2024-09-20 12:25:53.440,428.8198716640597,1000
2024-09-20 12:25:53.491,-428.7801298563666,103
2024-09-20 12:25:53.531,428.8194347883528,103
2024-09-20 12:25:53.551,428.8069224867546,103
2024-09-20 12:25:53.561,428.8238630592602,102
2024-09-20 12:25:53.573,428.78050752875606,999
2024-09-20 12:25:53.609,428.8155251924372,10
2024-09-20 12:25:53.800,428.8229210460803,103
2024-09-20 12:25:53.932,428.8239695924873,5
2024-09-20 12:25:54.074,428.8080815518404,1000
2024-09-20 12:25:54.320,428.8171849826669,96
2024-09-20 12:25:54.903,428.7990016906084,1001
2024-09-20 12:25:54.986,428.7976609185164,998
2024-09-20 12:25:55.003,428.79162043085074,999
2024-09-20 12:25:55.037,42.87733758272162,10
2024-09-20 12:25:55.067,428.7744419246953,97
2024-09-20 12:25:55.112,428.7272909459016,999
2024-09-20 12:25:55.154,428.7954830402853,96
2024-09-20 12:25:55.164,428.781560579196,1001
2024-09-20 12:25:55.300,428.7367300606799,105
2024-09-20 12:25:55.489,428.7842594679155,97
2024-09-20 12:25:55.580,428.7392494683086,13
2024-09-20 12:25:55.670,428.79718571376674,999
2024-09-20 12:25:55.752,428.7607708936601,100
2024-09-20 12:25:55.790,428.7677356932783,997
2024-09-20 12:25:55.868,428.7308246128776,14
2024-09-20 12:25:55.994,428.7232798865486,99
2024-09-20 12:25:56.031,428.7126320554877,105
2024-09-20 12:25:56.049,428.7264957792372,101
2024-09-20 12:25:56.076,428.686883571783,99
2024-09-20 12:25:56.231,428.71709530057217,1004
2024-09-20 12:25:56.253,428.6760074197116,1003
2024-09-20 12:25:56.302,428.6678704890438,996
2024-09-20 12:25:56.327,428.72643095525336,14
2024-09-20 12:25:56.349,428.7054001408961,15
2024-09-20 12:25:56.368,428.72736857988167,11
2024-09-20 12:25:56.409,428.7049658051968,105
2024-09-20 12:25:56.516,428.7096249142896,1002
2024-09-20 12:25:56.522,428.68954569609406,100
2024-09-20 12:25:56.547,428.7285567951243,97
2024-09-20 12:25:56.587,428.7186607097714,5
2024-09-20 12:25:56.618,428.6870599536748,7
2024-09-20 12:25:56.627,428.71450269042896,104
2024-09-20 12:25:56.677,428.7074378954184,1000
2024-09-20 12:25:56.744,428.71700029976586,1000
2024-09-20 12:25:56.765,428.7435341590146,102
2024-09-20 12:25:56.795,428.6874222599876,9
2024-09-20 12:25:56.885,428.72865625151474,1005
2024-09-20 12:25:56.928,428.7282214949377,13
2024-09-20 12:25:56.936,428.67271180915634,15
2024-09-20 12:25:56.958,428.7390542288322,101
2024-09-20 12:25:57.173,428.7022003293512,105
2024-09-20 12:25:57.200,428.7365342377579,15
2024-09-20 12:25:57.277,428.734046143074,1002
2024-09-20 12:25:57.288,428.7009831855124,998
2024-09-20 12:25:57.295,428.7366839857557,102
2024-09-20 12:25:57.357,428.7313065408802,1005
2024-09-20 12:25:57.398,428.735521125859,996
2024-09-20 12:25:57.405,428.7578108994582,1000
2024-09-20 12:25:57.434,428.73184687439647,102
2024-09-20 12:25:57.445,428.69238108922985,15
2024-09-20 12:25:57.456,428.7169033442969,9
2024-09-20 12:25:57.571,428.731209698018,1001
2024-09-20 12:25:57.695,428.7438583970384,13
2024-09-20 12:25:57.701,428.73599463052494,14
2024-09-20 12:25:57.755,428.7339636429401,6
2024-09-20 12:25:57.791,428.7448297660448,105
2024-09-20 12:25:57.822,428.72766892877286,99
2024-09-20 12:25:57.877,428.7491120828821,15
2024-09-20 12:25:57.900,428.7496613752046,12
2024-09-20 12:25:57.967,428.7279819300977,101
2024-09-20 12:25:57.980,428.7106191602765,1000
2024-09-20 12:25:58.079,428.7547041064907,99
2024-09-20 12:25:58.276,428.730368318628,6
2024-09-20 12:25:58.326,428.7446111632328,104
2024-09-20 12:25:58.337,428.724450507397,103
2024-09-20 12:25:58.385,428.7476467300809,104
2024-09-20 12:25:58.502,428.7591266670378,998
2024-09-20 12:25:58.779,428.7191155294384,9
2024-09-20 12:25:58.817,428.7138143785151,15
2024-09-20 12:25:58.887,428.7242105421955,102
2024-09-20 12:25:58.991,428.7266447342267,14
2024-09-20 12:25:59.018,428.87499055590257,99
2024-09-20 12:25:59.019,428.777424205997,998
2024-09-20 12:25:59.026,428.8485513667753,15
2024-09-20 12:25:59.039,428.7670795837877,11
2024-09-20 12:25:59.046,428.7677975996799,8
2024-09-20 12:25:59.069,428.7615511298712,13
2024-09-20 12:25:59.102,428.7377222709766,101
2024-09-20 12:25:59.123,428.8245002527673,14
2024-09-20 12:25:59.207,428.7494466206204,1004
2024-09-20 12:25:59.234,428.8381923365971,996
2024-09-20 12:25:59.325,428.8794485623415,104
2024-09-20 12:25:59.335,428.8256612560608,6
2024-09-20 12:25:59.373,428.7452782271412,995
2024-09-20 12:25:59.400,428.75316313332905,999
2024-09-20 12:25:59.401,428.84138202886254,8
2024-09-20 12:25:59.455,428.7345749061037,95
2024-09-20 12:25:59.561,428.7664827368528,95
2024-09-20 12:25:59.653,428.72081554405,999
2024-09-20 12:25:59.695,428.7540534091089,15
2024-09-20 12:25:59.761,428.8502578134158,11
2024-09-20 12:25:59.763,428.8950929374474,104
2024-09-20 12:25:59.812,428.85452416264127,12
2024-09-20 12:25:59.831,428.8407826725977,103
2024-09-20 12:25:59.938,428.7592168569045,103
2024-09-20 12:25:59.952,428.7621515254343,995
2024-09-20 12:25:59.954,428.8408438402831,999
2024-09-20 12:25:59.974,428.8383378460933,9
2024-09-20 12:25:59.975,428.7559458524439,7
