Timestamp,Price,Size
2024-09-18 13:07:00.092,414.8049844874088,100
2024-09-18 13:07:00.128,414.8393145883789,101
2024-09-18 13:07:00.135,414.84379667332297,1005
2024-09-18 13:07:00.181,414.8077394166502,6
2024-09-18 13:07:00.198,414.8187649212095,1000
2024-09-18 13:07:00.228,414.80451629499566,105
2024-09-18 13:07:00.289,414.7974879672885,98
2024-09-18 13:07:00.433,414.81240314388646,105
2024-09-18 13:07:00.483,414.81471397709583,15
2024-09-18 13:07:00.490,414.8139746297284,1004
2024-09-18 13:07:00.558,414.8081969089048,13
2024-09-18 13:07:00.558,414.8025010185981,9
2024-09-18 13:07:00.585,414.8142237840586,8
2024-09-18 13:07:00.591,414.8258620622814,998
2024-09-18 13:07:00.620,414.8221402408184,999
2024-09-18 13:07:00.663,414.8057822716772,1005
2024-09-18 13:07:00.680,414.8122675038872,995
2024-09-18 13:07:00.684,414.7953567020276,14
2024-09-18 13:07:00.756,414.8544936675005,1001
2024-09-18 13:07:00.868,414.8530531332411,1004
2024-09-18 13:07:00.874,414.80819798547634,997
2024-09-18 13:07:01.002,414.8114635974098,995
2024-09-18 13:07:01.044,414.8422604432959,105
2024-09-18 13:07:01.170,414.8249558261828,6
2024-09-18 13:07:01.537,414.82040969364095,105
2024-09-18 13:07:01.608,414.827096549175,7
2024-09-18 13:07:01.727,414.8432628958532,11
2024-09-18 13:07:01.749,414.8136181142305,1000
2024-09-18 13:07:01.758,414.8304418410236,12
2024-09-18 13:07:01.883,414.8258702051057,98
2024-09-18 13:07:02.453,414.7949900525591,5
2024-09-18 13:07:02.684,414.8062940956691,11
2024-09-18 13:07:02.807,414.7938586248328,95
2024-09-18 13:07:03.143,414.7977390354922,101
2024-09-18 13:07:03.279,414.8110366578696,1002
2024-09-18 13:07:03.483,414.8175966755415,98
2024-09-18 13:07:03.493,414.80365471404826,7
2024-09-18 13:07:03.511,414.82078082751457,14
2024-09-18 13:07:03.689,414.8250651276,11
2024-09-18 13:07:03.736,414.8224779483663,99
2024-09-18 13:07:04.174,414.8121368289016,15
2024-09-18 13:07:04.548,414.81661109655687,100
2024-09-18 13:07:04.583,414.7971324241516,1003
2024-09-18 13:07:04.672,414.8033139652603,1002
2024-09-18 13:07:04.744,41.480117075545,14
2024-09-18 13:07:04.898,414.8345082100087,95
2024-09-18 13:07:05.009,414.8649890893909,100
2024-09-18 13:07:05.022,414.89952812527576,1004
2024-09-18 13:07:05.060,414.8868019726953,6
2024-09-18 13:07:05.100,414.8942170037696,95
2024-09-18 13:07:05.210,414.9033005916761,7
2024-09-18 13:07:05.220,414.8901357427538,12
2024-09-18 13:07:05.261,414.8880250626931,15
2024-09-18 13:07:05.274,414.888499857878,7
2024-09-18 13:07:05.282,414.8628037943848,1005
2024-09-18 13:07:05.285,414.91022021411135,10
2024-09-18 13:07:05.383,414.89613888830297,96
2024-09-18 13:07:05.491,414.8952633283437,13
2024-09-18 13:07:05.548,414.9003426177603,96
2024-09-18 13:07:05.560,414.877493189069,1005
2024-09-18 13:07:05.578,414.84277808089047,12
2024-09-18 13:07:05.598,414.8868264161905,103
2024-09-18 13:07:05.605,414.88886018765726,96
2024-09-18 13:07:05.643,414.8855296186309,99
2024-09-18 13:07:05.715,414.8815054077657,104
2024-09-18 13:07:05.717,414.9088058248145,14
2024-09-18 13:07:05.747,414.9027240510546,7
2024-09-18 13:07:05.756,414.8868348974278,7
2024-09-18 13:07:05.827,,105
2024-09-18 13:07:05.867,414.8931005236577,102
2024-09-18 13:07:05.935,414.8822529653499,7
2024-09-18 13:07:06.150,414.8767251180637,997
2024-09-18 13:07:06.227,414.8861776894232,1002
2024-09-18 13:07:06.251,,105
2024-09-18 13:07:06.324,414.8610979270636,1004
2024-09-18 13:07:06.427,414.89414797922177,9
2024-09-18 13:07:06.618,414.8630278961477,95
2024-09-18 13:07:06.652,414.84541490937966,995
2024-09-18 13:07:06.709,414.8179266594486,7
2024-09-18 13:07:06.752,414.8484716801968,999
2024-09-18 13:07:06.775,414.8949310154108,14
2024-09-18 13:07:06.846,414.8722415948753,998
2024-09-18 13:07:06.915,414.8433874653705,1005
2024-09-18 13:07:06.933,414.8372714196785,97
2024-09-18 13:07:06.951,414.8459501223682,1004
2024-09-18 13:07:07.057,414.8514524748918,12
2024-09-18 13:07:07.079,,15
2024-09-18 13:07:07.287,414.8523407774448,5
2024-09-18 13:07:07.365,414.8508072410475,5
2024-09-18 13:07:07.794,414.8243125172792,10
2024-09-18 13:07:07.861,414.874803178752,6
2024-09-18 13:07:07.930,414.827908937337,999
2024-09-18 13:07:08.059,414.9426307637689,996
2024-09-18 13:07:08.083,414.9293582465861,995
2024-09-18 13:07:08.201,414.90951139151616,101
2024-09-18 13:07:08.222,414.9101265100985,105
2024-09-18 13:07:08.254,414.9039263158624,10
2024-09-18 13:07:08.343,414.9031416716505,98
2024-09-18 13:07:08.456,414.90976696392033,8
2024-09-18 13:07:08.476,414.9118623464695,100
2024-09-18 13:07:08.489,414.91218965892887,996
2024-09-18 13:07:08.499,414.874673641418,1001
2024-09-18 13:07:08.513,414.926606427604,14
2024-09-18 13:07:08.576,414.9460875825965,12
2024-09-18 13:07:08.688,414.91861555544415,997
2024-09-18 13:07:08.694,414.9049918422884,104
2024-09-18 13:07:08.709,414.9084999837592,11
2024-09-18 13:07:08.715,414.9006621725023,97
2024-09-18 13:07:08.747,414.90839624220666,1002
2024-09-18 13:07:08.781,414.91666301603846,104
2024-09-18 13:07:08.832,414.90190108227614,14
2024-09-18 13:07:08.833,-414.9111609055995,98
2024-09-18 13:07:08.847,414.93266773098713,99
2024-09-18 13:07:08.919,414.94483870469736,9
2024-09-18 13:07:08.925,414.92005686547583,1000
2024-09-18 13:07:08.945,414.9070365317348,102
2024-09-18 13:07:08.948,414.904936627065,13
2024-09-18 13:07:09.035,414.9367868990193,105
2024-09-18 13:07:09.197,414.9502004871137,101
2024-09-18 13:07:09.275,414.92333140951854,10
2024-09-18 13:07:09.281,414.95330317370514,996
2024-09-18 13:07:09.479,414.9350789333089,998
2024-09-18 13:07:09.528,414.9583121068343,999
2024-09-18 13:07:09.566,414.9486912332405,95
2024-09-18 13:07:09.871,414.94416223231775,9
2024-09-18 13:07:09.880,414.927628451005,105
2024-09-18 13:07:10.513,414.9279396729898,7
2024-09-18 13:07:10.578,414.98881494282,7
2024-09-18 13:07:10.594,414.9751051746607,6
2024-09-18 13:07:10.895,414.9616635950821,9
2024-09-18 13:07:10.944,414.9411196671688,11
2024-09-18 13:07:10.984,414.9393112738283,1002
2024-09-18 13:07:11.000,414.9843689572163,8
2024-09-18 13:07:11.041,415.0075420434264,1003
2024-09-18 13:07:11.101,,7
2024-09-18 13:07:11.158,414.9448330191861,7
2024-09-18 13:07:11.235,-415.0125296466241,98
2024-09-18 13:07:11.238,414.9799484083577,10
2024-09-18 13:07:11.254,414.9787436962554,1000
2024-09-18 13:07:11.326,415.0014280980838,996
2024-09-18 13:07:11.349,415.02021522018384,102
2024-09-18 13:07:11.380,415.03982110119705,997
2024-09-18 13:07:11.403,414.947390520618,998
2024-09-18 13:07:11.444,415.0239405486764,1000
2024-09-18 13:07:11.453,414.9912248011415,10
2024-09-18 13:07:11.458,414.99135911483023,995
2024-09-18 13:07:11.461,415.02742895095287,104
2024-09-18 13:07:11.461,415.0322248766752,102
2024-09-18 13:07:11.485,414.947455846469,97
2024-09-18 13:07:11.528,415.0131027150288,1004
2024-09-18 13:07:11.600,414.9811515550925,100
2024-09-18 13:07:11.650,415.0093827729198,1002
2024-09-18 13:07:11.710,414.9721724861762,14
2024-09-18 13:07:11.766,415.000726541337,6
2024-09-18 13:07:11.812,415.0036817196388,1002
2024-09-18 13:07:11.892,415.0064860806404,15
2024-09-18 13:07:11.894,414.9652632835806,997
2024-09-18 13:07:11.900,414.95209878751473,15
2024-09-18 13:07:11.946,415.012636979634,97
2024-09-18 13:07:11.963,415.0089687467204,13
2024-09-18 13:07:11.964,414.97874715179614,100
2024-09-18 13:07:12.006,414.9433669097431,1003
2024-09-18 13:07:12.019,414.9499496687967,1001
2024-09-18 13:07:12.184,414.9370064521594,7
2024-09-18 13:07:12.238,414.93366581892826,10
2024-09-18 13:07:12.284,414.9400116571418,1001
2024-09-18 13:07:12.309,414.9994275121484,102
2024-09-18 13:07:12.328,414.98272703425937,7
2024-09-18 13:07:12.465,414.9698872196572,97
2024-09-18 13:07:12.557,414.9699685495848,1001
2024-09-18 13:07:12.558,414.9796276134541,9
2024-09-18 13:07:12.587,414.9503406411792,99
2024-09-18 13:07:12.618,415.00580965024335,8
2024-09-18 13:07:12.622,414.9542023821872,1000
2024-09-18 13:07:12.665,414.997718556253,100
2024-09-18 13:07:12.811,414.9389621738249,7
2024-09-18 13:07:12.878,414.99576827733,100
2024-09-18 13:07:12.889,414.9671950692031,14
2024-09-18 13:07:12.891,414.9931435728927,996
2024-09-18 13:07:13.220,415.0524943814976,1003
2024-09-18 13:07:13.334,415.02969897821686,1004
2024-09-18 13:07:14.082,415.0478061880043,96
2024-09-18 13:07:14.136,415.0196367478861,14
2024-09-18 13:07:14.163,415.0342169826122,14
2024-09-18 13:07:14.188,415.0512528125213,102
2024-09-18 13:07:14.643,415.0500675591173,103
2024-09-18 13:07:14.738,415.0530811445281,11
2024-09-18 13:07:14.832,415.0588390714147,998
2024-09-18 13:07:14.935,415.0252314851402,104
2024-09-18 13:07:15.055,415.0367270834171,9
2024-09-18 13:07:15.059,415.04697425358927,12
2024-09-18 13:07:15.090,415.0302090954704,1000
2024-09-18 13:07:15.146,415.0497131232276,998
2024-09-18 13:07:15.162,415.0658675498444,997
2024-09-18 13:07:15.311,415.0377105840387,14
2024-09-18 13:07:15.400,415.05141789432736,999
2024-09-18 13:07:15.559,415.0317665918488,8
2024-09-18 13:07:15.628,415.04709562458,5
2024-09-18 13:07:15.683,415.072442226305,14
2024-09-18 13:07:15.784,415.05517449675096,997
2024-09-18 13:07:15.804,415.0401142319934,12
2024-09-18 13:07:15.815,415.053803184943,99
2024-09-18 13:07:15.833,415.0387553513977,14
2024-09-18 13:07:15.891,415.0749459135491,1004
2024-09-18 13:07:16.173,415.0971712155922,998
2024-09-18 13:07:16.216,415.11727979470464,997
2024-09-18 13:07:16.282,415.1489287212613,101
2024-09-18 13:07:16.329,415.1022183772992,99
2024-09-18 13:07:16.425,415.1768566370871,995
2024-09-18 13:07:16.511,415.1222679059507,8
2024-09-18 13:07:16.523,415.1151420034311,104
2024-09-18 13:07:16.543,415.08329321538736,105
2024-09-18 13:07:16.684,415.1007456826752,14
2024-09-18 13:07:16.732,415.115493056501,1000
2024-09-18 13:07:16.858,415.1214456030602,1003
2024-09-18 13:07:16.884,415.1836435010524,997
2024-09-18 13:07:16.899,415.1359309542745,1005
2024-09-18 13:07:17.207,415.1838377055839,11
2024-09-18 13:07:17.209,415.169606778672,9
2024-09-18 13:07:17.751,415.15757953460826,104
2024-09-18 13:07:17.785,415.1947191685636,1002
2024-09-18 13:07:17.894,415.1583108893812,5
2024-09-18 13:07:17.959,415.1924520095231,96
2024-09-18 13:07:18.170,415.1676818914512,12
2024-09-18 13:07:18.212,415.18533655186246,10
2024-09-18 13:07:18.263,415.1704996949782,997
2024-09-18 13:07:18.305,415.1623449817354,1003
2024-09-18 13:07:18.356,415.1509167821418,99
2024-09-18 13:07:18.444,415.174758640189,14
2024-09-18 13:07:18.491,415.15903355779466,95
2024-09-18 13:07:18.587,415.1496028474144,998
2024-09-18 13:07:18.588,415.15767942901215,101
2024-09-18 13:07:18.633,415.1762747502824,12
2024-09-18 13:07:18.701,415.1653689855143,999
2024-09-18 13:07:20.004,415.1665218649047,12
2024-09-18 13:07:20.017,415.1672855111362,5
2024-09-18 13:07:20.023,415.1318843034281,100
2024-09-18 13:07:20.057,415.0960805633137,1003
2024-09-18 13:07:20.085,415.1769829372404,100
2024-09-18 13:07:20.139,415.1121125843553,999
2024-09-18 13:07:20.320,415.1902619330981,101
2024-09-18 13:07:20.374,415.1449368643379,998
2024-09-18 13:07:20.540,415.1128758155037,7
2024-09-18 13:07:20.561,415.18093738028097,12
2024-09-18 13:07:20.604,415.18711250509295,1005
2024-09-18 13:07:20.604,415.1121801063247,997
2024-09-18 13:07:20.695,415.2137574778564,15
2024-09-18 13:07:20.751,415.1951489667276,12
2024-09-18 13:07:20.827,415.1565453417006,1004
2024-09-18 13:07:21.545,415.1274300843388,1004
2024-09-18 13:07:21.813,415.1195168032253,103
2024-09-18 13:07:22.016,415.2191356313084,8
2024-09-18 13:07:22.021,415.1822993600455,1003
2024-09-18 13:07:22.055,415.20395449353407,1003
2024-09-18 13:07:22.062,415.1501708278904,102
2024-09-18 13:07:22.089,415.2112761532762,100
2024-09-18 13:07:22.126,415.1795938759105,997
2024-09-18 13:07:22.131,415.1680621581284,1003
2024-09-18 13:07:22.175,415.2175422615843,9
2024-09-18 13:07:22.176,415.1785368039788,997
2024-09-18 13:07:22.198,415.2141838977799,9
2024-09-18 13:07:22.251,415.1320008798009,12
2024-09-18 13:07:22.278,415.1934328075314,996
2024-09-18 13:07:22.482,415.1745663727007,1003
2024-09-18 13:07:22.538,415.2085537251537,1002
2024-09-18 13:07:22.543,415.1682079223028,95
2024-09-18 13:07:22.630,415.2205593007378,11
2024-09-18 13:07:22.644,415.19209698885845,11
2024-09-18 13:07:22.667,415.22349961160455,15
2024-09-18 13:07:22.708,415.23194824109214,97
2024-09-18 13:07:22.738,415.21113483621247,99
2024-09-18 13:07:22.748,415.2286337799562,6
2024-09-18 13:07:22.784,415.1938503148192,8
2024-09-18 13:07:22.854,415.1993977924089,5
2024-09-18 13:07:22.865,415.2166764970917,100
2024-09-18 13:07:22.890,415.1666926511756,6
2024-09-18 13:07:22.970,415.1904874695752,995
2024-09-18 13:07:24.317,415.15895936227366,100
2024-09-18 13:07:24.325,415.1746930398799,102
2024-09-18 13:07:24.368,415.1696785260101,999
2024-09-18 13:07:24.398,415.1936501964863,996
2024-09-18 13:07:24.597,415.17210351185446,101
2024-09-18 13:07:25.023,415.18293834655015,12
2024-09-18 13:07:25.026,415.1875120974117,102
2024-09-18 13:07:25.028,415.21140892960096,1003
2024-09-18 13:07:25.038,415.2076604552014,14
2024-09-18 13:07:25.099,415.1978096516765,103
2024-09-18 13:07:25.175,415.1747705539831,100
2024-09-18 13:07:25.227,415.201366996796,1005
2024-09-18 13:07:25.252,415.1727461836984,999
2024-09-18 13:07:25.261,415.1741436487964,8
2024-09-18 13:07:25.266,415.1983557116152,11
2024-09-18 13:07:25.277,415.1739054469564,10
2024-09-18 13:07:25.285,415.20273171515487,6
2024-09-18 13:07:25.458,,97
2024-09-18 13:07:25.488,415.1845090101459,995
2024-09-18 13:07:25.489,415.18239632518026,100
2024-09-18 13:07:25.526,415.23664057619817,7
2024-09-18 13:07:25.526,415.22890058681406,101
2024-09-18 13:07:25.588,415.1550821199445,100
2024-09-18 13:07:25.642,415.19144915243567,6
2024-09-18 13:07:25.689,415.2000536231149,999
2024-09-18 13:07:25.708,415.22136813687945,105
2024-09-18 13:07:25.722,415.1896523397211,1003
2024-09-18 13:07:25.742,415.1904120135093,15
2024-09-18 13:07:25.848,415.1761738532129,995
2024-09-18 13:07:25.853,415.1695161201268,99
2024-09-18 13:07:25.912,415.184573248434,105
2024-09-18 13:07:25.942,415.1663437877861,102
2024-09-18 13:07:25.967,415.1970395546877,15
2024-09-18 13:07:26.902,415.180258014831,97
2024-09-18 13:07:27.011,415.19051653243855,95
2024-09-18 13:07:27.209,415.1875726957517,9
2024-09-18 13:07:27.360,415.1852325529717,99
2024-09-18 13:07:27.442,-415.1812680747044,7
2024-09-18 13:07:27.684,415.176683391539,105
2024-09-18 13:07:27.774,-415.1868448262431,98
2024-09-18 13:07:28.176,415.1916190454528,102
2024-09-18 13:07:28.244,415.19575740715067,9
2024-09-18 13:07:28.353,415.1870217490699,1002
2024-09-18 13:07:28.431,415.1795423998823,996
2024-09-18 13:07:28.520,415.1608526814743,1002
2024-09-18 13:07:28.637,415.20471029660087,9
2024-09-18 13:07:28.971,415.17958299424015,6
2024-09-18 13:07:29.002,415.2801293999845,998
2024-09-18 13:07:29.011,415.21185519582014,95
2024-09-18 13:07:29.012,415.2615941123985,98
2024-09-18 13:07:29.020,415.2228682535711,997
2024-09-18 13:07:29.028,415.2211920523342,1000
2024-09-18 13:07:29.036,415.2749436744687,101
2024-09-18 13:07:29.057,415.2340095117417,999
2024-09-18 13:07:29.164,415.2334499656804,997
2024-09-18 13:07:29.182,415.2240361503501,1001
2024-09-18 13:07:29.226,415.1923114749967,96
2024-09-18 13:07:29.271,415.2243533324097,997
2024-09-18 13:07:29.275,415.22043840993086,105
2024-09-18 13:07:29.362,415.1914013510346,1000
2024-09-18 13:07:29.388,415.2164322311088,998
2024-09-18 13:07:29.398,415.2153606899728,14
2024-09-18 13:07:29.422,415.1759239001882,998
2024-09-18 13:07:29.498,415.2221527439501,102
2024-09-18 13:07:29.510,415.1957233188637,9
2024-09-18 13:07:29.577,415.2533748395578,96
2024-09-18 13:07:29.598,415.2248608682976,1002
2024-09-18 13:07:29.603,415.2180783294439,14
2024-09-18 13:07:29.668,415.2328285007264,1000
2024-09-18 13:07:29.720,,101
2024-09-18 13:07:29.741,415.1978430847837,997
2024-09-18 13:07:29.815,415.2318014327621,11
2024-09-18 13:07:29.848,415.195839016242,1002
2024-09-18 13:07:29.948,415.2786616951661,1000
2024-09-18 13:07:29.967,415.22751312637104,7
2024-09-18 13:07:29.989,415.20369852194,999
2024-09-18 13:07:30.323,415.23122162302286,102
2024-09-18 13:07:30.334,415.2231234491201,1002
2024-09-18 13:07:30.492,415.2286603121624,7
2024-09-18 13:07:30.624,415.2085992308601,1002
2024-09-18 13:07:30.671,415.2182175111752,1001
2024-09-18 13:07:30.681,415.20391299129005,101
2024-09-18 13:07:30.770,415.2541440471928,5
2024-09-18 13:07:30.882,415.2475347444963,1003
2024-09-18 13:07:30.916,415.248240578474,95
2024-09-18 13:07:30.939,415.2261932633052,103
2024-09-18 13:07:30.946,415.216858149999,100
2024-09-18 13:07:30.999,415.240034237201,14
2024-09-18 13:07:31.026,415.21266731236,97
2024-09-18 13:07:31.043,415.1919761244562,97
2024-09-18 13:07:31.051,415.20841210213945,15
2024-09-18 13:07:31.087,415.2044145194193,9
2024-09-18 13:07:31.130,415.2112802104242,6
2024-09-18 13:07:31.149,415.2018270670103,104
2024-09-18 13:07:31.190,415.189665148202,12
2024-09-18 13:07:31.221,415.14479938486926,99
2024-09-18 13:07:31.279,415.2066946063794,1000
2024-09-18 13:07:31.340,415.1981586840399,999
2024-09-18 13:07:31.345,415.196646127744,995
2024-09-18 13:07:31.394,415.19685880247226,5
2024-09-18 13:07:31.401,415.1785567231319,96
2024-09-18 13:07:31.404,415.1875788262847,6
2024-09-18 13:07:31.457,415.16414511463546,6
2024-09-18 13:07:31.498,415.21340051952905,99
2024-09-18 13:07:31.503,415.1977568888381,1002
2024-09-18 13:07:31.507,415.1624149498335,6
2024-09-18 13:07:31.547,415.1948882794552,104
2024-09-18 13:07:31.558,415.2151604467035,100
2024-09-18 13:07:31.559,415.1926219648871,12
2024-09-18 13:07:31.594,415.1832467285985,1001
2024-09-18 13:07:31.668,415.1984234485845,105
2024-09-18 13:07:31.695,415.21372326779016,1002
2024-09-18 13:07:31.724,415.1731496810101,98
2024-09-18 13:07:31.764,415.1633774559935,996
2024-09-18 13:07:31.942,415.1940069205284,10
2024-09-18 13:07:32.109,415.19955140235066,105
2024-09-18 13:07:32.205,415.22860696519695,97
2024-09-18 13:07:32.209,41.520880769404464,105
2024-09-18 13:07:32.286,415.2164821855957,1001
2024-09-18 13:07:32.305,415.1921636294056,100
2024-09-18 13:07:32.394,415.2049264990188,999
2024-09-18 13:07:32.427,415.2022254502786,997
2024-09-18 13:07:32.446,415.2234199516264,998
2024-09-18 13:07:32.466,415.1951870959113,95
2024-09-18 13:07:32.570,415.2100129449392,7
2024-09-18 13:07:32.617,415.1956693546366,104
2024-09-18 13:07:32.619,415.2424314859359,104
2024-09-18 13:07:32.680,415.2023922536908,105
2024-09-18 13:07:32.933,41.520780932098745,98
2024-09-18 13:07:32.995,415.1947155552922,6
2024-09-18 13:07:33.020,415.2361196376641,10
2024-09-18 13:07:33.028,415.1722992013136,96
2024-09-18 13:07:33.050,415.1389973220474,100
2024-09-18 13:07:33.116,415.2257511838322,8
2024-09-18 13:07:33.134,415.1999706559412,1003
2024-09-18 13:07:33.148,415.14258015654303,8
2024-09-18 13:07:33.173,415.27795458186336,97
2024-09-18 13:07:33.250,415.17014181041566,12
2024-09-18 13:07:33.311,415.1931959959647,104
2024-09-18 13:07:33.328,415.1641595813216,103
2024-09-18 13:07:33.399,415.1812603331181,101
2024-09-18 13:07:33.411,415.1856146520231,100
2024-09-18 13:07:33.423,415.1522704893326,999
2024-09-18 13:07:33.514,415.1877900968017,97
2024-09-18 13:07:33.521,415.1705313562385,104
2024-09-18 13:07:33.579,415.20641003456615,8
2024-09-18 13:07:33.605,415.16518008375925,1002
2024-09-18 13:07:33.609,415.1843823197543,100
2024-09-18 13:07:33.618,415.167847071055,9
2024-09-18 13:07:33.691,415.16965719117616,1005
2024-09-18 13:07:33.697,415.1494670961509,98
2024-09-18 13:07:33.729,415.18992289119547,99
2024-09-18 13:07:33.733,415.24584217282495,101
2024-09-18 13:07:33.789,415.2266896668118,12
2024-09-18 13:07:33.807,415.2633585879083,105
2024-09-18 13:07:33.812,415.17329255337165,96
2024-09-18 13:07:33.839,415.17069449633135,99
2024-09-18 13:07:33.940,415.284714185184,8
2024-09-18 13:07:34.049,415.3500761485964,101
2024-09-18 13:07:34.058,415.2923782490352,12
2024-09-18 13:07:34.083,415.24184168101885,11
2024-09-18 13:07:34.096,415.2284046659445,96
2024-09-18 13:07:34.120,415.2690453995392,11
2024-09-18 13:07:34.161,415.2579408683456,14
2024-09-18 13:07:34.167,415.2858862382744,100
2024-09-18 13:07:34.183,415.2505861524274,999
2024-09-18 13:07:34.205,415.24267204208,101
2024-09-18 13:07:34.362,415.3264117561646,99
2024-09-18 13:07:34.381,415.2534870985918,10
2024-09-18 13:07:34.385,415.3457449765157,99
2024-09-18 13:07:34.528,415.2694616418771,97
2024-09-18 13:07:34.588,415.2833899716959,103
2024-09-18 13:07:34.627,415.3013831014841,10
2024-09-18 13:07:34.633,415.30907067220267,105
2024-09-18 13:07:34.663,415.3086744926842,98
2024-09-18 13:07:34.697,415.3582110747042,995
2024-09-18 13:07:34.715,415.3099162593693,5
2024-09-18 13:07:34.748,415.247423001734,1000
2024-09-18 13:07:34.769,415.3177102241269,13
2024-09-18 13:07:34.787,415.3237942285777,100
2024-09-18 13:07:34.792,415.26718595795467,6
2024-09-18 13:07:34.819,415.3340517375025,8
2024-09-18 13:07:34.836,415.231688695626,11
2024-09-18 13:07:34.862,415.31506362912967,15
2024-09-18 13:07:34.888,415.3196602116882,12
2024-09-18 13:07:34.902,415.3152040270459,5
2024-09-18 13:07:35.017,415.3472026503239,995
2024-09-18 13:07:35.050,415.3422239633007,998
2024-09-18 13:07:35.068,415.3502893012133,1005
2024-09-18 13:07:35.182,415.2837534349784,11
2024-09-18 13:07:35.192,415.3419826237693,1004
2024-09-18 13:07:35.251,415.33134710642486,1003
2024-09-18 13:07:35.307,415.3396212914413,95
2024-09-18 13:07:35.328,415.3614825876709,102
2024-09-18 13:07:35.403,415.3489370715512,1001
2024-09-18 13:07:35.566,415.3352831837418,1004
2024-09-18 13:07:35.632,415.3494855042078,102
2024-09-18 13:07:35.653,415.3516152722031,995
2024-09-18 13:07:35.732,415.3578868049372,95
2024-09-18 13:07:35.759,415.3068312709888,997
2024-09-18 13:07:35.871,415.32832730619856,100
2024-09-18 13:07:35.901,415.3396162585924,98
2024-09-18 13:07:35.902,415.3390014577493,105
2024-09-18 13:07:35.942,415.30740473574815,1001
2024-09-18 13:07:35.960,415.3374009919434,1002
2024-09-18 13:07:35.973,-415.3553234181585,1000
2024-09-18 13:07:35.976,415.35322936465246,99
2024-09-18 13:07:36.024,415.2987419160785,11
2024-09-18 13:07:36.046,415.2882978249346,7
2024-09-18 13:07:36.176,415.2833392939323,104
2024-09-18 13:07:36.207,415.2951162043272,12
2024-09-18 13:07:36.305,415.31145219608953,998
2024-09-18 13:07:36.319,415.3005752012421,102
2024-09-18 13:07:36.428,415.2925702889395,6
2024-09-18 13:07:36.501,415.2890305753643,1004
2024-09-18 13:07:36.512,415.2826220360138,12
2024-09-18 13:07:36.537,415.2720795689934,1004
2024-09-18 13:07:36.549,415.3135203631866,995
2024-09-18 13:07:36.570,415.289321143672,103
2024-09-18 13:07:36.572,415.2917026082249,1005
2024-09-18 13:07:36.657,415.28432994601394,995
2024-09-18 13:07:36.740,415.3101249039793,99
2024-09-18 13:07:36.759,415.2940549521252,11
2024-09-18 13:07:36.803,415.3022906108101,999
2024-09-18 13:07:36.806,415.2505657716216,102
2024-09-18 13:07:36.864,415.2963836173144,1002
2024-09-18 13:07:36.935,415.2385878892492,1002
2024-09-18 13:07:37.144,415.1879837799473,98
2024-09-18 13:07:37.302,415.2515338391024,15
2024-09-18 13:07:37.305,415.20723798786906,96
2024-09-18 13:07:37.374,415.2286787568395,104
2024-09-18 13:07:37.433,415.1961425621755,6
2024-09-18 13:07:37.593,-415.1834639323786,15
2024-09-18 13:07:37.713,415.2369890805304,9
2024-09-18 13:07:37.808,415.2166300568636,997
2024-09-18 13:07:37.937,415.2221022586824,1001
2024-09-18 13:07:38.398,415.2274336738062,5
2024-09-18 13:07:38.776,415.214272408804,102
2024-09-18 13:07:38.871,415.23168786365255,103
2024-09-18 13:07:39.008,415.2047019298847,5
2024-09-18 13:07:39.058,415.23296045660766,9
2024-09-18 13:07:39.061,415.2227082883076,1001
2024-09-18 13:07:39.076,415.2029585986291,105
2024-09-18 13:07:39.104,415.2138316636447,15
2024-09-18 13:07:39.156,41.52244474371708,1003
2024-09-18 13:07:39.211,415.19546239496816,8
2024-09-18 13:07:39.269,415.2196671790341,99
2024-09-18 13:07:39.284,415.213774993694,996
2024-09-18 13:07:39.297,415.2222037171714,11
2024-09-18 13:07:39.318,415.2409213512432,96
2024-09-18 13:07:39.366,415.2446988678,1003
2024-09-18 13:07:39.433,415.21050736505606,102
2024-09-18 13:07:39.442,415.20084385234463,9
2024-09-18 13:07:39.464,415.2327299999909,105
2024-09-18 13:07:39.485,415.2424358999984,101
2024-09-18 13:07:39.656,415.2176195089248,98
2024-09-18 13:07:39.699,415.2292465019091,100
2024-09-18 13:07:39.818,415.2355239176182,5
2024-09-18 13:07:39.829,415.2232013717239,997
2024-09-18 13:07:39.842,415.2293905293853,1001
2024-09-18 13:07:39.901,415.2379049475056,12
2024-09-18 13:07:39.905,415.208571402174,999
2024-09-18 13:07:39.999,415.21602864075214,1004
2024-09-18 13:07:40.007,415.1726565823466,97
2024-09-18 13:07:40.034,415.1874098284986,8
2024-09-18 13:07:40.130,415.1925836279436,12
2024-09-18 13:07:40.325,415.1755603803076,1000
2024-09-18 13:07:40.416,415.2028502383915,105
2024-09-18 13:07:40.421,415.1951771838503,997
2024-09-18 13:07:40.466,415.1551811055651,100
2024-09-18 13:07:40.578,415.1661233624554,997
2024-09-18 13:07:40.587,415.2042539567153,10
2024-09-18 13:07:40.604,415.19833517699794,105
2024-09-18 13:07:40.641,415.1820207711333,15
2024-09-18 13:07:40.669,415.1980467577205,1005
2024-09-18 13:07:40.693,415.1979594180011,105
2024-09-18 13:07:40.696,415.1877063124291,1003
2024-09-18 13:07:40.777,415.19254173364754,101
2024-09-18 13:07:40.794,415.1893937943617,996
2024-09-18 13:07:40.799,415.23739292211866,96
2024-09-18 13:07:40.848,415.1837485938217,12
2024-09-18 13:07:40.912,415.1851907595732,1001
2024-09-18 13:07:40.917,415.2121582376358,99
2024-09-18 13:07:40.920,415.1692712588626,10
2024-09-18 13:07:40.946,415.1718249264024,11
2024-09-18 13:07:40.954,415.1767961113173,105
2024-09-18 13:07:41.080,415.2887075671077,1002
2024-09-18 13:07:41.110,415.2642364471601,1004
2024-09-18 13:07:41.151,415.2081937780586,14
2024-09-18 13:07:41.187,415.2401198956349,1001
2024-09-18 13:07:41.240,415.24856171548765,96
2024-09-18 13:07:41.264,415.2755283663123,11
2024-09-18 13:07:41.274,415.2301023476947,1003
2024-09-18 13:07:41.319,415.2873043749053,996
2024-09-18 13:07:41.324,415.31374186864656,12
2024-09-18 13:07:41.353,415.2897494880707,15
2024-09-18 13:07:41.470,415.2124144607339,102
2024-09-18 13:07:41.586,415.2726939634255,1004
2024-09-18 13:07:41.592,415.2065195930007,97
2024-09-18 13:07:41.667,415.2743235120665,7
2024-09-18 13:07:41.787,415.2654765676757,103
2024-09-18 13:07:41.788,415.2474623366603,7
2024-09-18 13:07:41.792,415.2608488944531,1003
2024-09-18 13:07:41.804,415.2851462710146,9
2024-09-18 13:07:41.826,415.2873872419181,1001
2024-09-18 13:07:41.966,415.2891158406951,997
2024-09-18 13:07:42.014,415.3038674850376,995
2024-09-18 13:07:42.096,415.29933561423786,96
2024-09-18 13:07:42.310,415.3001202141395,15
2024-09-18 13:07:42.378,415.29208653969545,11
2024-09-18 13:07:42.512,415.30194416637744,13
2024-09-18 13:07:42.513,415.3086034556676,104
2024-09-18 13:07:42.615,415.2693469375313,999
2024-09-18 13:07:42.736,415.3130772396911,996
2024-09-18 13:07:42.771,415.27935250129457,12
2024-09-18 13:07:42.789,415.3015941656725,6
2024-09-18 13:07:42.928,415.28981535653423,998
2024-09-18 13:07:42.961,415.2983783368689,98
2024-09-18 13:07:43.008,415.3133644542349,998
2024-09-18 13:07:43.039,415.3136467052303,1004
2024-09-18 13:07:43.095,415.31296503888905,1003
2024-09-18 13:07:43.161,415.2971155496176,1004
2024-09-18 13:07:43.270,415.33768297111806,12
2024-09-18 13:07:43.289,415.3040582050213,12
2024-09-18 13:07:43.368,415.3264979668565,100
2024-09-18 13:07:43.387,415.2875671113893,997
2024-09-18 13:07:43.423,415.3040726513058,105
2024-09-18 13:07:43.497,415.3158903161655,8
2024-09-18 13:07:43.528,415.2895093054724,96
2024-09-18 13:07:43.577,415.3003804897269,5
2024-09-18 13:07:43.688,415.2783639747339,998
2024-09-18 13:07:43.690,415.2908287634288,999
2024-09-18 13:07:43.776,415.3260368102199,99
2024-09-18 13:07:43.886,415.2975591149486,104
2024-09-18 13:07:44.064,415.2609913144719,1002
2024-09-18 13:07:44.219,415.2872182134177,1001
2024-09-18 13:07:44.283,415.2839681531029,9
2024-09-18 13:07:44.356,415.2784581025852,102
2024-09-18 13:07:44.447,415.2868387462164,11
2024-09-18 13:07:44.480,415.302382196712,1005
2024-09-18 13:07:44.627,415.2897359010567,98
2024-09-18 13:07:45.081,415.3025608617867,15
2024-09-18 13:07:45.144,415.2836400227435,1001
2024-09-18 13:07:45.170,415.2848982913315,104
2024-09-18 13:07:45.303,415.29350683539457,1005
2024-09-18 13:07:45.585,415.2885753118651,9
2024-09-18 13:07:45.823,415.2927852473186,1004
2024-09-18 13:07:45.903,415.2850005802829,5
2024-09-18 13:07:46.028,415.27372078854427,1001
2024-09-18 13:07:46.033,415.28654107683406,99
2024-09-18 13:07:46.063,415.282971513346,98
2024-09-18 13:07:46.065,415.2734403657416,13
2024-09-18 13:07:46.092,415.2616846858472,102
2024-09-18 13:07:46.172,415.3004887102569,96
2024-09-18 13:07:46.290,415.2858640326575,103
2024-09-18 13:07:46.297,415.2875018480981,998
2024-09-18 13:07:46.316,415.2768335848933,997
2024-09-18 13:07:46.438,415.2786002746036,998
2024-09-18 13:07:46.479,415.2770585933801,104
2024-09-18 13:07:46.489,415.2897957184259,998
2024-09-18 13:07:46.531,415.2794535302774,102
2024-09-18 13:07:46.553,415.2817264075497,15
2024-09-18 13:07:46.605,415.2694420322498,1005
2024-09-18 13:07:46.698,415.2909234828301,999
2024-09-18 13:07:46.722,415.2680544849984,1004
2024-09-18 13:07:46.788,415.27580435472936,15
2024-09-18 13:07:46.804,415.2852444977237,1000
2024-09-18 13:07:46.917,415.2901087413429,1004
2024-09-18 13:07:46.934,415.2627712819339,1003
2024-09-18 13:07:46.972,415.2692381447947,6
2024-09-18 13:07:47.132,415.2709391977411,998
2024-09-18 13:07:47.318,415.277115479384,1003
2024-09-18 13:07:47.622,415.28633360334817,996
2024-09-18 13:07:47.671,415.2820794018164,5
2024-09-18 13:07:47.783,415.2829023089161,99
2024-09-18 13:07:47.812,415.2727907292021,996
2024-09-18 13:07:48.006,415.3019999046807,104
2024-09-18 13:07:48.132,415.4343557092901,10
2024-09-18 13:07:48.143,415.3030000880163,999
2024-09-18 13:07:48.173,415.4524241746351,96
2024-09-18 13:07:48.197,415.3524697602832,96
2024-09-18 13:07:48.199,415.3396414782228,99
2024-09-18 13:07:48.326,415.3882860580301,6
2024-09-18 13:07:48.407,415.4179909399583,5
2024-09-18 13:07:48.481,415.3159736724048,11
2024-09-18 13:07:48.527,415.3754443944022,8
2024-09-18 13:07:48.562,415.3071960659811,13
2024-09-18 13:07:48.605,415.4843707334088,99
2024-09-18 13:07:48.610,415.29832019858,12
2024-09-18 13:07:48.714,-415.3334632076032,1005
2024-09-18 13:07:48.740,415.3904053911492,13
2024-09-18 13:07:48.850,415.4924327598804,96
2024-09-18 13:07:48.867,415.47660188027857,1004
2024-09-18 13:07:48.889,415.3254583229897,104
2024-09-18 13:07:48.896,415.3299931461551,101
2024-09-18 13:07:48.938,415.3627398984064,7
2024-09-18 13:07:48.945,415.3788109417048,7
2024-09-18 13:07:48.951,415.39346418830166,999
2024-09-18 13:07:48.965,415.4655272771632,995
2024-09-18 13:07:50.019,415.4795991624704,1005
2024-09-18 13:07:50.060,415.5413341534376,96
2024-09-18 13:07:50.087,415.485042481146,1005
2024-09-18 13:07:50.270,415.48318226714974,104
2024-09-18 13:07:50.301,415.53346951648246,97
2024-09-18 13:07:50.581,415.4837033087593,8
2024-09-18 13:07:50.715,,104
2024-09-18 13:07:50.742,415.4940522817844,15
2024-09-18 13:07:50.835,415.5279650605163,10
2024-09-18 13:07:50.867,415.5328752922057,99
2024-09-18 13:07:50.923,415.5329025326807,95
2024-09-18 13:07:50.952,415.5355119020165,1005
2024-09-18 13:07:50.962,415.5455054326762,10
2024-09-18 13:07:51.069,415.5831973256839,995
2024-09-18 13:07:51.202,415.5875723361765,15
2024-09-18 13:07:51.217,415.59301773759097,1001
2024-09-18 13:07:51.218,415.5465060141277,1001
2024-09-18 13:07:51.218,415.6207279123292,100
2024-09-18 13:07:51.369,415.5492727322544,1001
2024-09-18 13:07:51.553,415.598983534576,98
2024-09-18 13:07:51.568,415.59829002774313,1000
2024-09-18 13:07:51.649,415.58575496400266,995
2024-09-18 13:07:51.712,415.5443249623408,97
2024-09-18 13:07:51.753,415.5867236584576,1002
2024-09-18 13:07:51.766,415.5990985295159,95
2024-09-18 13:07:51.872,415.595743637166,105
2024-09-18 13:07:51.955,415.5507440873212,9
2024-09-18 13:07:52.021,415.6786455544197,103
2024-09-18 13:07:52.111,415.7219174727484,15
2024-09-18 13:07:52.146,415.6348944830637,97
2024-09-18 13:07:52.176,415.7002896391231,1005
2024-09-18 13:07:52.307,415.7540965632519,1000
2024-09-18 13:07:52.340,415.72972499954784,1001
2024-09-18 13:07:52.376,415.6594698522025,98
2024-09-18 13:07:52.418,415.6546553470968,101
2024-09-18 13:07:52.439,415.763180360219,14
2024-09-18 13:07:52.461,415.78150460481913,11
2024-09-18 13:07:52.466,415.65403795354433,98
2024-09-18 13:07:52.527,415.6948310793495,10
2024-09-18 13:07:52.530,415.680709247704,13
2024-09-18 13:07:52.531,415.6421612796308,5
2024-09-18 13:07:52.570,415.69848784037765,99
2024-09-18 13:07:52.632,415.77425091985,104
2024-09-18 13:07:52.643,415.7855321941148,1001
2024-09-18 13:07:52.654,415.7070828112214,999
2024-09-18 13:07:52.672,415.6390495070143,105
2024-09-18 13:07:52.688,415.7649170357084,100
2024-09-18 13:07:52.701,415.7196014871273,15
2024-09-18 13:07:52.717,415.76633547209696,9
2024-09-18 13:07:52.740,415.7872753602513,13
2024-09-18 13:07:52.774,415.685811202058,5
2024-09-18 13:07:52.787,415.7236868259466,6
2024-09-18 13:07:52.854,415.79564273437774,105
2024-09-18 13:07:52.901,415.7244645347001,104
2024-09-18 13:07:53.037,415.78113325838336,998
2024-09-18 13:07:53.071,415.80516967908494,9
2024-09-18 13:07:53.309,415.7900060888652,104
2024-09-18 13:07:53.349,415.8100383653311,999
2024-09-18 13:07:53.354,415.8080141495638,1003
2024-09-18 13:07:53.422,415.8002318017421,1003
2024-09-18 13:07:53.423,415.805555382132,6
2024-09-18 13:07:53.443,415.80577051153136,13
2024-09-18 13:07:53.585,415.8108829554053,1002
2024-09-18 13:07:53.618,415.799052279322,996
2024-09-18 13:07:53.663,415.8064186928648,8
2024-09-18 13:07:53.669,415.7968673725709,99
2024-09-18 13:07:53.724,415.7881316271473,1001
2024-09-18 13:07:53.826,415.80450834370015,1000
2024-09-18 13:07:53.923,415.7951157644006,7
2024-09-18 13:07:53.940,415.7954290551036,1005
2024-09-18 13:07:53.979,415.7901766278663,995
2024-09-18 13:07:53.988,415.8048265469016,1002
2024-09-18 13:07:54.141,415.8023983457898,996
2024-09-18 13:07:54.152,415.80739546452,12
2024-09-18 13:07:54.347,415.824841420372,997
2024-09-18 13:07:55.007,415.8444772748039,998
2024-09-18 13:07:55.009,415.8427478984587,105
2024-09-18 13:07:55.016,415.8521828114104,998
2024-09-18 13:07:55.117,415.85368357928087,1000
2024-09-18 13:07:55.240,415.8256631526975,97
2024-09-18 13:07:55.282,415.8414385201321,102
2024-09-18 13:07:55.297,,97
2024-09-18 13:07:55.320,415.87498907724057,99
2024-09-18 13:07:55.330,415.8541169973095,1003
2024-09-18 13:07:55.330,415.83083547483113,12
2024-09-18 13:07:55.340,415.8702330226842,100
2024-09-18 13:07:55.364,415.8454259894072,995
2024-09-18 13:07:55.371,415.8572161875142,97
2024-09-18 13:07:55.389,415.84991113619856,8
2024-09-18 13:07:55.439,415.8456920607574,1005
2024-09-18 13:07:55.463,415.8562305944392,104
2024-09-18 13:07:55.504,415.824677962394,98
2024-09-18 13:07:55.548,415.8423849081898,105
2024-09-18 13:07:55.552,415.8452727148282,1005
2024-09-18 13:07:55.638,415.86994168460825,13
2024-09-18 13:07:55.689,415.8349377341271,1002
2024-09-18 13:07:55.695,415.8442977330535,103
2024-09-18 13:07:55.733,415.8605071001086,104
2024-09-18 13:07:55.733,-415.8362812678656,13
2024-09-18 13:07:55.886,415.8431577656114,100
2024-09-18 13:07:55.944,415.83262959700255,105
2024-09-18 13:07:56.070,415.8472738282384,13
2024-09-18 13:07:56.470,415.8667671827474,6
2024-09-18 13:07:56.547,415.87510673434457,995
2024-09-18 13:07:56.808,415.8447060918109,1000
2024-09-18 13:07:56.923,415.8487748292815,105
2024-09-18 13:07:57.004,415.8822020139656,105
2024-09-18 13:07:57.193,415.8624901519161,100
2024-09-18 13:07:57.206,415.8530837531833,95
2024-09-18 13:07:57.490,415.8638422067779,95
2024-09-18 13:07:57.624,415.8698439623645,13
2024-09-18 13:07:57.772,415.85249176627696,14
2024-09-18 13:07:57.819,415.8738495770807,9
2024-09-18 13:07:57.852,415.8709177917495,1001
2024-09-18 13:07:57.860,415.8756423568005,96
2024-09-18 13:07:58.065,415.79410135327646,103
2024-09-18 13:07:58.095,,6
2024-09-18 13:07:58.155,415.7603032753636,7
2024-09-18 13:07:58.196,415.80835636036767,1005
2024-09-18 13:07:58.213,415.85690369920025,996
2024-09-18 13:07:58.220,415.8380673394917,1001
2024-09-18 13:07:58.263,415.7823269431356,1005
2024-09-18 13:07:58.332,415.8602687378701,14
2024-09-18 13:07:58.335,415.81543513389016,1000
2024-09-18 13:07:58.358,415.77164499878086,13
2024-09-18 13:07:58.427,415.8035421694677,103
2024-09-18 13:07:58.450,415.8007408896377,7
2024-09-18 13:07:58.460,415.7864612396469,1001
2024-09-18 13:07:58.487,,96
2024-09-18 13:07:58.503,415.81429827647855,9
2024-09-18 13:07:58.516,415.8153887093618,14
2024-09-18 13:07:58.549,415.8068450314392,1004
2024-09-18 13:07:58.553,415.74958303315424,11
2024-09-18 13:07:58.568,415.8278222349372,11
2024-09-18 13:07:58.575,415.8304094375586,1001
2024-09-18 13:07:58.598,415.7828453350608,96
2024-09-18 13:07:58.611,415.78788934190027,5
2024-09-18 13:07:58.650,41.58214216808342,105
2024-09-18 13:07:58.703,415.8098064497896,1000
2024-09-18 13:07:58.785,415.78683120964433,999
2024-09-18 13:07:58.857,415.815926692882,7
2024-09-18 13:07:58.883,415.8377661621977,98
2024-09-18 13:07:58.946,415.7687729225947,15
2024-09-18 13:07:58.964,415.78499865868906,13
2024-09-18 13:07:58.997,415.8566662712442,103
2024-09-18 13:07:59.050,415.7255129762992,1004
2024-09-18 13:07:59.131,415.70018397749,13
2024-09-18 13:07:59.192,415.69603239333975,11
2024-09-18 13:07:59.240,415.71033676969984,1002
2024-09-18 13:07:59.261,415.72599161925535,9
2024-09-18 13:07:59.310,415.70825113852806,104
2024-09-18 13:07:59.348,415.7696781521692,996
2024-09-18 13:07:59.422,415.71528983691417,7
2024-09-18 13:07:59.585,415.70863485193246,99
2024-09-18 13:07:59.678,415.7072607888442,15
2024-09-18 13:07:59.848,415.7355189881836,10
