Timestamp,Price,Size
2024-09-19 10:31:00.205,420.3142972204657,7
2024-09-19 10:31:00.216,420.3292861942917,6
2024-09-19 10:31:00.430,420.2968993131768,96
2024-09-19 10:31:01.008,420.26466140026736,96
2024-09-19 10:31:01.043,420.2719789282382,105
2024-09-19 10:31:01.057,420.25086188807694,1000
2024-09-19 10:31:01.077,420.23059114966594,1004
2024-09-19 10:31:01.117,420.2207152081789,997
2024-09-19 10:31:01.119,420.2570461825353,7
2024-09-19 10:31:01.133,420.2500748176764,104
2024-09-19 10:31:01.133,420.2138051995793,8
2024-09-19 10:31:01.134,420.2229563848929,998
2024-09-19 10:31:01.171,420.2190064709917,15
2024-09-19 10:31:01.233,420.2386743426042,102
2024-09-19 10:31:01.237,420.2141024913759,996
2024-09-19 10:31:01.246,420.2622869807273,7
2024-09-19 10:31:01.277,420.216510984864,6
2024-09-19 10:31:01.372,420.2528473342142,1000
2024-09-19 10:31:01.380,420.240061218643,15
2024-09-19 10:31:01.425,420.2342431139213,12
2024-09-19 10:31:01.502,420.2135786880969,999
2024-09-19 10:31:01.539,420.2834073350028,6
2024-09-19 10:31:01.546,420.2341605807112,12
2024-09-19 10:31:01.623,420.247186864294,1004
2024-09-19 10:31:01.669,420.2174703350215,97
2024-09-19 10:31:01.688,420.2199926485464,998
2024-09-19 10:31:01.720,420.2224073946979,1000
2024-09-19 10:31:01.757,420.20279745147576,1005
2024-09-19 10:31:01.978,420.2400819017778,1004
2024-09-19 10:31:02.028,420.2034859969932,97
2024-09-19 10:31:02.130,420.2140009089574,995
2024-09-19 10:31:02.149,420.1843501818565,100
2024-09-19 10:31:02.342,420.23097809086585,9
2024-09-19 10:31:02.538,420.2027480036509,97
2024-09-19 10:31:02.740,420.20098600079024,15
2024-09-19 10:31:02.759,420.20969817080254,5
2024-09-19 10:31:02.761,420.2097030382683,998
2024-09-19 10:31:02.842,420.1998452094474,13
2024-09-19 10:31:02.851,420.2297544965217,1001
2024-09-19 10:31:02.856,420.1892958863802,103
2024-09-19 10:31:02.939,420.1901263616193,9
2024-09-19 10:31:03.018,420.2551301936504,8
2024-09-19 10:31:03.078,420.250758749366,9
2024-09-19 10:31:03.309,420.2227579287679,1004
2024-09-19 10:31:03.323,420.2469879602,1003
2024-09-19 10:31:03.613,420.2564304671964,1004
2024-09-19 10:31:03.623,420.2062414383352,96
2024-09-19 10:31:03.639,420.2309732867139,97
2024-09-19 10:31:03.754,420.2367454287121,101
2024-09-19 10:31:03.811,420.2382786528357,98
2024-09-19 10:31:03.816,-420.2434652974736,1004
2024-09-19 10:31:03.886,420.1843532791239,11
2024-09-19 10:31:03.887,420.2409191656114,5
2024-09-19 10:31:03.952,420.2343461552998,12
2024-09-19 10:31:04.098,420.2337732174757,12
2024-09-19 10:31:04.370,420.2402841619365,996
2024-09-19 10:31:04.665,420.18500217865255,1000
2024-09-19 10:31:04.687,420.25485678544464,13
2024-09-19 10:31:04.838,420.2002376995511,99
2024-09-19 10:31:04.986,420.22750537193855,9
2024-09-19 10:31:04.990,420.2358569525802,11
2024-09-19 10:31:05.010,420.2309515184225,95
2024-09-19 10:31:05.010,420.23626081996497,8
2024-09-19 10:31:05.074,420.2031322460077,1002
2024-09-19 10:31:05.081,420.2574744490966,100
2024-09-19 10:31:05.298,420.2357596151368,8
2024-09-19 10:31:05.301,420.2479689749486,95
2024-09-19 10:31:05.372,420.2350559624628,13
2024-09-19 10:31:05.424,420.1895877005943,97
2024-09-19 10:31:05.556,420.2194650466705,10
2024-09-19 10:31:05.619,420.2347885847968,105
2024-09-19 10:31:05.715,420.2175350983788,1002
2024-09-19 10:31:05.766,420.2096133754962,98
2024-09-19 10:31:05.800,420.2180582247118,996
2024-09-19 10:31:05.956,420.2233958164261,104
2024-09-19 10:31:05.959,420.2223332861703,7
2024-09-19 10:31:06.005,420.1704900784391,95
2024-09-19 10:31:06.063,420.1775631369912,1002
2024-09-19 10:31:06.141,420.18895226620526,98
2024-09-19 10:31:06.245,420.19618247197496,1003
2024-09-19 10:31:06.329,420.1671657682882,101
2024-09-19 10:31:06.518,420.1787788743289,99
2024-09-19 10:31:06.581,420.1789384369381,12
2024-09-19 10:31:06.676,420.1716864840947,998
2024-09-19 10:31:06.839,420.2257016752179,12
2024-09-19 10:31:06.958,420.19936450625136,12
2024-09-19 10:31:07.144,420.3131147229329,95
2024-09-19 10:31:07.145,420.2868705156087,101
2024-09-19 10:31:07.170,420.2477338396135,104
2024-09-19 10:31:07.195,420.2886713540317,14
2024-09-19 10:31:07.212,420.2334279798137,12
2024-09-19 10:31:07.221,420.2899871086311,1001
2024-09-19 10:31:07.285,420.2410122654233,999
2024-09-19 10:31:07.289,420.2819699080088,104
2024-09-19 10:31:07.350,420.3147992464196,97
2024-09-19 10:31:07.409,420.2903093235959,103
2024-09-19 10:31:07.457,420.2841904454468,15
2024-09-19 10:31:07.462,420.2631054683703,13
2024-09-19 10:31:07.658,420.2773408830564,100
2024-09-19 10:31:07.695,420.2325190164164,996
2024-09-19 10:31:07.733,420.218848674623,98
2024-09-19 10:31:07.826,420.2178746893357,96
2024-09-19 10:31:07.832,420.30798518734167,101
2024-09-19 10:31:07.849,420.2016830727994,105
2024-09-19 10:31:07.861,420.2969922946009,14
2024-09-19 10:31:07.905,420.30130060144415,103
2024-09-19 10:31:07.931,420.1932697379148,5
2024-09-19 10:31:07.986,420.2311508817505,995
2024-09-19 10:31:08.070,420.3495599174166,5
2024-09-19 10:31:08.093,420.3097702420353,1001
2024-09-19 10:31:08.158,420.3370227908946,997
2024-09-19 10:31:08.172,420.3068054866441,102
2024-09-19 10:31:08.207,420.3302443532989,1003
2024-09-19 10:31:08.333,420.3184134645678,997
2024-09-19 10:31:08.361,420.3222958734149,12
2024-09-19 10:31:08.370,420.32643879539967,1004
2024-09-19 10:31:08.393,420.33289480116986,996
2024-09-19 10:31:08.411,420.30607386659307,6
2024-09-19 10:31:08.443,420.3413138341922,103
2024-09-19 10:31:08.642,420.29911679684176,1003
2024-09-19 10:31:08.678,420.31665868482605,7
2024-09-19 10:31:08.695,420.3135293208637,98
2024-09-19 10:31:08.748,420.313032164102,8
2024-09-19 10:31:08.759,,1003
2024-09-19 10:31:08.785,420.311336643814,105
2024-09-19 10:31:08.793,420.34436215854026,997
2024-09-19 10:31:08.825,420.3279653125028,97
2024-09-19 10:31:08.832,420.3337200074831,12
2024-09-19 10:31:08.957,420.3204879358249,11
2024-09-19 10:31:08.987,420.350821914318,996
2024-09-19 10:31:09.014,420.2946765173884,6
2024-09-19 10:31:09.028,420.298881245464,104
2024-09-19 10:31:09.044,420.31224046606746,1005
2024-09-19 10:31:09.045,420.3055060421442,995
2024-09-19 10:31:09.168,420.3068401042162,95
2024-09-19 10:31:09.469,420.27770330505246,1003
2024-09-19 10:31:09.520,420.2958955400092,98
2024-09-19 10:31:09.544,420.3116574367848,98
2024-09-19 10:31:09.591,420.27767402575546,95
2024-09-19 10:31:09.600,420.2650862050212,105
2024-09-19 10:31:09.603,420.3066002285089,1005
2024-09-19 10:31:09.635,420.3185493375474,103
2024-09-19 10:31:09.637,420.2944821131198,99
2024-09-19 10:31:09.641,420.31169213215423,103
2024-09-19 10:31:09.657,420.3236960988564,5
2024-09-19 10:31:09.699,420.3016283817566,95
2024-09-19 10:31:09.705,420.300962785896,6
2024-09-19 10:31:09.726,-420.315674310782,1001
2024-09-19 10:31:09.772,420.27646824005006,7
2024-09-19 10:31:09.786,420.33451979948165,102
2024-09-19 10:31:09.834,420.3063480944354,8
2024-09-19 10:31:09.916,420.296196106137,9
2024-09-19 10:31:09.939,420.3245189562372,9
2024-09-19 10:31:09.939,420.2916485510319,101
2024-09-19 10:31:09.962,420.2965994020539,1005
2024-09-19 10:31:10.046,420.22783653542086,99
2024-09-19 10:31:10.079,420.2608756929894,12
2024-09-19 10:31:10.085,420.237726171668,997
2024-09-19 10:31:10.193,420.2777889435845,1004
2024-09-19 10:31:10.245,420.24352136876433,8
2024-09-19 10:31:10.277,420.2260688899359,95
2024-09-19 10:31:10.438,420.235496050576,11
2024-09-19 10:31:10.646,420.2490839976098,8
2024-09-19 10:31:10.793,420.2324316723922,11
2024-09-19 10:31:10.853,420.21884976612216,14
2024-09-19 10:31:10.871,420.22120056345295,104
2024-09-19 10:31:10.951,420.2552011533505,995
2024-09-19 10:31:11.018,420.2277116284349,102
2024-09-19 10:31:11.029,420.2408781320314,1001
2024-09-19 10:31:11.034,420.21950200846624,13
2024-09-19 10:31:11.047,420.22881810472586,98
2024-09-19 10:31:11.096,420.2499674281876,102
2024-09-19 10:31:11.108,420.22953170200185,1003
2024-09-19 10:31:11.167,420.254570033269,96
2024-09-19 10:31:11.328,420.2442129244605,6
2024-09-19 10:31:11.353,420.2479936708909,15
2024-09-19 10:31:11.362,420.21633931652485,98
2024-09-19 10:31:11.383,420.258006759875,8
2024-09-19 10:31:11.482,420.279609784625,15
2024-09-19 10:31:11.555,420.2653045870456,14
2024-09-19 10:31:11.559,420.2671738021898,101
2024-09-19 10:31:11.574,420.21476423541935,7
2024-09-19 10:31:11.583,420.2307678844507,995
2024-09-19 10:31:11.608,420.2150156201873,11
2024-09-19 10:31:11.641,420.2227817398003,999
2024-09-19 10:31:11.655,420.21565399703024,12
2024-09-19 10:31:11.668,420.2644878758629,105
2024-09-19 10:31:11.746,,102
2024-09-19 10:31:11.755,420.2129644882708,1003
2024-09-19 10:31:11.781,420.2190678260753,104
2024-09-19 10:31:11.835,420.2790946520347,101
2024-09-19 10:31:11.855,420.2195685784334,96
2024-09-19 10:31:11.900,420.2787849755914,10
2024-09-19 10:31:11.900,420.2796952106551,1003
2024-09-19 10:31:11.942,420.2661243036407,100
2024-09-19 10:31:11.981,420.24460689093087,99
2024-09-19 10:31:12.171,420.240295328739,98
2024-09-19 10:31:12.346,420.23532915625225,997
2024-09-19 10:31:12.481,420.23979504377735,8
2024-09-19 10:31:12.529,420.23628863865486,8
2024-09-19 10:31:12.706,420.2435646653351,1004
2024-09-19 10:31:12.723,420.22020457784936,996
2024-09-19 10:31:13.018,420.2660030337016,995
2024-09-19 10:31:13.035,420.2387173557058,996
2024-09-19 10:31:13.095,420.2363150474061,995
2024-09-19 10:31:13.225,420.27023602154674,5
2024-09-19 10:31:13.275,420.2651992366211,999
2024-09-19 10:31:13.309,420.22535583466737,12
2024-09-19 10:31:13.343,420.273430323476,6
2024-09-19 10:31:13.386,420.24992688743566,100
2024-09-19 10:31:13.449,420.2536115985608,9
2024-09-19 10:31:13.472,420.2624837625192,13
2024-09-19 10:31:13.552,420.239013401799,12
2024-09-19 10:31:13.589,420.23933122666193,98
2024-09-19 10:31:13.730,420.28430284499575,5
2024-09-19 10:31:13.815,420.2844929551528,997
2024-09-19 10:31:13.863,420.2769156868764,6
2024-09-19 10:31:13.887,420.2307670874892,103
2024-09-19 10:31:13.932,420.244855965521,7
2024-09-19 10:31:14.042,420.3131411298722,11
2024-09-19 10:31:14.075,420.24477798159336,11
2024-09-19 10:31:14.132,420.2661148897868,101
2024-09-19 10:31:14.477,420.258993370286,996
2024-09-19 10:31:14.717,420.31502640656936,999
2024-09-19 10:31:14.930,420.2864274907317,102
2024-09-19 10:31:14.931,420.281827998538,995
2024-09-19 10:31:15.009,,11
2024-09-19 10:31:16.055,420.31477889163807,996
2024-09-19 10:31:16.074,420.2994392637685,10
2024-09-19 10:31:17.015,420.290845449673,996
2024-09-19 10:31:17.170,420.2557801806085,5
2024-09-19 10:31:17.300,420.2673470239732,96
2024-09-19 10:31:17.451,420.26729801534646,7
2024-09-19 10:31:17.478,420.2610228760758,100
2024-09-19 10:31:17.545,-420.2854211098791,96
2024-09-19 10:31:17.779,420.269691618082,1002
2024-09-19 10:31:17.832,420.2817745472029,12
2024-09-19 10:31:17.962,420.2690840180989,102
2024-09-19 10:31:18.003,,1005
2024-09-19 10:31:18.232,420.2793052041205,996
2024-09-19 10:31:18.361,420.2839604058251,101
2024-09-19 10:31:18.622,420.2814112257354,1003
2024-09-19 10:31:18.761,420.2640986604789,95
2024-09-19 10:31:18.803,420.27692950150896,995
2024-09-19 10:31:19.079,420.2975562470564,102
2024-09-19 10:31:19.193,420.29732520380674,995
2024-09-19 10:31:19.202,420.3208398539107,101
2024-09-19 10:31:19.296,420.2553728944867,7
2024-09-19 10:31:19.341,420.2686507581863,9
2024-09-19 10:31:19.367,420.2707410005396,996
2024-09-19 10:31:19.400,420.28583946355104,995
2024-09-19 10:31:19.413,420.29160224146057,95
2024-09-19 10:31:19.458,420.2920971001176,101
2024-09-19 10:31:19.519,420.2717324438091,14
2024-09-19 10:31:19.670,420.3087486762845,997
2024-09-19 10:31:19.694,420.3055371854808,99
2024-09-19 10:31:19.703,420.290711995336,1000
2024-09-19 10:31:19.711,420.2893737222312,1005
2024-09-19 10:31:19.740,420.323381001761,12
2024-09-19 10:31:19.746,420.30073734452736,96
2024-09-19 10:31:19.817,420.3318469548647,1005
2024-09-19 10:31:19.844,420.2806564689535,105
2024-09-19 10:31:19.874,420.2921778709326,11
2024-09-19 10:31:19.878,420.2474100499904,1005
2024-09-19 10:31:19.957,420.28774734442806,14
2024-09-19 10:31:20.013,420.415663768781,103
2024-09-19 10:31:20.027,420.4794231876155,1002
2024-09-19 10:31:20.037,420.3493017905453,1005
2024-09-19 10:31:20.104,420.4230740497479,5
2024-09-19 10:31:20.147,420.36943145307714,104
2024-09-19 10:31:20.154,420.37224475806346,999
2024-09-19 10:31:20.172,420.4695608099559,1002
2024-09-19 10:31:20.227,420.4297517737556,1002
2024-09-19 10:31:20.256,420.3967075596791,999
2024-09-19 10:31:20.275,420.3891239289797,1000
2024-09-19 10:31:20.322,420.4161596091559,5
2024-09-19 10:31:20.337,420.3888092396257,103
2024-09-19 10:31:20.363,420.44840827435263,101
2024-09-19 10:31:20.364,420.3067634592144,99
2024-09-19 10:31:20.492,420.424089147368,15
2024-09-19 10:31:20.512,420.3277179088553,1005
2024-09-19 10:31:20.588,420.4043746383105,1005
2024-09-19 10:31:20.703,420.44349426412896,997
2024-09-19 10:31:20.705,420.360931389382,1002
2024-09-19 10:31:20.731,420.46053534543216,99
2024-09-19 10:31:20.847,420.41521362819327,999
2024-09-19 10:31:20.904,420.30680508100113,95
2024-09-19 10:31:20.914,420.4235912133301,100
2024-09-19 10:31:20.917,420.3782402721094,7
2024-09-19 10:31:20.922,420.4249370508885,10
2024-09-19 10:31:20.947,420.3177700555967,996
2024-09-19 10:31:20.963,420.3218973339128,999
2024-09-19 10:31:21.086,420.4323312695527,997
2024-09-19 10:31:21.251,420.4667428667196,97
2024-09-19 10:31:21.252,420.46032880895206,104
2024-09-19 10:31:21.352,420.4342643069788,99
2024-09-19 10:31:21.570,420.4722989972269,8
2024-09-19 10:31:21.689,420.4500235890676,1005
2024-09-19 10:31:22.216,420.4296416546547,97
2024-09-19 10:31:22.503,420.41646163991953,998
2024-09-19 10:31:22.885,420.41141000303264,7
2024-09-19 10:31:23.025,420.4641819773949,97
2024-09-19 10:31:23.141,420.4477454750714,6
2024-09-19 10:31:23.250,420.4523654110719,95
2024-09-19 10:31:23.332,420.4337058244527,103
2024-09-19 10:31:23.354,420.4322472900096,100
2024-09-19 10:31:23.399,420.4259320192523,999
2024-09-19 10:31:23.456,420.448319480744,6
2024-09-19 10:31:23.607,420.41558146100095,12
2024-09-19 10:31:23.656,420.4174758279224,95
2024-09-19 10:31:23.702,420.4612509347828,5
2024-09-19 10:31:23.707,420.452074612435,100
2024-09-19 10:31:23.711,420.4337785417493,1001
2024-09-19 10:31:23.725,420.43669165541377,97
2024-09-19 10:31:23.752,420.42803740793096,1005
2024-09-19 10:31:23.778,420.4326871054109,96
2024-09-19 10:31:23.812,420.43530352342304,7
2024-09-19 10:31:23.842,420.4395031440915,996
2024-09-19 10:31:23.885,420.4504206781916,1003
2024-09-19 10:31:24.064,420.3576112939955,5
2024-09-19 10:31:24.147,420.3672149076372,1004
2024-09-19 10:31:24.153,420.3593669784762,15
2024-09-19 10:31:24.168,420.34402771881264,11
2024-09-19 10:31:24.220,420.4439210052977,997
2024-09-19 10:31:24.225,420.366876767426,995
2024-09-19 10:31:24.264,420.3306237277732,12
2024-09-19 10:31:24.452,420.341529535978,105
2024-09-19 10:31:24.486,420.4458009439661,101
2024-09-19 10:31:24.501,420.3807013820995,5
2024-09-19 10:31:24.506,420.3726423420756,14
2024-09-19 10:31:24.524,420.3503071581047,95
2024-09-19 10:31:24.539,420.45706595009705,100
2024-09-19 10:31:24.596,420.3957976515792,96
2024-09-19 10:31:24.635,420.4330821214703,1002
2024-09-19 10:31:24.699,420.3571904547616,13
2024-09-19 10:31:24.766,420.3752701958797,96
2024-09-19 10:31:24.777,420.354878120247,7
2024-09-19 10:31:24.821,420.38225180251214,10
2024-09-19 10:31:24.827,420.3680413123703,998
2024-09-19 10:31:24.851,420.4454495493214,95
2024-09-19 10:31:24.983,420.387327245333,102
2024-09-19 10:31:25.274,420.33782934296295,15
2024-09-19 10:31:25.337,420.3316393424685,1002
2024-09-19 10:31:25.382,420.3162370168637,1004
2024-09-19 10:31:25.459,420.3567429000941,8
2024-09-19 10:31:25.586,420.3189451907824,11
2024-09-19 10:31:25.587,420.3596892815372,1002
2024-09-19 10:31:25.734,420.31578275137286,104
2024-09-19 10:31:26.035,420.3288907591819,100
2024-09-19 10:31:26.124,420.3642476887356,998
2024-09-19 10:31:26.129,420.338685627674,104
2024-09-19 10:31:26.178,-420.3498844408726,1004
2024-09-19 10:31:26.184,420.3683636935643,10
2024-09-19 10:31:26.192,420.3514512867663,104
2024-09-19 10:31:26.213,420.3695993993242,1003
2024-09-19 10:31:26.250,420.3640822454884,1001
2024-09-19 10:31:26.275,420.3602830491381,15
2024-09-19 10:31:26.443,420.3430367873968,99
2024-09-19 10:31:26.619,420.3382794383664,102
2024-09-19 10:31:26.679,420.362558100144,9
2024-09-19 10:31:26.696,420.3352315952697,995
2024-09-19 10:31:26.698,420.37066293998754,15
2024-09-19 10:31:26.715,420.36914282655374,996
2024-09-19 10:31:26.944,420.33689747024886,1004
2024-09-19 10:31:26.982,420.3747780495204,5
2024-09-19 10:31:27.000,420.33824823297874,14
2024-09-19 10:31:27.070,420.3531850646553,14
2024-09-19 10:31:27.150,420.3899590207891,98
2024-09-19 10:31:27.220,420.3827290814291,104
2024-09-19 10:31:27.269,420.3801970332706,11
2024-09-19 10:31:27.300,420.3555644427922,1001
2024-09-19 10:31:27.330,420.3538497649193,101
2024-09-19 10:31:27.342,420.393237293014,14
2024-09-19 10:31:27.392,,15
2024-09-19 10:31:27.399,420.3827565400551,1003
2024-09-19 10:31:27.429,420.39256383905087,11
2024-09-19 10:31:27.477,420.4135047671587,96
2024-09-19 10:31:27.510,420.38643003554495,102
2024-09-19 10:31:27.543,420.4052133293608,96
2024-09-19 10:31:27.580,420.3738840773145,11
2024-09-19 10:31:27.688,42.03560047270747,997
2024-09-19 10:31:27.735,420.3857613404301,1005
2024-09-19 10:31:27.756,420.33339805400414,95
2024-09-19 10:31:27.924,420.399163473428,996
2024-09-19 10:31:27.925,420.3363561822157,1004
2024-09-19 10:31:27.976,420.40853569004656,1005
2024-09-19 10:31:28.039,420.4092751986493,97
2024-09-19 10:31:28.083,420.39730701344826,1002
2024-09-19 10:31:28.104,420.4136192914759,7
2024-09-19 10:31:28.194,420.37173927642897,996
2024-09-19 10:31:28.306,420.3899938316393,6
2024-09-19 10:31:28.390,420.39046525054937,12
2024-09-19 10:31:28.536,420.38766981071865,1001
2024-09-19 10:31:28.552,420.3909414987035,14
2024-09-19 10:31:28.837,420.39579587228326,1000
2024-09-19 10:31:28.923,420.39873766262417,15
2024-09-19 10:31:28.929,420.4074371504823,12
2024-09-19 10:31:29.056,420.4302533979114,12
2024-09-19 10:31:29.086,420.5188490737905,995
2024-09-19 10:31:29.110,420.4904980452901,1002
2024-09-19 10:31:29.262,420.5122965185613,999
2024-09-19 10:31:29.285,420.454034191481,104
2024-09-19 10:31:29.298,420.506367277263,1001
2024-09-19 10:31:29.329,420.4255026857116,997
2024-09-19 10:31:29.355,420.4292996183125,998
2024-09-19 10:31:29.367,420.4431457253008,13
2024-09-19 10:31:29.375,420.4010723497309,10
2024-09-19 10:31:29.437,420.4818339666565,11
2024-09-19 10:31:29.547,420.52578754813857,105
2024-09-19 10:31:29.548,420.3995313827882,9
2024-09-19 10:31:29.566,,102
2024-09-19 10:31:29.568,420.4326397267152,998
2024-09-19 10:31:29.631,420.4386374798005,96
2024-09-19 10:31:29.685,420.4487367155551,10
2024-09-19 10:31:29.686,420.4938408092765,102
2024-09-19 10:31:29.721,420.4597722805283,97
2024-09-19 10:31:29.759,420.5261748095582,997
2024-09-19 10:31:29.931,420.5028781451351,995
2024-09-19 10:31:29.933,420.4272043640379,6
2024-09-19 10:31:29.976,420.4346710098248,1003
2024-09-19 10:31:29.996,420.4140672033617,105
2024-09-19 10:31:30.254,42.05085674812369,14
2024-09-19 10:31:30.336,420.507618723802,104
2024-09-19 10:31:30.500,420.5392339679927,1001
2024-09-19 10:31:30.511,420.52457808489606,98
2024-09-19 10:31:30.542,420.52916080603165,11
2024-09-19 10:31:30.593,420.5096838767573,1004
2024-09-19 10:31:30.695,420.505385192482,96
2024-09-19 10:31:30.892,420.5523820887712,11
2024-09-19 10:31:30.999,420.52486352019,101
2024-09-19 10:31:31.050,420.555463350672,99
2024-09-19 10:31:31.162,420.5504685756715,11
2024-09-19 10:31:31.506,420.5234685471254,1003
2024-09-19 10:31:31.540,420.54510859751787,97
2024-09-19 10:31:31.609,420.539206209258,12
2024-09-19 10:31:31.614,420.55653017615896,105
2024-09-19 10:31:31.626,420.55709851523113,105
2024-09-19 10:31:31.626,420.522291741262,999
2024-09-19 10:31:31.631,420.5457971166131,97
2024-09-19 10:31:31.657,420.5269338734146,96
2024-09-19 10:31:31.722,420.56556766763015,5
2024-09-19 10:31:31.775,420.52862223357073,15
2024-09-19 10:31:31.942,420.5474550309005,7
2024-09-19 10:31:32.022,420.4877311814636,96
2024-09-19 10:31:32.036,420.50347764784885,97
2024-09-19 10:31:32.056,420.5138679189933,5
2024-09-19 10:31:32.095,420.5133930063353,101
2024-09-19 10:31:32.188,-420.5103266966422,99
2024-09-19 10:31:32.190,420.4949262649733,1002
2024-09-19 10:31:32.211,420.49360538560376,15
2024-09-19 10:31:32.217,420.5374706728798,105
2024-09-19 10:31:32.238,420.5129744523887,103
2024-09-19 10:31:32.336,420.5210401475722,96
2024-09-19 10:31:32.361,420.5083316398981,99
2024-09-19 10:31:32.382,420.5236484307784,995
2024-09-19 10:31:32.422,420.4940319171086,14
2024-09-19 10:31:32.514,420.5372072580763,999
2024-09-19 10:31:32.545,-420.5233510299915,9
2024-09-19 10:31:32.568,420.541593464923,1002
2024-09-19 10:31:32.591,420.51459689460097,12
2024-09-19 10:31:32.696,420.4924941567321,15
2024-09-19 10:31:32.708,420.5382292143231,998
2024-09-19 10:31:32.710,-420.4980358627171,96
2024-09-19 10:31:32.719,420.542196462789,996
2024-09-19 10:31:32.741,420.5165083479584,996
2024-09-19 10:31:32.880,420.498793048788,11
2024-09-19 10:31:32.880,420.5331556078713,99
2024-09-19 10:31:32.925,420.5466175015945,98
2024-09-19 10:31:33.001,420.53523771567865,97
2024-09-19 10:31:33.033,420.535231896189,7
2024-09-19 10:31:33.072,420.5374732725926,1002
2024-09-19 10:31:33.215,420.5401130793202,11
2024-09-19 10:31:33.225,420.5566694816777,97
2024-09-19 10:31:33.534,420.53841932698987,15
2024-09-19 10:31:33.576,420.5342697538152,96
2024-09-19 10:31:33.585,420.5557796531957,97
2024-09-19 10:31:33.633,42.05219050569144,8
2024-09-19 10:31:33.679,420.53000006421394,9
2024-09-19 10:31:33.899,420.53592801112666,8
2024-09-19 10:31:34.048,420.557610763972,6
2024-09-19 10:31:34.101,420.5608474968834,102
2024-09-19 10:31:34.185,420.57948690717257,8
2024-09-19 10:31:34.389,420.5862471309215,1000
2024-09-19 10:31:34.391,420.56552030199134,10
2024-09-19 10:31:34.415,420.5258111675768,11
2024-09-19 10:31:34.460,420.5553496896604,10
2024-09-19 10:31:34.596,420.552569547436,8
2024-09-19 10:31:34.627,420.57644825798457,105
2024-09-19 10:31:34.646,420.5533416390111,1005
2024-09-19 10:31:34.660,420.5461116737931,1002
2024-09-19 10:31:34.722,420.4997441134764,997
2024-09-19 10:31:34.743,420.5345309499439,998
2024-09-19 10:31:34.800,420.5543325703999,1002
2024-09-19 10:31:34.812,420.5842836038632,8
2024-09-19 10:31:34.880,420.5282307272708,997
2024-09-19 10:31:34.884,420.58714391710095,999
2024-09-19 10:31:34.907,420.5490037941726,12
2024-09-19 10:31:34.911,420.5103097016421,96
2024-09-19 10:31:34.978,42.05695724945022,102
2024-09-19 10:31:35.130,42.055727768550895,14
2024-09-19 10:31:35.364,420.5367479147017,7
2024-09-19 10:31:35.404,420.56592281806303,9
2024-09-19 10:31:35.405,420.57618493813743,14
2024-09-19 10:31:35.414,420.5002495193841,105
2024-09-19 10:31:35.431,420.5568930899525,95
2024-09-19 10:31:35.553,420.561589048845,99
2024-09-19 10:31:35.570,420.55481056137046,13
2024-09-19 10:31:35.586,420.5683950944611,9
2024-09-19 10:31:35.597,420.55562343425856,9
2024-09-19 10:31:35.620,420.5341282358723,96
2024-09-19 10:31:35.700,420.5397207894159,5
2024-09-19 10:31:35.782,420.544399196329,95
2024-09-19 10:31:35.839,420.5467331262561,9
2024-09-19 10:31:35.841,420.51496085663126,1004
2024-09-19 10:31:35.842,420.5639809684503,996
2024-09-19 10:31:35.919,420.5742229522298,9
2024-09-19 10:31:35.922,420.5086233400325,1000
2024-09-19 10:31:35.934,420.5147016836116,1001
2024-09-19 10:31:36.067,420.65559847824017,104
2024-09-19 10:31:36.208,420.5868276448039,8
2024-09-19 10:31:36.220,420.59530173181344,101
2024-09-19 10:31:36.298,420.6675645870862,997
2024-09-19 10:31:36.338,420.6390938304366,1002
2024-09-19 10:31:36.355,420.6088547164126,10
2024-09-19 10:31:36.366,420.6822900741579,96
2024-09-19 10:31:36.373,420.57171182182384,105
2024-09-19 10:31:36.628,420.6690947020174,1002
2024-09-19 10:31:36.638,420.6156028388662,997
2024-09-19 10:31:36.660,420.637632071071,99
2024-09-19 10:31:36.731,420.5743773083914,103
2024-09-19 10:31:36.775,420.66078338841993,15
2024-09-19 10:31:36.791,420.597581222128,100
2024-09-19 10:31:36.800,420.6649732191162,1001
2024-09-19 10:31:36.808,420.6694341818238,7
2024-09-19 10:31:36.824,420.5704999515708,1003
2024-09-19 10:31:36.828,420.5848267334447,9
2024-09-19 10:31:36.894,420.5889130941412,1000
2024-09-19 10:31:36.900,420.6743867341972,12
2024-09-19 10:31:36.924,420.63029300407743,999
2024-09-19 10:31:36.928,420.5892061631764,7
2024-09-19 10:31:36.969,420.6351681513228,10
2024-09-19 10:31:37.427,420.6315274625719,1002
2024-09-19 10:31:37.543,420.6281340235684,11
2024-09-19 10:31:37.899,420.64683041860576,11
2024-09-19 10:31:38.010,420.5913180980187,105
2024-09-19 10:31:38.026,420.6155997500905,102
2024-09-19 10:31:38.045,420.6021200691469,9
2024-09-19 10:31:38.061,420.6197435802149,999
2024-09-19 10:31:38.131,420.63248183731145,997
2024-09-19 10:31:38.267,420.5833775845108,12
2024-09-19 10:31:38.316,420.6390660461378,1002
2024-09-19 10:31:38.328,420.6139827508547,1000
2024-09-19 10:31:38.387,420.634889183274,995
2024-09-19 10:31:38.475,420.6147758139219,996
2024-09-19 10:31:38.546,420.6133372715556,13
2024-09-19 10:31:38.569,420.6180790280615,96
2024-09-19 10:31:38.612,420.588530580207,5
2024-09-19 10:31:38.708,420.62973705639206,101
2024-09-19 10:31:38.721,420.5690489397905,9
2024-09-19 10:31:38.792,420.6323632222684,12
2024-09-19 10:31:38.944,420.6413568518825,8
2024-09-19 10:31:38.947,-420.6131460011306,8
2024-09-19 10:31:39.016,420.49687851648576,99
2024-09-19 10:31:39.043,420.4997093653321,1003
2024-09-19 10:31:39.057,420.50785970919577,96
2024-09-19 10:31:39.071,420.4960183599844,97
2024-09-19 10:31:39.108,420.4964049424594,6
2024-09-19 10:31:39.108,420.5090875210449,100
2024-09-19 10:31:39.133,420.5153628435574,103
2024-09-19 10:31:39.244,420.4749089133479,1004
2024-09-19 10:31:39.251,420.5077462219804,1004
2024-09-19 10:31:39.322,420.4758909111678,99
2024-09-19 10:31:39.330,420.4837291967109,105
2024-09-19 10:31:39.523,420.55807306362976,11
2024-09-19 10:31:39.663,420.48154681589375,101
2024-09-19 10:31:39.738,420.5697997022879,999
2024-09-19 10:31:39.742,420.527228406816,15
2024-09-19 10:31:39.773,420.5085407000167,997
2024-09-19 10:31:39.791,420.5570661438349,105
2024-09-19 10:31:39.792,420.5159676003333,102
2024-09-19 10:31:39.815,420.5526935804585,100
2024-09-19 10:31:39.833,420.482219471256,999
2024-09-19 10:31:39.854,420.4879412998984,7
2024-09-19 10:31:39.898,420.4799819957125,11
2024-09-19 10:31:39.904,420.4806118544222,1000
2024-09-19 10:31:39.920,420.5449660538961,105
2024-09-19 10:31:39.935,420.4719677985718,105
2024-09-19 10:31:39.995,420.48363606103294,12
2024-09-19 10:31:39.998,420.4820399232119,8
2024-09-19 10:31:40.082,420.4599504034552,100
2024-09-19 10:31:40.125,420.4761736036856,1001
2024-09-19 10:31:40.211,420.4533419526329,15
2024-09-19 10:31:40.364,420.4381152370102,12
2024-09-19 10:31:40.834,420.4512283064389,12
2024-09-19 10:31:40.861,420.43675776759966,105
2024-09-19 10:31:41.133,420.53704111401305,10
2024-09-19 10:31:41.168,420.56306439546114,13
2024-09-19 10:31:41.190,420.542943502042,995
2024-09-19 10:31:41.292,420.4836977637739,105
2024-09-19 10:31:41.303,420.5352413284673,11
2024-09-19 10:31:41.349,420.5494860947898,14
2024-09-19 10:31:41.455,420.5068334447715,1000
2024-09-19 10:31:41.464,420.45307975205617,999
2024-09-19 10:31:41.479,420.5181900469611,7
2024-09-19 10:31:41.491,420.549407779179,8
2024-09-19 10:31:41.536,420.54761063952935,9
2024-09-19 10:31:41.552,420.5529812395407,10
2024-09-19 10:31:41.570,420.5547335571548,14
2024-09-19 10:31:41.650,420.5466529845349,105
2024-09-19 10:31:41.758,420.43639502625865,6
2024-09-19 10:31:41.788,420.4821023547084,101
2024-09-19 10:31:41.889,420.5489668394109,12
2024-09-19 10:31:41.919,420.5671638752594,1000
2024-09-19 10:31:41.995,420.55243017503386,98
2024-09-19 10:31:41.997,420.5474417073614,105
2024-09-19 10:31:43.235,420.52482288463136,999
2024-09-19 10:31:43.306,420.53901882983735,104
2024-09-19 10:31:43.384,420.54988276476985,1005
2024-09-19 10:31:43.573,420.5485543399977,1001
2024-09-19 10:31:43.604,420.5429748227877,12
2024-09-19 10:31:43.790,420.5547715970651,1005
2024-09-19 10:31:43.905,420.5486092179267,1003
2024-09-19 10:31:44.037,420.5510194228272,996
2024-09-19 10:31:44.052,420.5745158452709,99
2024-09-19 10:31:44.089,420.5732837677102,1003
2024-09-19 10:31:44.098,420.5610947255317,8
2024-09-19 10:31:44.111,420.5798994451165,11
2024-09-19 10:31:44.216,420.5510836604034,1005
2024-09-19 10:31:44.275,420.5463270865345,1005
2024-09-19 10:31:44.434,420.544796950716,102
2024-09-19 10:31:44.807,420.54070011145126,8
2024-09-19 10:31:44.941,420.5706703921678,9
2024-09-19 10:31:46.012,420.5840560673752,12
2024-09-19 10:31:46.021,420.5868666076371,101
2024-09-19 10:31:46.030,,1005
2024-09-19 10:31:46.062,420.6031703768648,1001
2024-09-19 10:31:46.094,420.6012909884805,97
2024-09-19 10:31:46.107,420.57451655205136,101
2024-09-19 10:31:46.116,420.6025710452574,101
2024-09-19 10:31:46.174,420.5810036010831,5
2024-09-19 10:31:46.178,420.5761236000924,8
2024-09-19 10:31:46.190,420.5833793920547,997
2024-09-19 10:31:46.249,420.5923755102477,98
2024-09-19 10:31:46.264,420.6117648953703,10
2024-09-19 10:31:46.296,420.5658707270758,11
2024-09-19 10:31:46.312,420.5733499997702,103
2024-09-19 10:31:46.402,420.575087269149,104
2024-09-19 10:31:46.435,420.6162071128228,7
2024-09-19 10:31:46.439,420.5979544945586,996
2024-09-19 10:31:46.444,420.58287479749,10
2024-09-19 10:31:46.445,420.5760850327793,996
2024-09-19 10:31:46.453,420.5934351226545,1004
2024-09-19 10:31:46.566,420.5623647974006,996
2024-09-19 10:31:46.636,420.572438738771,96
2024-09-19 10:31:46.663,420.57270324065246,96
2024-09-19 10:31:46.724,420.5630035827213,15
2024-09-19 10:31:48.337,420.59234686559,13
2024-09-19 10:31:48.401,420.5816184595626,997
2024-09-19 10:31:48.879,420.5852349461038,96
2024-09-19 10:31:49.021,420.5958072845127,97
2024-09-19 10:31:49.089,420.63384596858737,1005
2024-09-19 10:31:49.101,420.5928133252482,102
2024-09-19 10:31:49.144,420.5748963371794,997
2024-09-19 10:31:49.145,420.5737768054796,5
2024-09-19 10:31:49.149,420.6521535880643,1000
2024-09-19 10:31:49.161,420.5743538412997,1000
2024-09-19 10:31:49.191,420.6372384063749,995
2024-09-19 10:31:49.257,420.5891680251364,12
2024-09-19 10:31:49.263,420.62537182595247,8
2024-09-19 10:31:49.356,420.6342617197588,5
2024-09-19 10:31:49.362,420.6512369833276,8
2024-09-19 10:31:49.381,420.5799803028584,95
2024-09-19 10:31:49.414,420.63574797614046,11
2024-09-19 10:31:49.436,420.62349236030656,96
2024-09-19 10:31:49.607,,12
2024-09-19 10:31:49.634,420.60245529732055,1003
2024-09-19 10:31:49.638,420.6263112504919,13
2024-09-19 10:31:49.685,420.6241099692669,1002
2024-09-19 10:31:49.771,420.6447855703599,15
2024-09-19 10:31:49.781,420.6060588790395,999
2024-09-19 10:31:49.836,420.5808123212006,13
2024-09-19 10:31:49.840,420.6022184481676,5
2024-09-19 10:31:49.896,420.5769591298487,5
2024-09-19 10:31:49.897,42.06075222047358,1002
2024-09-19 10:31:50.413,420.64287061900376,1004
2024-09-19 10:31:50.444,420.6424016365224,105
2024-09-19 10:31:50.651,420.6426496896801,8
2024-09-19 10:31:51.018,420.5808254214319,996
2024-09-19 10:31:51.149,420.5884781740247,10
2024-09-19 10:31:51.218,420.55894547738,14
2024-09-19 10:31:51.281,420.5704705525509,13
2024-09-19 10:31:51.639,420.6021571681533,101
2024-09-19 10:31:51.647,420.5727163921965,14
2024-09-19 10:31:51.666,420.5789057404657,8
2024-09-19 10:31:51.683,420.5565989350672,1005
2024-09-19 10:31:51.797,420.5679511454285,6
2024-09-19 10:31:51.871,420.6271184501321,999
2024-09-19 10:31:52.131,420.5523768550302,1000
2024-09-19 10:31:52.135,420.538592651806,13
2024-09-19 10:31:52.151,420.53725615883815,97
2024-09-19 10:31:52.182,420.5448013419023,1004
2024-09-19 10:31:52.193,420.5927972871833,5
2024-09-19 10:31:52.218,420.55513029643936,104
2024-09-19 10:31:52.276,420.5563261523215,99
2024-09-19 10:31:52.283,420.5549141327479,6
2024-09-19 10:31:52.361,420.5531244407888,1000
2024-09-19 10:31:52.372,420.56199302151714,996
2024-09-19 10:31:52.424,420.60540684911615,995
2024-09-19 10:31:52.427,420.5744274343193,103
2024-09-19 10:31:52.439,420.5380006988748,1000
2024-09-19 10:31:52.478,420.619597407058,13
2024-09-19 10:31:52.492,,100
2024-09-19 10:31:52.517,420.55957232962766,11
2024-09-19 10:31:52.533,420.5853569685425,997
2024-09-19 10:31:52.606,420.58546972385824,97
2024-09-19 10:31:52.609,420.5572127311208,6
2024-09-19 10:31:52.645,420.6101301916717,1000
2024-09-19 10:31:52.767,420.5570345796791,996
2024-09-19 10:31:52.773,420.5748242805965,97
2024-09-19 10:31:52.823,420.614553256036,998
2024-09-19 10:31:52.828,420.6067186904374,995
2024-09-19 10:31:52.890,420.614573557294,15
2024-09-19 10:31:52.921,420.6084314596906,104
2024-09-19 10:31:52.960,420.56457237804665,8
2024-09-19 10:31:52.967,420.567081107073,96
2024-09-19 10:31:53.070,420.6576473305304,1001
2024-09-19 10:31:53.083,420.6937527794307,1002
2024-09-19 10:31:53.131,420.67922534569175,11
2024-09-19 10:31:53.168,420.6536557430295,996
2024-09-19 10:31:53.172,420.67365681247855,1002
2024-09-19 10:31:53.192,420.66372754285504,1000
2024-09-19 10:31:53.324,420.664968625081,995
2024-09-19 10:31:53.396,,101
2024-09-19 10:31:53.431,420.6439001817277,9
2024-09-19 10:31:53.458,420.6523014958704,996
2024-09-19 10:31:53.461,420.67581144760845,11
2024-09-19 10:31:53.481,420.69475934463736,15
2024-09-19 10:31:53.537,420.6316603941548,998
2024-09-19 10:31:53.569,420.6880790098406,101
2024-09-19 10:31:53.593,420.6929433549816,997
2024-09-19 10:31:53.690,420.6370521188778,995
2024-09-19 10:31:53.773,420.6427477742121,99
2024-09-19 10:31:53.892,420.6802456588317,11
2024-09-19 10:31:53.898,420.68449078996,101
2024-09-19 10:31:53.913,420.6702598973072,8
2024-09-19 10:31:53.930,420.7042052747509,8
2024-09-19 10:31:53.936,420.6780467292709,999
2024-09-19 10:31:53.940,420.64861738065656,1003
2024-09-19 10:31:53.955,420.6695867738702,1005
2024-09-19 10:31:55.082,420.6829539580068,100
2024-09-19 10:31:55.439,420.6730760650703,103
2024-09-19 10:31:55.454,420.6646358547351,13
2024-09-19 10:31:55.517,420.67511351476327,95
2024-09-19 10:31:55.634,420.6844336569363,105
2024-09-19 10:31:55.665,420.67079745133776,101
2024-09-19 10:31:55.751,420.65858728841,6
2024-09-19 10:31:55.804,420.6903340771957,98
2024-09-19 10:31:55.807,420.6619012039024,998
2024-09-19 10:31:56.077,420.6675072296694,96
2024-09-19 10:31:56.161,420.6385397220758,95
2024-09-19 10:31:56.199,420.6541505584042,99
2024-09-19 10:31:56.232,420.6405779394148,15
2024-09-19 10:31:56.261,420.6779346650889,999
2024-09-19 10:31:56.279,420.6719584476296,1001
2024-09-19 10:31:56.297,420.6426816888739,1000
2024-09-19 10:31:56.326,420.6667870846147,95
2024-09-19 10:31:56.339,420.6413270180109,100
2024-09-19 10:31:56.346,420.6320624731478,1005
2024-09-19 10:31:56.416,420.64516945686006,996
2024-09-19 10:31:56.421,420.6574300342509,11
2024-09-19 10:31:56.429,420.628118195814,7
2024-09-19 10:31:56.433,420.6296738076449,1002
2024-09-19 10:31:56.445,420.6318271484475,98
2024-09-19 10:31:56.446,420.61778500164536,1002
2024-09-19 10:31:56.447,420.6638194693479,7
2024-09-19 10:31:56.496,420.670034645471,998
2024-09-19 10:31:56.556,420.6504228498508,999
2024-09-19 10:31:56.563,420.6605770721101,13
2024-09-19 10:31:56.565,420.6672680257722,1005
2024-09-19 10:31:56.778,420.6629387850023,105
2024-09-19 10:31:56.857,420.6415569768012,15
2024-09-19 10:31:56.858,42.067563667277454,103
2024-09-19 10:31:56.930,420.67671755807385,1001
2024-09-19 10:31:56.982,420.6400288019723,999
2024-09-19 10:31:56.989,420.6386926951277,99
2024-09-19 10:31:57.104,420.6387752487509,6
2024-09-19 10:31:57.282,420.6430438306745,100
2024-09-19 10:31:57.306,420.61168799663375,15
2024-09-19 10:31:57.382,420.6308789300225,99
2024-09-19 10:31:57.404,420.6304168856583,6
2024-09-19 10:31:57.407,420.62378150169707,98
2024-09-19 10:31:57.452,420.59907883193785,7
2024-09-19 10:31:57.468,420.6076078864385,101
2024-09-19 10:31:57.469,420.591117258799,1003
2024-09-19 10:31:57.494,420.6201540047895,1000
2024-09-19 10:31:57.526,420.6041894674736,8
2024-09-19 10:31:57.570,420.6259294261012,10
2024-09-19 10:31:57.580,420.5850242747857,10
2024-09-19 10:31:57.605,420.6020570077421,995
2024-09-19 10:31:57.675,420.6351439983781,101
2024-09-19 10:31:57.712,420.6195253553444,1004
2024-09-19 10:31:57.741,420.6274551548142,96
2024-09-19 10:31:57.785,420.6134670655889,100
2024-09-19 10:31:57.796,420.6215463079944,1002
2024-09-19 10:31:57.867,420.6311004449215,105
2024-09-19 10:31:57.883,420.6212375506104,99
2024-09-19 10:31:57.910,,5
2024-09-19 10:31:57.948,420.58974113529706,96
2024-09-19 10:31:57.988,420.59656887726754,105
2024-09-19 10:31:58.355,420.5882112895747,1003
2024-09-19 10:31:58.752,420.6044702718739,14
2024-09-19 10:31:58.912,420.6045495757701,97
2024-09-19 10:31:59.073,420.5930884323162,102
2024-09-19 10:31:59.095,420.5765256292741,6
2024-09-19 10:31:59.235,420.5241004913616,105
2024-09-19 10:31:59.404,420.59111474748505,996
2024-09-19 10:31:59.424,420.5839678561844,996
2024-09-19 10:31:59.427,420.54301717404087,14
2024-09-19 10:31:59.431,420.5536247054269,101
2024-09-19 10:31:59.440,420.5572658862997,1005
2024-09-19 10:31:59.493,420.5587690288027,995
2024-09-19 10:31:59.505,420.5032611193088,995
2024-09-19 10:31:59.547,420.546745270861,7
2024-09-19 10:31:59.598,420.53262236404674,999
2024-09-19 10:31:59.634,420.54429163894656,14
2024-09-19 10:31:59.665,420.5544533082918,1002
2024-09-19 10:31:59.696,420.5545186914949,12
2024-09-19 10:31:59.726,420.5094615084682,95
2024-09-19 10:31:59.741,420.5638704304279,9
2024-09-19 10:31:59.775,420.59773620157415,1004
2024-09-19 10:31:59.779,420.5523143524405,998
2024-09-19 10:31:59.814,420.59016073181687,10
