Timestamp,Price,Size
2024-09-16 15:45:00.003,415.4988428145886,995
2024-09-16 15:45:00.064,415.5124026474308,100
2024-09-16 15:45:00.092,,998
2024-09-16 15:45:00.112,415.49024648402735,1004
2024-09-16 15:45:00.160,415.4694797947596,100
2024-09-16 15:45:00.255,415.49993684906485,10
2024-09-16 15:45:00.273,,98
2024-09-16 15:45:00.427,415.5143060538798,104
2024-09-16 15:45:00.472,-415.518159335305,7
2024-09-16 15:45:00.524,415.5205920708855,1002
2024-09-16 15:45:00.544,415.5398446398818,12
2024-09-16 15:45:00.572,415.5345430002166,101
2024-09-16 15:45:00.647,415.4710218805356,105
2024-09-16 15:45:00.658,415.5201377148381,97
2024-09-16 15:45:00.755,415.4741204789967,104
2024-09-16 15:45:00.836,415.4913048490031,99
2024-09-16 15:45:00.855,415.50893756968514,1002
2024-09-16 15:45:00.920,415.4652268795953,996
2024-09-16 15:45:00.925,415.52291998589374,1005
2024-09-16 15:45:00.998,415.5100304022255,8
2024-09-16 15:45:01.617,415.48517947369794,14
2024-09-16 15:45:01.773,415.4915851126005,996
2024-09-16 15:45:02.049,415.4498494735087,13
2024-09-16 15:45:02.163,415.4629732764554,1001
2024-09-16 15:45:02.170,415.4052071673466,105
2024-09-16 15:45:02.357,415.42770169448266,104
2024-09-16 15:45:02.859,415.48720399970506,103
2024-09-16 15:45:03.054,415.34651839098,1003
2024-09-16 15:45:03.075,415.353416050332,101
2024-09-16 15:45:03.077,415.37774266769577,10
2024-09-16 15:45:03.082,415.3118146847184,9
2024-09-16 15:45:03.091,415.3405862531905,95
2024-09-16 15:45:03.168,415.33544950020377,1001
2024-09-16 15:45:03.174,415.348727976712,97
2024-09-16 15:45:03.204,415.3683424558084,995
2024-09-16 15:45:03.254,415.3314177969952,98
2024-09-16 15:45:03.269,415.3222998849582,1003
2024-09-16 15:45:03.273,415.3426787224826,12
2024-09-16 15:45:03.434,415.39188151854944,8
2024-09-16 15:45:03.472,415.3538970656579,96
2024-09-16 15:45:03.511,415.3491486241212,10
2024-09-16 15:45:03.544,415.334458146432,1000
2024-09-16 15:45:03.693,415.32218091320345,13
2024-09-16 15:45:03.719,415.3183069603058,1001
2024-09-16 15:45:03.741,415.3792930713558,101
2024-09-16 15:45:03.754,415.3564748687608,1000
2024-09-16 15:45:03.766,415.3683809915168,98
2024-09-16 15:45:03.767,415.3058838583939,14
2024-09-16 15:45:03.768,415.3005388242128,1005
2024-09-16 15:45:03.798,415.38151286639,998
2024-09-16 15:45:03.839,415.3515078073722,999
2024-09-16 15:45:03.870,415.36648659434576,104
2024-09-16 15:45:03.936,415.3357128293072,8
2024-09-16 15:45:03.980,415.3902383385784,10
2024-09-16 15:45:04.054,415.33947210221714,996
2024-09-16 15:45:04.197,415.3024257090737,12
2024-09-16 15:45:04.223,415.31789453174855,1001
2024-09-16 15:45:04.253,415.3312844018427,10
2024-09-16 15:45:04.393,415.2974148304901,1004
2024-09-16 15:45:04.656,415.3212279424585,10
2024-09-16 15:45:04.862,415.2993029654276,11
2024-09-16 15:45:04.896,415.3163320909295,98
2024-09-16 15:45:05.106,415.3615376400741,97
2024-09-16 15:45:05.140,415.3537440101788,13
2024-09-16 15:45:05.613,415.3665482705451,99
2024-09-16 15:45:05.902,415.36477894641024,999
2024-09-16 15:45:06.008,415.33501617888,1004
2024-09-16 15:45:06.009,415.3570511734986,14
2024-09-16 15:45:06.052,415.3684579970141,13
2024-09-16 15:45:06.095,415.29981961051465,6
2024-09-16 15:45:06.138,415.3569301795213,102
2024-09-16 15:45:06.200,415.3612927512251,99
2024-09-16 15:45:06.208,415.3458985196996,99
2024-09-16 15:45:06.257,415.35645451921897,999
2024-09-16 15:45:06.283,415.32354370479646,8
2024-09-16 15:45:06.300,415.35392996825806,14
2024-09-16 15:45:06.305,415.3647991448099,1004
2024-09-16 15:45:06.322,415.3178537974589,97
2024-09-16 15:45:06.419,415.3687359354597,996
2024-09-16 15:45:06.476,415.3235614823387,102
2024-09-16 15:45:06.511,415.35430577044144,10
2024-09-16 15:45:06.555,415.3447965983729,1003
2024-09-16 15:45:06.565,415.29136210890834,998
2024-09-16 15:45:06.628,415.3414473039443,1000
2024-09-16 15:45:06.637,415.3615464896604,5
2024-09-16 15:45:06.704,415.36745740728287,12
2024-09-16 15:45:06.763,415.34312887372806,6
2024-09-16 15:45:06.769,415.3449099222877,104
2024-09-16 15:45:06.771,415.340998309385,1003
2024-09-16 15:45:06.852,415.36364995704014,103
2024-09-16 15:45:06.855,415.3631060201057,7
2024-09-16 15:45:06.899,415.3186240665439,95
2024-09-16 15:45:06.941,415.3610993975489,997
2024-09-16 15:45:06.944,415.3381270757389,8
2024-09-16 15:45:06.955,415.296406128725,7
2024-09-16 15:45:07.072,415.2486174513583,14
2024-09-16 15:45:07.129,415.2250539028664,997
2024-09-16 15:45:07.148,415.1606807824847,995
2024-09-16 15:45:07.160,415.1505476991554,8
2024-09-16 15:45:07.233,415.1961234944158,11
2024-09-16 15:45:07.245,415.1374444745381,99
2024-09-16 15:45:07.257,415.2879477178959,96
2024-09-16 15:45:07.262,415.2922200544217,95
2024-09-16 15:45:07.281,415.2964777272405,101
2024-09-16 15:45:07.318,415.1988416566268,1002
2024-09-16 15:45:07.360,415.3203697089824,7
2024-09-16 15:45:07.398,415.1492765819838,97
2024-09-16 15:45:07.421,415.1903132012866,103
2024-09-16 15:45:07.423,415.18947438949687,1005
2024-09-16 15:45:07.508,415.2532742341679,15
2024-09-16 15:45:07.594,415.2982263611232,1000
2024-09-16 15:45:07.667,415.3109781477719,14
2024-09-16 15:45:07.684,415.2914257190106,995
2024-09-16 15:45:07.717,415.20489044512,101
2024-09-16 15:45:07.719,415.184220944085,999
2024-09-16 15:45:07.821,415.280839728247,101
2024-09-16 15:45:07.929,415.3039190537938,96
2024-09-16 15:45:07.978,415.1889890378057,14
2024-09-16 15:45:08.372,415.1364728424433,13
2024-09-16 15:45:08.404,415.1284293324873,8
2024-09-16 15:45:09.022,415.11653051076166,1002
2024-09-16 15:45:09.222,415.0986703469068,13
2024-09-16 15:45:09.232,415.07420958413695,105
2024-09-16 15:45:09.268,415.1023015990179,997
2024-09-16 15:45:09.349,415.106683364496,101
2024-09-16 15:45:09.380,415.1131973231293,104
2024-09-16 15:45:09.383,415.07130605934,100
2024-09-16 15:45:09.444,415.1301005357471,995
2024-09-16 15:45:09.462,415.1452324939481,1005
2024-09-16 15:45:09.476,415.0884779834598,101
2024-09-16 15:45:09.638,415.1319516341132,105
2024-09-16 15:45:09.715,415.1033165811233,999
2024-09-16 15:45:09.718,415.1163160856366,96
2024-09-16 15:45:09.753,415.0782643232896,102
2024-09-16 15:45:09.806,415.113664239903,8
2024-09-16 15:45:09.811,415.0848952794281,1004
2024-09-16 15:45:09.842,415.1275073259499,997
2024-09-16 15:45:09.909,415.14342796784814,12
2024-09-16 15:45:09.913,415.1237201578355,1005
2024-09-16 15:45:09.968,415.1057280517477,7
2024-09-16 15:45:10.057,415.16055719468966,996
2024-09-16 15:45:10.143,415.2014947597757,96
2024-09-16 15:45:10.315,415.2078652502413,1004
2024-09-16 15:45:10.352,415.19503258302495,95
2024-09-16 15:45:10.470,415.1600753029723,99
2024-09-16 15:45:10.511,415.18406261355375,996
2024-09-16 15:45:10.537,415.1599319050609,8
2024-09-16 15:45:10.570,415.1990569446712,995
2024-09-16 15:45:10.584,415.2017734007733,998
2024-09-16 15:45:10.629,415.18154388695854,9
2024-09-16 15:45:10.643,415.20833049301154,1000
2024-09-16 15:45:10.743,415.1880962406527,99
2024-09-16 15:45:10.748,415.2099763007468,97
2024-09-16 15:45:10.789,415.1499234406752,105
2024-09-16 15:45:10.836,415.1613348064626,95
2024-09-16 15:45:10.836,415.1899274694508,6
2024-09-16 15:45:10.881,415.17163024703865,95
2024-09-16 15:45:10.886,415.1607381089712,9
2024-09-16 15:45:10.905,415.1864399894461,96
2024-09-16 15:45:10.918,415.1495706724826,1001
2024-09-16 15:45:10.940,415.1714471148596,995
2024-09-16 15:45:10.992,415.17324989212767,101
2024-09-16 15:45:10.997,415.1731806453204,7
2024-09-16 15:45:11.142,415.17981373157687,95
2024-09-16 15:45:11.207,415.1415872341073,6
2024-09-16 15:45:11.546,415.171136233957,97
2024-09-16 15:45:11.706,415.179466803629,5
2024-09-16 15:45:11.822,415.1397418885814,9
2024-09-16 15:45:11.953,415.1961192565056,998
2024-09-16 15:45:12.042,415.2212121774515,996
2024-09-16 15:45:12.050,415.2142941018497,6
2024-09-16 15:45:12.132,415.21868516111056,14
2024-09-16 15:45:12.170,415.2292011940509,95
2024-09-16 15:45:12.207,415.20013170195256,15
2024-09-16 15:45:12.219,415.2079618566759,98
2024-09-16 15:45:12.322,415.207326404764,998
2024-09-16 15:45:12.331,415.22087008130495,6
2024-09-16 15:45:12.401,415.2071175263003,999
2024-09-16 15:45:12.453,415.208194927913,6
2024-09-16 15:45:12.473,415.21918665370174,999
2024-09-16 15:45:12.606,415.2167502596774,15
2024-09-16 15:45:12.642,415.23177666128873,6
2024-09-16 15:45:12.681,415.2060048372024,996
2024-09-16 15:45:12.791,415.18536789236026,103
2024-09-16 15:45:12.804,415.2188530389619,96
2024-09-16 15:45:12.832,415.1937102424299,9
2024-09-16 15:45:12.879,415.220177020267,1004
2024-09-16 15:45:12.889,415.21840141281336,15
2024-09-16 15:45:12.953,415.2117029040844,995
2024-09-16 15:45:12.971,415.2301518468182,101
2024-09-16 15:45:13.030,415.200640206224,104
2024-09-16 15:45:13.069,415.17628979555593,14
2024-09-16 15:45:13.141,415.1725737306936,97
2024-09-16 15:45:13.147,415.1743288946915,8
2024-09-16 15:45:13.151,415.1656378203826,995
2024-09-16 15:45:13.203,415.15969764687424,1002
2024-09-16 15:45:13.213,415.1960198257563,97
2024-09-16 15:45:13.213,415.22283511620657,1004
2024-09-16 15:45:13.221,415.1983228026045,998
2024-09-16 15:45:13.224,415.1850184721474,1003
2024-09-16 15:45:13.234,415.2138208696064,97
2024-09-16 15:45:13.253,415.1852641540418,996
2024-09-16 15:45:13.459,415.2237358637294,95
2024-09-16 15:45:13.461,415.1448335634954,1000
2024-09-16 15:45:13.486,415.1827576303606,997
2024-09-16 15:45:13.503,415.2055541473949,103
2024-09-16 15:45:13.630,415.15984583322427,98
2024-09-16 15:45:13.677,415.2115912788551,995
2024-09-16 15:45:13.680,415.19641196513606,6
2024-09-16 15:45:13.693,415.1516267967804,13
2024-09-16 15:45:13.699,415.1862557997242,8
2024-09-16 15:45:13.748,415.1564873164841,998
2024-09-16 15:45:13.783,415.2235086430831,7
2024-09-16 15:45:13.875,415.18341258239,1000
2024-09-16 15:45:13.890,415.1956459121898,999
2024-09-16 15:45:13.932,415.1683622195364,97
2024-09-16 15:45:13.947,415.1698943418447,8
2024-09-16 15:45:14.029,415.2129290414299,6
2024-09-16 15:45:14.059,415.2105738449847,1003
2024-09-16 15:45:14.061,415.22122521312775,998
2024-09-16 15:45:14.066,415.1829296006604,1002
2024-09-16 15:45:14.123,415.1989847314998,999
2024-09-16 15:45:14.135,415.2064007740976,995
2024-09-16 15:45:14.289,415.1769742683193,11
2024-09-16 15:45:14.339,415.20706883916046,99
2024-09-16 15:45:14.346,415.1826373265061,97
2024-09-16 15:45:14.358,415.21286019265824,14
2024-09-16 15:45:14.378,415.2107709643925,999
2024-09-16 15:45:14.467,415.2043139256739,9
2024-09-16 15:45:14.475,415.1934230001803,1001
2024-09-16 15:45:14.481,415.2075813571517,95
2024-09-16 15:45:14.570,415.1872311920449,995
2024-09-16 15:45:14.575,415.2113399402248,1002
2024-09-16 15:45:14.591,415.1955556207505,8
2024-09-16 15:45:14.611,415.19832654039584,99
2024-09-16 15:45:14.699,415.2002848538975,95
2024-09-16 15:45:14.821,415.19114419551823,1005
2024-09-16 15:45:14.845,415.221805683674,101
2024-09-16 15:45:14.918,415.2045358320988,9
2024-09-16 15:45:14.919,415.1921318999069,104
2024-09-16 15:45:14.947,415.20884210024406,101
2024-09-16 15:45:14.975,415.21786122070114,5
2024-09-16 15:45:14.976,415.1945118747631,7
2024-09-16 15:45:14.985,415.1990935580443,97
2024-09-16 15:45:14.999,415.2280908019064,97
2024-09-16 15:45:15.019,415.1742005790672,14
2024-09-16 15:45:15.025,415.1795360886484,104
2024-09-16 15:45:15.050,415.191977275707,98
2024-09-16 15:45:15.067,415.16478357214686,997
2024-09-16 15:45:15.187,415.1669472086183,1005
2024-09-16 15:45:15.309,415.1731575604789,14
2024-09-16 15:45:15.384,415.210930771292,10
2024-09-16 15:45:15.389,415.1697202002751,8
2024-09-16 15:45:15.406,415.1961818230591,1005
2024-09-16 15:45:15.411,415.18282618129126,100
2024-09-16 15:45:15.413,415.1814455493792,15
2024-09-16 15:45:15.567,415.1440927401119,100
2024-09-16 15:45:15.658,415.1607818204683,102
2024-09-16 15:45:15.766,415.17657001642897,102
2024-09-16 15:45:15.784,415.166866823954,1004
2024-09-16 15:45:15.971,415.1711995414519,99
2024-09-16 15:45:15.973,415.183506600044,104
2024-09-16 15:45:16.036,415.1994342773762,11
2024-09-16 15:45:16.113,415.1933727044742,1005
2024-09-16 15:45:16.131,415.1785598299856,8
2024-09-16 15:45:16.132,415.18907475758255,11
2024-09-16 15:45:16.149,41.521510339767545,12
2024-09-16 15:45:16.161,415.1968502484564,105
2024-09-16 15:45:16.168,415.2091017177772,1000
2024-09-16 15:45:16.174,415.2029590309211,999
2024-09-16 15:45:16.235,415.180920571987,12
2024-09-16 15:45:16.352,415.1946287912241,101
2024-09-16 15:45:16.415,415.179365057215,101
2024-09-16 15:45:16.421,415.1759588392642,14
2024-09-16 15:45:16.552,415.2014925108216,14
2024-09-16 15:45:16.557,41.524725532571225,101
2024-09-16 15:45:16.567,415.21338898080006,14
2024-09-16 15:45:16.588,415.2082268510823,11
2024-09-16 15:45:16.620,415.2299697831461,96
2024-09-16 15:45:16.661,415.17752475523537,101
2024-09-16 15:45:16.668,415.24259113349,105
2024-09-16 15:45:16.668,415.247546310309,6
2024-09-16 15:45:16.686,415.17805306642566,1004
2024-09-16 15:45:16.739,415.193071716142,102
2024-09-16 15:45:16.741,415.19895033053314,100
2024-09-16 15:45:16.762,415.2435482433272,999
2024-09-16 15:45:16.795,415.1977819147517,105
2024-09-16 15:45:16.850,415.21594195061766,105
2024-09-16 15:45:16.880,415.230718640119,998
2024-09-16 15:45:16.902,415.1769237396016,15
2024-09-16 15:45:16.957,415.2109325332116,102
2024-09-16 15:45:16.977,415.17370957576657,5
2024-09-16 15:45:17.047,415.233153913628,101
2024-09-16 15:45:17.056,415.2152945543134,10
2024-09-16 15:45:17.120,415.1622072836207,13
2024-09-16 15:45:17.194,415.19649520674375,12
2024-09-16 15:45:17.196,-415.2308034448562,103
2024-09-16 15:45:17.274,415.1896959702447,998
2024-09-16 15:45:17.275,415.22173214026617,8
2024-09-16 15:45:17.312,415.2399773112601,998
2024-09-16 15:45:17.352,415.2532629613672,998
2024-09-16 15:45:17.373,415.2511159223096,10
2024-09-16 15:45:17.413,415.1806905583898,1000
2024-09-16 15:45:17.448,415.2346386627721,5
2024-09-16 15:45:17.477,415.2233850123393,10
2024-09-16 15:45:17.502,415.18465431156704,9
2024-09-16 15:45:17.537,415.1867584407749,96
2024-09-16 15:45:17.662,415.2208466783395,6
2024-09-16 15:45:17.768,415.1762787248903,6
2024-09-16 15:45:17.779,415.2329198086301,9
2024-09-16 15:45:17.865,415.2139678996554,97
2024-09-16 15:45:17.872,415.2401756707199,9
2024-09-16 15:45:17.898,415.1873578686785,1000
2024-09-16 15:45:18.043,415.1908416322503,1000
2024-09-16 15:45:18.257,415.173008197978,103
2024-09-16 15:45:18.367,415.2018471928668,8
2024-09-16 15:45:18.455,415.18191707628495,5
2024-09-16 15:45:18.516,415.1957358299224,97
2024-09-16 15:45:18.752,415.1878125249322,1002
2024-09-16 15:45:18.982,415.20110349218487,99
2024-09-16 15:45:20.056,415.1656277897895,997
2024-09-16 15:45:20.110,415.14967821533634,99
2024-09-16 15:45:20.133,415.16737876664007,101
2024-09-16 15:45:20.147,415.1741156867359,998
2024-09-16 15:45:20.162,415.1607892870991,12
2024-09-16 15:45:20.166,415.1574922390296,105
2024-09-16 15:45:20.184,415.196501716349,1002
2024-09-16 15:45:20.232,,995
2024-09-16 15:45:20.312,415.1747314607971,996
2024-09-16 15:45:20.346,415.1429610520764,98
2024-09-16 15:45:20.377,415.1617279707473,11
2024-09-16 15:45:20.385,415.13782262949206,12
2024-09-16 15:45:20.408,415.157423936354,103
2024-09-16 15:45:20.488,415.152381844956,104
2024-09-16 15:45:20.488,415.1425724827849,998
2024-09-16 15:45:20.515,415.1821792703241,1004
2024-09-16 15:45:20.541,415.1671402199125,1003
2024-09-16 15:45:20.555,-415.1564492239601,14
2024-09-16 15:45:20.574,415.1436271350676,99
2024-09-16 15:45:20.577,415.142515376284,101
2024-09-16 15:45:20.614,415.1494055865776,9
2024-09-16 15:45:20.619,415.1716734775427,96
2024-09-16 15:45:20.626,41.51581838076053,1003
2024-09-16 15:45:20.640,415.15067873043085,9
2024-09-16 15:45:20.836,415.15412797399216,996
2024-09-16 15:45:20.905,415.1587294399227,95
2024-09-16 15:45:20.924,415.1381957374144,15
2024-09-16 15:45:20.972,415.1739033577761,997
2024-09-16 15:45:20.983,415.1765320620253,15
2024-09-16 15:45:20.999,415.14031898128735,1004
2024-09-16 15:45:21.025,415.20145414087983,96
2024-09-16 15:45:21.029,-415.2079186786944,1005
2024-09-16 15:45:21.086,415.194946713348,98
2024-09-16 15:45:21.132,415.1880449908947,1000
2024-09-16 15:45:21.158,415.1798786524198,1005
2024-09-16 15:45:21.191,415.23319998558594,10
2024-09-16 15:45:21.208,415.1884139672872,9
2024-09-16 15:45:21.221,415.2285230485903,102
2024-09-16 15:45:21.330,415.20482313952704,1002
2024-09-16 15:45:21.365,415.2087987541289,12
2024-09-16 15:45:21.378,415.2242727027052,97
2024-09-16 15:45:21.470,415.1980878215172,5
2024-09-16 15:45:21.598,415.1828357865908,1004
2024-09-16 15:45:21.624,415.2100774438047,103
2024-09-16 15:45:21.661,415.2063643457639,104
2024-09-16 15:45:21.678,415.21142868723393,997
2024-09-16 15:45:21.682,415.1989080781368,99
2024-09-16 15:45:21.774,415.2083279716915,7
2024-09-16 15:45:21.820,415.1794144232921,105
2024-09-16 15:45:21.862,415.21324695346897,7
2024-09-16 15:45:21.867,415.1931745977659,1005
2024-09-16 15:45:21.940,415.2345263540879,99
2024-09-16 15:45:21.960,415.1959187855949,1003
2024-09-16 15:45:21.998,415.2260323289236,104
2024-09-16 15:45:22.180,415.19025420388834,11
2024-09-16 15:45:22.239,415.1885623853338,6
2024-09-16 15:45:22.294,415.1800442146107,8
2024-09-16 15:45:23.020,415.1563777834924,12
2024-09-16 15:45:23.056,415.1827496711121,103
2024-09-16 15:45:23.057,415.137262537985,102
2024-09-16 15:45:23.065,415.1312757385456,11
2024-09-16 15:45:23.129,415.1805254200608,100
2024-09-16 15:45:23.144,415.1815561842252,1002
2024-09-16 15:45:23.203,415.1780903977255,9
2024-09-16 15:45:23.254,415.1450448443889,7
2024-09-16 15:45:23.460,415.17928389158953,100
2024-09-16 15:45:23.463,415.1541167756087,100
2024-09-16 15:45:23.500,415.17613247553686,998
2024-09-16 15:45:23.591,415.1415802581636,1001
2024-09-16 15:45:23.634,415.1578949981911,101
2024-09-16 15:45:23.757,415.158769443129,102
2024-09-16 15:45:23.794,415.1875548079835,5
2024-09-16 15:45:23.797,415.14327276584334,103
2024-09-16 15:45:23.808,415.1826660784965,1004
2024-09-16 15:45:23.849,415.1530189165778,1000
2024-09-16 15:45:23.927,415.13457317738033,11
2024-09-16 15:45:23.979,415.1392895558732,99
2024-09-16 15:45:23.982,415.1816531160709,98
2024-09-16 15:45:23.992,415.1599816440444,1000
2024-09-16 15:45:24.003,415.1563119868172,98
2024-09-16 15:45:24.065,415.0837433085105,995
2024-09-16 15:45:24.189,415.0793725779697,7
2024-09-16 15:45:24.199,,995
2024-09-16 15:45:24.206,415.0679506711023,1004
2024-09-16 15:45:24.267,415.1655911686005,97
2024-09-16 15:45:24.286,415.0688618827403,103
2024-09-16 15:45:24.300,415.0813467462904,996
2024-09-16 15:45:24.346,415.073361236913,105
2024-09-16 15:45:24.358,415.1739672726104,100
2024-09-16 15:45:24.378,415.09050760929074,105
2024-09-16 15:45:24.387,415.1534113069719,10
2024-09-16 15:45:24.430,415.0718590602484,5
2024-09-16 15:45:24.533,415.0575465333674,98
2024-09-16 15:45:24.587,415.1744587251099,96
2024-09-16 15:45:24.612,415.1277929557591,102
2024-09-16 15:45:24.623,415.0675088495138,999
2024-09-16 15:45:24.662,415.0751134003186,7
2024-09-16 15:45:24.760,415.0852273275876,996
2024-09-16 15:45:24.769,415.0544551426551,100
2024-09-16 15:45:24.772,415.04985258091966,97
2024-09-16 15:45:24.776,415.0934620661859,997
2024-09-16 15:45:24.803,41.50796473778972,8
2024-09-16 15:45:24.816,415.079272316368,103
2024-09-16 15:45:24.824,415.0872793159944,95
2024-09-16 15:45:24.876,415.0474567692247,9
2024-09-16 15:45:24.917,415.0862854080467,9
2024-09-16 15:45:24.948,415.0690302723364,12
2024-09-16 15:45:24.996,415.10555179714567,997
2024-09-16 15:45:25.044,415.0563073769076,995
2024-09-16 15:45:25.107,415.0692623559661,14
2024-09-16 15:45:25.165,415.0489827762513,101
2024-09-16 15:45:25.234,415.0440600094162,103
2024-09-16 15:45:25.378,415.0566753287864,999
2024-09-16 15:45:25.421,415.04792147506487,1003
2024-09-16 15:45:25.438,415.0577280470099,996
2024-09-16 15:45:25.470,415.0456464270756,10
2024-09-16 15:45:25.520,415.0567106313836,95
2024-09-16 15:45:25.524,415.0553832438361,8
2024-09-16 15:45:25.535,415.05056766250215,12
2024-09-16 15:45:25.552,415.0419642921231,9
2024-09-16 15:45:25.581,415.050878538391,14
2024-09-16 15:45:25.581,415.0571652812213,7
2024-09-16 15:45:25.607,415.0792030742716,98
2024-09-16 15:45:25.697,415.03119277100063,9
2024-09-16 15:45:25.785,415.0559552508871,1005
2024-09-16 15:45:25.805,415.0549880664141,102
2024-09-16 15:45:25.809,415.05930614890354,6
2024-09-16 15:45:25.909,415.0605148858003,96
2024-09-16 15:45:25.914,415.0582575597671,997
2024-09-16 15:45:25.957,415.0079528200824,5
2024-09-16 15:45:25.961,415.06020892143306,102
2024-09-16 15:45:25.985,415.03932862817504,1001
2024-09-16 15:45:25.994,415.0111164841423,996
2024-09-16 15:45:26.076,415.0555446665882,104
2024-09-16 15:45:26.335,415.0495589878035,996
2024-09-16 15:45:26.550,415.06488818066737,13
2024-09-16 15:45:26.639,415.0680778645856,5
2024-09-16 15:45:26.737,415.0712079259836,98
2024-09-16 15:45:26.956,415.0774324821844,996
2024-09-16 15:45:27.089,415.0211060774445,1000
2024-09-16 15:45:27.160,415.0315437587355,103
2024-09-16 15:45:27.178,415.0576953086738,995
2024-09-16 15:45:27.214,,1002
2024-09-16 15:45:27.362,415.03016215251694,1002
2024-09-16 15:45:27.483,415.0471704780388,99
2024-09-16 15:45:27.519,415.0497467118258,103
2024-09-16 15:45:27.561,415.03922631808734,6
2024-09-16 15:45:27.581,415.0345947595151,7
2024-09-16 15:45:27.597,415.0588729122677,997
2024-09-16 15:45:27.641,415.0210883692217,9
2024-09-16 15:45:27.696,415.0275952347312,1000
2024-09-16 15:45:27.854,415.05252234565006,999
2024-09-16 15:45:28.045,415.0195037371606,996
2024-09-16 15:45:28.106,414.9911181923953,12
2024-09-16 15:45:28.134,414.97096245268506,995
2024-09-16 15:45:28.243,415.0067972865869,1003
2024-09-16 15:45:28.405,415.0093011536412,105
2024-09-16 15:45:28.461,414.965988150325,102
2024-09-16 15:45:28.502,414.9576600070344,15
2024-09-16 15:45:28.512,414.98098569084567,1003
2024-09-16 15:45:28.569,414.95169679550565,96
2024-09-16 15:45:28.571,414.9598951422759,8
2024-09-16 15:45:28.701,414.99475033153016,97
2024-09-16 15:45:28.978,414.9747192710023,11
2024-09-16 15:45:29.065,414.9551197616465,97
2024-09-16 15:45:29.091,414.9383627917289,103
2024-09-16 15:45:29.103,414.9449354294637,104
2024-09-16 15:45:29.168,414.9467890980079,15
2024-09-16 15:45:29.176,414.9330233952107,99
2024-09-16 15:45:29.268,414.9428866226882,7
2024-09-16 15:45:29.518,414.94997295541793,14
2024-09-16 15:45:29.680,414.9307145127634,105
2024-09-16 15:45:29.971,414.9361116610195,96
2024-09-16 15:45:30.044,415.03734723817934,97
2024-09-16 15:45:30.068,415.05497180491824,105
2024-09-16 15:45:30.118,414.97662825198734,95
2024-09-16 15:45:30.149,415.02263571874505,15
2024-09-16 15:45:30.164,415.0321669487365,1001
2024-09-16 15:45:30.280,415.0303199685388,10
2024-09-16 15:45:30.328,414.9949865030708,101
2024-09-16 15:45:30.339,415.04939462374335,103
2024-09-16 15:45:30.395,415.0367299252028,995
2024-09-16 15:45:30.408,41.50806893820209,1000
2024-09-16 15:45:30.439,415.0272369620526,98
2024-09-16 15:45:30.445,414.9440670405702,9
2024-09-16 15:45:30.483,414.9914330486017,101
2024-09-16 15:45:30.514,414.9951100781646,103
2024-09-16 15:45:30.516,414.9828527287696,95
2024-09-16 15:45:30.563,415.0327326509998,1002
2024-09-16 15:45:30.581,416.4090398124579,5
2024-09-16 15:45:30.620,415.0591058010113,95
2024-09-16 15:45:30.704,415.0069951307585,995
2024-09-16 15:45:30.749,414.9432136977079,5
2024-09-16 15:45:30.808,415.0657580792589,10
2024-09-16 15:45:30.907,414.9596537165044,11
2024-09-16 15:45:30.911,415.0209793724238,997
2024-09-16 15:45:31.103,415.0826923202927,998
2024-09-16 15:45:31.191,415.0975447691801,5
2024-09-16 15:45:31.205,415.06909038792514,1004
2024-09-16 15:45:31.297,415.1120850163623,996
2024-09-16 15:45:31.393,415.1367259322564,103
2024-09-16 15:45:31.411,415.1529637502901,995
2024-09-16 15:45:31.487,415.1226936527499,14
2024-09-16 15:45:31.515,415.09251491260017,99
2024-09-16 15:45:31.543,415.08305015559176,8
2024-09-16 15:45:31.567,415.1048426239347,1003
2024-09-16 15:45:31.791,415.091430535848,101
2024-09-16 15:45:31.873,415.0922010008923,99
2024-09-16 15:45:31.986,415.0989417710452,1000
2024-09-16 15:45:31.989,415.1002711643888,998
2024-09-16 15:45:31.989,415.1084956597244,13
2024-09-16 15:45:31.990,415.0910375768808,10
2024-09-16 15:45:33.389,415.1622460511687,9
2024-09-16 15:45:33.430,415.1571438489878,100
2024-09-16 15:45:33.638,415.1671000225679,6
2024-09-16 15:45:34.036,415.15260377452495,997
2024-09-16 15:45:34.074,415.1590326387398,997
2024-09-16 15:45:34.109,415.1638205594857,9
2024-09-16 15:45:34.142,415.180689720866,95
2024-09-16 15:45:34.145,415.1610824352175,8
2024-09-16 15:45:34.185,415.1736806695423,7
2024-09-16 15:45:34.188,415.1694125201039,98
2024-09-16 15:45:34.235,415.1528521745294,996
2024-09-16 15:45:34.249,415.172558489053,998
2024-09-16 15:45:34.255,415.1722347703999,6
2024-09-16 15:45:34.387,415.1582691250405,104
2024-09-16 15:45:34.403,415.1395057479916,998
2024-09-16 15:45:34.436,415.1627863505144,95
2024-09-16 15:45:34.470,415.16349379236647,995
2024-09-16 15:45:34.509,415.1791173868087,96
2024-09-16 15:45:34.522,415.17028382040166,9
2024-09-16 15:45:34.526,415.1565413464016,999
2024-09-16 15:45:34.581,415.14656610334185,96
2024-09-16 15:45:34.662,415.1623849608238,995
2024-09-16 15:45:34.740,415.1526627155528,7
2024-09-16 15:45:34.746,415.1507787996541,1002
2024-09-16 15:45:34.777,415.1338843773882,99
2024-09-16 15:45:34.778,415.1703370358744,5
2024-09-16 15:45:34.822,415.16899332887874,103
2024-09-16 15:45:34.911,415.16335691968953,105
2024-09-16 15:45:34.993,415.1613604867488,7
2024-09-16 15:45:35.025,415.16578267925706,997
2024-09-16 15:45:35.027,415.183712336729,1000
2024-09-16 15:45:35.080,415.1327258364693,96
2024-09-16 15:45:35.091,415.1558062350773,5
2024-09-16 15:45:35.099,415.149136649283,13
2024-09-16 15:45:35.144,415.1622343658184,105
2024-09-16 15:45:35.227,415.12825332261673,105
2024-09-16 15:45:35.348,415.1662361712833,96
2024-09-16 15:45:35.376,415.1417849881089,995
2024-09-16 15:45:35.437,415.15097176850895,1000
2024-09-16 15:45:35.458,415.1620695111121,103
2024-09-16 15:45:35.642,415.1374455488899,104
2024-09-16 15:45:35.733,415.1616752010351,997
2024-09-16 15:45:35.735,415.1421543590387,98
2024-09-16 15:45:35.972,415.175579112278,1005
2024-09-16 15:45:36.081,415.1185575323156,999
2024-09-16 15:45:36.253,415.1299745111302,98
2024-09-16 15:45:36.260,415.1162190945215,100
2024-09-16 15:45:36.380,415.11946899959736,103
2024-09-16 15:45:36.390,415.1215197605968,102
2024-09-16 15:45:36.416,415.1390589386597,100
2024-09-16 15:45:36.578,415.1506815990367,1001
2024-09-16 15:45:36.601,415.15700171150826,103
2024-09-16 15:45:36.658,415.1292820545023,100
2024-09-16 15:45:36.659,415.12501998076914,996
2024-09-16 15:45:36.670,415.1249302715437,8
2024-09-16 15:45:36.682,415.1791576237204,1000
2024-09-16 15:45:36.700,415.12806438410905,96
2024-09-16 15:45:36.810,415.1314853108419,8
2024-09-16 15:45:37.122,415.12644350979554,101
2024-09-16 15:45:37.145,415.13591668726986,1003
2024-09-16 15:45:37.169,415.13678247034994,7
2024-09-16 15:45:37.191,415.1473241875268,96
2024-09-16 15:45:37.210,415.1473508222282,1003
2024-09-16 15:45:37.221,415.1488039872154,101
2024-09-16 15:45:37.374,415.1451806281677,100
2024-09-16 15:45:37.420,415.1390825266959,100
2024-09-16 15:45:37.458,415.1443098718782,1005
2024-09-16 15:45:37.459,415.135213756131,105
2024-09-16 15:45:37.523,415.1490642788811,1003
2024-09-16 15:45:37.611,415.14434448469865,15
2024-09-16 15:45:37.652,415.13012030589607,999
2024-09-16 15:45:37.731,415.1486328342072,97
2024-09-16 15:45:37.889,415.142977343762,6
2024-09-16 15:45:37.897,415.131682320525,101
2024-09-16 15:45:37.992,415.1429513936433,997
2024-09-16 15:45:38.021,415.2191308986928,99
2024-09-16 15:45:38.209,416.5698708826363,15
2024-09-16 15:45:38.385,41.52312006865447,8
2024-09-16 15:45:38.574,415.20889217739233,101
2024-09-16 15:45:38.592,415.223245706819,101
2024-09-16 15:45:38.642,415.205879300347,10
2024-09-16 15:45:38.837,415.1829467928851,997
2024-09-16 15:45:38.913,415.2229860444625,12
2024-09-16 15:45:39.279,415.1851226606328,1001
2024-09-16 15:45:39.299,415.21849922249226,104
2024-09-16 15:45:39.436,415.1980420808322,101
2024-09-16 15:45:39.436,415.2225448567413,102
2024-09-16 15:45:39.626,415.2160267913236,98
2024-09-16 15:45:39.751,415.2059122150591,997
2024-09-16 15:45:39.824,415.1928791988148,1001
2024-09-16 15:45:39.930,415.21561630057386,1002
2024-09-16 15:45:39.940,415.2083849721369,996
2024-09-16 15:45:40.039,41.51737928360086,15
2024-09-16 15:45:40.046,415.2041684880954,1001
2024-09-16 15:45:40.099,415.1816200207263,104
2024-09-16 15:45:40.145,415.1813696054392,15
2024-09-16 15:45:40.206,415.1950230312503,8
2024-09-16 15:45:40.579,415.1816074873744,100
2024-09-16 15:45:40.644,415.2266682882863,9
2024-09-16 15:45:40.728,415.15850217766416,97
2024-09-16 15:45:40.767,415.16250027597744,100
2024-09-16 15:45:40.815,415.17048167714927,7
2024-09-16 15:45:40.850,415.2233251875962,11
2024-09-16 15:45:40.868,415.18416811212313,15
2024-09-16 15:45:40.928,415.1823003015607,97
2024-09-16 15:45:40.993,415.1771691804889,1003
2024-09-16 15:45:41.007,415.1967909571202,1005
2024-09-16 15:45:41.014,415.2241276749452,103
2024-09-16 15:45:41.016,415.1878036509205,15
2024-09-16 15:45:41.033,415.1839309962677,104
2024-09-16 15:45:41.042,415.2091717706413,101
2024-09-16 15:45:41.212,415.1847565456537,100
2024-09-16 15:45:41.219,415.16491770370055,96
2024-09-16 15:45:41.223,415.1941287929311,5
2024-09-16 15:45:41.247,415.1896884345532,96
2024-09-16 15:45:41.410,415.1860808014893,101
2024-09-16 15:45:41.442,415.2107857087135,996
2024-09-16 15:45:41.493,415.24432759269416,1002
2024-09-16 15:45:41.500,415.2288049832732,95
2024-09-16 15:45:41.514,415.17310034552673,8
2024-09-16 15:45:41.529,415.2109131418007,1005
2024-09-16 15:45:41.651,415.1710566073653,14
2024-09-16 15:45:41.658,415.1949995613169,101
2024-09-16 15:45:41.753,415.2326098975691,101
2024-09-16 15:45:41.767,415.2288109498939,8
2024-09-16 15:45:41.807,415.173135990058,6
2024-09-16 15:45:41.825,415.17005433264205,1000
2024-09-16 15:45:41.968,-415.16906449915047,1002
2024-09-16 15:45:42.032,415.2331571197513,97
2024-09-16 15:45:42.069,415.2608369090629,105
2024-09-16 15:45:42.071,415.250652165592,1003
2024-09-16 15:45:42.094,415.2441056369005,996
2024-09-16 15:45:42.153,415.2381268216441,1001
2024-09-16 15:45:42.190,415.2602835036475,96
2024-09-16 15:45:42.243,415.2532743027787,997
2024-09-16 15:45:42.281,415.2454999613408,96
2024-09-16 15:45:42.297,415.2649030296256,105
2024-09-16 15:45:42.311,415.2386858741938,1002
2024-09-16 15:45:42.343,415.2127521775192,98
2024-09-16 15:45:42.357,415.24964095331785,15
2024-09-16 15:45:42.376,415.248494542846,8
2024-09-16 15:45:42.395,415.25882657700765,1002
2024-09-16 15:45:42.477,415.2138518367307,103
2024-09-16 15:45:42.482,415.25138477646726,996
2024-09-16 15:45:42.488,415.2413207180047,100
2024-09-16 15:45:42.625,415.2538587181342,998
2024-09-16 15:45:42.665,415.24317691804623,996
2024-09-16 15:45:42.782,415.26778778031127,1004
2024-09-16 15:45:42.852,415.2458845015632,97
2024-09-16 15:45:42.870,415.26413974008864,5
2024-09-16 15:45:42.871,415.2597925950543,12
2024-09-16 15:45:43.087,415.234885614334,7
2024-09-16 15:45:43.195,415.256620386916,101
2024-09-16 15:45:43.213,415.23294890160713,10
2024-09-16 15:45:43.266,415.21769099794574,11
2024-09-16 15:45:43.463,415.2475579824783,1005
2024-09-16 15:45:43.570,415.2319467044339,1003
2024-09-16 15:45:43.587,415.2475637074597,97
2024-09-16 15:45:43.787,415.2422267084596,7
2024-09-16 15:45:43.935,416.4585771931365,12
2024-09-16 15:45:43.943,415.2242768724229,9
2024-09-16 15:45:43.976,415.27076292091874,995
2024-09-16 15:45:44.304,415.26145517804366,5
2024-09-16 15:45:44.514,415.2592299502338,104
2024-09-16 15:45:44.647,415.2626424209352,13
2024-09-16 15:45:44.787,415.242957530223,95
2024-09-16 15:45:44.868,415.2614048365751,998
2024-09-16 15:45:46.010,415.2373106099309,14
2024-09-16 15:45:46.035,415.21830340002384,105
2024-09-16 15:45:46.048,415.1983681685926,1000
2024-09-16 15:45:46.081,415.2532759187476,105
2024-09-16 15:45:46.122,415.2053764820103,99
2024-09-16 15:45:46.176,415.2371203576993,96
2024-09-16 15:45:46.197,415.24933822401954,1004
2024-09-16 15:45:46.247,415.1998713752108,14
2024-09-16 15:45:46.285,415.2412342011692,102
2024-09-16 15:45:46.328,415.2142783252423,1002
2024-09-16 15:45:46.370,415.2646343148414,1000
2024-09-16 15:45:46.440,,12
2024-09-16 15:45:46.445,415.2651656618576,997
2024-09-16 15:45:46.466,415.232636555652,1002
2024-09-16 15:45:46.467,415.2273132292405,95
2024-09-16 15:45:46.573,415.235500861674,103
2024-09-16 15:45:46.600,415.2628606748091,95
2024-09-16 15:45:46.602,415.242800513692,10
2024-09-16 15:45:46.633,415.211668278288,1001
2024-09-16 15:45:46.635,415.2679991554036,995
2024-09-16 15:45:46.646,415.2472359878408,1000
2024-09-16 15:45:46.649,415.2099711061115,13
2024-09-16 15:45:46.673,415.23144887111823,100
2024-09-16 15:45:46.853,415.2268459136226,1003
2024-09-16 15:45:46.863,415.2491085591113,997
2024-09-16 15:45:46.864,415.2414836491686,995
2024-09-16 15:45:46.939,415.2039572506628,1004
2024-09-16 15:45:46.981,415.2576544578072,13
2024-09-16 15:45:47.050,415.146679146648,15
2024-09-16 15:45:47.090,415.138110428988,999
2024-09-16 15:45:47.098,415.16307460168895,105
2024-09-16 15:45:47.141,415.1490404795162,15
2024-09-16 15:45:47.199,415.1327554842106,1000
2024-09-16 15:45:47.221,,1001
2024-09-16 15:45:47.225,415.1433020002417,9
2024-09-16 15:45:47.273,415.1974208574728,998
2024-09-16 15:45:47.289,415.211904936794,9
2024-09-16 15:45:47.290,415.2034803424157,1002
2024-09-16 15:45:47.306,415.1523668069676,995
2024-09-16 15:45:47.341,415.22879224943466,96
2024-09-16 15:45:47.348,415.1425526076258,98
2024-09-16 15:45:47.390,415.2168354900333,1003
2024-09-16 15:45:47.392,415.131375369533,8
2024-09-16 15:45:47.431,415.14747673923074,7
2024-09-16 15:45:47.544,415.1934051354687,101
2024-09-16 15:45:47.564,415.1877169110408,12
2024-09-16 15:45:47.732,415.093999523867,1005
2024-09-16 15:45:47.769,415.1506608013494,997
2024-09-16 15:45:47.818,415.2107290755394,1003
2024-09-16 15:45:47.834,415.1468172302746,102
2024-09-16 15:45:47.850,415.21131829702017,997
2024-09-16 15:45:47.854,415.1536481969354,100
2024-09-16 15:45:47.924,415.21878175553655,15
2024-09-16 15:45:47.935,415.1604980445053,1001
2024-09-16 15:45:47.983,41.51561575567496,997
2024-09-16 15:45:47.984,415.1726137643169,996
2024-09-16 15:45:48.001,415.0637319033741,997
2024-09-16 15:45:48.044,415.0753248022212,1000
2024-09-16 15:45:48.067,415.015250267419,14
2024-09-16 15:45:48.142,415.0199783276377,14
2024-09-16 15:45:48.199,415.0835397280138,1003
2024-09-16 15:45:48.201,415.06930849951294,14
2024-09-16 15:45:48.217,415.0066976360959,97
2024-09-16 15:45:48.292,415.043843715101,96
2024-09-16 15:45:48.295,415.0000622778052,105
2024-09-16 15:45:48.299,414.98038511968286,95
2024-09-16 15:45:48.325,415.0788637642072,1002
2024-09-16 15:45:48.344,415.0710300425908,999
2024-09-16 15:45:48.397,415.0761661121924,6
2024-09-16 15:45:48.407,415.0514704520599,12
2024-09-16 15:45:48.423,415.0918870817286,96
2024-09-16 15:45:48.471,415.00643108630254,10
2024-09-16 15:45:48.475,41.50069260278341,101
2024-09-16 15:45:48.563,415.0905761734592,8
2024-09-16 15:45:48.596,415.0288433999929,100
2024-09-16 15:45:48.600,415.052669627681,1004
2024-09-16 15:45:48.644,415.0198449750864,9
2024-09-16 15:45:48.683,415.0106631103745,104
2024-09-16 15:45:48.715,414.998980438591,999
2024-09-16 15:45:48.768,415.0664447141652,100
2024-09-16 15:45:48.849,415.07628593084746,1003
2024-09-16 15:45:48.902,415.0788426502731,12
2024-09-16 15:45:48.914,415.0308178251015,11
2024-09-16 15:45:48.934,415.0376026481295,996
2024-09-16 15:45:49.021,41.50013402947554,98
2024-09-16 15:45:49.042,414.9885235935784,13
2024-09-16 15:45:49.110,414.990897653161,104
2024-09-16 15:45:49.163,415.0053876150379,100
2024-09-16 15:45:49.494,414.9652748053483,103
2024-09-16 15:45:49.522,415.0022711105171,105
2024-09-16 15:45:49.633,415.0095164364088,997
2024-09-16 15:45:49.672,414.97396659430353,14
2024-09-16 15:45:49.709,414.96984400372025,15
2024-09-16 15:45:49.849,414.9725251923415,998
2024-09-16 15:45:49.975,415.0055219391344,105
2024-09-16 15:45:50.050,415.05570564347954,11
2024-09-16 15:45:50.139,414.99283180716907,100
2024-09-16 15:45:50.146,414.9806840898346,100
2024-09-16 15:45:50.206,415.0235625593435,8
2024-09-16 15:45:50.218,415.0246429262318,10
2024-09-16 15:45:50.308,414.9929272652655,6
2024-09-16 15:45:50.367,415.004481614323,96
2024-09-16 15:45:50.377,414.98766101570766,105
2024-09-16 15:45:50.381,414.98001174174175,14
2024-09-16 15:45:50.422,415.0348948722453,7
2024-09-16 15:45:50.426,415.0342191919456,14
2024-09-16 15:45:50.442,414.98885229191393,996
2024-09-16 15:45:50.449,414.99462439408046,96
2024-09-16 15:45:50.468,414.9938153836273,98
2024-09-16 15:45:50.515,415.02488253602326,5
2024-09-16 15:45:50.534,415.0048903485424,11
2024-09-16 15:45:50.564,415.0405139490084,995
2024-09-16 15:45:50.658,-415.0263385547419,101
2024-09-16 15:45:50.678,415.0306484241419,11
2024-09-16 15:45:50.744,415.0015172638917,104
2024-09-16 15:45:50.784,415.0665419851449,1004
2024-09-16 15:45:50.814,415.0462993099248,12
2024-09-16 15:45:50.856,414.9873373468019,97
2024-09-16 15:45:51.057,415.0587808520328,100
2024-09-16 15:45:51.128,415.0527687117448,14
2024-09-16 15:45:51.354,415.06258475065937,98
2024-09-16 15:45:51.913,415.0836258399973,10
2024-09-16 15:45:52.030,415.0969057152213,996
2024-09-16 15:45:52.044,415.1232703048532,1000
2024-09-16 15:45:52.100,415.0946304437547,1004
2024-09-16 15:45:52.107,415.065908144273,13
2024-09-16 15:45:52.138,415.0784919407776,95
2024-09-16 15:45:52.233,415.07718733041673,14
2024-09-16 15:45:52.294,415.08021749026057,5
2024-09-16 15:45:52.321,415.118524583396,8
2024-09-16 15:45:52.384,415.1231984816053,98
2024-09-16 15:45:52.389,415.0990185925288,995
2024-09-16 15:45:52.418,415.0818998677028,1004
2024-09-16 15:45:52.529,415.1226409669108,104
2024-09-16 15:45:52.533,415.1113709786403,98
2024-09-16 15:45:52.537,415.0707941915338,11
2024-09-16 15:45:52.537,415.1199833548746,101
2024-09-16 15:45:52.540,415.0633618898622,96
2024-09-16 15:45:52.660,415.1084461645617,1005
2024-09-16 15:45:52.665,415.0827072546482,1003
2024-09-16 15:45:52.679,415.118126722675,99
2024-09-16 15:45:52.707,415.0543891522421,8
2024-09-16 15:45:52.783,415.10540041148295,998
2024-09-16 15:45:52.804,415.06245588796736,1003
2024-09-16 15:45:52.852,415.1035053001887,11
2024-09-16 15:45:52.874,415.06632925822106,1004
2024-09-16 15:45:52.950,415.1208009973851,998
2024-09-16 15:45:52.951,415.0829239303462,1003
2024-09-16 15:45:52.998,415.0916142851257,998
2024-09-16 15:45:53.018,415.1187371553479,997
2024-09-16 15:45:53.064,415.0954804039351,10
2024-09-16 15:45:53.150,415.11728156514926,12
2024-09-16 15:45:53.215,415.0868777412974,9
2024-09-16 15:45:53.285,415.1219455595735,1004
2024-09-16 15:45:53.496,415.1137841992224,100
2024-09-16 15:45:53.517,415.1215826553516,105
2024-09-16 15:45:53.613,415.1144507225604,997
2024-09-16 15:45:53.644,415.115551926165,15
2024-09-16 15:45:53.897,415.1135703344937,1002
2024-09-16 15:45:53.899,415.1235823692666,9
2024-09-16 15:45:53.929,415.13353882706406,95
2024-09-16 15:45:54.019,415.1356318511031,95
2024-09-16 15:45:54.021,415.0157690813254,9
2024-09-16 15:45:54.099,415.1041592202404,6
2024-09-16 15:45:54.103,415.0053582507928,11
2024-09-16 15:45:54.177,415.0704765818134,100
2024-09-16 15:45:54.189,415.03087596180944,8
2024-09-16 15:45:54.209,415.1046913927395,7
2024-09-16 15:45:54.252,415.0510193635283,102
2024-09-16 15:45:54.323,415.0312715543273,97
2024-09-16 15:45:54.415,415.0883929652804,102
2024-09-16 15:45:54.416,415.0561586837328,98
2024-09-16 15:45:54.423,415.1244726789147,5
2024-09-16 15:45:54.449,415.0497014577064,996
2024-09-16 15:45:54.534,415.0448247045737,101
2024-09-16 15:45:54.648,415.1042514704026,1003
2024-09-16 15:45:54.672,415.0284039550528,6
2024-09-16 15:45:54.676,415.06684463956776,95
2024-09-16 15:45:54.707,415.0868983633525,100
2024-09-16 15:45:54.713,415.0584713484789,999
2024-09-16 15:45:54.724,415.0274812560585,8
2024-09-16 15:45:54.798,416.5173975395977,1004
2024-09-16 15:45:54.867,415.0163432994637,100
2024-09-16 15:45:54.900,415.0289563183087,11
2024-09-16 15:45:54.942,415.1196160297279,101
2024-09-16 15:45:54.953,415.0149332609685,95
2024-09-16 15:45:54.999,415.0707412862431,1002
2024-09-16 15:45:55.025,415.14043213071614,101
2024-09-16 15:45:55.035,415.1143169464185,995
2024-09-16 15:45:55.051,41.51156358072734,13
2024-09-16 15:45:55.169,415.133385694475,14
2024-09-16 15:45:55.244,415.1188045173047,996
2024-09-16 15:45:55.296,415.12033469899376,998
2024-09-16 15:45:55.381,415.1269947911486,999
2024-09-16 15:45:55.388,415.1153098748352,105
2024-09-16 15:45:55.551,415.1164135370158,997
2024-09-16 15:45:55.625,415.1281175465195,5
2024-09-16 15:45:55.650,415.1456764476313,14
2024-09-16 15:45:55.723,415.1256780278106,5
2024-09-16 15:45:55.752,415.1432251823824,7
2024-09-16 15:45:55.768,415.1258917210404,104
2024-09-16 15:45:55.784,415.1185403329918,102
2024-09-16 15:45:55.972,415.130785549349,995
2024-09-16 15:45:57.009,415.17213254429527,1001
2024-09-16 15:45:57.059,415.1013031030836,99
2024-09-16 15:45:57.271,415.18460287672,11
2024-09-16 15:45:57.573,415.1329705955493,1005
2024-09-16 15:45:57.771,415.1538309857236,1005
2024-09-16 15:45:57.781,415.1737221614914,999
2024-09-16 15:45:57.807,415.1302617897743,1000
2024-09-16 15:45:58.021,415.1837176241119,9
2024-09-16 15:45:58.096,415.1535906992988,95
2024-09-16 15:45:58.114,415.1705811687777,9
2024-09-16 15:45:58.204,415.1920422538399,6
2024-09-16 15:45:58.279,415.1724326894638,99
2024-09-16 15:45:58.316,415.2023110968138,102
2024-09-16 15:45:58.321,415.2068180837144,7
2024-09-16 15:45:58.343,415.1280744615513,12
2024-09-16 15:45:58.375,415.1719910405248,99
2024-09-16 15:45:58.400,415.1458718858996,9
2024-09-16 15:45:58.514,415.19516132603593,103
2024-09-16 15:45:58.602,415.10296079252646,1000
2024-09-16 15:45:58.655,415.1524520924117,1003
2024-09-16 15:45:58.731,415.1697546451185,96
2024-09-16 15:45:58.795,415.1328211283882,15
2024-09-16 15:45:58.879,415.1497841067224,14
2024-09-16 15:45:58.908,415.136936383882,105
2024-09-16 15:45:58.924,415.1563899090928,996
2024-09-16 15:45:58.959,415.17129795559504,999
2024-09-16 15:45:58.969,415.1996983054731,1002
2024-09-16 15:45:59.195,415.110450098056,15
2024-09-16 15:45:59.231,415.14762380187096,10
2024-09-16 15:45:59.432,415.1280417601313,12
2024-09-16 15:45:59.533,415.1403488113885,8
2024-09-16 15:45:59.537,415.1160592757666,14
2024-09-16 15:45:59.951,415.0992437457174,1001
2024-09-16 15:45:59.960,415.1187136898994,996
