Timestamp,Price,Size
2024-09-20 14:50:00.010,430.55111735123273,13
2024-09-20 14:50:00.022,430.692541801682,98
2024-09-20 14:50:00.060,430.5357585763613,11
2024-09-20 14:50:00.132,430.5588446765151,97
2024-09-20 14:50:00.159,430.5433244856678,101
2024-09-20 14:50:00.333,430.7022328662652,1003
2024-09-20 14:50:00.358,430.7472171393886,1002
2024-09-20 14:50:00.389,430.6188227234204,12
2024-09-20 14:50:00.397,430.76205491989145,995
2024-09-20 14:50:00.408,,997
2024-09-20 14:50:00.498,430.7580189231568,103
2024-09-20 14:50:00.541,430.7149116583665,97
2024-09-20 14:50:00.547,430.7323866451108,998
2024-09-20 14:50:00.549,430.5536436585904,100
2024-09-20 14:50:00.620,430.690047731968,104
2024-09-20 14:50:00.632,430.7463351858592,95
2024-09-20 14:50:00.654,430.6511930508351,95
2024-09-20 14:50:00.676,430.5807006284783,7
2024-09-20 14:50:00.684,430.5993149022728,12
2024-09-20 14:50:00.702,430.66320557071134,98
2024-09-20 14:50:00.714,430.73990298865925,14
2024-09-20 14:50:00.780,430.6774000034064,105
2024-09-20 14:50:00.792,430.5486403135115,14
2024-09-20 14:50:00.814,430.6498907230349,5
2024-09-20 14:50:00.833,430.55470912834113,999
2024-09-20 14:50:00.871,430.56024411086753,997
2024-09-20 14:50:00.879,430.69352565600354,12
2024-09-20 14:50:00.922,430.5547258781064,10
2024-09-20 14:50:00.937,430.5851627653154,998
2024-09-20 14:50:01.055,430.5149041318272,104
2024-09-20 14:50:01.178,430.5286064893469,7
2024-09-20 14:50:01.179,430.5065823397547,6
2024-09-20 14:50:01.196,430.5292265901141,105
2024-09-20 14:50:01.270,430.5390642311066,6
2024-09-20 14:50:01.282,430.5142797956463,6
2024-09-20 14:50:01.415,430.5099680276495,1000
2024-09-20 14:50:01.592,430.532212233778,14
2024-09-20 14:50:01.596,430.53296626656334,1005
2024-09-20 14:50:01.598,430.530378225237,97
2024-09-20 14:50:01.636,430.5308320707608,102
2024-09-20 14:50:01.695,430.5298187961411,1005
2024-09-20 14:50:01.819,,102
2024-09-20 14:50:01.898,430.504330199409,15
2024-09-20 14:50:01.904,430.51797177090725,96
2024-09-20 14:50:02.113,430.5085237263382,996
2024-09-20 14:50:02.113,430.4961134176442,100
2024-09-20 14:50:02.224,430.520049573183,104
2024-09-20 14:50:02.264,430.5087826463957,11
2024-09-20 14:50:02.326,430.5767107761074,1000
2024-09-20 14:50:02.343,430.52710721642455,9
2024-09-20 14:50:02.393,430.5688975246024,1004
2024-09-20 14:50:02.445,422.6279608932798,1001
2024-09-20 14:50:02.495,430.4993506017573,996
2024-09-20 14:50:02.515,430.5840924237808,997
2024-09-20 14:50:02.549,430.5935110994172,104
2024-09-20 14:50:02.602,430.5278286444112,1005
2024-09-20 14:50:02.616,430.5631272992874,997
2024-09-20 14:50:02.622,430.56424816896913,15
2024-09-20 14:50:02.649,430.52765963821975,997
2024-09-20 14:50:02.755,430.59708789906585,97
2024-09-20 14:50:02.758,430.5517013830215,100
2024-09-20 14:50:02.774,430.521132165849,999
2024-09-20 14:50:02.824,430.5296412436063,98
2024-09-20 14:50:02.933,430.5781861624852,1000
2024-09-20 14:50:02.956,430.5438602816931,96
2024-09-20 14:50:02.960,430.5872977345909,997
2024-09-20 14:50:03.018,430.4749727908951,1002
2024-09-20 14:50:03.070,430.4804590014482,998
2024-09-20 14:50:03.100,430.5076419724483,96
2024-09-20 14:50:03.129,430.4651257081966,6
2024-09-20 14:50:03.159,430.4755427751264,102
2024-09-20 14:50:03.195,430.5077924585721,11
2024-09-20 14:50:03.322,430.513391204945,100
2024-09-20 14:50:03.444,430.48937561213495,10
2024-09-20 14:50:03.444,430.5177691753815,98
2024-09-20 14:50:03.487,430.4582224342452,8
2024-09-20 14:50:03.512,430.48468852431927,7
2024-09-20 14:50:03.524,430.5032606192015,102
2024-09-20 14:50:03.537,430.493082591744,1003
2024-09-20 14:50:03.636,430.49592089476073,999
2024-09-20 14:50:03.664,430.486650159345,101
2024-09-20 14:50:03.702,,11
2024-09-20 14:50:03.706,430.4972870285248,1003
2024-09-20 14:50:03.838,430.4842240863672,11
2024-09-20 14:50:03.868,430.5021382244832,5
2024-09-20 14:50:03.879,430.4875282737384,13
2024-09-20 14:50:04.382,430.4973902068643,105
2024-09-20 14:50:04.428,430.4991644116773,11
2024-09-20 14:50:04.454,430.4918575742065,1005
2024-09-20 14:50:05.132,430.40831233532987,14
2024-09-20 14:50:05.370,430.4597592234878,99
2024-09-20 14:50:05.444,430.4910244271588,103
2024-09-20 14:50:05.524,430.4361494438924,98
2024-09-20 14:50:05.551,430.4092673043684,1004
2024-09-20 14:50:05.620,430.3838777487293,1001
2024-09-20 14:50:05.714,430.4758314106175,5
2024-09-20 14:50:05.917,430.4164501455273,96
2024-09-20 14:50:05.995,430.3969234985403,7
2024-09-20 14:50:06.033,430.4047542230115,14
2024-09-20 14:50:06.054,430.3899612042634,995
2024-09-20 14:50:06.055,430.378608624565,13
2024-09-20 14:50:06.102,430.3692978609645,11
2024-09-20 14:50:06.116,430.4031074911563,12
2024-09-20 14:50:06.120,430.3740451694046,101
2024-09-20 14:50:06.201,430.4195177353071,100
2024-09-20 14:50:06.212,430.4164649848331,103
2024-09-20 14:50:06.223,430.3548060291861,15
2024-09-20 14:50:06.236,430.3841144676669,98
2024-09-20 14:50:06.334,422.6975619593955,10
2024-09-20 14:50:06.409,430.3294148651022,15
2024-09-20 14:50:06.424,430.3542815581648,996
2024-09-20 14:50:06.448,430.3781287677834,1003
2024-09-20 14:50:06.460,430.36600992297366,98
2024-09-20 14:50:06.469,430.4216861369053,98
2024-09-20 14:50:06.544,430.3839841523807,105
2024-09-20 14:50:06.568,430.348703522527,1002
2024-09-20 14:50:06.713,430.35434782098673,996
2024-09-20 14:50:06.726,430.4058404326881,13
2024-09-20 14:50:06.810,430.3366363012297,14
2024-09-20 14:50:06.854,430.36151247505984,101
2024-09-20 14:50:06.904,430.3957237661843,1000
2024-09-20 14:50:06.965,430.3305823080946,100
2024-09-20 14:50:06.989,430.3666265287977,14
2024-09-20 14:50:06.991,430.3421072862933,97
2024-09-20 14:50:07.292,430.36192983719206,96
2024-09-20 14:50:07.500,430.3496712772171,998
2024-09-20 14:50:07.639,430.3602687360048,1005
2024-09-20 14:50:07.757,430.3698332105314,996
2024-09-20 14:50:08.484,430.3641686487718,10
2024-09-20 14:50:08.518,430.34408575116186,100
2024-09-20 14:50:08.879,430.34260277913313,105
2024-09-20 14:50:09.630,430.3373513825508,12
2024-09-20 14:50:10.082,430.3627163169647,96
2024-09-20 14:50:10.139,430.2892666438245,103
2024-09-20 14:50:10.226,430.3331931545022,104
2024-09-20 14:50:10.230,430.3473295017748,999
2024-09-20 14:50:10.306,,1002
2024-09-20 14:50:10.389,430.34924715584873,102
2024-09-20 14:50:10.417,430.2495348521318,14
2024-09-20 14:50:10.623,430.27077592752016,1001
2024-09-20 14:50:10.688,430.3623693630237,103
2024-09-20 14:50:10.742,430.2786511603719,99
2024-09-20 14:50:10.743,430.3428458239967,100
2024-09-20 14:50:10.751,430.32609954933207,15
2024-09-20 14:50:10.836,430.35027756781545,1003
2024-09-20 14:50:10.849,43.02671716683025,97
2024-09-20 14:50:10.854,430.3660841212904,996
2024-09-20 14:50:10.888,430.28299613715706,95
2024-09-20 14:50:10.905,430.31117445011546,1000
2024-09-20 14:50:11.060,430.2361692509095,5
2024-09-20 14:50:11.197,430.20547005870014,102
2024-09-20 14:50:11.629,430.1960338743381,14
2024-09-20 14:50:11.643,430.23790085423656,998
2024-09-20 14:50:11.758,430.2324428998248,14
2024-09-20 14:50:11.859,430.2636370493968,6
2024-09-20 14:50:11.995,430.2044603773654,96
2024-09-20 14:50:12.060,430.20953999804016,8
2024-09-20 14:50:12.140,430.2158505756572,13
2024-09-20 14:50:12.243,430.204865356881,95
2024-09-20 14:50:12.273,430.223464537257,15
2024-09-20 14:50:12.375,430.1763383082293,5
2024-09-20 14:50:12.397,430.2193353584952,13
2024-09-20 14:50:12.589,430.1753904487294,8
2024-09-20 14:50:12.614,430.2140398159254,15
2024-09-20 14:50:12.615,430.22121352830834,102
2024-09-20 14:50:12.679,430.23096920822223,100
2024-09-20 14:50:12.705,430.20343228478913,15
2024-09-20 14:50:12.803,430.2146668867777,1000
2024-09-20 14:50:12.981,430.2418715037553,997
2024-09-20 14:50:12.998,430.21323307502166,1001
2024-09-20 14:50:13.534,430.210024023844,998
2024-09-20 14:50:13.623,430.2190904193045,998
2024-09-20 14:50:13.878,430.21009232838577,13
2024-09-20 14:50:14.140,430.1997966873314,995
2024-09-20 14:50:14.282,430.21694726761285,6
2024-09-20 14:50:14.325,430.2166891726356,98
2024-09-20 14:50:14.328,430.21321197961504,103
2024-09-20 14:50:14.442,430.2167984824235,14
2024-09-20 14:50:14.543,430.2311279777901,996
2024-09-20 14:50:14.611,430.21626576399257,105
2024-09-20 14:50:14.638,,7
2024-09-20 14:50:14.687,430.2342821644676,1000
2024-09-20 14:50:14.730,430.21418955298464,12
2024-09-20 14:50:14.757,430.2255523818344,1000
2024-09-20 14:50:14.962,430.2316824526014,1004
2024-09-20 14:50:15.049,430.3210584242682,1000
2024-09-20 14:50:15.119,430.26286302940696,1001
2024-09-20 14:50:15.147,430.33021449904857,7
2024-09-20 14:50:15.201,430.3039210050283,6
2024-09-20 14:50:15.291,430.2961045858311,1000
2024-09-20 14:50:15.394,430.2527346060722,998
2024-09-20 14:50:15.430,430.2959690929264,103
2024-09-20 14:50:15.485,430.2988225831597,104
2024-09-20 14:50:15.487,430.3127745363836,8
2024-09-20 14:50:15.589,-430.3085019762696,6
2024-09-20 14:50:15.840,430.2945404671512,1002
2024-09-20 14:50:15.919,430.3088099858073,995
2024-09-20 14:50:15.960,430.274426644229,1005
2024-09-20 14:50:16.228,430.3894189019536,1001
2024-09-20 14:50:16.335,430.3940050207128,95
2024-09-20 14:50:16.655,430.3595765389553,1002
2024-09-20 14:50:16.721,430.3610405986587,15
2024-09-20 14:50:16.884,430.3638981841488,1001
2024-09-20 14:50:16.888,430.34611128925695,996
2024-09-20 14:50:16.901,430.3641389601288,100
2024-09-20 14:50:16.957,430.37376225854985,995
2024-09-20 14:50:17.146,430.3833890521134,996
2024-09-20 14:50:17.163,430.377731136412,103
2024-09-20 14:50:17.245,430.3870924052569,95
2024-09-20 14:50:17.282,430.4176806913602,97
2024-09-20 14:50:17.290,430.3832617359196,99
2024-09-20 14:50:17.333,430.4204893112836,96
2024-09-20 14:50:17.339,430.4177162962543,104
2024-09-20 14:50:17.380,430.4104299689662,100
2024-09-20 14:50:17.382,430.3971609820736,999
2024-09-20 14:50:17.405,430.4008163864529,1004
2024-09-20 14:50:17.408,430.3804806251495,999
2024-09-20 14:50:17.434,430.41655062487393,100
2024-09-20 14:50:17.493,430.3968800449476,95
2024-09-20 14:50:17.503,430.3957299765225,98
2024-09-20 14:50:17.536,430.37877924335857,15
2024-09-20 14:50:17.579,430.4134025465443,13
2024-09-20 14:50:17.595,-430.4127721074747,12
2024-09-20 14:50:17.595,430.3848670009151,97
2024-09-20 14:50:17.614,430.43870668909415,1002
2024-09-20 14:50:17.646,430.42792507786345,1005
2024-09-20 14:50:17.732,430.4050732698626,8
2024-09-20 14:50:17.759,430.4258423872484,1000
2024-09-20 14:50:17.785,430.38035717748807,98
2024-09-20 14:50:17.835,430.4117394236507,996
2024-09-20 14:50:17.863,430.446386384333,999
2024-09-20 14:50:17.878,430.3917799849802,1003
2024-09-20 14:50:17.912,430.432249946994,97
2024-09-20 14:50:17.938,422.9703177675141,1004
2024-09-20 14:50:18.183,422.8940545163777,1005
2024-09-20 14:50:18.200,430.450090297978,14
2024-09-20 14:50:18.222,430.4172279967545,103
2024-09-20 14:50:18.336,430.3948237835165,102
2024-09-20 14:50:18.735,430.4564194516903,101
2024-09-20 14:50:18.928,430.4342052662096,1000
2024-09-20 14:50:19.053,430.4424146236485,1005
2024-09-20 14:50:19.148,430.43907446220015,101
2024-09-20 14:50:19.203,430.4451876508444,5
2024-09-20 14:50:19.283,430.4511905891129,98
2024-09-20 14:50:19.540,430.44863716873584,6
2024-09-20 14:50:19.604,430.4500876660041,99
2024-09-20 14:50:19.699,430.4386061192551,1001
2024-09-20 14:50:19.703,430.43533758706747,996
2024-09-20 14:50:19.800,430.45088813171634,1003
2024-09-20 14:50:19.867,430.4242462401468,14
2024-09-20 14:50:19.927,430.4557878921244,995
2024-09-20 14:50:20.013,430.4774396888861,100
2024-09-20 14:50:20.045,430.493507507972,98
2024-09-20 14:50:20.072,430.5248000366935,11
2024-09-20 14:50:20.074,430.5017337647601,1005
2024-09-20 14:50:20.138,-430.4957965995906,998
2024-09-20 14:50:20.214,430.4693893513728,13
2024-09-20 14:50:20.243,430.4915888868321,999
2024-09-20 14:50:20.271,430.5106484639285,97
2024-09-20 14:50:20.279,430.4963803881281,1002
2024-09-20 14:50:20.340,430.5253371247225,103
2024-09-20 14:50:20.385,430.5102093066855,95
2024-09-20 14:50:20.440,430.4475777207092,102
2024-09-20 14:50:20.462,430.4865355099099,7
2024-09-20 14:50:20.466,430.4988670699795,97
2024-09-20 14:50:20.630,430.5008405402481,998
2024-09-20 14:50:20.647,430.47317535844496,98
2024-09-20 14:50:20.693,430.4774002183401,5
2024-09-20 14:50:20.738,430.4960056081375,995
2024-09-20 14:50:20.756,430.5255553073656,1002
2024-09-20 14:50:20.772,430.4688532088573,105
2024-09-20 14:50:20.802,430.4925346252445,7
2024-09-20 14:50:20.804,430.4966790329733,1000
2024-09-20 14:50:20.852,430.4721463353191,13
2024-09-20 14:50:20.950,430.4945416284576,9
2024-09-20 14:50:20.965,430.51039272177184,97
2024-09-20 14:50:20.969,430.5007260914449,995
2024-09-20 14:50:20.971,430.49291474330136,98
2024-09-20 14:50:21.003,430.53617284734094,101
2024-09-20 14:50:21.008,430.4989068424173,995
2024-09-20 14:50:21.082,430.5130928063352,997
2024-09-20 14:50:21.214,430.5439327595401,997
2024-09-20 14:50:21.275,430.5380913210951,999
2024-09-20 14:50:21.546,430.5216458158068,996
2024-09-20 14:50:21.576,430.5466569704341,1002
2024-09-20 14:50:21.587,430.4989596911509,1003
2024-09-20 14:50:21.607,430.5498852624108,9
2024-09-20 14:50:21.638,430.5095955558171,1001
2024-09-20 14:50:21.897,-430.5165587260892,95
2024-09-20 14:50:21.900,422.9064299100352,997
2024-09-20 14:50:21.998,430.5395892242166,103
2024-09-20 14:50:22.012,430.5407639986538,1002
2024-09-20 14:50:22.115,430.5456641510727,1004
2024-09-20 14:50:22.158,430.51692623397474,103
2024-09-20 14:50:22.173,430.5485935115706,104
2024-09-20 14:50:22.184,430.4979994204578,12
2024-09-20 14:50:22.281,430.5046851210252,7
2024-09-20 14:50:22.292,430.5249659568247,998
2024-09-20 14:50:22.303,430.5295469447207,13
2024-09-20 14:50:22.350,430.5231407014103,1002
2024-09-20 14:50:22.362,430.5579130968365,13
2024-09-20 14:50:22.426,430.48873186293775,1003
2024-09-20 14:50:22.441,430.5105516454684,105
2024-09-20 14:50:22.603,430.542008653021,1004
2024-09-20 14:50:22.667,430.536481309848,7
2024-09-20 14:50:22.685,430.5017843641772,5
2024-09-20 14:50:22.685,430.52150760777386,1000
2024-09-20 14:50:22.801,430.5280586509531,1002
2024-09-20 14:50:22.803,430.5117531207285,97
2024-09-20 14:50:22.897,430.5594898718704,1001
2024-09-20 14:50:22.979,430.5322319083335,95
2024-09-20 14:50:23.049,430.6217129831181,105
2024-09-20 14:50:23.128,430.5333928612759,1003
2024-09-20 14:50:23.137,430.56091263766575,7
2024-09-20 14:50:23.143,430.6021812180613,7
2024-09-20 14:50:23.157,430.5793889303816,95
2024-09-20 14:50:23.167,430.60011239225145,9
2024-09-20 14:50:23.183,430.6083247401321,101
2024-09-20 14:50:23.260,430.5480382520467,97
2024-09-20 14:50:23.526,430.5860649856293,1005
2024-09-20 14:50:23.535,430.5740278713519,1000
2024-09-20 14:50:23.549,430.61043358397296,999
2024-09-20 14:50:23.582,430.50789432292174,999
2024-09-20 14:50:23.675,430.63852817113946,95
2024-09-20 14:50:23.699,430.51918852683406,8
2024-09-20 14:50:23.788,430.5942323097656,5
2024-09-20 14:50:23.810,430.5696487114864,1000
2024-09-20 14:50:23.811,430.5875874650939,103
2024-09-20 14:50:23.863,430.56907754227103,996
2024-09-20 14:50:23.878,430.51275870134384,1004
2024-09-20 14:50:23.885,430.6578312282055,1002
2024-09-20 14:50:23.990,430.5184587924877,99
2024-09-20 14:50:23.992,430.5748600551247,8
2024-09-20 14:50:24.122,430.673299640771,95
2024-09-20 14:50:24.154,430.6614604404457,11
2024-09-20 14:50:24.345,430.653252901143,105
2024-09-20 14:50:24.635,430.6801262366265,999
2024-09-20 14:50:24.799,430.6732244098288,5
2024-09-20 14:50:25.089,430.5666781277977,1002
2024-09-20 14:50:25.090,430.64173264348176,102
2024-09-20 14:50:25.125,430.5837217065715,996
2024-09-20 14:50:25.204,430.6379553318911,997
2024-09-20 14:50:25.258,430.6170654948599,997
2024-09-20 14:50:25.382,430.5550792120724,5
2024-09-20 14:50:25.399,430.57275783676994,8
2024-09-20 14:50:25.423,430.5674823280235,9
2024-09-20 14:50:25.440,430.5636360127284,105
2024-09-20 14:50:25.457,430.6221334610818,999
2024-09-20 14:50:25.499,430.5541457452765,97
2024-09-20 14:50:25.585,430.5681954973374,100
2024-09-20 14:50:25.611,430.603715521211,98
2024-09-20 14:50:25.686,430.5499416684017,1004
2024-09-20 14:50:25.797,430.5846682885523,96
2024-09-20 14:50:25.803,430.5915399930426,11
2024-09-20 14:50:25.836,430.5682292577543,105
2024-09-20 14:50:25.889,430.54538525865536,1004
2024-09-20 14:50:25.948,430.5723646848728,999
2024-09-20 14:50:26.028,430.5302846435192,1005
2024-09-20 14:50:26.033,430.56264691670754,95
2024-09-20 14:50:26.054,430.54285128816616,98
2024-09-20 14:50:26.107,430.5803474426001,12
2024-09-20 14:50:26.261,430.6034920768674,14
2024-09-20 14:50:26.279,430.5509671719698,14
2024-09-20 14:50:26.283,430.5980005838419,100
2024-09-20 14:50:26.326,430.5548354399257,103
2024-09-20 14:50:26.372,430.5770720313325,9
2024-09-20 14:50:26.379,430.56564697521065,1000
2024-09-20 14:50:26.399,430.6095825884941,995
2024-09-20 14:50:26.413,430.5422480481093,1005
2024-09-20 14:50:26.443,43.05458411252646,105
2024-09-20 14:50:26.463,430.5497363299931,1000
2024-09-20 14:50:26.471,430.6032608745946,1001
2024-09-20 14:50:26.537,430.5418599075146,103
2024-09-20 14:50:26.562,430.57296704206567,105
2024-09-20 14:50:26.568,430.5216928454123,7
2024-09-20 14:50:26.681,430.5683390880995,7
2024-09-20 14:50:26.782,430.5539377469921,12
2024-09-20 14:50:26.798,430.5550583996317,1002
2024-09-20 14:50:26.850,430.5575770553066,103
2024-09-20 14:50:26.920,430.5270784064341,997
2024-09-20 14:50:26.945,430.5512823402317,1002
2024-09-20 14:50:26.951,430.57590559866736,96
2024-09-20 14:50:27.027,430.66475928112624,15
2024-09-20 14:50:27.082,430.6960818722384,8
2024-09-20 14:50:27.161,430.54618152167353,1004
2024-09-20 14:50:27.175,430.5686302319858,997
2024-09-20 14:50:27.200,430.6192536544549,10
2024-09-20 14:50:27.216,430.57476518907424,10
2024-09-20 14:50:27.238,430.5482557209322,1001
2024-09-20 14:50:27.280,430.5589964690273,10
2024-09-20 14:50:27.281,430.6653722540879,1005
2024-09-20 14:50:27.343,430.603010073958,104
2024-09-20 14:50:27.378,430.6131617411842,15
2024-09-20 14:50:27.459,430.6295910420055,1001
2024-09-20 14:50:27.461,430.59802203967774,1004
2024-09-20 14:50:27.535,-430.622063307263,14
2024-09-20 14:50:27.661,430.6901569659754,13
2024-09-20 14:50:27.700,430.57455473970657,101
2024-09-20 14:50:27.720,430.6621918662649,14
2024-09-20 14:50:27.725,430.5818695754298,5
2024-09-20 14:50:27.744,430.556193635624,99
2024-09-20 14:50:27.756,430.6779159772239,101
2024-09-20 14:50:27.769,430.68615230806313,5
2024-09-20 14:50:27.789,430.5491003379846,15
2024-09-20 14:50:27.835,-430.6832000939052,999
2024-09-20 14:50:27.909,430.58538023877696,99
2024-09-20 14:50:28.027,430.71303466356056,98
2024-09-20 14:50:28.079,430.6887144721497,12
2024-09-20 14:50:28.091,430.7778637964431,95
2024-09-20 14:50:28.135,430.79337263807633,996
2024-09-20 14:50:28.194,430.6997257720855,103
2024-09-20 14:50:28.204,430.7662187735471,98
2024-09-20 14:50:28.237,43.07853267679889,997
2024-09-20 14:50:28.273,430.72484194653714,5
2024-09-20 14:50:28.282,430.7139885722823,104
2024-09-20 14:50:28.331,430.7191672863228,995
2024-09-20 14:50:28.353,430.7740890894276,1000
2024-09-20 14:50:28.361,430.7560858798073,1004
2024-09-20 14:50:28.381,430.7202482706516,102
2024-09-20 14:50:28.397,423.0068161293657,1005
2024-09-20 14:50:28.573,430.7378138583221,105
2024-09-20 14:50:28.641,430.70734006734057,9
2024-09-20 14:50:28.728,430.78530898374646,101
2024-09-20 14:50:28.743,-430.7360944621408,1004
2024-09-20 14:50:28.861,430.745557652108,6
2024-09-20 14:50:28.871,430.7601799145261,13
2024-09-20 14:50:28.907,430.7232562194668,8
2024-09-20 14:50:29.008,430.8236631099479,995
2024-09-20 14:50:29.145,430.7798707189231,1000
2024-09-20 14:50:29.155,430.8176119170703,104
2024-09-20 14:50:29.255,430.8557380616841,102
2024-09-20 14:50:29.291,430.8527428518792,11
2024-09-20 14:50:29.296,430.8593318868319,999
2024-09-20 14:50:29.299,430.8143084491181,7
2024-09-20 14:50:29.331,,6
2024-09-20 14:50:29.347,430.7875438302081,1002
2024-09-20 14:50:29.376,430.8019707607053,996
2024-09-20 14:50:29.377,430.7896682098054,11
2024-09-20 14:50:29.430,-430.80711469028046,102
2024-09-20 14:50:29.666,430.78193083608807,9
2024-09-20 14:50:29.712,430.7726273330047,102
2024-09-20 14:50:29.730,430.7984469653509,11
2024-09-20 14:50:29.744,430.82779466078506,1003
2024-09-20 14:50:29.944,430.8026848632233,15
2024-09-20 14:50:30.028,430.7738647618421,13
2024-09-20 14:50:30.110,430.8417844920242,14
2024-09-20 14:50:30.125,430.80991544757006,14
2024-09-20 14:50:30.170,430.7798535544387,1005
2024-09-20 14:50:30.350,430.8028949690397,95
2024-09-20 14:50:30.353,430.8471951843261,995
2024-09-20 14:50:30.476,430.82622048110096,1001
2024-09-20 14:50:30.498,430.8508818148512,995
2024-09-20 14:50:30.543,430.8419685464328,103
2024-09-20 14:50:30.555,430.8336018130704,101
2024-09-20 14:50:30.577,430.8297482803758,1001
2024-09-20 14:50:30.581,430.8357855002186,15
2024-09-20 14:50:30.670,430.8048079435612,8
2024-09-20 14:50:30.732,430.7783732845907,10
2024-09-20 14:50:30.733,430.84804410242,12
2024-09-20 14:50:30.846,430.83373693873904,5
2024-09-20 14:50:30.855,430.8147350723688,997
2024-09-20 14:50:30.856,422.9413194026498,14
2024-09-20 14:50:30.914,430.7825338750119,6
2024-09-20 14:50:30.954,430.83793352193067,1001
2024-09-20 14:50:31.036,430.8428489091183,996
2024-09-20 14:50:31.159,430.8175998013599,8
2024-09-20 14:50:31.175,422.9271034740373,5
2024-09-20 14:50:31.205,430.8581885991698,9
2024-09-20 14:50:31.231,430.81821373259817,98
2024-09-20 14:50:31.251,430.85856370306107,97
2024-09-20 14:50:31.253,430.83850070311286,11
2024-09-20 14:50:31.286,430.8109460442864,101
2024-09-20 14:50:31.350,430.8088474110292,1005
2024-09-20 14:50:31.454,430.8149751199091,99
2024-09-20 14:50:31.523,430.8157271796797,14
2024-09-20 14:50:31.536,430.8457162682623,999
2024-09-20 14:50:31.554,430.86168310591154,1001
2024-09-20 14:50:31.574,430.8487467192469,9
2024-09-20 14:50:31.696,430.86225491051135,101
2024-09-20 14:50:31.751,430.8055357786054,12
2024-09-20 14:50:31.892,430.80922261057145,11
2024-09-20 14:50:31.896,430.8149610538752,5
2024-09-20 14:50:31.924,430.8366557043681,101
2024-09-20 14:50:31.977,430.8027247696583,6
2024-09-20 14:50:32.059,422.88875512496696,1000
2024-09-20 14:50:32.279,430.9043605572356,97
2024-09-20 14:50:32.593,430.8256417950822,12
2024-09-20 14:50:32.658,,15
2024-09-20 14:50:32.698,430.8752419943236,14
2024-09-20 14:50:32.830,430.890159127486,995
2024-09-20 14:50:32.859,430.855132176748,97
2024-09-20 14:50:32.939,430.8731494334151,13
2024-09-20 14:50:33.166,430.8742312213174,7
2024-09-20 14:50:33.449,430.8851290567391,996
2024-09-20 14:50:33.628,430.87248897137744,15
2024-09-20 14:50:33.731,430.88223704500194,103
2024-09-20 14:50:34.104,430.8614451094557,995
2024-09-20 14:50:34.107,430.83187684272826,1002
2024-09-20 14:50:34.269,430.813494536832,1000
2024-09-20 14:50:34.288,430.8347939015724,1002
2024-09-20 14:50:34.534,430.8202836902942,1004
2024-09-20 14:50:34.690,430.8388675885674,14
2024-09-20 14:50:34.750,430.83186757197547,98
2024-09-20 14:50:34.869,422.8818418901304,997
2024-09-20 14:50:35.055,430.8099143724575,102
2024-09-20 14:50:35.086,430.80252624447536,14
2024-09-20 14:50:35.091,430.7852535003746,100
2024-09-20 14:50:35.107,430.816840900192,995
2024-09-20 14:50:35.277,430.78012390666703,101
2024-09-20 14:50:35.283,430.80978910398505,1002
2024-09-20 14:50:35.335,430.8017948258943,1001
2024-09-20 14:50:35.363,430.7944852207886,13
2024-09-20 14:50:35.594,430.7970750410897,996
2024-09-20 14:50:35.622,430.80679230640186,99
2024-09-20 14:50:35.844,430.8216883811808,96
2024-09-20 14:50:35.853,430.80314821755326,97
2024-09-20 14:50:36.016,430.7867312137596,998
2024-09-20 14:50:36.085,430.7350164319723,95
2024-09-20 14:50:36.151,430.8218421194992,1002
2024-09-20 14:50:36.161,430.7324537095253,103
2024-09-20 14:50:36.168,430.7657882496954,1002
2024-09-20 14:50:36.202,430.7528479910441,996
2024-09-20 14:50:36.242,430.7707110136607,995
2024-09-20 14:50:36.247,430.7404049055042,15
2024-09-20 14:50:36.256,430.8363641936837,103
2024-09-20 14:50:36.289,430.7463264530221,997
2024-09-20 14:50:36.324,430.8145864472946,998
2024-09-20 14:50:36.332,430.763803956603,103
2024-09-20 14:50:36.400,430.821391153378,1004
2024-09-20 14:50:36.441,430.7762917122717,1004
2024-09-20 14:50:36.465,,99
2024-09-20 14:50:36.468,430.7537328109018,8
2024-09-20 14:50:36.527,430.7548843178406,12
2024-09-20 14:50:36.684,430.74746660274826,995
2024-09-20 14:50:36.691,430.7822651260943,97
2024-09-20 14:50:36.712,430.7627270006928,9
2024-09-20 14:50:36.726,430.73758928560346,5
2024-09-20 14:50:36.776,430.8174257038552,103
2024-09-20 14:50:36.819,430.75039203483897,12
2024-09-20 14:50:36.842,430.7556336334046,11
2024-09-20 14:50:36.848,430.742363330099,98
2024-09-20 14:50:36.882,430.7725642634724,9
2024-09-20 14:50:37.101,430.7613943670892,101
2024-09-20 14:50:37.108,430.7355305947137,103
2024-09-20 14:50:37.149,430.7685162001529,95
2024-09-20 14:50:37.213,430.75532594563055,996
2024-09-20 14:50:37.238,430.7549789961335,95
2024-09-20 14:50:37.267,430.7599831776416,998
2024-09-20 14:50:37.321,430.7667182731241,7
2024-09-20 14:50:37.377,430.75609122636615,999
2024-09-20 14:50:37.386,430.7449243378131,1005
2024-09-20 14:50:37.437,430.7634764943411,995
2024-09-20 14:50:37.446,430.7640248737832,5
2024-09-20 14:50:37.483,430.767715287628,1005
2024-09-20 14:50:37.503,430.76827614533056,5
2024-09-20 14:50:37.688,430.7558438655069,11
2024-09-20 14:50:37.698,430.758613236256,995
2024-09-20 14:50:37.765,430.7453272725975,10
2024-09-20 14:50:37.835,430.7455905657369,9
2024-09-20 14:50:37.845,430.75869583152974,15
2024-09-20 14:50:37.853,430.7412568836557,995
2024-09-20 14:50:37.869,430.7576620814459,1002
2024-09-20 14:50:37.921,430.75898322380607,1001
2024-09-20 14:50:37.931,430.75390524206176,98
2024-09-20 14:50:37.952,430.7564426746294,14
2024-09-20 14:50:38.007,430.7877599781917,10
2024-09-20 14:50:38.049,430.7999260694284,102
2024-09-20 14:50:38.092,430.7561647752793,15
2024-09-20 14:50:38.124,430.7674388072316,104
2024-09-20 14:50:38.171,430.7712780178485,997
2024-09-20 14:50:38.225,430.80761572157655,95
2024-09-20 14:50:38.234,430.7529028249633,995
2024-09-20 14:50:38.248,430.7669808347358,101
2024-09-20 14:50:38.311,430.7975691530529,101
2024-09-20 14:50:38.383,430.7830418304299,1001
2024-09-20 14:50:38.429,430.80207058541697,100
2024-09-20 14:50:38.437,430.7970115936351,1003
2024-09-20 14:50:38.480,430.7689632316944,1002
2024-09-20 14:50:38.503,430.763367625936,104
2024-09-20 14:50:38.686,430.768716191553,15
2024-09-20 14:50:38.730,430.7680516246824,996
2024-09-20 14:50:38.748,430.7582148073011,5
2024-09-20 14:50:38.845,430.768578371977,997
2024-09-20 14:50:38.860,430.791522313695,11
2024-09-20 14:50:38.905,430.7577362664728,8
2024-09-20 14:50:38.987,430.7699768938496,103
2024-09-20 14:50:39.024,430.6959379635154,1000
2024-09-20 14:50:39.036,430.69378764415177,101
2024-09-20 14:50:39.056,430.7094915362913,11
2024-09-20 14:50:39.168,430.6943392990681,105
2024-09-20 14:50:39.321,430.7154293275864,999
2024-09-20 14:50:39.428,430.7366234453426,105
2024-09-20 14:50:39.442,,100
2024-09-20 14:50:39.529,430.7505480303643,995
2024-09-20 14:50:39.654,430.76324093677954,104
2024-09-20 14:50:39.814,430.72638979940376,7
2024-09-20 14:50:39.919,430.69496004826686,100
2024-09-20 14:50:40.019,430.7023012833481,14
2024-09-20 14:50:40.195,430.6848451706632,103
2024-09-20 14:50:40.305,430.7015846776109,1000
2024-09-20 14:50:40.652,430.702271454255,104
2024-09-20 14:50:41.047,-430.663279408328,101
2024-09-20 14:50:41.078,430.6103084936607,6
2024-09-20 14:50:41.111,430.605586210685,999
2024-09-20 14:50:41.114,430.6454751100571,99
2024-09-20 14:50:41.131,430.625580939462,11
2024-09-20 14:50:41.155,430.6479392634977,98
2024-09-20 14:50:41.376,430.62355396586906,101
2024-09-20 14:50:41.436,430.6248589788775,10
2024-09-20 14:50:41.475,430.66990996978177,104
2024-09-20 14:50:41.480,430.6323364830369,97
2024-09-20 14:50:41.720,430.6209429376267,6
2024-09-20 14:50:41.874,430.6071136212735,1005
2024-09-20 14:50:41.936,430.6629473277365,96
2024-09-20 14:50:42.011,,9
2024-09-20 14:50:42.021,430.6211733345596,5
2024-09-20 14:50:42.137,430.6149818269281,1004
2024-09-20 14:50:42.306,430.61466305581496,100
2024-09-20 14:50:42.314,430.62874853663146,95
2024-09-20 14:50:42.416,430.6308002786873,99
2024-09-20 14:50:42.467,430.6227378544394,11
2024-09-20 14:50:42.468,430.6480120560119,5
2024-09-20 14:50:42.564,430.6048107321467,95
2024-09-20 14:50:42.572,430.63493218105054,12
2024-09-20 14:50:42.607,430.62805091132697,9
2024-09-20 14:50:42.664,430.61524035922906,1001
2024-09-20 14:50:42.689,430.6013196384729,99
2024-09-20 14:50:42.735,430.6252922517011,7
2024-09-20 14:50:42.879,430.6405069051867,14
2024-09-20 14:50:42.906,430.6090900936028,14
2024-09-20 14:50:42.951,430.6243391661448,104
2024-09-20 14:50:43.035,430.61631521425846,11
2024-09-20 14:50:43.118,430.6119391100452,1004
2024-09-20 14:50:43.336,-430.6354819112079,1001
2024-09-20 14:50:43.401,430.6700987310609,998
2024-09-20 14:50:43.514,430.63101810962974,6
2024-09-20 14:50:43.520,430.626906184403,1003
2024-09-20 14:50:43.652,430.7097727164722,8
2024-09-20 14:50:43.662,430.6913659367991,7
2024-09-20 14:50:43.681,430.61139160372704,1000
2024-09-20 14:50:43.837,430.6308044847917,99
2024-09-20 14:50:43.843,430.6316789616736,96
2024-09-20 14:50:43.865,430.6310742319644,1004
2024-09-20 14:50:43.969,430.6447032627897,1002
2024-09-20 14:50:43.970,430.62447847631313,1004
2024-09-20 14:50:45.013,430.70487745590407,13
2024-09-20 14:50:45.145,430.69729979334807,104
2024-09-20 14:50:45.217,430.7061605093492,999
2024-09-20 14:50:45.500,430.70253582949647,101
2024-09-20 14:50:45.742,430.7194780461753,95
2024-09-20 14:50:45.818,430.72134226496695,15
2024-09-20 14:50:46.077,430.6868934351295,9
2024-09-20 14:50:46.086,430.6894490894406,14
2024-09-20 14:50:46.140,430.70195321070247,102
2024-09-20 14:50:46.626,43.06836580156656,12
2024-09-20 14:50:46.765,430.6932425210837,103
2024-09-20 14:50:46.811,430.7105565495802,1001
2024-09-20 14:50:46.879,430.6991371597453,1004
2024-09-20 14:50:46.967,,7
2024-09-20 14:50:47.067,430.7001415626535,102
2024-09-20 14:50:47.068,430.70502349944286,995
2024-09-20 14:50:47.180,430.70091712619234,1000
2024-09-20 14:50:47.272,430.7307568376616,997
2024-09-20 14:50:47.288,430.6856039366016,997
2024-09-20 14:50:47.303,-430.6978963569272,1003
2024-09-20 14:50:47.308,430.6790794186567,1003
2024-09-20 14:50:47.320,430.7079948908549,11
2024-09-20 14:50:47.322,430.7484943669906,14
2024-09-20 14:50:47.325,430.6873039431924,14
2024-09-20 14:50:47.335,430.7455210610552,95
2024-09-20 14:50:47.368,430.7063314516429,104
2024-09-20 14:50:47.454,430.6682974295864,11
2024-09-20 14:50:47.456,430.7196720689518,1005
2024-09-20 14:50:47.458,430.7024522688754,13
2024-09-20 14:50:47.622,430.7523945575918,15
2024-09-20 14:50:47.637,430.69468693796085,1000
2024-09-20 14:50:47.671,430.7632754861468,8
2024-09-20 14:50:47.688,430.7170799306773,99
2024-09-20 14:50:47.741,430.7576746267106,14
2024-09-20 14:50:47.752,430.73745803969246,13
2024-09-20 14:50:47.761,430.6998379954911,998
2024-09-20 14:50:47.785,430.7143142209156,96
2024-09-20 14:50:47.787,430.7099479762375,999
2024-09-20 14:50:47.789,430.7142235444686,14
2024-09-20 14:50:47.853,430.6961154270523,1005
2024-09-20 14:50:47.988,430.6831438126976,95
2024-09-20 14:50:48.023,430.72867694007095,7
2024-09-20 14:50:48.056,430.7128668695312,99
2024-09-20 14:50:48.070,430.7451224866639,5
2024-09-20 14:50:48.100,430.7494892418024,102
2024-09-20 14:50:48.160,430.7503823209831,99
2024-09-20 14:50:48.163,430.7362094768948,1001
2024-09-20 14:50:48.222,430.7529665217488,11
2024-09-20 14:50:48.237,430.7684246475288,997
2024-09-20 14:50:48.277,430.7336542787143,103
2024-09-20 14:50:48.326,430.7609851569389,15
2024-09-20 14:50:48.363,430.7388533364695,101
2024-09-20 14:50:48.449,430.74127682973455,997
2024-09-20 14:50:48.456,430.7256652581864,8
2024-09-20 14:50:48.519,430.7330698892607,12
2024-09-20 14:50:48.537,430.727755562832,1002
2024-09-20 14:50:48.548,430.7181759742063,14
2024-09-20 14:50:48.564,430.7681335399964,102
2024-09-20 14:50:48.603,430.7251445419162,1004
2024-09-20 14:50:48.620,430.7320831853205,1003
2024-09-20 14:50:48.655,430.7476421873265,1000
2024-09-20 14:50:48.687,430.7757736815497,105
2024-09-20 14:50:48.801,430.7426649693414,105
2024-09-20 14:50:48.863,430.7304228197713,103
2024-09-20 14:50:48.929,430.7587572524757,13
2024-09-20 14:50:48.995,430.7636825742191,102
2024-09-20 14:50:49.072,430.804319006545,101
2024-09-20 14:50:49.125,430.80874257552455,1002
2024-09-20 14:50:49.143,430.8018992221095,5
2024-09-20 14:50:49.162,430.7761235469856,96
2024-09-20 14:50:49.175,430.76247980399984,1001
2024-09-20 14:50:49.183,430.7421634840682,7
2024-09-20 14:50:49.200,430.7697178307697,98
2024-09-20 14:50:49.228,430.7743162687094,100
2024-09-20 14:50:49.240,430.7498406478067,97
2024-09-20 14:50:49.267,430.7612904345542,1004
2024-09-20 14:50:49.274,430.7301815752648,6
2024-09-20 14:50:49.322,430.7774737973329,1000
2024-09-20 14:50:49.327,430.7360155706323,100
2024-09-20 14:50:49.367,430.7796891066563,5
2024-09-20 14:50:49.389,430.7518241264132,995
2024-09-20 14:50:49.450,430.7413490755258,12
2024-09-20 14:50:49.514,430.7443567233899,996
2024-09-20 14:50:49.533,430.7815334803832,100
2024-09-20 14:50:49.574,430.7654010865766,103
2024-09-20 14:50:49.580,430.807792069187,1005
2024-09-20 14:50:49.606,430.755399294113,1003
2024-09-20 14:50:49.694,430.7615248874302,96
2024-09-20 14:50:49.722,430.8109507243437,998
2024-09-20 14:50:49.727,430.771205389973,1005
2024-09-20 14:50:49.728,430.7572905978959,12
2024-09-20 14:50:49.812,430.7508697508832,100
2024-09-20 14:50:49.947,430.8148447597936,96
2024-09-20 14:50:49.981,430.77406824304273,996
2024-09-20 14:50:49.993,430.752994053092,995
2024-09-20 14:50:50.015,430.78378900760856,1001
2024-09-20 14:50:50.088,430.7690442600621,100
2024-09-20 14:50:50.164,430.71952366715976,10
2024-09-20 14:50:50.175,430.72535375307103,8
2024-09-20 14:50:50.213,430.7258597247195,996
2024-09-20 14:50:50.235,430.7354594692741,100
2024-09-20 14:50:50.247,430.81391992059935,14
2024-09-20 14:50:50.275,430.7402876983341,14
2024-09-20 14:50:50.361,430.73141496290737,1002
2024-09-20 14:50:50.364,430.740525313482,9
2024-09-20 14:50:50.407,430.7130768360544,101
2024-09-20 14:50:50.515,430.7343489917295,997
2024-09-20 14:50:50.645,430.73405928630257,8
2024-09-20 14:50:50.651,430.7913461782758,96
2024-09-20 14:50:50.678,430.81536333321134,102
2024-09-20 14:50:50.699,430.7828077847037,8
2024-09-20 14:50:50.804,430.7192462119757,996
2024-09-20 14:50:50.811,430.7928987961154,10
2024-09-20 14:50:50.826,430.74498519449935,1001
2024-09-20 14:50:50.827,430.7310888703639,1001
2024-09-20 14:50:50.853,430.7103089975863,12
2024-09-20 14:50:50.868,430.7801168802824,98
2024-09-20 14:50:50.912,430.7188574028698,101
2024-09-20 14:50:50.927,430.8164711412536,98
2024-09-20 14:50:51.002,430.8956959904455,5
2024-09-20 14:50:51.022,430.9307724225159,1002
2024-09-20 14:50:51.024,430.8711322053399,101
2024-09-20 14:50:51.024,430.8181460208136,14
2024-09-20 14:50:51.070,430.8481566283365,14
2024-09-20 14:50:51.104,430.8633240664552,13
2024-09-20 14:50:51.111,430.89910568740817,1002
2024-09-20 14:50:51.177,430.8904638465918,1004
2024-09-20 14:50:51.182,430.8669021049403,11
2024-09-20 14:50:51.277,430.863257331296,995
2024-09-20 14:50:51.294,-430.8794435159834,105
2024-09-20 14:50:51.329,430.8931900228068,5
2024-09-20 14:50:51.339,430.8711232471706,7
2024-09-20 14:50:51.370,430.9017058481521,103
2024-09-20 14:50:51.545,430.8804373310445,5
2024-09-20 14:50:51.562,430.8696864681309,14
2024-09-20 14:50:51.644,430.8471302346177,103
2024-09-20 14:50:51.664,430.8151211597233,5
2024-09-20 14:50:51.701,430.8467745727485,99
2024-09-20 14:50:51.708,430.9030458989218,996
2024-09-20 14:50:51.873,430.88765340576265,1002
2024-09-20 14:50:51.948,430.9020615465506,100
2024-09-20 14:50:51.992,422.6990551799404,104
2024-09-20 14:50:52.623,430.86078268819375,8
2024-09-20 14:50:52.648,422.692896430157,1002
2024-09-20 14:50:53.029,430.8788911882284,997
2024-09-20 14:50:53.032,430.8714650901546,97
2024-09-20 14:50:53.047,430.86115888186674,104
2024-09-20 14:50:53.061,430.8565201469061,998
2024-09-20 14:50:53.147,430.8272336486214,97
2024-09-20 14:50:53.166,430.889342296676,1005
2024-09-20 14:50:53.214,430.8525270593049,1001
2024-09-20 14:50:53.247,430.8699217838536,1000
2024-09-20 14:50:53.323,430.8841646783117,1001
2024-09-20 14:50:53.368,430.86311310688455,11
2024-09-20 14:50:53.382,43.08496112889461,9
2024-09-20 14:50:53.409,430.8704277777891,5
2024-09-20 14:50:53.446,430.86647498198187,998
2024-09-20 14:50:53.477,430.868506331913,997
2024-09-20 14:50:53.480,430.8800374226824,995
2024-09-20 14:50:53.572,430.8334214818999,995
2024-09-20 14:50:53.579,430.863861142413,102
2024-09-20 14:50:53.598,430.8585110972188,11
2024-09-20 14:50:53.653,430.8346094660392,11
2024-09-20 14:50:53.660,430.8615596422297,101
2024-09-20 14:50:53.664,430.87185729039686,1002
2024-09-20 14:50:53.676,430.8436306457911,995
2024-09-20 14:50:53.679,430.8560059882595,1001
2024-09-20 14:50:53.692,430.8400056394525,6
2024-09-20 14:50:53.752,430.8298254392026,100
2024-09-20 14:50:53.771,430.88608432601495,1000
2024-09-20 14:50:53.845,430.877416665986,101
2024-09-20 14:50:53.877,430.8806194962782,5
2024-09-20 14:50:53.960,430.847247053864,1002
2024-09-20 14:50:54.030,430.8988145840858,98
2024-09-20 14:50:54.041,430.8903092163275,104
2024-09-20 14:50:54.081,430.8849177292757,98
2024-09-20 14:50:54.186,430.90446103250935,96
2024-09-20 14:50:54.200,430.8568292339069,11
2024-09-20 14:50:54.379,43.08818422996834,6
2024-09-20 14:50:54.438,430.8922878183312,104
2024-09-20 14:50:54.648,430.91134350172695,12
2024-09-20 14:50:54.682,430.916120420534,15
2024-09-20 14:50:54.699,430.86344175228254,15
2024-09-20 14:50:54.730,430.908734589575,96
2024-09-20 14:50:54.992,430.866639482754,1003
2024-09-20 14:50:55.107,430.8655099820306,100
2024-09-20 14:50:55.192,430.8741870547201,996
2024-09-20 14:50:56.008,,96
2024-09-20 14:50:56.033,430.8774463066155,995
2024-09-20 14:50:56.061,430.839942782842,8
2024-09-20 14:50:56.112,430.8664543990922,14
2024-09-20 14:50:56.158,430.81777417717336,99
2024-09-20 14:50:56.204,430.8672734594486,1001
2024-09-20 14:50:56.210,430.8777071934323,13
2024-09-20 14:50:56.296,430.86593390628025,96
2024-09-20 14:50:56.335,430.8411156307015,996
2024-09-20 14:50:56.365,430.85027222813096,5
2024-09-20 14:50:56.404,430.8557770612797,8
2024-09-20 14:50:56.430,430.8503212770525,1004
2024-09-20 14:50:56.436,430.8430615540303,998
2024-09-20 14:50:56.541,430.8576549101829,12
2024-09-20 14:50:56.546,430.8758732998693,98
2024-09-20 14:50:56.548,430.8365130372405,997
2024-09-20 14:50:56.594,430.8707493377108,997
2024-09-20 14:50:56.628,430.8397607774704,9
2024-09-20 14:50:56.660,430.8639745537549,999
2024-09-20 14:50:56.735,430.8318124746846,15
2024-09-20 14:50:56.761,430.8513023003684,1003
2024-09-20 14:50:56.772,430.8697976037156,13
2024-09-20 14:50:56.779,430.8380629534104,11
2024-09-20 14:50:56.801,430.8857501295846,11
2024-09-20 14:50:56.884,430.8282054019223,99
2024-09-20 14:50:56.914,430.885946370323,10
2024-09-20 14:50:57.013,430.85686369156775,8
2024-09-20 14:50:57.013,430.8313685761327,13
2024-09-20 14:50:57.023,430.8403751100425,98
2024-09-20 14:50:57.331,430.8099698361244,1000
2024-09-20 14:50:57.566,430.8322706842065,99
2024-09-20 14:50:57.617,430.8219607022638,15
2024-09-20 14:50:57.913,430.8323912045469,6
2024-09-20 14:50:58.050,430.8023109720783,10
2024-09-20 14:50:58.087,43.08334502240052,95
2024-09-20 14:50:58.125,430.834022734028,98
2024-09-20 14:50:58.134,430.8222573859746,100
2024-09-20 14:50:58.200,430.8477257066549,6
2024-09-20 14:50:58.206,430.82378182996615,997
2024-09-20 14:50:58.217,430.8272360526639,1001
2024-09-20 14:50:58.258,430.8272001310083,998
2024-09-20 14:50:58.336,430.8263176861591,1000
2024-09-20 14:50:58.642,430.8322467091127,100
2024-09-20 14:50:58.931,430.83546035758826,1004
2024-09-20 14:50:59.050,430.8341797556272,1004
2024-09-20 14:50:59.525,430.851386856331,999
2024-09-20 14:50:59.681,430.855166701286,1002
