Timestamp,Price,Size
2024-09-19 09:30:00.205,416.15516031151657,97
2024-09-19 09:30:00.209,416.1389657041846,14
2024-09-19 09:30:00.211,416.1167835383446,996
2024-09-19 09:30:00.552,416.1395506539176,98
2024-09-19 09:30:00.970,416.1306721328915,14
2024-09-19 09:30:01.012,416.0898385194033,997
2024-09-19 09:30:01.021,416.14338641251726,1004
2024-09-19 09:30:01.158,416.1456221375826,95
2024-09-19 09:30:01.164,416.12096264976446,101
2024-09-19 09:30:01.174,416.10968170932944,1004
2024-09-19 09:30:01.187,416.1121789650244,8
2024-09-19 09:30:01.298,416.0808782789045,104
2024-09-19 09:30:01.307,416.1113035208214,6
2024-09-19 09:30:01.327,416.091761483634,103
2024-09-19 09:30:01.384,416.1390184396368,95
2024-09-19 09:30:01.519,416.1559891598913,8
2024-09-19 09:30:01.668,416.15164443247966,999
2024-09-19 09:30:01.698,416.1345145055901,5
2024-09-19 09:30:01.759,416.1093113594487,8
2024-09-19 09:30:01.827,416.1274985058632,996
2024-09-19 09:30:01.829,416.1236492480937,13
2024-09-19 09:30:01.848,416.1184196651662,997
2024-09-19 09:30:01.949,416.1423156157941,104
2024-09-19 09:30:01.971,416.0888394590038,10
2024-09-19 09:30:02.030,416.1678077625591,102
2024-09-19 09:30:02.296,416.13042815067087,98
2024-09-19 09:30:02.436,416.1647114501875,99
2024-09-19 09:30:02.579,416.1722443658122,104
2024-09-19 09:30:02.619,416.1713362031078,999
2024-09-19 09:30:02.745,416.15805171918,102
2024-09-19 09:30:02.938,416.1436511047917,95
2024-09-19 09:30:03.278,416.1918176963373,1003
2024-09-19 09:30:03.625,416.1856234518021,14
2024-09-19 09:30:03.903,416.1861620998788,998
2024-09-19 09:30:04.115,416.12337040586766,15
2024-09-19 09:30:04.204,416.1146931531105,14
2024-09-19 09:30:04.208,416.134321383843,12
2024-09-19 09:30:04.226,416.1237039219087,995
2024-09-19 09:30:04.237,416.1501802534928,1005
2024-09-19 09:30:04.333,416.18952118764014,105
2024-09-19 09:30:04.344,416.1332521286371,14
2024-09-19 09:30:04.396,416.10094783444856,7
2024-09-19 09:30:04.551,416.12693573933296,13
2024-09-19 09:30:04.551,416.11866651247067,996
2024-09-19 09:30:04.567,416.1142206885782,10
2024-09-19 09:30:04.575,416.15189462791193,105
2024-09-19 09:30:04.660,416.1186714508535,5
2024-09-19 09:30:04.687,416.1814172022815,1004
2024-09-19 09:30:04.689,416.1194567200913,97
2024-09-19 09:30:04.696,416.1282946014349,102
2024-09-19 09:30:04.713,416.11516662909867,12
2024-09-19 09:30:04.725,416.1271187573767,1005
2024-09-19 09:30:04.769,416.15582729372994,8
2024-09-19 09:30:04.783,416.1480606039615,1003
2024-09-19 09:30:04.785,416.1248930378594,103
2024-09-19 09:30:04.889,416.1110329659612,101
2024-09-19 09:30:04.914,416.10401631172414,995
2024-09-19 09:30:05.022,416.121106971787,15
2024-09-19 09:30:05.052,416.1483854494129,10
2024-09-19 09:30:05.096,416.12352468987865,103
2024-09-19 09:30:05.126,416.1218317568562,95
2024-09-19 09:30:05.168,416.0810384349613,998
2024-09-19 09:30:05.177,416.0963981904137,105
2024-09-19 09:30:05.246,416.1341150327512,999
2024-09-19 09:30:05.269,416.1466832730592,7
2024-09-19 09:30:05.507,416.09993042594846,99
2024-09-19 09:30:05.549,416.09703336246906,6
2024-09-19 09:30:05.613,416.12095977693576,996
2024-09-19 09:30:05.626,416.1182919998682,1000
2024-09-19 09:30:05.707,416.1068935362633,1005
2024-09-19 09:30:05.996,416.1069899894272,104
2024-09-19 09:30:06.080,416.1245906183169,6
2024-09-19 09:30:06.500,416.11442512624967,103
2024-09-19 09:30:06.530,416.120030096277,99
2024-09-19 09:30:06.758,416.123631122259,103
2024-09-19 09:30:06.988,416.12786845706,96
2024-09-19 09:30:07.033,416.1261839054088,1002
2024-09-19 09:30:07.054,416.12947434946096,5
2024-09-19 09:30:07.140,416.12230687544974,1004
2024-09-19 09:30:07.190,416.1263465119576,98
2024-09-19 09:30:07.199,416.114822927945,998
2024-09-19 09:30:07.240,416.1236128976479,998
2024-09-19 09:30:07.254,416.1158825051522,7
2024-09-19 09:30:07.270,416.13513951767527,10
2024-09-19 09:30:07.423,416.132842068466,105
2024-09-19 09:30:07.465,416.1165895014335,97
2024-09-19 09:30:07.620,416.1278056163952,104
2024-09-19 09:30:07.692,416.1231591418959,14
2024-09-19 09:30:07.757,416.102680677347,13
2024-09-19 09:30:07.929,416.1166976466629,998
2024-09-19 09:30:07.935,416.128477423605,1001
2024-09-19 09:30:08.444,416.1245391131417,8
2024-09-19 09:30:08.449,416.12975402140455,6
2024-09-19 09:30:08.552,416.1105027012841,1002
2024-09-19 09:30:08.626,416.1115589617359,8
2024-09-19 09:30:09.015,416.1605878460183,1003
2024-09-19 09:30:09.133,416.145435618583,100
2024-09-19 09:30:09.199,416.1642039768221,101
2024-09-19 09:30:09.226,416.1727463813508,6
2024-09-19 09:30:09.305,416.1263762450761,6
2024-09-19 09:30:09.379,416.1486903922145,13
2024-09-19 09:30:09.480,416.1545921073623,101
2024-09-19 09:30:09.560,416.1656960624145,96
2024-09-19 09:30:09.708,416.1549312792529,995
2024-09-19 09:30:09.735,416.1284400403632,5
2024-09-19 09:30:09.925,416.1629097252714,5
2024-09-19 09:30:10.090,416.2089903224856,102
2024-09-19 09:30:10.210,416.21045774514135,1003
2024-09-19 09:30:10.215,416.2151255687552,1004
2024-09-19 09:30:10.219,416.1547978944899,12
2024-09-19 09:30:10.229,416.2131834501053,104
2024-09-19 09:30:10.357,416.1925485040969,998
2024-09-19 09:30:10.493,416.1862226452961,11
2024-09-19 09:30:10.521,416.15958523015337,98
2024-09-19 09:30:10.674,416.19892658478113,997
2024-09-19 09:30:10.706,416.21061921582526,1004
2024-09-19 09:30:10.713,416.1705864468156,103
2024-09-19 09:30:10.761,416.1505607441259,1001
2024-09-19 09:30:10.913,416.1933995452399,97
2024-09-19 09:30:11.003,416.1714219091998,5
2024-09-19 09:30:11.018,416.1648511022295,95
2024-09-19 09:30:11.023,416.15683897472144,996
2024-09-19 09:30:11.129,416.1973968071767,996
2024-09-19 09:30:11.146,41.61925880244087,100
2024-09-19 09:30:11.186,416.1742896669448,7
2024-09-19 09:30:11.227,416.1796353083077,1005
2024-09-19 09:30:11.284,416.1938553464625,997
2024-09-19 09:30:11.310,416.2020117183564,103
2024-09-19 09:30:11.331,416.1951824347432,999
2024-09-19 09:30:11.376,416.2093231730053,998
2024-09-19 09:30:11.386,416.2055497440553,999
2024-09-19 09:30:11.432,416.1522865600725,10
2024-09-19 09:30:11.520,416.1864974921767,5
2024-09-19 09:30:11.565,416.2237870876771,1002
2024-09-19 09:30:11.711,416.1868869527992,995
2024-09-19 09:30:11.876,416.191267850401,97
2024-09-19 09:30:11.879,416.2004725167792,1002
2024-09-19 09:30:11.889,416.1915155000481,96
2024-09-19 09:30:11.924,416.1889492320517,995
2024-09-19 09:30:11.934,416.2099875033683,104
2024-09-19 09:30:11.941,416.1894107488045,10
2024-09-19 09:30:11.941,416.164083059854,14
2024-09-19 09:30:11.953,416.1742016533951,997
2024-09-19 09:30:11.963,416.2283446060796,997
2024-09-19 09:30:12.066,416.185764321184,101
2024-09-19 09:30:12.189,41.62563864023473,1000
2024-09-19 09:30:12.240,416.243183605981,10
2024-09-19 09:30:12.321,416.2130151994541,14
2024-09-19 09:30:12.742,416.2238236348072,12
2024-09-19 09:30:13.168,416.23268098735457,15
2024-09-19 09:30:13.899,416.21533488546703,997
2024-09-19 09:30:14.066,416.2562543083265,95
2024-09-19 09:30:14.109,416.2434799988628,997
2024-09-19 09:30:14.111,416.2345988835021,103
2024-09-19 09:30:14.143,416.2150880256373,104
2024-09-19 09:30:14.151,41.62165607484898,12
2024-09-19 09:30:14.159,416.2473221840396,12
2024-09-19 09:30:14.192,416.19089167638697,10
2024-09-19 09:30:14.200,416.2100399765539,8
2024-09-19 09:30:14.208,416.206615440617,96
2024-09-19 09:30:14.265,416.1877997525968,998
2024-09-19 09:30:14.359,416.2261565483438,99
2024-09-19 09:30:14.365,416.225202305936,100
2024-09-19 09:30:14.402,416.2339520486324,7
2024-09-19 09:30:14.436,416.22198621333575,998
2024-09-19 09:30:14.470,416.2213981078341,997
2024-09-19 09:30:14.492,416.192357239462,98
2024-09-19 09:30:14.504,416.18890849102337,97
2024-09-19 09:30:14.508,416.2060465725948,10
2024-09-19 09:30:14.524,416.2173721866585,95
2024-09-19 09:30:14.541,416.2151606341985,8
2024-09-19 09:30:14.560,416.20512162583896,998
2024-09-19 09:30:14.653,416.1739169272959,99
2024-09-19 09:30:14.657,416.232348774064,1001
2024-09-19 09:30:14.681,416.2126290307879,1003
2024-09-19 09:30:14.682,416.2470653895005,11
2024-09-19 09:30:14.768,416.21477104047176,11
2024-09-19 09:30:14.980,416.2467896798354,1002
2024-09-19 09:30:14.995,416.1968398215471,13
2024-09-19 09:30:15.054,416.25314917311465,7
2024-09-19 09:30:15.156,416.2020103675337,13
2024-09-19 09:30:15.196,416.2545737807691,15
2024-09-19 09:30:15.248,416.2090759197489,15
2024-09-19 09:30:15.282,-416.2253720372478,997
2024-09-19 09:30:15.319,416.2034652538907,999
2024-09-19 09:30:15.322,416.216004517658,100
2024-09-19 09:30:15.387,416.21283065870233,995
2024-09-19 09:30:15.391,416.231447564596,98
2024-09-19 09:30:15.392,416.2236868595455,96
2024-09-19 09:30:15.423,416.2055479673818,102
2024-09-19 09:30:15.449,416.25098289607394,14
2024-09-19 09:30:15.463,416.2391073297205,103
2024-09-19 09:30:15.507,416.24774172082897,1005
2024-09-19 09:30:15.596,,95
2024-09-19 09:30:15.687,416.23433910760673,1003
2024-09-19 09:30:15.749,41.62570313196888,997
2024-09-19 09:30:15.818,416.2431078346778,1004
2024-09-19 09:30:16.010,416.2045844790267,12
2024-09-19 09:30:16.042,416.2157858618694,997
2024-09-19 09:30:16.145,416.21100745265966,15
2024-09-19 09:30:16.150,416.2211110855866,104
2024-09-19 09:30:16.392,416.2116122643507,5
2024-09-19 09:30:16.394,416.2067003340167,1003
2024-09-19 09:30:16.581,416.22331567792514,101
2024-09-19 09:30:16.770,416.2052966691989,15
2024-09-19 09:30:16.827,416.212682251132,1000
2024-09-19 09:30:17.020,416.1908202706212,1005
2024-09-19 09:30:17.185,416.2188842727884,1001
2024-09-19 09:30:17.214,416.1865883598217,101
2024-09-19 09:30:17.673,416.2243861430622,103
2024-09-19 09:30:17.715,416.207396425289,996
2024-09-19 09:30:17.950,416.2074321874906,15
2024-09-19 09:30:18.077,416.2228891513445,13
2024-09-19 09:30:18.134,416.21693868248656,103
2024-09-19 09:30:18.172,416.20917603761023,104
2024-09-19 09:30:18.435,416.2207321074939,1001
2024-09-19 09:30:18.504,416.2149535491136,95
2024-09-19 09:30:18.557,416.21084363724447,998
2024-09-19 09:30:18.558,416.2261400129792,103
2024-09-19 09:30:18.645,416.2279451845756,100
2024-09-19 09:30:18.655,416.2356001696728,997
2024-09-19 09:30:18.663,416.2569703696558,8
2024-09-19 09:30:18.792,416.1926919104458,999
2024-09-19 09:30:18.826,416.2122962279598,104
2024-09-19 09:30:21.003,416.1975644480234,104
2024-09-19 09:30:21.007,416.2096138109682,10
2024-09-19 09:30:21.064,416.2112434205348,998
2024-09-19 09:30:21.158,416.2079316099037,100
2024-09-19 09:30:21.177,416.24114383578944,1000
2024-09-19 09:30:21.187,416.2321931275782,1005
2024-09-19 09:30:21.281,416.2000754231143,9
2024-09-19 09:30:21.285,416.21606088396993,1005
2024-09-19 09:30:21.471,416.2047020289487,1005
2024-09-19 09:30:21.475,416.1840654692421,7
2024-09-19 09:30:21.486,416.206963487199,14
2024-09-19 09:30:21.511,416.20074155964807,101
2024-09-19 09:30:21.540,416.2238843657095,999
2024-09-19 09:30:21.564,416.203721615248,99
2024-09-19 09:30:21.842,416.2511790013606,11
2024-09-19 09:30:21.909,416.225690981454,8
2024-09-19 09:30:22.055,416.1961700490336,11
2024-09-19 09:30:22.118,416.1721595892228,95
2024-09-19 09:30:22.158,416.1999824890099,996
2024-09-19 09:30:22.161,416.1667512576785,97
2024-09-19 09:30:22.228,416.2577196894071,15
2024-09-19 09:30:22.249,416.2048624201827,998
2024-09-19 09:30:22.410,416.1777962412276,95
2024-09-19 09:30:22.418,416.16841305819366,995
2024-09-19 09:30:22.451,416.18098090311713,99
2024-09-19 09:30:22.485,416.1742374979624,1003
2024-09-19 09:30:22.500,416.1936728831059,1002
2024-09-19 09:30:22.541,416.1891727178708,98
2024-09-19 09:30:22.545,416.1953584327501,103
2024-09-19 09:30:22.628,416.18343280812576,104
2024-09-19 09:30:22.634,416.18526288352473,95
2024-09-19 09:30:22.648,416.2036784785624,5
2024-09-19 09:30:22.730,416.2093646830816,7
2024-09-19 09:30:22.781,416.2102351027998,13
2024-09-19 09:30:22.817,416.1843445098929,105
2024-09-19 09:30:22.882,416.20537145929086,15
2024-09-19 09:30:22.941,416.2490581508831,1002
2024-09-19 09:30:23.393,416.2726230212892,102
2024-09-19 09:30:23.451,416.27060736520434,96
2024-09-19 09:30:23.608,416.2533741943368,14
2024-09-19 09:30:24.052,416.28258449986834,996
2024-09-19 09:30:24.278,416.28768391397256,100
2024-09-19 09:30:24.325,416.2773314494777,1002
2024-09-19 09:30:24.342,416.2736569033107,995
2024-09-19 09:30:24.401,416.2591528635499,104
2024-09-19 09:30:24.519,416.2704757266203,999
2024-09-19 09:30:24.528,416.27444173120415,1004
2024-09-19 09:30:24.614,41.62817598849688,104
2024-09-19 09:30:24.679,416.26075655991446,11
2024-09-19 09:30:24.723,416.2869388192436,12
2024-09-19 09:30:24.753,416.2830270069661,995
2024-09-19 09:30:24.832,416.280058434268,6
2024-09-19 09:30:24.955,416.2550292960099,12
2024-09-19 09:30:25.097,416.2870754623588,998
2024-09-19 09:30:25.135,416.284228164849,12
2024-09-19 09:30:25.515,416.2665274182778,10
2024-09-19 09:30:25.809,416.2849130369986,1002
2024-09-19 09:30:25.835,416.2976643248816,15
2024-09-19 09:30:26.017,416.3253988410184,10
2024-09-19 09:30:26.021,416.36947437328087,11
2024-09-19 09:30:26.055,416.34485434078994,1003
2024-09-19 09:30:26.056,416.2963160002627,100
2024-09-19 09:30:26.099,416.3539833909597,1001
2024-09-19 09:30:26.119,416.3566081929893,99
2024-09-19 09:30:26.142,416.33291293803984,99
2024-09-19 09:30:26.172,41.63763758164024,11
2024-09-19 09:30:26.181,416.3295164881801,12
2024-09-19 09:30:26.229,416.379069105412,996
2024-09-19 09:30:26.256,416.3606623113078,101
2024-09-19 09:30:26.267,416.3396806297257,7
2024-09-19 09:30:26.334,416.3690604149484,997
2024-09-19 09:30:26.400,416.3327885350477,996
2024-09-19 09:30:26.419,416.37284713695976,996
2024-09-19 09:30:26.460,416.344362340737,98
2024-09-19 09:30:26.465,416.36485483370575,105
2024-09-19 09:30:26.506,41.63440935571214,100
2024-09-19 09:30:26.549,416.3417912054372,98
2024-09-19 09:30:26.577,416.3276129799952,14
2024-09-19 09:30:26.617,416.3499229717136,103
2024-09-19 09:30:26.632,416.3609277954778,10
2024-09-19 09:30:26.703,416.3702453593223,1005
2024-09-19 09:30:26.723,416.35605387779145,1004
2024-09-19 09:30:26.805,416.3479603605208,96
2024-09-19 09:30:26.908,416.3462076577524,100
2024-09-19 09:30:26.916,416.3581010643049,98
2024-09-19 09:30:26.963,416.3562145283788,7
2024-09-19 09:30:27.028,416.3800634442287,99
2024-09-19 09:30:27.070,416.4068054610351,1005
2024-09-19 09:30:27.086,416.3891367310607,1004
2024-09-19 09:30:27.235,416.38580084317687,104
2024-09-19 09:30:27.399,416.3886272294862,104
2024-09-19 09:30:27.423,416.39252216556,99
2024-09-19 09:30:27.490,416.3969905769175,100
2024-09-19 09:30:27.494,416.3735362448279,996
2024-09-19 09:30:27.642,416.383246162164,99
2024-09-19 09:30:27.690,416.39778663211774,104
2024-09-19 09:30:27.719,416.3880160871665,1000
2024-09-19 09:30:27.785,416.37873856599214,12
2024-09-19 09:30:27.805,416.38722499304106,14
2024-09-19 09:30:28.108,416.3462538507707,10
2024-09-19 09:30:28.119,416.3616169029656,995
2024-09-19 09:30:28.154,,102
2024-09-19 09:30:28.161,416.3202326749618,8
2024-09-19 09:30:28.272,416.3327331026232,1004
2024-09-19 09:30:28.369,416.305121025632,1000
2024-09-19 09:30:28.412,416.3057528281957,8
2024-09-19 09:30:28.665,416.344970586626,102
2024-09-19 09:30:28.706,416.3430953222568,999
2024-09-19 09:30:28.722,416.3165103770294,995
2024-09-19 09:30:28.805,416.3854391367515,997
2024-09-19 09:30:28.888,416.3502994391931,1004
2024-09-19 09:30:28.945,416.3606050657075,1002
2024-09-19 09:30:28.957,416.35677481188185,11
2024-09-19 09:30:30.008,416.3070288799319,101
2024-09-19 09:30:30.018,416.30893288234057,9
2024-09-19 09:30:30.091,416.30166914960586,6
2024-09-19 09:30:30.109,416.3086917417159,105
2024-09-19 09:30:30.128,416.3203431987227,997
2024-09-19 09:30:30.205,-416.28752683803054,1001
2024-09-19 09:30:30.329,416.2936483370655,15
2024-09-19 09:30:30.432,416.3168243694696,8
2024-09-19 09:30:30.501,416.3364696573943,97
2024-09-19 09:30:30.690,416.2958972765218,8
2024-09-19 09:30:30.720,416.31174483770366,95
2024-09-19 09:30:30.725,416.31383318973775,1002
2024-09-19 09:30:30.771,416.3149727529334,8
2024-09-19 09:30:30.814,416.3268419671238,1001
2024-09-19 09:30:30.899,416.3136310801888,97
2024-09-19 09:30:30.909,41.63028570384322,15
2024-09-19 09:30:30.911,416.2971446165718,13
2024-09-19 09:30:30.958,416.3225535597585,12
2024-09-19 09:30:30.961,416.3032066982721,104
2024-09-19 09:30:31.112,416.3584904447802,14
2024-09-19 09:30:31.221,416.3377022091673,97
2024-09-19 09:30:31.242,416.3376964889197,1003
2024-09-19 09:30:31.350,416.330457382,102
2024-09-19 09:30:31.401,416.3486990887403,99
2024-09-19 09:30:31.704,416.2895007942351,13
2024-09-19 09:30:31.799,416.3497184539393,96
2024-09-19 09:30:31.823,416.3088357970445,1005
2024-09-19 09:30:31.895,416.29962927722255,14
2024-09-19 09:30:31.903,416.3072481661789,99
2024-09-19 09:30:31.913,416.3415579023709,999
2024-09-19 09:30:31.918,416.3619824076449,14
2024-09-19 09:30:31.955,416.3196005941351,95
2024-09-19 09:30:31.968,416.3320990924301,11
2024-09-19 09:30:31.973,416.3471972443021,999
2024-09-19 09:30:32.686,416.2761814537608,997
2024-09-19 09:30:32.980,-416.28764103565976,1000
2024-09-19 09:30:33.746,416.2779900192872,105
2024-09-19 09:30:35.228,416.3219084056384,996
2024-09-19 09:30:35.313,416.32318210652977,15
2024-09-19 09:30:35.376,416.28875272990354,1003
2024-09-19 09:30:35.433,416.2848859595441,15
2024-09-19 09:30:35.446,416.3040288052069,1000
2024-09-19 09:30:35.518,416.3219819753394,1002
2024-09-19 09:30:35.623,416.3422899058373,105
2024-09-19 09:30:35.645,416.3238991368961,100
2024-09-19 09:30:35.658,416.32341653846873,995
2024-09-19 09:30:35.723,416.3129955948606,5
2024-09-19 09:30:35.749,416.3310292974215,10
2024-09-19 09:30:35.959,416.2973963878878,996
2024-09-19 09:30:36.033,416.33646168758,97
2024-09-19 09:30:36.127,416.2848067523982,999
2024-09-19 09:30:36.133,416.31911533039846,98
2024-09-19 09:30:36.179,416.3038143365534,1003
2024-09-19 09:30:36.189,416.3341387451469,1001
2024-09-19 09:30:36.196,416.3019201162414,14
2024-09-19 09:30:36.214,416.3207990847598,7
2024-09-19 09:30:36.258,416.34544601608513,13
2024-09-19 09:30:36.346,416.3238831805045,5
2024-09-19 09:30:36.524,416.3237984795479,1003
2024-09-19 09:30:36.596,416.3614730199774,10
2024-09-19 09:30:36.612,416.3187146460322,998
2024-09-19 09:30:36.713,416.3218119671017,99
2024-09-19 09:30:36.781,416.3515699878414,102
2024-09-19 09:30:36.973,416.3078580622145,102
2024-09-19 09:30:37.015,416.3058331011342,1003
2024-09-19 09:30:37.048,416.3172108283536,1003
2024-09-19 09:30:37.550,416.3218128098643,99
2024-09-19 09:30:37.739,416.32002357416167,100
2024-09-19 09:30:37.808,416.3221384499993,10
2024-09-19 09:30:37.870,416.3413647344999,1004
2024-09-19 09:30:37.946,416.3085249062902,1002
2024-09-19 09:30:38.048,416.3432606743189,7
2024-09-19 09:30:38.092,416.3558947187741,100
2024-09-19 09:30:38.150,416.3356087009304,13
2024-09-19 09:30:38.339,416.3345004478962,998
2024-09-19 09:30:38.370,416.3570566526164,997
2024-09-19 09:30:38.434,416.3348086382842,12
2024-09-19 09:30:38.462,416.34672301383057,999
2024-09-19 09:30:38.486,416.3620001236801,996
2024-09-19 09:30:38.506,416.3132678533772,5
2024-09-19 09:30:38.514,416.3306893515783,104
2024-09-19 09:30:38.538,416.3146972765211,102
2024-09-19 09:30:38.539,416.3486793671917,1003
2024-09-19 09:30:38.561,416.3617002444938,1003
2024-09-19 09:30:38.685,416.34759778313065,10
2024-09-19 09:30:38.712,416.3296007741826,15
2024-09-19 09:30:38.858,416.3416979040773,1001
2024-09-19 09:30:38.875,416.3445779884992,95
2024-09-19 09:30:38.906,416.3227522459522,100
2024-09-19 09:30:38.916,416.360964443278,97
2024-09-19 09:30:38.978,416.3400233617197,8
2024-09-19 09:30:38.997,416.348878007222,998
2024-09-19 09:30:39.340,416.32375553538174,9
2024-09-19 09:30:39.828,416.3259268624511,12
2024-09-19 09:30:39.930,416.3163411772754,15
2024-09-19 09:30:40.299,416.3348407399009,6
2024-09-19 09:30:41.138,416.3024389279389,6
2024-09-19 09:30:41.176,416.3021447343006,14
2024-09-19 09:30:41.177,,98
2024-09-19 09:30:41.223,416.32277244335967,1001
2024-09-19 09:30:41.248,416.327789872312,999
2024-09-19 09:30:41.325,416.3149560908841,1003
2024-09-19 09:30:41.392,416.3393636954093,1005
2024-09-19 09:30:41.427,416.3148420067749,6
2024-09-19 09:30:41.447,416.3071085280444,997
2024-09-19 09:30:41.459,416.29969745835,997
2024-09-19 09:30:41.479,416.3296562195451,1002
2024-09-19 09:30:41.500,416.3436518427894,104
2024-09-19 09:30:41.507,416.35012976451407,1003
2024-09-19 09:30:41.522,416.3094085231971,997
2024-09-19 09:30:41.522,416.2903274470494,1000
2024-09-19 09:30:41.593,416.337293721815,995
2024-09-19 09:30:41.624,416.3134257593596,98
2024-09-19 09:30:41.663,416.3326495310452,7
2024-09-19 09:30:41.731,416.3119461037848,998
2024-09-19 09:30:41.770,416.32868562044473,14
2024-09-19 09:30:41.771,416.3247224682056,97
2024-09-19 09:30:41.801,41.634295827228456,5
2024-09-19 09:30:41.820,416.3271038605101,15
2024-09-19 09:30:41.848,416.3171254123588,100
2024-09-19 09:30:41.871,416.29464789805934,8
2024-09-19 09:30:41.886,416.3212360882584,97
2024-09-19 09:30:41.924,416.3292961595452,1003
2024-09-19 09:30:42.126,416.2983714875465,13
2024-09-19 09:30:42.197,416.3222097784864,997
2024-09-19 09:30:42.219,416.280846002678,7
2024-09-19 09:30:42.354,416.2658254624589,7
2024-09-19 09:30:42.388,416.2665192278768,102
2024-09-19 09:30:42.479,416.2695666744791,96
2024-09-19 09:30:42.524,416.28965251973534,998
2024-09-19 09:30:42.559,416.2989581400161,1003
2024-09-19 09:30:42.831,416.2747203904556,98
2024-09-19 09:30:42.852,416.3009428950424,997
2024-09-19 09:30:42.891,416.2953496256053,7
2024-09-19 09:30:42.991,416.31319728180335,10
2024-09-19 09:30:43.199,416.3165292292367,6
2024-09-19 09:30:43.486,416.3025394900748,7
2024-09-19 09:30:43.618,416.3072184854304,8
2024-09-19 09:30:43.998,416.31808185597225,99
2024-09-19 09:30:44.008,416.334291610156,998
2024-09-19 09:30:44.197,416.3482897383848,6
2024-09-19 09:30:44.199,416.35633055442094,1004
2024-09-19 09:30:44.208,416.3739739649415,99
2024-09-19 09:30:44.214,416.3787197312426,995
2024-09-19 09:30:44.268,416.3306003839518,995
2024-09-19 09:30:44.283,416.3736961549457,1001
2024-09-19 09:30:44.288,-416.314519763149,995
2024-09-19 09:30:44.318,416.3336976253156,999
2024-09-19 09:30:44.368,416.3595956119853,1000
2024-09-19 09:30:44.401,416.3669988886836,5
2024-09-19 09:30:44.551,416.4002513225692,95
2024-09-19 09:30:44.617,416.3636761419864,95
2024-09-19 09:30:44.630,416.3775664341719,14
2024-09-19 09:30:44.676,416.33454437278806,10
2024-09-19 09:30:44.698,416.3492067727413,105
2024-09-19 09:30:44.714,416.3717305602768,95
2024-09-19 09:30:44.759,416.3752524834831,95
2024-09-19 09:30:44.767,416.389450326211,1004
2024-09-19 09:30:44.778,416.3923644339157,1001
2024-09-19 09:30:44.797,416.3194618640694,1003
2024-09-19 09:30:44.823,416.321538876613,98
2024-09-19 09:30:44.917,416.3715918761424,9
2024-09-19 09:30:45.025,416.3825743083276,1003
2024-09-19 09:30:45.032,416.3693063612445,1004
2024-09-19 09:30:45.106,416.3809310755996,98
2024-09-19 09:30:45.110,416.3805252931764,1003
2024-09-19 09:30:45.147,416.3949506657709,6
2024-09-19 09:30:45.156,416.37997923537176,98
2024-09-19 09:30:45.171,416.3926012972474,1002
2024-09-19 09:30:45.186,416.4104618778335,1001
2024-09-19 09:30:45.251,416.3932508128735,12
2024-09-19 09:30:45.311,416.3687636920172,1001
2024-09-19 09:30:45.333,416.3901349277803,96
2024-09-19 09:30:45.417,416.40267248946776,103
2024-09-19 09:30:45.443,,99
2024-09-19 09:30:45.498,416.3827797808488,1003
2024-09-19 09:30:45.579,416.3841755930195,14
2024-09-19 09:30:45.648,416.38228470477344,12
2024-09-19 09:30:45.694,416.3751441936092,1001
2024-09-19 09:30:45.816,416.3957600329082,11
2024-09-19 09:30:45.831,416.3945772449531,995
2024-09-19 09:30:45.833,416.3616146829861,101
2024-09-19 09:30:45.947,416.36823876440207,8
2024-09-19 09:30:45.970,416.3686440829224,103
2024-09-19 09:30:46.159,416.3902834987629,102
2024-09-19 09:30:46.215,416.386371663503,1004
2024-09-19 09:30:46.259,416.41149692222393,5
2024-09-19 09:30:46.345,416.38996997586713,11
2024-09-19 09:30:46.348,416.396618011572,5
2024-09-19 09:30:46.408,416.3907896887839,5
2024-09-19 09:30:46.428,416.3937748115234,95
2024-09-19 09:30:46.434,416.3965297662795,95
2024-09-19 09:30:46.458,416.4168854222669,9
2024-09-19 09:30:46.494,416.3948014579648,10
2024-09-19 09:30:46.524,416.39816091813,1005
2024-09-19 09:30:46.613,416.3853789862487,15
2024-09-19 09:30:46.661,416.4137531042116,999
2024-09-19 09:30:46.661,416.3854405946132,8
2024-09-19 09:30:46.726,416.4107241038166,11
2024-09-19 09:30:46.759,416.38428622505535,11
2024-09-19 09:30:46.935,416.38012247576,1002
2024-09-19 09:30:46.936,416.3845834114627,105
2024-09-19 09:30:46.960,416.38737914006174,999
2024-09-19 09:30:47.022,416.3812103846643,1000
2024-09-19 09:30:47.050,416.3633999527901,95
2024-09-19 09:30:47.080,416.3703651552704,96
2024-09-19 09:30:47.091,416.3816134636375,1004
2024-09-19 09:30:47.140,416.3874620055322,9
2024-09-19 09:30:47.202,416.3666998965596,8
2024-09-19 09:30:47.202,416.37740921182177,7
2024-09-19 09:30:47.261,416.3774062088805,105
2024-09-19 09:30:47.278,416.4047761849203,14
2024-09-19 09:30:47.314,416.3614022743162,15
2024-09-19 09:30:47.347,416.3671832992652,12
2024-09-19 09:30:47.381,416.38931064740456,5
2024-09-19 09:30:47.429,416.38825815088137,103
2024-09-19 09:30:47.457,416.3602559787302,14
2024-09-19 09:30:47.518,416.3844495159168,995
2024-09-19 09:30:47.539,416.3728967918268,12
2024-09-19 09:30:47.553,416.3962881269953,998
2024-09-19 09:30:47.560,416.39228916603327,95
2024-09-19 09:30:47.602,416.3991538351215,1003
2024-09-19 09:30:47.604,416.3590558755353,105
2024-09-19 09:30:47.607,416.3825452962822,1003
2024-09-19 09:30:47.619,416.3943259076934,10
2024-09-19 09:30:47.648,416.36639292654826,5
2024-09-19 09:30:47.698,416.3871074859537,12
2024-09-19 09:30:47.722,416.3606087777718,96
2024-09-19 09:30:47.744,416.3935400236021,8
2024-09-19 09:30:47.747,416.4095409945375,100
2024-09-19 09:30:47.777,416.3863447640758,101
2024-09-19 09:30:47.837,416.41234391094014,1005
2024-09-19 09:30:47.999,416.3941475278459,1005
2024-09-19 09:30:48.033,416.4413757136752,6
2024-09-19 09:30:48.116,416.3950401541912,101
2024-09-19 09:30:48.149,416.4248419107268,1004
2024-09-19 09:30:48.286,416.41752600930425,15
2024-09-19 09:30:48.286,,12
2024-09-19 09:30:48.343,416.41258561678825,6
2024-09-19 09:30:48.352,416.4298712117232,98
2024-09-19 09:30:48.363,416.4199548231408,95
2024-09-19 09:30:48.363,416.36175408385566,99
2024-09-19 09:30:48.467,416.3743466322466,5
2024-09-19 09:30:48.490,416.3915232132629,14
2024-09-19 09:30:48.561,416.37539596431145,105
2024-09-19 09:30:48.642,416.4296687055571,11
2024-09-19 09:30:48.671,416.46707351717686,995
2024-09-19 09:30:48.681,416.4482114555923,95
2024-09-19 09:30:48.830,416.3854063195382,13
2024-09-19 09:30:48.850,416.3625973876805,99
2024-09-19 09:30:48.895,416.4088493414766,1003
2024-09-19 09:30:48.937,416.4299417742197,11
2024-09-19 09:30:48.977,416.4491330620436,997
2024-09-19 09:30:49.007,416.5202236885537,9
2024-09-19 09:30:49.052,416.5077087920648,999
2024-09-19 09:30:49.109,416.47672570512697,7
2024-09-19 09:30:49.116,416.4690969211554,102
2024-09-19 09:30:49.163,416.4903680995301,5
2024-09-19 09:30:49.193,416.4828636233744,1005
2024-09-19 09:30:49.217,416.4789618534698,1005
2024-09-19 09:30:49.250,416.48112943567673,997
2024-09-19 09:30:49.275,416.4929368087408,99
2024-09-19 09:30:49.308,41.65158258759472,104
2024-09-19 09:30:49.357,416.4679658788568,1003
2024-09-19 09:30:49.468,416.48454856963247,14
2024-09-19 09:30:49.503,416.4798502673684,10
2024-09-19 09:30:49.555,416.4730443929077,99
2024-09-19 09:30:49.579,41.64906331743141,13
2024-09-19 09:30:49.685,416.4678512597747,998
2024-09-19 09:30:49.701,416.49766848473496,5
2024-09-19 09:30:49.837,416.4781070259155,1005
2024-09-19 09:30:49.841,416.4805414314347,8
2024-09-19 09:30:49.894,416.5001549685777,11
2024-09-19 09:30:49.911,416.48718819043046,13
2024-09-19 09:30:49.997,416.5132849680673,995
2024-09-19 09:30:50.000,416.5103701966376,13
2024-09-19 09:30:50.049,416.52091011653766,6
2024-09-19 09:30:50.084,416.51049603917056,95
2024-09-19 09:30:50.153,416.5148794904268,104
2024-09-19 09:30:50.188,416.5139609732245,100
2024-09-19 09:30:50.242,416.5059307715052,998
2024-09-19 09:30:50.255,416.5202362667733,9
2024-09-19 09:30:50.278,416.5074455156595,1003
2024-09-19 09:30:50.280,416.5100267982851,1004
2024-09-19 09:30:50.313,416.5047703161528,1003
2024-09-19 09:30:50.320,416.5104388083516,98
2024-09-19 09:30:50.327,416.5130787709508,995
2024-09-19 09:30:50.374,416.49506399996886,104
2024-09-19 09:30:50.487,416.5103093808187,9
2024-09-19 09:30:50.507,416.5039420651546,104
2024-09-19 09:30:50.517,416.4896228081776,8
2024-09-19 09:30:50.658,416.499687272982,97
2024-09-19 09:30:50.694,416.5246608926423,103
2024-09-19 09:30:50.712,416.4946438550589,1005
2024-09-19 09:30:50.715,416.4974878848141,11
2024-09-19 09:30:50.738,,7
2024-09-19 09:30:50.779,416.49743522621327,7
2024-09-19 09:30:50.846,416.488533528852,1000
2024-09-19 09:30:50.854,416.5006094311693,97
2024-09-19 09:30:50.855,416.4986944573586,1001
2024-09-19 09:30:50.867,416.5041597073524,998
2024-09-19 09:30:51.043,416.52641518155406,97
2024-09-19 09:30:51.185,416.5529678153733,997
2024-09-19 09:30:51.352,416.5325848727401,5
2024-09-19 09:30:51.482,416.50639887988297,105
2024-09-19 09:30:51.521,416.5001084749788,1001
2024-09-19 09:30:51.605,416.5128020291434,8
2024-09-19 09:30:51.626,416.5226801980564,11
2024-09-19 09:30:51.668,416.5310453065549,100
2024-09-19 09:30:51.713,416.4995457495835,7
2024-09-19 09:30:51.737,416.528859676176,1004
2024-09-19 09:30:51.796,416.5220748169704,105
2024-09-19 09:30:51.892,416.5346861508863,14
2024-09-19 09:30:52.208,416.5043734276196,98
2024-09-19 09:30:52.319,416.4990146698236,1005
2024-09-19 09:30:52.595,416.49287329559405,1004
2024-09-19 09:30:52.994,416.4886972386968,1003
2024-09-19 09:30:53.130,416.4567733563944,997
2024-09-19 09:30:53.152,416.40047943327744,10
2024-09-19 09:30:53.176,416.4893614173901,1002
2024-09-19 09:30:53.189,416.41967188731263,995
2024-09-19 09:30:53.214,416.39388237783805,99
2024-09-19 09:30:53.340,416.4138719970444,998
2024-09-19 09:30:53.355,416.4816878587452,1003
2024-09-19 09:30:53.362,416.4051683945372,8
2024-09-19 09:30:53.437,416.49918965370495,96
2024-09-19 09:30:53.624,416.49090341645257,10
2024-09-19 09:30:53.653,416.4906600356671,105
2024-09-19 09:30:53.665,416.487140203348,997
2024-09-19 09:30:53.757,416.4360013071209,95
2024-09-19 09:30:53.907,416.49831574468186,1001
2024-09-19 09:30:53.951,416.4267532726888,10
2024-09-19 09:30:54.015,416.3628934698405,1000
2024-09-19 09:30:54.035,416.37184729611073,11
2024-09-19 09:30:54.072,416.3965747651377,11
2024-09-19 09:30:54.105,416.3550801524445,999
2024-09-19 09:30:54.124,416.380746788206,102
2024-09-19 09:30:54.211,416.3962946755527,9
2024-09-19 09:30:54.212,416.4130666305874,1000
2024-09-19 09:30:54.279,416.415697718938,998
2024-09-19 09:30:54.315,416.385261202144,103
2024-09-19 09:30:54.353,416.3748061228111,1002
2024-09-19 09:30:54.396,416.4278741234514,99
2024-09-19 09:30:54.409,416.43259895824553,9
2024-09-19 09:30:54.518,416.3217076652126,100
2024-09-19 09:30:54.520,416.4053932218727,97
2024-09-19 09:30:54.531,416.3811382069521,7
2024-09-19 09:30:54.546,416.3791363551405,98
2024-09-19 09:30:54.591,416.3947925556394,9
2024-09-19 09:30:54.602,416.38856250445,103
2024-09-19 09:30:54.678,416.3746170214,1002
2024-09-19 09:30:54.700,416.4063971540092,96
2024-09-19 09:30:54.775,416.3875176465012,7
2024-09-19 09:30:54.838,416.3208145337066,15
2024-09-19 09:30:54.844,416.3947908804252,15
2024-09-19 09:30:54.864,416.356223712086,12
2024-09-19 09:30:54.905,416.351147389552,999
2024-09-19 09:30:54.952,416.4299633316512,11
2024-09-19 09:30:55.000,416.3847319975123,99
2024-09-19 09:30:55.232,416.3478490749064,1005
2024-09-19 09:30:55.518,416.358941926076,1004
2024-09-19 09:30:55.522,416.3378573448423,1000
2024-09-19 09:30:55.588,416.3804214587884,98
2024-09-19 09:30:56.031,416.4086508155514,1002
2024-09-19 09:30:56.058,416.4189609307514,104
2024-09-19 09:30:56.278,416.39980343520006,100
2024-09-19 09:30:56.346,416.378940080116,13
2024-09-19 09:30:56.358,416.3876253230847,1005
2024-09-19 09:30:56.495,416.3953187787642,1005
2024-09-19 09:30:56.530,416.3815041643721,100
2024-09-19 09:30:56.593,41.63780529504403,98
2024-09-19 09:30:56.671,416.40853246604553,104
2024-09-19 09:30:56.696,416.3950344217987,995
2024-09-19 09:30:56.743,416.4368262976461,7
2024-09-19 09:30:56.744,416.42627073106223,1004
2024-09-19 09:30:56.744,-416.4406581005793,9
2024-09-19 09:30:56.916,416.42942173014274,7
2024-09-19 09:30:56.958,416.4303893112426,1001
2024-09-19 09:30:57.000,416.43929889189866,5
2024-09-19 09:30:57.092,416.4505867484201,1002
2024-09-19 09:30:57.092,416.4178090684912,9
2024-09-19 09:30:57.116,416.44725602895744,1000
2024-09-19 09:30:57.128,416.4511599666442,100
2024-09-19 09:30:57.159,416.43684427919794,99
2024-09-19 09:30:57.180,416.4385144012796,11
2024-09-19 09:30:57.196,416.4317457772107,96
2024-09-19 09:30:57.207,416.4437743408543,5
2024-09-19 09:30:57.217,416.44128905993074,15
2024-09-19 09:30:57.264,416.4426288311829,995
2024-09-19 09:30:57.268,416.4565479135961,1001
2024-09-19 09:30:57.294,416.4083743200862,13
2024-09-19 09:30:57.376,416.4324352873779,995
2024-09-19 09:30:57.377,416.396114162756,104
2024-09-19 09:30:57.403,416.4104173556175,1003
2024-09-19 09:30:57.488,416.4221805684989,6
2024-09-19 09:30:57.502,416.4418823439791,995
2024-09-19 09:30:57.530,416.43006265646505,997
2024-09-19 09:30:57.537,416.4295477957428,12
2024-09-19 09:30:57.575,416.4393152984731,1001
2024-09-19 09:30:57.617,416.4310014337685,11
2024-09-19 09:30:57.636,416.4578476989193,5
2024-09-19 09:30:57.666,416.4363622050404,96
2024-09-19 09:30:57.727,416.4310420416109,1004
2024-09-19 09:30:57.840,416.455107864862,1004
2024-09-19 09:30:57.992,416.4607937876956,7
2024-09-19 09:30:58.010,416.3635872817712,100
2024-09-19 09:30:58.052,416.374635935136,14
2024-09-19 09:30:58.088,416.3366574338989,102
2024-09-19 09:30:58.198,416.3444559996862,997
2024-09-19 09:30:58.208,416.3713279013325,1004
2024-09-19 09:30:58.214,416.3762394667908,99
2024-09-19 09:30:58.306,416.3674146578725,10
2024-09-19 09:30:58.327,416.3587199375453,104
2024-09-19 09:30:58.378,416.4651381344032,1001
2024-09-19 09:30:58.536,416.4170964584313,97
2024-09-19 09:30:58.578,416.33786872628,1004
2024-09-19 09:30:58.591,416.4014324618056,9
2024-09-19 09:30:58.610,416.3569537405938,100
2024-09-19 09:30:58.646,416.3563894283866,14
2024-09-19 09:30:58.654,416.3357471953643,104
2024-09-19 09:30:58.716,416.3856783231447,1004
2024-09-19 09:30:58.755,416.3547726253048,9
2024-09-19 09:30:58.866,416.4488502129682,995
2024-09-19 09:30:58.918,-416.3740075734934,103
2024-09-19 09:30:58.920,416.4498375976053,1000
2024-09-19 09:30:58.924,416.42634014915234,996
2024-09-19 09:30:58.945,416.434263983714,8
2024-09-19 09:30:58.950,416.37085722795655,9
2024-09-19 09:30:58.970,416.4248637131131,997
2024-09-19 09:30:59.137,416.3381426383073,1005
2024-09-19 09:30:59.211,416.3004798897126,105
2024-09-19 09:30:59.241,416.3600660732608,96
2024-09-19 09:30:59.302,416.39487457607294,102
2024-09-19 09:30:59.359,416.3858129538265,100
2024-09-19 09:30:59.364,416.3932915235169,11
2024-09-19 09:30:59.432,416.4002866958049,10
2024-09-19 09:30:59.482,416.3229104432023,104
2024-09-19 09:30:59.537,416.372916467602,995
2024-09-19 09:30:59.622,416.33359710747993,10
2024-09-19 09:30:59.643,416.3429936830225,995
2024-09-19 09:30:59.684,416.3684266173081,101
2024-09-19 09:30:59.690,416.3728814864072,95
2024-09-19 09:30:59.691,416.33782742509374,103
2024-09-19 09:30:59.725,416.3846502716856,11
2024-09-19 09:30:59.802,416.31308953605424,995
2024-09-19 09:30:59.810,416.319946069048,96
2024-09-19 09:30:59.818,416.3467292308336,999
2024-09-19 09:30:59.828,416.3338792379472,14
2024-09-19 09:30:59.940,416.4046778286693,13
2024-09-19 09:30:59.997,416.3072128390799,6
