Timestamp,Price,Size
2024-09-19 15:54:00.142,419.9841223555419,9
2024-09-19 15:54:00.211,419.96398805584687,7
2024-09-19 15:54:00.253,419.97826158602106,8
2024-09-19 15:54:00.279,419.96786351870094,1001
2024-09-19 15:54:00.334,419.9836780920799,7
2024-09-19 15:54:00.560,419.957862780346,105
2024-09-19 15:54:00.735,419.97112366643785,1004
2024-09-19 15:54:00.909,419.94873911518187,995
2024-09-19 15:54:01.067,419.9453089946408,104
2024-09-19 15:54:01.155,419.98094833992,105
2024-09-19 15:54:01.158,419.9690718345804,1002
2024-09-19 15:54:01.159,419.9587376702003,997
2024-09-19 15:54:01.357,419.9910286701051,12
2024-09-19 15:54:01.410,419.9704034286409,103
2024-09-19 15:54:01.442,419.9592834025258,1002
2024-09-19 15:54:01.575,419.9287617880907,7
2024-09-19 15:54:01.605,419.95940924752784,1000
2024-09-19 15:54:01.631,419.9761093832996,7
2024-09-19 15:54:01.685,419.9753801621943,999
2024-09-19 15:54:01.687,420.0001678943893,998
2024-09-19 15:54:01.735,419.94714735421735,105
2024-09-19 15:54:01.772,419.9443508813642,12
2024-09-19 15:54:01.848,419.9860560973066,996
2024-09-19 15:54:01.860,419.97570129146544,9
2024-09-19 15:54:01.876,420.01543369111306,11
2024-09-19 15:54:01.977,419.98090493354925,1001
2024-09-19 15:54:01.990,420.004687215538,6
2024-09-19 15:54:02.009,420.0180320357907,9
2024-09-19 15:54:02.038,419.9923661621724,997
2024-09-19 15:54:02.069,420.0163878981905,98
2024-09-19 15:54:02.165,420.0361574139257,995
2024-09-19 15:54:02.188,420.0032584006535,96
2024-09-19 15:54:02.211,419.9832767973914,14
2024-09-19 15:54:02.216,420.0197219731384,997
2024-09-19 15:54:02.245,419.9939466344752,98
2024-09-19 15:54:02.250,419.9769926341517,8
2024-09-19 15:54:02.340,420.0041849791384,100
2024-09-19 15:54:02.427,419.8823767349128,1001
2024-09-19 15:54:02.433,419.9839796909079,13
2024-09-19 15:54:02.455,419.989005619226,11
2024-09-19 15:54:02.492,420.01005260318783,5
2024-09-19 15:54:02.492,419.9951849206391,996
2024-09-19 15:54:02.501,420.0320851249284,101
2024-09-19 15:54:02.517,420.01826914126025,1002
2024-09-19 15:54:02.537,419.9890928950022,1001
2024-09-19 15:54:02.546,419.9978244875648,1005
2024-09-19 15:54:02.642,419.9946538159444,5
2024-09-19 15:54:02.754,419.981747755044,95
2024-09-19 15:54:02.859,419.9907755343521,8
2024-09-19 15:54:02.912,420.02311872448576,11
2024-09-19 15:54:02.948,420.0436967508608,999
2024-09-19 15:54:02.971,419.9959290626011,14
2024-09-19 15:54:02.998,420.0128649911571,100
2024-09-19 15:54:03.013,419.9725737749176,98
2024-09-19 15:54:03.031,420.0199426094782,1002
2024-09-19 15:54:03.053,419.9975805922825,101
2024-09-19 15:54:03.054,419.9543455728019,104
2024-09-19 15:54:03.119,,97
2024-09-19 15:54:03.143,420.0053810653718,10
2024-09-19 15:54:03.305,420.0298369333196,99
2024-09-19 15:54:03.313,420.0229452158181,100
2024-09-19 15:54:03.408,420.0005345536561,997
2024-09-19 15:54:03.442,419.9898257497007,105
2024-09-19 15:54:03.481,420.0028123795447,7
2024-09-19 15:54:03.482,419.9771439360172,1001
2024-09-19 15:54:03.498,419.9848925128204,105
2024-09-19 15:54:03.550,419.98928292086623,6
2024-09-19 15:54:03.576,419.9933278846112,100
2024-09-19 15:54:03.600,420.009346524872,6
2024-09-19 15:54:03.675,419.9870009579501,13
2024-09-19 15:54:03.718,419.9882374191596,10
2024-09-19 15:54:03.734,420.0294171434376,7
2024-09-19 15:54:03.808,419.96190034731177,996
2024-09-19 15:54:03.858,420.00055957592747,1003
2024-09-19 15:54:03.869,419.9904059612097,996
2024-09-19 15:54:03.927,420.0107985622637,7
2024-09-19 15:54:03.935,419.9720978988424,102
2024-09-19 15:54:03.967,419.9882126923805,1002
2024-09-19 15:54:03.971,42.00105908038895,99
2024-09-19 15:54:03.972,420.0348077394016,105
2024-09-19 15:54:04.003,420.0292590139573,1000
2024-09-19 15:54:04.022,420.0330318756459,15
2024-09-19 15:54:04.042,420.0394968958774,8
2024-09-19 15:54:04.060,420.0477235484996,7
2024-09-19 15:54:04.213,419.9949662303717,1003
2024-09-19 15:54:04.214,419.9754112139759,98
2024-09-19 15:54:04.229,419.9928977330475,999
2024-09-19 15:54:04.374,420.0021289840863,997
2024-09-19 15:54:04.388,420.00129600458575,96
2024-09-19 15:54:04.397,419.97973951769217,999
2024-09-19 15:54:04.458,420.0190001154101,1003
2024-09-19 15:54:04.568,420.0255267513966,8
2024-09-19 15:54:04.605,419.9941813862814,99
2024-09-19 15:54:04.722,419.967489015449,8
2024-09-19 15:54:04.730,420.0234120455946,105
2024-09-19 15:54:04.735,420.0492219587405,1004
2024-09-19 15:54:04.739,420.0123783437803,9
2024-09-19 15:54:04.764,419.996049724463,9
2024-09-19 15:54:04.870,419.9916768235571,1004
2024-09-19 15:54:04.926,420.0095242543888,6
2024-09-19 15:54:04.928,420.0174030920888,95
2024-09-19 15:54:05.007,420.03929976399417,9
2024-09-19 15:54:05.115,420.03306218311,105
2024-09-19 15:54:05.138,420.0910875421893,1003
2024-09-19 15:54:05.174,420.0728181129702,98
2024-09-19 15:54:05.186,420.0149188012978,96
2024-09-19 15:54:05.208,420.039984083032,9
2024-09-19 15:54:05.231,420.068449850274,999
2024-09-19 15:54:05.286,420.1059739536634,5
2024-09-19 15:54:05.290,420.0315931472345,15
2024-09-19 15:54:05.351,420.0698862911926,95
2024-09-19 15:54:05.407,420.0188885094931,96
2024-09-19 15:54:05.407,420.0248506339609,5
2024-09-19 15:54:05.503,420.0155975083042,12
2024-09-19 15:54:05.548,420.0353847181095,102
2024-09-19 15:54:05.610,420.02850593306346,1004
2024-09-19 15:54:05.616,420.0474648926888,104
2024-09-19 15:54:05.618,420.04841016624,1000
2024-09-19 15:54:05.658,420.0240431317644,98
2024-09-19 15:54:05.662,420.0426023329023,14
2024-09-19 15:54:05.750,420.077490743286,1004
2024-09-19 15:54:05.783,420.0612080266251,95
2024-09-19 15:54:05.867,420.0177528456292,6
2024-09-19 15:54:05.898,420.0224513300808,14
2024-09-19 15:54:05.933,420.0891309687652,103
2024-09-19 15:54:06.008,420.0940240691117,9
2024-09-19 15:54:06.029,420.1215211261241,5
2024-09-19 15:54:06.085,420.11989979058393,101
2024-09-19 15:54:06.101,420.0943145295208,997
2024-09-19 15:54:06.131,420.1029895504445,102
2024-09-19 15:54:06.176,420.0796669007434,999
2024-09-19 15:54:06.216,420.1251043932601,9
2024-09-19 15:54:06.271,420.1018904566224,5
2024-09-19 15:54:06.307,420.0800631922869,6
2024-09-19 15:54:06.319,420.0902017715357,14
2024-09-19 15:54:06.398,420.08073422528105,104
2024-09-19 15:54:06.431,420.0970935403497,101
2024-09-19 15:54:06.463,420.1313883807133,1002
2024-09-19 15:54:06.553,420.1012915224656,9
2024-09-19 15:54:06.562,420.11369914039886,7
2024-09-19 15:54:06.575,420.094567890306,1005
2024-09-19 15:54:06.776,420.1094568594548,14
2024-09-19 15:54:06.851,420.0859801769054,97
2024-09-19 15:54:06.881,420.0847675305283,103
2024-09-19 15:54:06.970,420.0744815083282,14
2024-09-19 15:54:07.214,420.1473673769364,6
2024-09-19 15:54:07.224,420.1624299561629,103
2024-09-19 15:54:07.245,420.1401773391103,105
2024-09-19 15:54:07.600,420.151668406901,96
2024-09-19 15:54:07.873,420.1479139916458,98
2024-09-19 15:54:07.902,420.138485197649,1000
2024-09-19 15:54:08.027,420.14457846414166,103
2024-09-19 15:54:08.064,420.0731261814519,99
2024-09-19 15:54:08.089,420.09411605055465,98
2024-09-19 15:54:08.107,420.132649263193,14
2024-09-19 15:54:08.198,420.1343644878593,103
2024-09-19 15:54:08.204,420.1332940588313,105
2024-09-19 15:54:08.212,420.0979423887337,99
2024-09-19 15:54:08.241,420.159339703357,12
2024-09-19 15:54:08.244,420.15052903706567,96
2024-09-19 15:54:08.268,420.1462825248794,1003
2024-09-19 15:54:08.269,420.140806062934,5
2024-09-19 15:54:08.307,420.1037838881287,1002
2024-09-19 15:54:08.364,420.14912306338726,12
2024-09-19 15:54:08.383,420.1498900148882,996
2024-09-19 15:54:08.416,420.1238565072178,8
2024-09-19 15:54:08.505,420.1333289123549,1002
2024-09-19 15:54:08.537,420.1231845267576,99
2024-09-19 15:54:08.628,420.1301202349596,99
2024-09-19 15:54:08.714,420.1394529460278,7
2024-09-19 15:54:08.799,420.1422989662808,13
2024-09-19 15:54:08.857,420.1600879954453,999
2024-09-19 15:54:08.915,420.1599822653395,104
2024-09-19 15:54:08.921,420.1349027314744,102
2024-09-19 15:54:08.957,420.08216905774566,103
2024-09-19 15:54:08.973,42.01614726552832,12
2024-09-19 15:54:08.988,420.1462498897449,6
2024-09-19 15:54:08.993,420.1484663559508,997
2024-09-19 15:54:09.022,420.12636899218415,1005
2024-09-19 15:54:09.130,420.0676562570994,10
2024-09-19 15:54:09.154,420.1211720351269,95
2024-09-19 15:54:09.155,420.12510410892224,14
2024-09-19 15:54:09.210,420.100558307484,8
2024-09-19 15:54:09.240,420.121282449628,13
2024-09-19 15:54:09.254,420.0968099415168,105
2024-09-19 15:54:09.256,420.0985304918692,6
2024-09-19 15:54:09.294,420.0900507520108,99
2024-09-19 15:54:09.308,420.1288678534073,98
2024-09-19 15:54:09.406,420.1379356928497,105
2024-09-19 15:54:09.441,420.1403270500216,98
2024-09-19 15:54:09.456,420.06656333298224,1002
2024-09-19 15:54:09.462,420.0886694602737,95
2024-09-19 15:54:09.464,420.0956038974104,997
2024-09-19 15:54:09.487,420.1156945509816,1000
2024-09-19 15:54:09.537,420.1023967276884,12
2024-09-19 15:54:09.545,420.07086725969714,15
2024-09-19 15:54:09.586,420.0783489368819,14
2024-09-19 15:54:09.601,420.1274049596514,99
2024-09-19 15:54:09.670,420.1308113205976,1001
2024-09-19 15:54:09.719,420.0881048343042,103
2024-09-19 15:54:09.777,420.0801901379506,6
2024-09-19 15:54:09.845,420.1272411481031,7
2024-09-19 15:54:09.868,420.0770985108575,5
2024-09-19 15:54:09.875,420.1313503318923,98
2024-09-19 15:54:09.950,420.0963137566463,1000
2024-09-19 15:54:09.952,420.0945720028996,999
2024-09-19 15:54:09.995,420.0978276889402,103
2024-09-19 15:54:10.040,420.1004208384393,1001
2024-09-19 15:54:10.049,420.1254298852173,1004
2024-09-19 15:54:10.050,420.10928264873337,1005
2024-09-19 15:54:10.080,420.098772645996,14
2024-09-19 15:54:10.279,420.1349235132123,1003
2024-09-19 15:54:10.294,420.12732560985353,998
2024-09-19 15:54:10.316,420.14490106726487,998
2024-09-19 15:54:10.324,420.0976203323747,1003
2024-09-19 15:54:10.364,420.1323689912706,1005
2024-09-19 15:54:10.370,420.12047526857697,15
2024-09-19 15:54:10.397,420.1274324104721,6
2024-09-19 15:54:10.493,420.0972426160075,8
2024-09-19 15:54:10.571,420.0885646572204,1004
2024-09-19 15:54:10.630,420.12242996734494,1002
2024-09-19 15:54:10.669,420.10976661138,7
2024-09-19 15:54:10.707,420.1127422180461,100
2024-09-19 15:54:10.733,420.1123975466192,105
2024-09-19 15:54:10.764,420.11715732211127,100
2024-09-19 15:54:10.786,420.1139325715056,102
2024-09-19 15:54:10.935,420.11526970521055,13
2024-09-19 15:54:11.040,-420.1816805370444,1005
2024-09-19 15:54:11.065,420.1307775095911,15
2024-09-19 15:54:11.073,420.1395739610697,98
2024-09-19 15:54:11.094,420.1607848960992,997
2024-09-19 15:54:11.118,420.1486087023077,96
2024-09-19 15:54:11.119,420.1334435172235,5
2024-09-19 15:54:11.159,420.1718180575659,998
2024-09-19 15:54:11.207,420.1414072088216,97
2024-09-19 15:54:11.234,420.11981003964536,11
2024-09-19 15:54:11.267,420.0952218592695,995
2024-09-19 15:54:11.274,420.18358743328906,1004
2024-09-19 15:54:11.339,420.1697351734833,100
2024-09-19 15:54:11.362,420.16831099346575,8
2024-09-19 15:54:11.421,420.09081932110416,999
2024-09-19 15:54:11.427,420.0923754345124,1005
2024-09-19 15:54:11.438,420.16311015630106,1002
2024-09-19 15:54:11.450,420.16421561667016,8
2024-09-19 15:54:11.465,420.1374678518936,101
2024-09-19 15:54:11.521,420.12333581073466,14
2024-09-19 15:54:11.553,420.1580067509969,104
2024-09-19 15:54:11.588,420.1856582497582,15
2024-09-19 15:54:11.627,420.09718693415215,105
2024-09-19 15:54:11.661,420.1658542157696,1001
2024-09-19 15:54:11.700,420.09922905315113,95
2024-09-19 15:54:11.739,420.1673867255031,5
2024-09-19 15:54:11.745,420.15152421056126,998
2024-09-19 15:54:11.809,420.1350983335861,5
2024-09-19 15:54:11.811,420.1411924998175,13
2024-09-19 15:54:11.823,420.151321969996,998
2024-09-19 15:54:11.883,420.1471602981653,12
2024-09-19 15:54:12.139,420.1775188363491,15
2024-09-19 15:54:12.180,420.197690712787,995
2024-09-19 15:54:12.489,420.1624286101054,5
2024-09-19 15:54:12.548,42.01789003374119,1002
2024-09-19 15:54:12.761,420.1890318507524,13
2024-09-19 15:54:12.861,420.1980538199458,11
2024-09-19 15:54:12.920,420.1928632475192,1002
2024-09-19 15:54:12.926,420.1532283735668,104
2024-09-19 15:54:12.934,420.1595296909525,12
2024-09-19 15:54:12.941,420.1864143607887,100
2024-09-19 15:54:12.948,420.1731878082201,97
2024-09-19 15:54:13.026,420.1839919902696,12
2024-09-19 15:54:13.217,420.17655173820896,8
2024-09-19 15:54:13.293,420.1731510177472,97
2024-09-19 15:54:13.297,420.1939700228101,1000
2024-09-19 15:54:13.426,,97
2024-09-19 15:54:13.743,420.1827651462189,6
2024-09-19 15:54:13.845,420.1829371976153,1002
2024-09-19 15:54:13.906,420.1751622906476,6
2024-09-19 15:54:14.519,420.1954881259557,6
2024-09-19 15:54:15.311,420.2053971956927,12
2024-09-19 15:54:15.460,420.18466791876574,1002
2024-09-19 15:54:16.188,420.19095062253024,1001
2024-09-19 15:54:16.301,420.181328140069,96
2024-09-19 15:54:16.415,420.197749479801,11
2024-09-19 15:54:16.943,420.182864379441,104
2024-09-19 15:54:17.013,420.2259426348318,11
2024-09-19 15:54:17.027,420.2205543407225,105
2024-09-19 15:54:17.084,420.2448158632802,13
2024-09-19 15:54:17.131,420.2243231094202,105
2024-09-19 15:54:17.178,420.2227017058888,10
2024-09-19 15:54:17.278,420.2347143923927,1000
2024-09-19 15:54:17.303,420.2472656387191,1005
2024-09-19 15:54:17.332,420.2110816225847,95
2024-09-19 15:54:17.343,420.2204524027724,998
2024-09-19 15:54:17.366,420.21739530264045,14
2024-09-19 15:54:17.605,420.2507237466581,101
2024-09-19 15:54:17.655,420.2504801906487,102
2024-09-19 15:54:17.739,420.062881704549,995
2024-09-19 15:54:17.773,420.2211855705218,1003
2024-09-19 15:54:17.800,420.2035485017911,15
2024-09-19 15:54:17.828,420.2307997891055,995
2024-09-19 15:54:17.840,420.21138119894505,103
2024-09-19 15:54:17.948,420.2558736292845,11
2024-09-19 15:54:18.099,420.2910420588437,13
2024-09-19 15:54:18.143,420.25837561396327,102
2024-09-19 15:54:18.144,420.2769523202448,11
2024-09-19 15:54:18.187,420.2775977268904,97
2024-09-19 15:54:18.265,420.26669661714857,104
2024-09-19 15:54:18.282,420.2954534593858,12
2024-09-19 15:54:18.286,420.29951049748297,11
2024-09-19 15:54:18.362,420.2660742246798,14
2024-09-19 15:54:18.422,420.2614524490012,997
2024-09-19 15:54:18.468,420.23571289442026,10
2024-09-19 15:54:18.479,420.277356234414,12
2024-09-19 15:54:18.521,420.2726172323143,95
2024-09-19 15:54:18.573,420.2582577725618,9
2024-09-19 15:54:18.586,420.27857471261945,10
2024-09-19 15:54:18.631,420.2717269106824,999
2024-09-19 15:54:18.657,420.2859478829732,10
2024-09-19 15:54:18.668,420.2351060909315,98
2024-09-19 15:54:18.714,420.2815343134545,1004
2024-09-19 15:54:18.783,420.2470770039698,1005
2024-09-19 15:54:18.815,420.239686902869,7
2024-09-19 15:54:18.818,420.2729906442128,98
2024-09-19 15:54:18.832,-420.283500493292,101
2024-09-19 15:54:18.844,420.2679250147973,99
2024-09-19 15:54:18.907,420.2376544031249,996
2024-09-19 15:54:18.937,420.2462727243481,1004
2024-09-19 15:54:18.981,420.2974495949323,1004
2024-09-19 15:54:18.995,420.2708876557996,13
2024-09-19 15:54:19.058,420.2773832306359,1005
2024-09-19 15:54:19.119,420.2785030494624,103
2024-09-19 15:54:19.152,420.2840872936996,97
2024-09-19 15:54:19.211,420.2604167641524,1005
2024-09-19 15:54:19.248,420.2710371591541,15
2024-09-19 15:54:19.276,420.30359943410656,7
2024-09-19 15:54:19.372,420.2899818661093,11
2024-09-19 15:54:19.378,420.2753647399068,99
2024-09-19 15:54:19.379,,13
2024-09-19 15:54:19.402,420.28613941636087,11
2024-09-19 15:54:19.467,420.2990279184582,1000
2024-09-19 15:54:19.714,420.2705553903653,999
2024-09-19 15:54:19.846,420.29286890755645,1002
2024-09-19 15:54:20.084,420.24181302118063,104
2024-09-19 15:54:20.091,420.2447079308808,15
2024-09-19 15:54:20.153,,8
2024-09-19 15:54:20.197,420.2203585765152,103
2024-09-19 15:54:20.238,420.2520359653873,10
2024-09-19 15:54:20.258,420.2409316444484,99
2024-09-19 15:54:20.322,420.2267507533514,100
2024-09-19 15:54:20.327,420.2390036600331,1001
2024-09-19 15:54:20.467,420.2338571721824,104
2024-09-19 15:54:20.502,420.1825972907221,7
2024-09-19 15:54:20.522,420.2462343547427,105
2024-09-19 15:54:20.661,420.2406930101191,12
2024-09-19 15:54:20.690,420.2336616298012,999
2024-09-19 15:54:20.710,420.2290657668661,5
2024-09-19 15:54:20.809,420.18934001050326,998
2024-09-19 15:54:20.827,420.2498871314704,997
2024-09-19 15:54:20.874,420.2114823245941,1005
2024-09-19 15:54:20.896,420.2502544807346,99
2024-09-19 15:54:20.912,420.2099605592024,10
2024-09-19 15:54:20.931,-420.236903079236,100
2024-09-19 15:54:20.969,420.2484712072503,1001
2024-09-19 15:54:21.031,420.17761899033417,101
2024-09-19 15:54:21.149,420.1129091178504,1002
2024-09-19 15:54:21.160,420.1286377570004,10
2024-09-19 15:54:21.181,420.119691146949,96
2024-09-19 15:54:21.198,420.1405187408896,96
2024-09-19 15:54:21.276,420.1593875045551,101
2024-09-19 15:54:21.340,420.1265682558228,1004
2024-09-19 15:54:21.348,420.1180572509143,996
2024-09-19 15:54:21.361,420.1333904744105,1001
2024-09-19 15:54:21.380,420.161989696495,103
2024-09-19 15:54:21.417,420.1510804250816,1005
2024-09-19 15:54:21.419,420.1360326926635,15
2024-09-19 15:54:21.512,420.152438496526,14
2024-09-19 15:54:21.540,420.1727746854107,10
2024-09-19 15:54:21.550,420.1593326430245,1000
2024-09-19 15:54:21.561,420.1666308796114,7
2024-09-19 15:54:21.590,420.1209206911169,100
2024-09-19 15:54:21.631,420.1539152972271,1004
2024-09-19 15:54:21.697,420.1705529105743,104
2024-09-19 15:54:21.700,420.174844970308,15
2024-09-19 15:54:21.791,420.1721247491736,97
2024-09-19 15:54:21.831,420.1524953587696,8
2024-09-19 15:54:21.833,420.1538140418859,101
2024-09-19 15:54:21.840,420.1205324833946,101
2024-09-19 15:54:21.928,420.1780861243059,997
2024-09-19 15:54:22.026,420.21120030794833,1005
2024-09-19 15:54:22.125,420.1588010421133,98
2024-09-19 15:54:22.234,420.2011551730733,1002
2024-09-19 15:54:22.303,420.1701326749622,103
2024-09-19 15:54:22.336,420.2115526673046,1003
2024-09-19 15:54:22.402,420.22173106158834,100
2024-09-19 15:54:22.415,420.2017472906501,1003
2024-09-19 15:54:22.432,420.1841857412215,105
2024-09-19 15:54:22.489,420.1683198623018,14
2024-09-19 15:54:22.519,420.1688881723153,102
2024-09-19 15:54:22.677,420.20276685422925,996
2024-09-19 15:54:22.743,420.2145202406452,103
2024-09-19 15:54:22.754,420.2197801881456,1004
2024-09-19 15:54:22.833,420.2179436808586,1001
2024-09-19 15:54:22.840,420.188088397583,105
2024-09-19 15:54:22.876,420.1627748401112,997
2024-09-19 15:54:22.943,420.1973564387167,1003
2024-09-19 15:54:22.995,420.173716726581,102
2024-09-19 15:54:23.002,,95
2024-09-19 15:54:23.062,420.1262309946099,100
2024-09-19 15:54:23.072,420.11314318573903,14
2024-09-19 15:54:23.249,420.1194271836801,97
2024-09-19 15:54:23.322,420.1199277027434,1003
2024-09-19 15:54:23.387,420.1301950438712,100
2024-09-19 15:54:23.399,420.1220408115905,100
2024-09-19 15:54:23.416,420.1387337831096,5
2024-09-19 15:54:23.461,420.1673866948143,5
2024-09-19 15:54:23.498,420.1232928202933,95
2024-09-19 15:54:23.623,420.1345662509039,98
2024-09-19 15:54:23.641,420.0983428809442,104
2024-09-19 15:54:23.641,420.1143589058531,9
2024-09-19 15:54:23.677,420.1301885749217,995
2024-09-19 15:54:23.701,420.1437682350976,995
2024-09-19 15:54:23.717,420.1282843204156,1001
2024-09-19 15:54:23.771,420.1174515102318,9
2024-09-19 15:54:23.777,420.12345895926126,11
2024-09-19 15:54:23.779,420.1306493176912,97
2024-09-19 15:54:23.815,420.1366467283627,996
2024-09-19 15:54:24.050,420.127781431996,11
2024-09-19 15:54:24.146,420.1146049412149,95
2024-09-19 15:54:24.725,420.1239539557171,1000
2024-09-19 15:54:24.864,420.11225182132085,9
2024-09-19 15:54:25.136,420.12220328776726,1002
2024-09-19 15:54:25.171,420.0977447100082,100
2024-09-19 15:54:25.171,420.1181192238844,995
2024-09-19 15:54:25.185,420.104346394845,1000
2024-09-19 15:54:25.383,420.1229695827192,14
2024-09-19 15:54:25.438,420.1275920848699,14
2024-09-19 15:54:25.497,420.1251800172301,97
2024-09-19 15:54:25.791,420.103164173312,1002
2024-09-19 15:54:25.938,420.1366396449756,102
2024-09-19 15:54:26.042,420.18219182327874,8
2024-09-19 15:54:26.153,420.171412046479,9
2024-09-19 15:54:26.203,420.1249190755759,102
2024-09-19 15:54:26.330,420.1268588290984,100
2024-09-19 15:54:26.339,420.18016985820094,12
2024-09-19 15:54:26.386,420.1355195696676,13
2024-09-19 15:54:26.442,420.1740471341002,999
2024-09-19 15:54:26.456,420.13401319030334,95
2024-09-19 15:54:26.493,420.15742004542994,997
2024-09-19 15:54:26.565,420.1129950491085,998
2024-09-19 15:54:26.569,420.13440067091966,100
2024-09-19 15:54:26.598,420.14689808964727,6
2024-09-19 15:54:26.655,42.016593039951616,8
2024-09-19 15:54:26.756,420.1347786799884,1000
2024-09-19 15:54:26.899,420.1276267712462,7
2024-09-19 15:54:27.072,420.0926085318817,9
2024-09-19 15:54:27.112,420.13218734828746,10
2024-09-19 15:54:27.141,420.0765278699379,14
2024-09-19 15:54:27.187,420.1162273082652,8
2024-09-19 15:54:27.214,420.1046195590066,7
2024-09-19 15:54:27.226,420.1106151286469,996
2024-09-19 15:54:27.271,420.1070408907308,7
2024-09-19 15:54:27.280,420.1094438466345,1000
2024-09-19 15:54:27.290,420.227716342952,1001
2024-09-19 15:54:27.348,420.09932568946766,1001
2024-09-19 15:54:27.352,420.0711642311708,998
2024-09-19 15:54:27.379,420.1364220710028,102
2024-09-19 15:54:27.408,420.0855427885117,10
2024-09-19 15:54:27.530,420.13936465566746,102
2024-09-19 15:54:27.543,420.0749552492035,998
2024-09-19 15:54:27.561,420.08129531887874,1004
2024-09-19 15:54:27.579,420.139776743136,997
2024-09-19 15:54:27.621,420.08824471463765,998
2024-09-19 15:54:27.724,420.2954474323112,8
2024-09-19 15:54:27.752,420.1290470638713,6
2024-09-19 15:54:27.813,420.1357332162765,1005
2024-09-19 15:54:27.827,420.1470944861592,9
2024-09-19 15:54:27.914,420.0781203420096,14
2024-09-19 15:54:27.940,420.12165775910535,105
2024-09-19 15:54:28.159,420.17713845900033,101
2024-09-19 15:54:28.199,420.1925701219984,13
2024-09-19 15:54:28.207,420.14396909225,96
2024-09-19 15:54:28.218,420.1261062120445,96
2024-09-19 15:54:28.226,420.1999988180237,105
2024-09-19 15:54:28.251,420.1313328490934,1001
2024-09-19 15:54:28.304,420.1954243617993,15
2024-09-19 15:54:28.314,420.1594435627023,7
2024-09-19 15:54:28.319,420.18837441179073,10
2024-09-19 15:54:28.343,420.1841887043481,102
2024-09-19 15:54:28.419,420.1887220882944,98
2024-09-19 15:54:28.430,420.1931079840161,102
2024-09-19 15:54:28.454,420.1626889422645,97
2024-09-19 15:54:28.693,420.1430521484026,102
2024-09-19 15:54:28.715,420.1372761377343,103
2024-09-19 15:54:28.724,420.19369864348295,9
2024-09-19 15:54:28.804,420.19216856906894,13
2024-09-19 15:54:28.826,420.1719671512661,8
2024-09-19 15:54:28.863,420.18297419660746,105
2024-09-19 15:54:28.900,420.162324150162,998
2024-09-19 15:54:28.924,420.1741472846113,12
2024-09-19 15:54:28.948,420.1136736693499,6
2024-09-19 15:54:28.951,420.19545683374594,101
2024-09-19 15:54:28.999,420.1381096496039,995
2024-09-19 15:54:29.032,420.0689707692804,1003
2024-09-19 15:54:29.032,420.0629038377318,8
2024-09-19 15:54:29.040,420.0304440955912,6
2024-09-19 15:54:29.108,420.1112050989893,12
2024-09-19 15:54:29.109,420.0768299333524,10
2024-09-19 15:54:29.114,420.0497569998562,101
2024-09-19 15:54:29.135,420.1107961779786,103
2024-09-19 15:54:29.160,420.0816548730582,102
2024-09-19 15:54:29.166,420.129720481878,99
2024-09-19 15:54:29.345,420.05068875834456,1005
2024-09-19 15:54:29.368,420.0758527482535,102
2024-09-19 15:54:29.616,420.1144069629134,98
2024-09-19 15:54:29.618,420.1056810017388,11
2024-09-19 15:54:29.641,420.1347055769859,98
2024-09-19 15:54:29.656,420.0706806188181,103
2024-09-19 15:54:29.674,420.2675853958431,11
2024-09-19 15:54:29.708,420.1473985869388,10
2024-09-19 15:54:29.741,420.1346939850852,1000
2024-09-19 15:54:29.832,42.01238702843378,104
2024-09-19 15:54:29.960,420.1332620978458,13
2024-09-19 15:54:30.021,420.122944139666,11
2024-09-19 15:54:30.028,420.0780000164646,998
2024-09-19 15:54:30.071,420.0730827296402,6
2024-09-19 15:54:30.162,420.06922134298094,1002
2024-09-19 15:54:30.192,420.06437076325005,103
2024-09-19 15:54:30.216,420.0953908790356,99
2024-09-19 15:54:30.370,420.10501758882896,999
2024-09-19 15:54:30.448,420.0851011820444,995
2024-09-19 15:54:30.458,420.1051388408826,102
2024-09-19 15:54:30.473,420.0922853894542,1002
2024-09-19 15:54:30.490,420.0588457790786,96
2024-09-19 15:54:30.546,420.0958201771997,996
2024-09-19 15:54:30.625,420.0957002470134,7
2024-09-19 15:54:30.656,420.0689055041845,1001
2024-09-19 15:54:30.712,420.05229590967787,13
2024-09-19 15:54:30.733,420.10153213051046,998
2024-09-19 15:54:30.737,420.097602530938,101
2024-09-19 15:54:30.776,420.0909305785156,98
2024-09-19 15:54:30.786,420.0895267702522,12
2024-09-19 15:54:30.824,420.0854590854071,1003
2024-09-19 15:54:30.833,420.1172615274618,103
2024-09-19 15:54:30.857,420.0779247619272,1003
2024-09-19 15:54:30.890,420.063895106379,997
2024-09-19 15:54:30.896,420.0792559568743,996
2024-09-19 15:54:30.986,420.0776745657393,6
2024-09-19 15:54:32.133,420.1044044493386,15
2024-09-19 15:54:32.143,420.0967909982199,99
2024-09-19 15:54:32.159,420.06517535022704,101
2024-09-19 15:54:32.269,420.0679488735235,101
2024-09-19 15:54:32.282,420.0986211352094,15
2024-09-19 15:54:32.290,420.0936966506596,6
2024-09-19 15:54:32.335,420.121332079092,1005
2024-09-19 15:54:32.343,420.07253059856254,15
2024-09-19 15:54:32.395,420.0604600684608,7
2024-09-19 15:54:32.411,420.0886515478678,1002
2024-09-19 15:54:32.602,420.07558730956447,100
2024-09-19 15:54:32.626,420.100718904489,105
2024-09-19 15:54:32.659,420.0620547139675,100
2024-09-19 15:54:32.671,420.0927403222902,102
2024-09-19 15:54:32.715,420.09303696625005,104
2024-09-19 15:54:32.760,420.1113174211675,6
2024-09-19 15:54:32.762,420.10135223651616,1003
2024-09-19 15:54:32.801,420.1323492826746,996
2024-09-19 15:54:32.921,420.1029397098206,105
2024-09-19 15:54:32.934,420.10498334190686,15
2024-09-19 15:54:33.288,420.17691061503984,9
2024-09-19 15:54:33.545,420.1864543188448,1004
2024-09-19 15:54:33.677,420.1285198765747,995
2024-09-19 15:54:33.846,420.1415781257495,101
2024-09-19 15:54:34.210,420.1644688370867,103
2024-09-19 15:54:34.500,420.1807382024552,1001
2024-09-19 15:54:34.872,420.1770254140645,997
2024-09-19 15:54:34.918,420.1861890145848,100
2024-09-19 15:54:35.006,420.2277556197258,14
2024-09-19 15:54:35.093,420.2230953318865,11
2024-09-19 15:54:35.159,420.2457753065843,14
2024-09-19 15:54:35.305,420.2323489973987,96
2024-09-19 15:54:35.531,420.2319389823072,5
2024-09-19 15:54:35.649,420.21060805082215,102
2024-09-19 15:54:35.752,420.23657594455744,1004
2024-09-19 15:54:35.778,420.2080598348502,997
2024-09-19 15:54:35.848,420.2319465086435,8
2024-09-19 15:54:35.910,420.227414151246,104
2024-09-19 15:54:36.027,420.2303715397906,1000
2024-09-19 15:54:36.098,420.2033625823712,98
2024-09-19 15:54:36.149,420.23985042879656,95
2024-09-19 15:54:36.193,420.2223930236663,996
2024-09-19 15:54:36.421,420.22350476306616,98
2024-09-19 15:54:36.549,420.2136613489824,998
2024-09-19 15:54:36.601,420.2228619623906,9
2024-09-19 15:54:36.617,420.2148690905348,10
2024-09-19 15:54:36.731,420.18774412020593,97
2024-09-19 15:54:36.841,420.2145402123371,99
2024-09-19 15:54:36.880,420.223751107551,1005
2024-09-19 15:54:36.972,420.22208315471806,7
2024-09-19 15:54:36.986,420.2284400019991,99
2024-09-19 15:54:37.050,420.2372754333019,98
2024-09-19 15:54:37.095,420.2794043219776,999
2024-09-19 15:54:37.142,420.2677952215574,103
2024-09-19 15:54:37.170,420.2689041393631,1002
2024-09-19 15:54:37.254,420.28686097952885,998
2024-09-19 15:54:37.336,420.2981999909416,14
2024-09-19 15:54:37.373,420.2240974974561,998
2024-09-19 15:54:37.417,420.25118084747,997
2024-09-19 15:54:37.418,42.02696077771328,13
2024-09-19 15:54:37.520,420.3013821271365,1003
2024-09-19 15:54:37.525,420.2918164687263,98
2024-09-19 15:54:37.604,420.2770679140083,6
2024-09-19 15:54:37.623,420.29184956718456,995
2024-09-19 15:54:37.637,420.2047273418029,95
2024-09-19 15:54:37.655,420.24220325752543,11
2024-09-19 15:54:37.669,420.2364135549648,105
2024-09-19 15:54:37.674,420.2521048359304,9
2024-09-19 15:54:37.684,420.2149122923294,13
2024-09-19 15:54:37.713,420.21357715426313,102
2024-09-19 15:54:37.713,420.279818566222,8
2024-09-19 15:54:37.776,420.2669123143463,1004
2024-09-19 15:54:37.790,420.2558307447037,103
2024-09-19 15:54:37.798,420.22015594581376,96
2024-09-19 15:54:37.802,420.3014283718481,997
2024-09-19 15:54:37.809,420.2372651721049,6
2024-09-19 15:54:37.828,420.2607164276005,105
2024-09-19 15:54:37.916,420.2191961075299,997
2024-09-19 15:54:37.950,420.2814895574416,98
2024-09-19 15:54:37.975,420.27140223192833,103
2024-09-19 15:54:37.980,420.2611120649998,97
2024-09-19 15:54:37.987,420.2551374141378,97
2024-09-19 15:54:38.019,420.2620954247828,995
2024-09-19 15:54:38.096,420.2747176923725,996
2024-09-19 15:54:38.099,420.2755817347838,9
2024-09-19 15:54:38.104,420.2669508693125,96
2024-09-19 15:54:38.138,420.2819668099369,997
2024-09-19 15:54:38.140,420.2788138235411,105
2024-09-19 15:54:38.195,420.2824478191322,103
2024-09-19 15:54:38.211,420.239210123676,97
2024-09-19 15:54:38.244,420.2575603500411,9
2024-09-19 15:54:38.254,420.24878205621945,8
2024-09-19 15:54:38.279,420.2484511082872,997
2024-09-19 15:54:38.363,420.2838253406815,996
2024-09-19 15:54:38.404,420.2744249904693,10
2024-09-19 15:54:38.450,420.2528398294246,98
2024-09-19 15:54:38.517,420.273771172588,102
2024-09-19 15:54:38.622,,1004
2024-09-19 15:54:38.676,420.2806165581563,100
2024-09-19 15:54:38.693,420.28484306205473,98
2024-09-19 15:54:38.753,420.2857776951096,99
2024-09-19 15:54:38.755,-420.2734457626206,12
2024-09-19 15:54:38.801,420.2952569777405,98
2024-09-19 15:54:38.841,420.265241843081,1002
2024-09-19 15:54:38.932,-420.2674631904744,99
2024-09-19 15:54:38.968,420.2974359477587,995
2024-09-19 15:54:39.029,420.2268213861309,95
2024-09-19 15:54:39.031,420.2212855570656,6
2024-09-19 15:54:39.083,420.2221739130182,1003
2024-09-19 15:54:39.104,420.217256398779,96
2024-09-19 15:54:39.135,420.2387070305945,12
2024-09-19 15:54:39.156,420.25058942736695,6
2024-09-19 15:54:39.161,420.22563734132433,98
2024-09-19 15:54:39.241,420.2274316745295,5
2024-09-19 15:54:39.307,420.21567419111386,1002
2024-09-19 15:54:39.323,420.2463976101705,14
2024-09-19 15:54:39.396,42.02122730910294,96
2024-09-19 15:54:39.458,420.2201038561437,7
2024-09-19 15:54:39.486,420.2235531335448,97
2024-09-19 15:54:39.517,420.2962597515028,97
2024-09-19 15:54:39.542,420.2391281118739,999
2024-09-19 15:54:39.577,420.2324180441626,1002
2024-09-19 15:54:39.588,420.2186719285583,15
2024-09-19 15:54:39.627,420.21755281038304,8
2024-09-19 15:54:39.737,420.18353476666937,13
2024-09-19 15:54:39.877,420.2275921418084,102
2024-09-19 15:54:39.917,420.2175944221634,8
2024-09-19 15:54:39.950,420.23316974743824,97
2024-09-19 15:54:39.959,420.2292053578825,1001
2024-09-19 15:54:40.088,420.2306360476623,8
2024-09-19 15:54:40.132,420.226711832228,95
2024-09-19 15:54:40.165,420.2516477820567,997
2024-09-19 15:54:40.168,420.2057069523716,104
2024-09-19 15:54:40.293,420.2344955534472,7
2024-09-19 15:54:40.297,420.2165193631873,997
2024-09-19 15:54:40.313,420.2130381419782,995
2024-09-19 15:54:40.367,420.2298488637736,14
2024-09-19 15:54:40.395,420.2377023097815,1001
2024-09-19 15:54:40.404,420.22094847787736,10
2024-09-19 15:54:40.436,420.21545774854303,103
2024-09-19 15:54:40.543,420.2389845041626,97
2024-09-19 15:54:40.555,420.2380472909769,105
2024-09-19 15:54:40.596,420.2223510701545,5
2024-09-19 15:54:40.713,420.2155956434801,7
2024-09-19 15:54:40.727,420.1863919700315,105
2024-09-19 15:54:40.759,420.2145957671272,100
2024-09-19 15:54:40.818,420.2463438569856,8
2024-09-19 15:54:40.821,420.2406353710181,995
2024-09-19 15:54:40.822,420.2418609869116,1004
2024-09-19 15:54:40.823,420.2408191626464,996
2024-09-19 15:54:40.824,420.2076347521353,104
2024-09-19 15:54:40.841,420.2376850416838,6
2024-09-19 15:54:40.848,420.2311616669536,997
2024-09-19 15:54:40.904,420.22907990336375,1002
2024-09-19 15:54:40.979,420.24999122510246,1001
2024-09-19 15:54:41.043,420.20624510167903,95
2024-09-19 15:54:41.046,420.2072524519255,1001
2024-09-19 15:54:41.199,420.185882025706,10
2024-09-19 15:54:41.311,420.1689474079028,1000
2024-09-19 15:54:41.378,420.2078772918094,96
2024-09-19 15:54:41.399,420.211019061171,98
2024-09-19 15:54:41.550,420.1811457504704,101
2024-09-19 15:54:41.684,420.1873590672916,11
2024-09-19 15:54:41.827,420.1988872764768,6
2024-09-19 15:54:41.886,420.2125643630074,105
2024-09-19 15:54:42.023,420.1218918827865,9
2024-09-19 15:54:42.024,420.17845744685405,8
2024-09-19 15:54:42.095,420.2214834863633,1004
2024-09-19 15:54:42.167,420.1787736192831,104
2024-09-19 15:54:42.198,420.15769737370925,1002
2024-09-19 15:54:42.268,420.18350007712814,13
2024-09-19 15:54:42.279,420.1578385283112,1001
2024-09-19 15:54:42.302,420.1786048809481,1005
2024-09-19 15:54:42.333,420.13454671941935,13
2024-09-19 15:54:42.392,420.1604324986285,99
2024-09-19 15:54:42.413,420.1563784523609,97
2024-09-19 15:54:42.456,420.2096712148286,98
2024-09-19 15:54:42.523,420.1709715414768,1005
2024-09-19 15:54:42.556,420.1577780765737,95
2024-09-19 15:54:42.556,420.1317146800431,999
2024-09-19 15:54:42.592,420.2014918888167,9
2024-09-19 15:54:42.655,420.20669449476753,1002
2024-09-19 15:54:42.667,420.1549320081296,995
2024-09-19 15:54:42.681,420.1394757815901,96
2024-09-19 15:54:42.733,420.15412166443167,6
2024-09-19 15:54:42.743,420.1416888481714,998
2024-09-19 15:54:42.763,420.1623341830813,13
2024-09-19 15:54:42.884,420.1627480285496,6
2024-09-19 15:54:42.967,420.129133659423,98
2024-09-19 15:54:42.976,420.15076518490525,8
2024-09-19 15:54:42.999,420.19355719814826,997
2024-09-19 15:54:43.017,420.1582563896401,1001
2024-09-19 15:54:43.176,420.1493584585556,1005
2024-09-19 15:54:43.180,420.1714115934397,996
2024-09-19 15:54:43.206,420.1575297769955,15
2024-09-19 15:54:43.427,420.1509119859378,98
2024-09-19 15:54:43.472,420.1380198327876,14
2024-09-19 15:54:43.490,420.1683834351383,1002
2024-09-19 15:54:43.519,420.1196316234386,1005
2024-09-19 15:54:43.556,420.151565349908,7
2024-09-19 15:54:43.579,420.1693969325633,9
2024-09-19 15:54:43.632,420.14571806513226,13
2024-09-19 15:54:43.692,420.12323304652256,5
2024-09-19 15:54:43.698,420.1369777849166,999
2024-09-19 15:54:43.703,420.1396734436195,998
2024-09-19 15:54:43.742,420.1511363497408,100
2024-09-19 15:54:43.822,420.1573105892023,15
2024-09-19 15:54:43.833,420.1360104611158,95
2024-09-19 15:54:43.852,420.1410021535879,1003
2024-09-19 15:54:43.852,,1004
2024-09-19 15:54:43.891,420.1313990388871,97
2024-09-19 15:54:43.929,420.14477390713085,101
2024-09-19 15:54:43.966,420.1533648256434,1001
2024-09-19 15:54:43.997,420.1391102356479,999
2024-09-19 15:54:44.088,420.1695854492409,96
2024-09-19 15:54:44.252,420.1536146229941,14
2024-09-19 15:54:44.509,420.1265138440026,97
2024-09-19 15:54:44.591,42.01418133386216,95
2024-09-19 15:54:44.678,420.13506136828016,15
2024-09-19 15:54:44.771,420.1425162300786,105
2024-09-19 15:54:44.837,420.1603974689373,14
2024-09-19 15:54:46.049,420.1053319460821,14
2024-09-19 15:54:46.067,420.1010080461481,15
2024-09-19 15:54:46.101,420.0822008583807,995
2024-09-19 15:54:46.111,420.0797603081757,100
2024-09-19 15:54:46.112,420.0975761417507,98
2024-09-19 15:54:46.117,420.0705193857672,999
2024-09-19 15:54:46.117,420.1180703486073,13
2024-09-19 15:54:46.216,420.1032464066964,6
2024-09-19 15:54:46.234,420.06980298413913,96
2024-09-19 15:54:46.281,420.0523710852732,996
2024-09-19 15:54:46.326,420.081090428397,102
2024-09-19 15:54:46.330,420.0659852193367,100
2024-09-19 15:54:46.332,420.0946425272802,103
2024-09-19 15:54:46.350,420.1359573966157,95
2024-09-19 15:54:46.377,420.08919730356473,8
2024-09-19 15:54:46.403,420.097421332976,1004
2024-09-19 15:54:46.427,420.1239752856552,8
2024-09-19 15:54:46.436,420.08656747198427,10
2024-09-19 15:54:46.545,420.0603429029644,99
2024-09-19 15:54:46.604,420.0783434108192,101
2024-09-19 15:54:46.668,420.1122827844719,100
2024-09-19 15:54:46.727,420.1375112368659,1002
2024-09-19 15:54:46.795,420.0960356983569,1005
2024-09-19 15:54:46.820,,996
2024-09-19 15:54:46.865,420.09904553446086,11
2024-09-19 15:54:46.867,420.0943470942476,5
2024-09-19 15:54:46.901,420.1109511128303,995
2024-09-19 15:54:47.080,420.0839115656081,13
2024-09-19 15:54:47.400,420.0987776269611,15
2024-09-19 15:54:47.707,420.0973313821349,105
2024-09-19 15:54:47.839,420.0989794855782,95
2024-09-19 15:54:47.959,420.089876282662,997
2024-09-19 15:54:47.994,420.09196271642895,101
2024-09-19 15:54:48.015,420.116274669604,97
2024-09-19 15:54:48.091,420.11303220642384,7
2024-09-19 15:54:48.100,420.12604539052217,1005
2024-09-19 15:54:48.327,420.1496809358688,8
2024-09-19 15:54:48.397,420.1413504569638,15
2024-09-19 15:54:48.484,420.13494426824514,13
2024-09-19 15:54:48.511,420.1017385722433,1005
2024-09-19 15:54:48.540,420.1314764044236,10
2024-09-19 15:54:48.779,420.1206563112934,995
2024-09-19 15:54:48.891,420.1168534134238,99
2024-09-19 15:54:48.912,420.13372370669015,102
2024-09-19 15:54:48.998,420.09483880217175,11
2024-09-19 15:54:49.121,420.1612859204166,997
2024-09-19 15:54:49.158,420.1630009285468,1003
2024-09-19 15:54:49.191,420.1367861212534,11
2024-09-19 15:54:49.282,420.1463837463755,1000
2024-09-19 15:54:49.316,420.1500985649283,104
2024-09-19 15:54:49.393,420.1447358291074,104
2024-09-19 15:54:49.397,420.1440239375292,95
2024-09-19 15:54:49.405,420.1504420641296,7
2024-09-19 15:54:49.450,420.1342669331741,98
2024-09-19 15:54:49.494,420.1345095150473,100
2024-09-19 15:54:49.503,420.1512738666441,97
2024-09-19 15:54:49.570,420.16619223513896,998
2024-09-19 15:54:49.617,420.1570715694678,996
2024-09-19 15:54:49.662,420.1650163509682,104
2024-09-19 15:54:49.826,420.1514507343552,9
2024-09-19 15:54:49.835,420.1403496232791,10
2024-09-19 15:54:49.840,420.1542428465211,998
2024-09-19 15:54:49.949,420.1305702730045,999
2024-09-19 15:54:49.968,420.14935426335626,101
2024-09-19 15:54:50.345,420.18901602966633,14
2024-09-19 15:54:50.536,420.1993391343925,7
2024-09-19 15:54:50.581,420.1915571058441,1002
2024-09-19 15:54:50.870,420.1833887308614,97
2024-09-19 15:54:50.884,420.1851898327472,996
2024-09-19 15:54:51.071,420.176632822218,95
2024-09-19 15:54:51.076,420.1698228107964,1003
2024-09-19 15:54:51.360,420.17354891011365,13
2024-09-19 15:54:52.163,420.1613997669753,96
2024-09-19 15:54:52.184,420.19094451973416,99
2024-09-19 15:54:52.313,420.1904470237613,1003
2024-09-19 15:54:52.345,420.1681383941059,7
2024-09-19 15:54:52.436,420.186652777664,7
2024-09-19 15:54:52.496,420.1601862589272,97
2024-09-19 15:54:52.642,420.1996258532275,997
2024-09-19 15:54:52.792,420.2044801728262,1000
2024-09-19 15:54:52.810,-420.175954593588,98
2024-09-19 15:54:52.861,420.2022174606308,15
2024-09-19 15:54:52.940,420.20678491309343,5
2024-09-19 15:54:53.029,420.1737064943908,98
2024-09-19 15:54:53.135,420.18116244494377,1003
2024-09-19 15:54:53.583,420.196738201413,98
2024-09-19 15:54:53.993,420.17517195027375,999
2024-09-19 15:54:54.118,420.05372246992687,96
2024-09-19 15:54:54.408,420.18226991540206,15
2024-09-19 15:54:54.522,420.1875799433905,5
2024-09-19 15:54:54.646,420.1802400184024,1005
2024-09-19 15:54:54.786,420.0433111945936,10
2024-09-19 15:54:54.799,420.1805473785569,995
2024-09-19 15:54:55.065,420.1615615808468,104
2024-09-19 15:54:55.115,420.1505571355435,1001
2024-09-19 15:54:55.188,420.15861060511526,5
2024-09-19 15:54:55.209,420.15048950824047,104
2024-09-19 15:54:55.210,420.150346694389,8
2024-09-19 15:54:55.427,420.1491899409569,100
2024-09-19 15:54:55.450,420.1644442932815,1002
2024-09-19 15:54:55.456,420.1682444685741,104
2024-09-19 15:54:55.499,420.162856369053,6
2024-09-19 15:54:55.606,420.1751456853378,5
2024-09-19 15:54:55.703,420.1676134929356,12
2024-09-19 15:54:55.714,420.14343986533646,103
2024-09-19 15:54:55.722,420.16759001897685,6
2024-09-19 15:54:55.752,420.16908866769313,998
2024-09-19 15:54:55.770,420.13977948974144,7
2024-09-19 15:54:55.985,420.1616669057496,14
2024-09-19 15:54:56.008,420.1651756458295,12
2024-09-19 15:54:56.359,420.1343152990463,97
2024-09-19 15:54:56.839,420.1505649672158,13
2024-09-19 15:54:56.857,420.16092919965257,8
2024-09-19 15:54:56.882,420.142444145817,1001
2024-09-19 15:54:57.115,420.1526446477551,13
2024-09-19 15:54:57.236,420.14137711590206,10
2024-09-19 15:54:57.438,420.1604782444984,97
2024-09-19 15:54:57.521,420.1391464722291,997
2024-09-19 15:54:57.615,420.1251698716823,101
2024-09-19 15:54:57.679,420.1350338995838,1001
2024-09-19 15:54:57.703,420.1429701738145,104
2024-09-19 15:54:57.882,420.1437629950614,11
2024-09-19 15:54:57.902,420.1537227601098,11
2024-09-19 15:54:57.967,419.9946446873409,995
2024-09-19 15:54:58.125,420.17083241855374,103
2024-09-19 15:54:58.126,420.1072199825244,997
2024-09-19 15:54:58.147,420.1434431545848,9
2024-09-19 15:54:58.174,420.1226945093695,14
2024-09-19 15:54:58.295,420.1693976592662,99
2024-09-19 15:54:58.332,420.1691226795088,13
2024-09-19 15:54:58.363,420.14695426635774,15
2024-09-19 15:54:58.378,420.1490641592128,996
2024-09-19 15:54:58.512,420.1510670694999,104
2024-09-19 15:54:58.581,420.148098396894,100
2024-09-19 15:54:58.632,420.1404581057921,6
2024-09-19 15:54:58.642,420.1581007055409,8
2024-09-19 15:54:58.717,420.14533879081966,105
2024-09-19 15:54:58.834,420.1877577669339,104
2024-09-19 15:54:58.979,420.1782626934565,98
2024-09-19 15:54:59.094,420.2614190891381,12
2024-09-19 15:54:59.136,420.2029953475306,1001
2024-09-19 15:54:59.141,420.2339059907642,97
2024-09-19 15:54:59.142,420.18192194566194,102
2024-09-19 15:54:59.171,420.1666057170655,6
2024-09-19 15:54:59.172,420.1796766006573,1003
2024-09-19 15:54:59.191,420.27528675565,5
2024-09-19 15:54:59.284,420.25714080649897,11
2024-09-19 15:54:59.418,420.2607863352888,1001
2024-09-19 15:54:59.449,420.1682196967694,1003
2024-09-19 15:54:59.473,420.2396777543514,13
2024-09-19 15:54:59.539,420.288664998393,101
2024-09-19 15:54:59.629,420.2654868061965,14
2024-09-19 15:54:59.633,420.246975262338,100
2024-09-19 15:54:59.639,420.18700398167954,999
2024-09-19 15:54:59.659,420.24321253407504,998
2024-09-19 15:54:59.684,,102
2024-09-19 15:54:59.712,420.1657517439128,999
2024-09-19 15:54:59.779,420.2092805040479,999
2024-09-19 15:54:59.894,420.2664179419554,1002
2024-09-19 15:54:59.913,420.27856019402736,996
2024-09-19 15:54:59.932,420.1802180284747,100
2024-09-19 15:54:59.955,420.2573598875732,999
