Timestamp,Price,Size
2024-09-16 10:16:00.039,418.65098748345576,103
2024-09-16 10:16:00.044,418.668066592478,9
2024-09-16 10:16:00.057,418.67814237227753,5
2024-09-16 10:16:00.132,418.6773208902974,100
2024-09-16 10:16:00.149,418.681944836696,99
2024-09-16 10:16:00.222,418.6645548378034,1000
2024-09-16 10:16:00.246,418.6791923614899,99
2024-09-16 10:16:00.304,418.6733356946704,998
2024-09-16 10:16:00.322,418.7009624150273,6
2024-09-16 10:16:00.333,418.6883192863807,101
2024-09-16 10:16:00.377,418.6696876084305,98
2024-09-16 10:16:00.396,418.6905220342648,10
2024-09-16 10:16:00.458,418.6885168438717,998
2024-09-16 10:16:00.475,418.6609765005077,8
2024-09-16 10:16:00.485,418.66445322459657,98
2024-09-16 10:16:00.499,418.67896758207183,97
2024-09-16 10:16:00.559,418.6639094285616,1002
2024-09-16 10:16:00.581,418.6709258325838,98
2024-09-16 10:16:00.645,418.68534725613904,96
2024-09-16 10:16:00.714,418.70132546245895,997
2024-09-16 10:16:00.754,418.6796256898588,1005
2024-09-16 10:16:00.788,418.6904868477486,95
2024-09-16 10:16:00.790,418.66834584060166,11
2024-09-16 10:16:00.799,418.69825693058914,14
2024-09-16 10:16:00.869,418.6651472506032,1000
2024-09-16 10:16:00.884,418.6831336948423,1004
2024-09-16 10:16:00.934,418.6702520453406,9
2024-09-16 10:16:00.955,418.6930986600444,97
2024-09-16 10:16:01.545,418.6714610289754,104
2024-09-16 10:16:02.021,418.7085795311765,103
2024-09-16 10:16:02.194,418.6822221148219,995
2024-09-16 10:16:02.195,418.6780477014613,96
2024-09-16 10:16:02.198,418.7158607850768,1001
2024-09-16 10:16:02.229,418.6917183915983,1003
2024-09-16 10:16:02.231,418.688383415452,1004
2024-09-16 10:16:02.251,418.5789666141824,995
2024-09-16 10:16:02.351,418.7096441484117,999
2024-09-16 10:16:02.365,418.5753479959024,995
2024-09-16 10:16:02.381,418.6397095091797,12
2024-09-16 10:16:02.440,418.5718110014967,101
2024-09-16 10:16:02.449,418.56718447140616,11
2024-09-16 10:16:02.485,418.6773678489125,103
2024-09-16 10:16:02.508,418.6596247872243,14
2024-09-16 10:16:02.512,418.7139525162252,1005
2024-09-16 10:16:02.535,418.55316301798257,1003
2024-09-16 10:16:02.561,418.5417494381225,102
2024-09-16 10:16:02.638,418.6507974917154,6
2024-09-16 10:16:02.709,418.5829498516057,15
2024-09-16 10:16:02.720,418.6429241783368,995
2024-09-16 10:16:02.726,418.60405554064965,1000
2024-09-16 10:16:02.732,418.5916807603785,13
2024-09-16 10:16:02.738,418.6363939034105,1002
2024-09-16 10:16:02.758,418.57318147489934,1002
2024-09-16 10:16:03.003,418.4767915051723,105
2024-09-16 10:16:03.065,418.5323451546739,9
2024-09-16 10:16:03.085,418.49425690262046,101
2024-09-16 10:16:03.184,418.5088920039945,99
2024-09-16 10:16:03.341,418.490364208844,6
2024-09-16 10:16:03.364,418.482448205068,995
2024-09-16 10:16:03.388,418.5143329245702,995
2024-09-16 10:16:03.395,418.51924762426586,10
2024-09-16 10:16:03.521,418.53192664244864,101
2024-09-16 10:16:03.533,418.5161649048804,12
2024-09-16 10:16:03.577,418.4770901569071,996
2024-09-16 10:16:03.590,418.5276231051682,5
2024-09-16 10:16:03.633,418.51881847284,105
2024-09-16 10:16:03.716,418.53849120819865,1003
2024-09-16 10:16:03.732,418.50851387936535,9
2024-09-16 10:16:03.752,418.49743212215554,1002
2024-09-16 10:16:03.902,418.4921577461225,6
2024-09-16 10:16:04.021,418.52441597850014,99
2024-09-16 10:16:04.021,418.5288993769455,999
2024-09-16 10:16:04.032,418.5944244409896,995
2024-09-16 10:16:04.077,418.6232022165668,100
2024-09-16 10:16:04.087,418.5259088856759,9
2024-09-16 10:16:04.088,418.5409162471937,1004
2024-09-16 10:16:04.157,,97
2024-09-16 10:16:04.201,418.5195369332232,6
2024-09-16 10:16:04.234,418.60010083550856,5
2024-09-16 10:16:04.440,418.5946766710341,99
2024-09-16 10:16:04.490,418.6259271142633,1001
2024-09-16 10:16:04.512,418.5445649244787,998
2024-09-16 10:16:04.526,418.5527696194376,101
2024-09-16 10:16:04.533,418.5374631299737,100
2024-09-16 10:16:04.538,418.5364937793358,997
2024-09-16 10:16:04.545,418.61926853656286,5
2024-09-16 10:16:04.573,418.5219522259539,997
2024-09-16 10:16:04.641,418.53511894585137,6
2024-09-16 10:16:04.664,418.6028215857768,1000
2024-09-16 10:16:04.670,418.54341121320704,14
2024-09-16 10:16:04.680,418.52456457432487,13
2024-09-16 10:16:04.684,418.5496646654659,9
2024-09-16 10:16:04.780,418.5862587973577,996
2024-09-16 10:16:04.786,418.4990124271672,996
2024-09-16 10:16:04.788,418.5516759303175,8
2024-09-16 10:16:04.793,418.5287719891979,100
2024-09-16 10:16:04.904,418.5318887199792,96
2024-09-16 10:16:04.964,418.5367265994623,101
2024-09-16 10:16:05.018,418.6173967600922,1001
2024-09-16 10:16:05.068,418.6495478333157,1002
2024-09-16 10:16:05.084,418.6193841857413,5
2024-09-16 10:16:05.109,418.6113815620172,999
2024-09-16 10:16:05.141,418.57758622598215,15
2024-09-16 10:16:05.217,418.630047907088,96
2024-09-16 10:16:05.223,418.6449136704546,6
2024-09-16 10:16:05.225,418.5856108307928,99
2024-09-16 10:16:05.368,418.59570748660906,12
2024-09-16 10:16:05.409,418.64601286791975,101
2024-09-16 10:16:05.462,418.6044387135384,1005
2024-09-16 10:16:05.527,41.86538937206031,1002
2024-09-16 10:16:05.604,418.6410002313808,102
2024-09-16 10:16:05.605,418.60064669692514,1001
2024-09-16 10:16:05.629,418.62662585286427,103
2024-09-16 10:16:05.646,418.6032875821399,102
2024-09-16 10:16:05.666,418.6601140674229,102
2024-09-16 10:16:05.696,418.6250241157611,996
2024-09-16 10:16:05.777,418.6407244355263,99
2024-09-16 10:16:05.789,418.6072560708388,11
2024-09-16 10:16:05.802,418.5966921554035,1004
2024-09-16 10:16:05.854,418.5817643601909,995
2024-09-16 10:16:05.957,418.6352005107656,14
2024-09-16 10:16:05.969,418.61904816220544,999
2024-09-16 10:16:06.045,418.6042731426144,11
2024-09-16 10:16:06.047,418.62810459441386,995
2024-09-16 10:16:06.086,418.5916254247903,9
2024-09-16 10:16:06.349,418.6027172301688,7
2024-09-16 10:16:06.507,418.648410714812,9
2024-09-16 10:16:06.621,418.5852095947795,104
2024-09-16 10:16:07.002,418.5860589671299,100
2024-09-16 10:16:07.028,418.6026329523632,996
2024-09-16 10:16:07.035,418.54442935263336,999
2024-09-16 10:16:07.142,418.5903350237234,9
2024-09-16 10:16:07.210,418.50590800005256,1005
2024-09-16 10:16:07.238,418.59782729222655,999
2024-09-16 10:16:07.243,418.5048877451537,96
2024-09-16 10:16:07.281,418.5961500250215,11
2024-09-16 10:16:07.281,418.55201654809656,1002
2024-09-16 10:16:07.284,418.5066959056711,1005
2024-09-16 10:16:07.358,418.4907897757761,997
2024-09-16 10:16:07.388,418.5957607292517,96
2024-09-16 10:16:07.475,418.4859716083704,1004
2024-09-16 10:16:07.506,418.5473999601545,104
2024-09-16 10:16:07.515,418.5497599874696,97
2024-09-16 10:16:07.533,418.50139413508754,99
2024-09-16 10:16:07.585,418.5927322400761,14
2024-09-16 10:16:07.601,418.5687089731133,98
2024-09-16 10:16:07.616,418.5812284125603,1000
2024-09-16 10:16:07.701,418.5150770905731,15
2024-09-16 10:16:07.713,418.6021595335205,95
2024-09-16 10:16:07.753,418.5275666394477,998
2024-09-16 10:16:07.757,418.6121895877948,999
2024-09-16 10:16:07.813,418.4921300244744,103
2024-09-16 10:16:07.836,418.5882549437105,995
2024-09-16 10:16:07.857,418.5359673698194,14
2024-09-16 10:16:07.913,418.6019429752754,1004
2024-09-16 10:16:07.934,418.5276474162909,10
2024-09-16 10:16:07.960,418.4944441875768,12
2024-09-16 10:16:07.960,-418.59657863101137,105
2024-09-16 10:16:08.123,418.5175812186444,6
2024-09-16 10:16:08.128,418.5117613915335,11
2024-09-16 10:16:08.134,418.5361734378116,11
2024-09-16 10:16:08.138,418.4572850727354,14
2024-09-16 10:16:08.233,418.4859042622578,995
2024-09-16 10:16:08.254,418.4966891735824,95
2024-09-16 10:16:08.311,418.51307600707423,1000
2024-09-16 10:16:08.389,418.4811524509829,5
2024-09-16 10:16:08.417,418.53266238560434,99
2024-09-16 10:16:08.426,418.5019667633104,12
2024-09-16 10:16:08.482,418.4539782466088,12
2024-09-16 10:16:08.510,418.5312975814695,96
2024-09-16 10:16:08.576,418.4762916450663,97
2024-09-16 10:16:08.587,418.5245514436135,96
2024-09-16 10:16:08.616,418.5235312386284,11
2024-09-16 10:16:08.630,418.4866430144753,97
2024-09-16 10:16:08.670,418.5214029117087,101
2024-09-16 10:16:08.693,418.496338266141,1004
2024-09-16 10:16:08.763,418.4895363638761,96
2024-09-16 10:16:08.768,418.466818095662,8
2024-09-16 10:16:08.809,418.50363320715184,9
2024-09-16 10:16:08.860,418.5100955342722,96
2024-09-16 10:16:08.902,418.4830190045079,1001
2024-09-16 10:16:09.003,418.5665726598527,5
2024-09-16 10:16:09.036,418.54381698587446,1005
2024-09-16 10:16:09.113,418.5399925352683,13
2024-09-16 10:16:09.284,418.5298354876939,1003
2024-09-16 10:16:09.356,418.5254237252156,10
2024-09-16 10:16:09.493,418.55099059080095,11
2024-09-16 10:16:09.638,418.6012441711569,105
2024-09-16 10:16:09.674,418.5427814272397,999
2024-09-16 10:16:09.708,418.5545319680626,15
2024-09-16 10:16:09.710,418.5812492120418,100
2024-09-16 10:16:09.757,418.5925477663591,999
2024-09-16 10:16:09.989,418.55341242836647,1005
2024-09-16 10:16:10.141,418.5550662612442,104
2024-09-16 10:16:10.176,418.5787635287164,1003
2024-09-16 10:16:10.444,418.586097255165,1001
2024-09-16 10:16:10.467,418.571399230952,14
2024-09-16 10:16:10.626,418.5957812643237,998
2024-09-16 10:16:10.646,418.58853741145214,5
2024-09-16 10:16:10.700,418.5552949615776,99
2024-09-16 10:16:10.711,,997
2024-09-16 10:16:10.859,418.56401040885066,1000
2024-09-16 10:16:10.970,418.5929474651251,95
2024-09-16 10:16:11.030,418.5613183972882,13
2024-09-16 10:16:11.087,418.6054898720419,999
2024-09-16 10:16:11.090,418.5934077921857,104
2024-09-16 10:16:11.115,418.5421269636327,14
2024-09-16 10:16:11.129,418.58422509340375,999
2024-09-16 10:16:11.170,418.5936257843112,97
2024-09-16 10:16:11.252,418.6006823259888,101
2024-09-16 10:16:11.453,418.5719244813766,1002
2024-09-16 10:16:11.501,418.5271366733938,100
2024-09-16 10:16:11.527,418.5450583945986,11
2024-09-16 10:16:11.562,418.5166369482426,1002
2024-09-16 10:16:11.663,418.51319992966376,997
2024-09-16 10:16:11.688,418.5625689267417,97
2024-09-16 10:16:11.690,418.5947410222932,96
2024-09-16 10:16:11.762,418.576696435075,13
2024-09-16 10:16:11.778,418.5645933026517,1001
2024-09-16 10:16:11.967,418.583706361096,998
2024-09-16 10:16:12.010,418.5136564762038,1005
2024-09-16 10:16:12.060,418.48438261187727,6
2024-09-16 10:16:12.162,418.48149008443664,6
2024-09-16 10:16:12.168,418.5361206610541,98
2024-09-16 10:16:12.210,418.4948529478942,999
2024-09-16 10:16:12.227,418.5271913778724,105
2024-09-16 10:16:12.333,418.4802113824717,101
2024-09-16 10:16:12.414,418.52810460722526,102
2024-09-16 10:16:12.428,418.5193154220202,98
2024-09-16 10:16:12.462,418.4879839955675,96
2024-09-16 10:16:12.465,418.4943271670601,999
2024-09-16 10:16:12.519,418.48505406002016,6
2024-09-16 10:16:12.527,,104
2024-09-16 10:16:12.652,418.4819593006119,7
2024-09-16 10:16:12.694,418.4598504594013,14
2024-09-16 10:16:12.710,418.5184902012475,1004
2024-09-16 10:16:12.732,418.5475039219337,99
2024-09-16 10:16:12.761,418.4878112702602,14
2024-09-16 10:16:12.779,418.48636947968,5
2024-09-16 10:16:12.855,418.47943541039615,995
2024-09-16 10:16:12.925,,9
2024-09-16 10:16:12.933,418.4796730188493,10
2024-09-16 10:16:13.019,418.4869009536505,1002
2024-09-16 10:16:13.066,418.5347061165948,12
2024-09-16 10:16:13.317,418.4683886140457,999
2024-09-16 10:16:13.381,418.5388016571046,10
2024-09-16 10:16:13.565,418.50496807907535,9
2024-09-16 10:16:13.702,418.5412756737705,103
2024-09-16 10:16:13.732,418.4769413546956,15
2024-09-16 10:16:13.862,418.5214440700133,95
2024-09-16 10:16:13.865,418.5175548442279,11
2024-09-16 10:16:13.871,418.5455829807031,14
2024-09-16 10:16:13.994,418.5117609798933,995
2024-09-16 10:16:14.582,418.543919164749,104
2024-09-16 10:16:14.629,418.56066113465454,8
2024-09-16 10:16:14.631,418.54368752602267,996
2024-09-16 10:16:14.700,418.55174800695335,9
2024-09-16 10:16:14.776,418.5654149413691,997
2024-09-16 10:16:15.050,418.5142373941029,6
2024-09-16 10:16:15.084,418.5249187921368,100
2024-09-16 10:16:15.175,418.5449071896875,996
2024-09-16 10:16:15.186,418.523982465599,13
2024-09-16 10:16:15.198,418.5336987649637,997
2024-09-16 10:16:15.216,418.5459702578233,5
2024-09-16 10:16:15.305,418.54138919985,12
2024-09-16 10:16:15.333,418.5445822099081,6
2024-09-16 10:16:15.449,418.4936435538059,98
2024-09-16 10:16:15.528,418.5598336204661,995
2024-09-16 10:16:15.580,418.5241297209066,996
2024-09-16 10:16:15.599,418.5336358059839,95
2024-09-16 10:16:15.612,418.532726963915,999
2024-09-16 10:16:15.641,418.5329881996216,11
2024-09-16 10:16:15.696,418.5102191102124,103
2024-09-16 10:16:15.718,418.5165275682892,998
2024-09-16 10:16:15.819,418.5362160105273,11
2024-09-16 10:16:15.882,41.8536033354809,996
2024-09-16 10:16:15.910,418.5277719089589,100
2024-09-16 10:16:16.018,418.5653662783043,6
2024-09-16 10:16:16.051,418.5254562093331,10
2024-09-16 10:16:16.073,418.5484904250801,997
2024-09-16 10:16:16.146,418.5218213248756,1003
2024-09-16 10:16:16.157,418.57055270277976,8
2024-09-16 10:16:16.270,418.5051205717264,996
2024-09-16 10:16:16.274,418.5386986508652,99
2024-09-16 10:16:16.424,418.5236709438942,102
2024-09-16 10:16:16.429,418.5589552927522,11
2024-09-16 10:16:16.484,418.5138194795903,96
2024-09-16 10:16:16.496,418.5692201128722,8
2024-09-16 10:16:16.562,418.54290241344586,1002
2024-09-16 10:16:16.617,418.56957781476046,103
2024-09-16 10:16:16.628,418.525650745284,95
2024-09-16 10:16:16.652,418.5404187930381,8
2024-09-16 10:16:16.677,418.5490230597171,1004
2024-09-16 10:16:16.794,,996
2024-09-16 10:16:16.844,418.5399553743461,12
2024-09-16 10:16:16.884,418.5559423626812,97
2024-09-16 10:16:16.922,418.5557189596182,10
2024-09-16 10:16:16.923,418.5106480650496,102
2024-09-16 10:16:16.990,418.54084671998754,996
2024-09-16 10:16:17.035,418.5543276899432,105
2024-09-16 10:16:17.040,418.6028602097075,999
2024-09-16 10:16:17.054,418.51402681000536,7
2024-09-16 10:16:17.120,418.5283074412093,995
2024-09-16 10:16:17.153,418.53785380435,12
2024-09-16 10:16:17.170,418.5266616227776,99
2024-09-16 10:16:17.197,418.5444582303058,1003
2024-09-16 10:16:17.278,418.5588794896016,99
2024-09-16 10:16:17.320,418.5430173872863,1005
2024-09-16 10:16:17.341,418.53447988362495,1005
2024-09-16 10:16:17.352,418.5943106620568,12
2024-09-16 10:16:17.354,418.5566030168511,996
2024-09-16 10:16:17.355,418.49809840357807,103
2024-09-16 10:16:17.382,418.5880611223861,98
2024-09-16 10:16:17.490,418.51223748219104,13
2024-09-16 10:16:17.561,418.5028941525544,105
2024-09-16 10:16:17.571,418.55706856684645,9
2024-09-16 10:16:17.572,418.536554920263,105
2024-09-16 10:16:17.580,418.54055159368073,996
2024-09-16 10:16:17.619,418.4968192690664,999
2024-09-16 10:16:17.641,418.5333216788113,9
2024-09-16 10:16:17.780,418.5590778452217,1002
2024-09-16 10:16:17.793,418.5862160717679,105
2024-09-16 10:16:17.795,418.4979439037506,97
2024-09-16 10:16:17.800,418.5201399478375,7
2024-09-16 10:16:17.811,418.51115554508726,13
2024-09-16 10:16:17.901,418.53581616076144,15
2024-09-16 10:16:17.904,418.5462519821444,1005
2024-09-16 10:16:17.984,418.5689457514545,101
2024-09-16 10:16:18.028,418.5650241284496,1001
2024-09-16 10:16:18.080,418.5672664900724,998
2024-09-16 10:16:18.126,418.5536899253482,99
2024-09-16 10:16:18.129,418.5589596088438,102
2024-09-16 10:16:18.150,418.530615861788,1004
2024-09-16 10:16:18.157,418.5580678217916,12
2024-09-16 10:16:18.204,418.5385825249138,999
2024-09-16 10:16:18.299,418.5525463418746,15
2024-09-16 10:16:18.399,418.5568017077274,100
2024-09-16 10:16:18.464,418.51373798034206,101
2024-09-16 10:16:18.549,418.5115248140856,101
2024-09-16 10:16:18.835,418.5456208867598,103
2024-09-16 10:16:19.056,418.56239542865546,103
2024-09-16 10:16:19.200,418.5501954694096,98
2024-09-16 10:16:19.220,418.5606271735876,15
2024-09-16 10:16:19.353,418.55581837517553,1003
2024-09-16 10:16:19.484,418.5333768982762,105
2024-09-16 10:16:19.495,418.5761764183905,997
2024-09-16 10:16:19.589,418.5520988994013,996
2024-09-16 10:16:19.601,418.5612568868332,998
2024-09-16 10:16:19.718,418.5539491448255,1002
2024-09-16 10:16:19.737,418.5468245283535,1005
2024-09-16 10:16:19.782,418.5699066098771,1002
2024-09-16 10:16:19.806,418.5048155526953,98
2024-09-16 10:16:19.824,418.5510801505514,97
2024-09-16 10:16:19.828,-418.52831834130063,95
2024-09-16 10:16:19.833,418.55812786367386,998
2024-09-16 10:16:19.848,418.5476944847745,5
2024-09-16 10:16:19.913,418.5138728461008,1000
2024-09-16 10:16:19.962,418.5397880750808,1004
2024-09-16 10:16:19.995,418.5376133050004,1005
2024-09-16 10:16:20.086,418.5176317368176,15
2024-09-16 10:16:20.100,418.5141570302595,103
2024-09-16 10:16:20.115,418.5089053123846,995
2024-09-16 10:16:20.211,418.4993185169459,1005
2024-09-16 10:16:20.215,418.4629133487355,1001
2024-09-16 10:16:20.379,418.5159676928733,98
2024-09-16 10:16:20.407,418.5017641265011,98
2024-09-16 10:16:20.420,418.4866841659298,6
2024-09-16 10:16:20.508,418.44500237907937,12
2024-09-16 10:16:20.738,418.447129974456,6
2024-09-16 10:16:20.774,,102
2024-09-16 10:16:20.793,418.52507027462354,98
2024-09-16 10:16:20.846,418.5048120826267,98
2024-09-16 10:16:20.863,418.45709393786666,105
2024-09-16 10:16:20.973,418.4446034028273,97
2024-09-16 10:16:21.204,418.4582362345407,96
2024-09-16 10:16:21.304,418.49401444908153,6
2024-09-16 10:16:21.332,418.4648023127428,99
2024-09-16 10:16:21.385,418.4799195955411,999
2024-09-16 10:16:21.395,418.47644249027695,103
2024-09-16 10:16:21.586,418.454447664841,95
2024-09-16 10:16:21.593,418.48681101802,99
2024-09-16 10:16:21.669,418.4519607476538,104
2024-09-16 10:16:21.763,418.465636317388,12
2024-09-16 10:16:21.777,418.43836190901385,8
2024-09-16 10:16:21.790,418.4544709724904,97
2024-09-16 10:16:21.901,418.4634057379864,15
2024-09-16 10:16:21.928,418.4744876926897,1004
2024-09-16 10:16:21.956,418.45586639813257,6
2024-09-16 10:16:21.979,,995
2024-09-16 10:16:21.993,418.4660288628051,1003
2024-09-16 10:16:21.996,418.4479783058972,103
2024-09-16 10:16:22.433,418.4031846850044,10
2024-09-16 10:16:22.515,418.3647403800249,100
2024-09-16 10:16:22.676,418.3334461109116,14
2024-09-16 10:16:22.745,418.3410578612096,14
2024-09-16 10:16:22.872,418.355190776342,104
2024-09-16 10:16:22.899,418.354818223727,15
2024-09-16 10:16:22.956,418.4333234897361,100
2024-09-16 10:16:22.958,418.4011717624413,105
2024-09-16 10:16:22.992,418.4314654715591,1003
2024-09-16 10:16:23.149,418.2915283063472,99
2024-09-16 10:16:23.203,418.33462498297416,99
2024-09-16 10:16:23.213,418.2551482390568,14
2024-09-16 10:16:23.239,418.3199592447119,97
2024-09-16 10:16:23.307,418.3137261574472,11
2024-09-16 10:16:23.331,418.2971414030221,1002
2024-09-16 10:16:23.352,418.2359478255035,1005
2024-09-16 10:16:23.446,418.2941501954588,100
2024-09-16 10:16:23.459,418.3200536920419,105
2024-09-16 10:16:23.461,418.2994745717544,12
2024-09-16 10:16:23.486,418.3104130683717,104
2024-09-16 10:16:23.544,418.3184876481244,1005
2024-09-16 10:16:23.590,418.2957761837592,996
2024-09-16 10:16:23.723,418.3116438780711,996
2024-09-16 10:16:23.727,418.3016347755983,1004
2024-09-16 10:16:23.728,418.30561829579824,1005
2024-09-16 10:16:23.728,418.32104201374096,9
2024-09-16 10:16:23.881,418.2333555571715,13
2024-09-16 10:16:23.883,418.3284565842226,9
2024-09-16 10:16:23.950,418.3037598480498,6
2024-09-16 10:16:23.951,418.2875594344091,996
2024-09-16 10:16:23.953,,11
2024-09-16 10:16:23.964,418.32042652866727,9
2024-09-16 10:16:23.970,418.2885527121112,98
2024-09-16 10:16:23.973,418.2357614581002,1002
2024-09-16 10:16:23.979,418.3100859386884,105
2024-09-16 10:16:23.987,418.3093428733365,1001
2024-09-16 10:16:24.113,418.2350911613019,12
2024-09-16 10:16:24.129,418.197612902807,7
2024-09-16 10:16:24.256,418.2164981362386,10
2024-09-16 10:16:24.304,418.195896066714,97
2024-09-16 10:16:24.310,418.218622805666,99
2024-09-16 10:16:24.356,418.2397091285288,13
2024-09-16 10:16:24.364,418.2338512458756,998
2024-09-16 10:16:24.431,418.2342818482047,9
2024-09-16 10:16:24.539,418.2099647084217,11
2024-09-16 10:16:24.611,418.2170807576306,96
2024-09-16 10:16:24.617,418.2318464941659,15
2024-09-16 10:16:24.618,418.218828392396,7
2024-09-16 10:16:24.664,418.2587229112646,103
2024-09-16 10:16:24.669,418.2211983125642,10
2024-09-16 10:16:24.675,418.203327886462,998
2024-09-16 10:16:24.719,418.2202185796698,100
2024-09-16 10:16:24.734,418.2150214877849,1002
2024-09-16 10:16:24.928,41.81765576306044,5
2024-09-16 10:16:24.961,418.23640758364166,1005
2024-09-16 10:16:24.972,418.2539987781872,5
2024-09-16 10:16:24.989,418.2117661688441,10
2024-09-16 10:16:24.999,418.2476429986687,105
2024-09-16 10:16:25.023,418.230482370178,98
2024-09-16 10:16:25.145,41.82416860124271,100
2024-09-16 10:16:25.243,418.21912158251945,7
2024-09-16 10:16:25.481,418.238207762175,995
2024-09-16 10:16:25.629,418.2411995266607,99
2024-09-16 10:16:25.639,418.2210348079869,15
2024-09-16 10:16:25.931,418.2169826206893,1001
2024-09-16 10:16:26.101,418.2917559074263,1005
2024-09-16 10:16:26.128,418.2394613025131,95
2024-09-16 10:16:26.173,418.2614913842303,999
2024-09-16 10:16:26.185,,105
2024-09-16 10:16:26.261,418.3086440695713,1005
2024-09-16 10:16:26.276,418.2498642778201,96
2024-09-16 10:16:26.394,418.2854554770096,7
2024-09-16 10:16:26.535,418.25870960598974,15
2024-09-16 10:16:26.575,418.25924691660254,9
2024-09-16 10:16:26.630,418.2982969681538,997
2024-09-16 10:16:26.652,418.27762864030586,95
2024-09-16 10:16:26.716,418.2505431422203,7
2024-09-16 10:16:26.777,418.2646316418816,5
2024-09-16 10:16:26.777,418.31617538434057,1002
2024-09-16 10:16:26.946,418.33803378275786,9
2024-09-16 10:16:26.959,418.3074300440511,9
2024-09-16 10:16:27.157,418.3554542816729,999
2024-09-16 10:16:27.172,418.3956118865905,1002
2024-09-16 10:16:27.272,418.35401198311774,98
2024-09-16 10:16:27.332,418.30968582456666,103
2024-09-16 10:16:27.367,418.3116444749233,13
2024-09-16 10:16:27.416,418.4023258179941,999
2024-09-16 10:16:27.481,418.35760878300897,100
2024-09-16 10:16:27.514,418.3557159269388,995
2024-09-16 10:16:27.622,418.34806370841886,13
2024-09-16 10:16:27.625,418.33547905683406,13
2024-09-16 10:16:27.650,418.3408073489719,104
2024-09-16 10:16:27.763,,1002
2024-09-16 10:16:27.767,418.3611963429757,1002
2024-09-16 10:16:27.786,418.36214290435294,1000
2024-09-16 10:16:27.794,418.3794774768648,1000
2024-09-16 10:16:27.899,418.397980970812,11
2024-09-16 10:16:27.926,418.3713767275975,995
2024-09-16 10:16:27.930,418.3620335415731,103
2024-09-16 10:16:27.938,418.3929532099684,14
2024-09-16 10:16:27.981,418.3607105953461,6
2024-09-16 10:16:29.026,418.3082408915348,95
2024-09-16 10:16:29.135,418.21219540284375,96
2024-09-16 10:16:29.205,418.3099968991513,15
2024-09-16 10:16:29.289,418.26805143240006,10
2024-09-16 10:16:29.499,418.33685240848985,97
2024-09-16 10:16:29.534,418.2356508549672,7
2024-09-16 10:16:29.548,418.3327532922572,1003
2024-09-16 10:16:29.592,418.2480766469849,1004
2024-09-16 10:16:29.610,418.3023704980612,10
2024-09-16 10:16:29.672,418.2513386171668,999
2024-09-16 10:16:29.689,418.3132271684886,1001
2024-09-16 10:16:29.689,418.3046013130872,9
2024-09-16 10:16:29.741,41.830894612245615,11
2024-09-16 10:16:29.769,418.3307612064692,5
2024-09-16 10:16:29.791,418.3106728998381,95
2024-09-16 10:16:29.795,418.2848035212626,14
2024-09-16 10:16:29.823,418.2888950519287,1005
2024-09-16 10:16:29.846,418.3345980456784,13
2024-09-16 10:16:29.851,418.341239914953,9
2024-09-16 10:16:29.868,418.34716016636094,99
2024-09-16 10:16:29.956,418.33591466699033,13
2024-09-16 10:16:29.967,418.33121138570567,1003
2024-09-16 10:16:30.003,418.1563698719897,100
2024-09-16 10:16:30.274,418.1802893156705,14
2024-09-16 10:16:30.395,418.1711258669305,1000
2024-09-16 10:16:30.635,418.1829017991807,100
2024-09-16 10:16:30.766,418.1986931084152,996
2024-09-16 10:16:30.831,418.2028228149929,1003
2024-09-16 10:16:30.928,418.1977018939836,100
2024-09-16 10:16:31.118,418.1420626751865,1000
2024-09-16 10:16:31.148,418.1225744236062,1000
2024-09-16 10:16:31.158,418.12020230899634,105
2024-09-16 10:16:31.198,418.1384211115963,6
2024-09-16 10:16:31.204,418.06763486750685,95
2024-09-16 10:16:31.222,418.165622861062,11
2024-09-16 10:16:31.244,418.1160624256841,998
2024-09-16 10:16:31.294,418.1285839562446,97
2024-09-16 10:16:31.370,418.1236389660202,1005
2024-09-16 10:16:31.375,418.1264312101123,102
2024-09-16 10:16:31.406,418.0906628846906,9
2024-09-16 10:16:31.409,418.0827636134629,95
2024-09-16 10:16:31.422,418.122683746896,999
2024-09-16 10:16:31.446,418.1689570973653,100
2024-09-16 10:16:31.455,418.1230777229593,11
2024-09-16 10:16:31.470,418.101515536969,13
2024-09-16 10:16:31.523,418.1263895670683,1003
2024-09-16 10:16:31.544,418.1267603701459,98
2024-09-16 10:16:31.657,418.1335368586729,1004
2024-09-16 10:16:31.680,418.0917679639717,15
2024-09-16 10:16:31.731,418.1114721199548,101
2024-09-16 10:16:31.777,-418.0870719294242,13
2024-09-16 10:16:31.794,418.0747107566088,10
2024-09-16 10:16:31.794,418.11786619589145,99
2024-09-16 10:16:31.800,418.0757711348391,1005
2024-09-16 10:16:31.842,418.1310543527511,100
2024-09-16 10:16:31.981,418.122232711259,998
2024-09-16 10:16:32.154,418.04941781771737,101
2024-09-16 10:16:32.268,418.0411077166593,96
2024-09-16 10:16:32.438,418.06102064142425,7
2024-09-16 10:16:32.670,418.0548979324926,98
2024-09-16 10:16:32.687,418.05391348244814,7
2024-09-16 10:16:33.097,418.04880539633854,997
2024-09-16 10:16:33.302,418.0477943260631,13
2024-09-16 10:16:33.569,418.0625518208514,997
2024-09-16 10:16:33.764,418.0458790798097,103
2024-09-16 10:16:34.005,418.0171592840927,8
2024-09-16 10:16:34.046,418.0452956560755,14
2024-09-16 10:16:34.076,417.99057267007714,15
2024-09-16 10:16:34.203,418.016967113462,7
2024-09-16 10:16:34.264,418.0046554086758,1005
2024-09-16 10:16:34.345,418.0281246495125,1002
2024-09-16 10:16:34.388,418.008067313495,8
2024-09-16 10:16:34.462,418.01950172290543,104
2024-09-16 10:16:34.546,417.9935592113003,1005
2024-09-16 10:16:34.613,418.0205063064647,1001
2024-09-16 10:16:34.622,417.9895214104541,995
2024-09-16 10:16:34.811,418.013592554248,102
2024-09-16 10:16:34.914,418.0269557967135,12
2024-09-16 10:16:34.966,418.0285496718103,97
2024-09-16 10:16:35.005,417.9775298306562,8
2024-09-16 10:16:35.081,417.97239016119227,7
2024-09-16 10:16:35.099,417.99983004929766,98
2024-09-16 10:16:35.308,417.9745155878293,1000
2024-09-16 10:16:35.468,418.0045391155473,5
2024-09-16 10:16:35.486,418.0108869554237,104
2024-09-16 10:16:35.503,417.9710478177553,998
2024-09-16 10:16:35.538,418.02547728788426,996
2024-09-16 10:16:35.702,417.9999610352583,15
2024-09-16 10:16:35.732,417.98381938959466,96
2024-09-16 10:16:35.733,417.9967762468158,97
2024-09-16 10:16:35.737,417.98816219627145,996
2024-09-16 10:16:35.806,418.0075047071993,103
2024-09-16 10:16:35.813,418.02192712536,1002
2024-09-16 10:16:35.895,417.99247503742765,1002
2024-09-16 10:16:35.897,418.02170479103626,11
2024-09-16 10:16:35.907,418.0078995001726,103
2024-09-16 10:16:35.929,417.99317734312376,1000
2024-09-16 10:16:35.940,418.0146652967916,11
2024-09-16 10:16:35.942,418.0137747859507,98
2024-09-16 10:16:35.951,417.9845471570281,996
2024-09-16 10:16:36.089,417.98201981989575,102
2024-09-16 10:16:36.120,418.00762551350783,998
2024-09-16 10:16:36.325,417.9873234547302,13
2024-09-16 10:16:36.419,417.982688545614,998
2024-09-16 10:16:36.533,418.0082029439429,101
2024-09-16 10:16:36.542,417.9878195189389,11
2024-09-16 10:16:36.551,417.9899427495874,996
2024-09-16 10:16:36.567,417.9807990388518,1003
2024-09-16 10:16:36.614,418.0030521367808,1003
2024-09-16 10:16:36.650,417.9970264962892,96
2024-09-16 10:16:36.774,417.98675884723497,101
2024-09-16 10:16:36.809,417.9795479811143,1005
2024-09-16 10:16:36.838,417.991650191046,105
2024-09-16 10:16:36.968,417.97991844523233,1001
2024-09-16 10:16:37.759,417.9722837574736,97
2024-09-16 10:16:39.025,418.0346916748754,996
2024-09-16 10:16:39.157,418.0101550715448,100
2024-09-16 10:16:39.172,418.0476830173329,13
2024-09-16 10:16:39.184,417.96466360914127,105
2024-09-16 10:16:39.322,418.0502710454278,1003
2024-09-16 10:16:39.349,418.0324434381757,5
2024-09-16 10:16:39.386,417.9610030877911,104
2024-09-16 10:16:39.423,418.0160576678121,1001
2024-09-16 10:16:39.447,417.9793738153444,99
2024-09-16 10:16:39.500,417.9962568247713,1004
2024-09-16 10:16:39.619,417.9729835100219,97
2024-09-16 10:16:39.664,418.01852211838064,101
2024-09-16 10:16:39.712,418.0308738246277,999
2024-09-16 10:16:39.712,418.0213778092392,9
2024-09-16 10:16:39.733,418.0250208617639,10
2024-09-16 10:16:39.901,418.02739360123536,13
2024-09-16 10:16:39.917,418.0423863573664,96
2024-09-16 10:16:39.926,417.9764960299971,11
2024-09-16 10:16:39.931,417.9799405051141,5
2024-09-16 10:16:39.937,418.0398559515556,103
2024-09-16 10:16:39.938,418.0046652014293,96
2024-09-16 10:16:39.990,418.014034550627,1001
2024-09-16 10:16:40.027,418.055422078192,6
2024-09-16 10:16:40.090,418.068340227062,104
2024-09-16 10:16:40.122,-418.05798441896815,104
2024-09-16 10:16:40.133,418.0375442451826,103
2024-09-16 10:16:40.226,418.0352994308861,1003
2024-09-16 10:16:40.236,418.0791293870975,11
2024-09-16 10:16:40.245,418.0346545522026,103
2024-09-16 10:16:40.318,418.0756429395308,997
2024-09-16 10:16:40.319,418.0299258804831,9
2024-09-16 10:16:40.369,418.0307435605874,13
2024-09-16 10:16:40.464,418.03913745108656,1000
2024-09-16 10:16:40.470,418.0378936198076,105
2024-09-16 10:16:40.572,418.0394651973795,99
2024-09-16 10:16:40.623,418.07317323929016,9
2024-09-16 10:16:40.631,418.0669603390227,6
2024-09-16 10:16:40.774,418.04459623982376,1004
2024-09-16 10:16:40.804,418.0592445994083,1000
2024-09-16 10:16:40.875,418.0874263273393,100
2024-09-16 10:16:40.893,418.0372590806544,1004
2024-09-16 10:16:40.945,418.04057680867066,105
2024-09-16 10:16:40.968,418.0690080359988,102
2024-09-16 10:16:40.992,418.0839924996113,12
2024-09-16 10:16:41.086,418.0167781336325,104
2024-09-16 10:16:41.151,418.01038704774254,7
2024-09-16 10:16:41.253,418.0444125187736,8
2024-09-16 10:16:41.286,418.0181939797517,96
2024-09-16 10:16:41.290,418.00425439815126,999
2024-09-16 10:16:41.305,418.0728862077231,998
2024-09-16 10:16:41.314,418.02613332050254,1003
2024-09-16 10:16:41.330,418.0355148804031,1000
2024-09-16 10:16:41.344,418.0324655836129,103
2024-09-16 10:16:41.376,417.9822038206864,1004
2024-09-16 10:16:41.377,418.0223132762793,997
2024-09-16 10:16:41.476,418.0298855607701,997
2024-09-16 10:16:41.484,417.9989714005752,103
2024-09-16 10:16:41.513,418.0640940488726,11
2024-09-16 10:16:41.540,418.0213565099983,105
2024-09-16 10:16:41.627,418.0151576574231,7
2024-09-16 10:16:41.673,418.0114866255278,1004
2024-09-16 10:16:41.713,418.02672745241074,14
2024-09-16 10:16:41.722,418.0205654145639,102
2024-09-16 10:16:41.773,417.9981082421567,96
2024-09-16 10:16:41.791,418.06178957593823,15
2024-09-16 10:16:41.847,418.00969987966295,104
2024-09-16 10:16:41.953,418.025470179601,96
2024-09-16 10:16:41.957,418.053307473859,96
2024-09-16 10:16:41.958,417.997413140787,8
2024-09-16 10:16:42.290,417.9885506467838,14
2024-09-16 10:16:42.342,418.01626997811496,100
2024-09-16 10:16:42.413,418.022897765318,102
2024-09-16 10:16:42.645,417.98132395315577,12
2024-09-16 10:16:42.695,418.0078022367841,95
2024-09-16 10:16:42.764,418.0083405255826,96
2024-09-16 10:16:42.790,418.0267622237144,8
2024-09-16 10:16:42.810,417.9823706773798,100
2024-09-16 10:16:42.853,417.9771276109207,998
2024-09-16 10:16:42.868,418.0124275479928,1000
2024-09-16 10:16:43.343,418.04407964909416,97
2024-09-16 10:16:43.410,418.0478763898872,995
2024-09-16 10:16:43.436,418.063027109782,102
2024-09-16 10:16:43.507,418.04833197496686,997
2024-09-16 10:16:43.650,418.0304349163338,12
2024-09-16 10:16:43.696,418.0506567345528,13
2024-09-16 10:16:43.915,418.02005008484736,95
2024-09-16 10:16:43.937,418.0220563879055,1000
2024-09-16 10:16:43.977,418.0578425217443,1003
2024-09-16 10:16:44.002,41.80733976824415,99
2024-09-16 10:16:44.071,418.0487185817664,104
2024-09-16 10:16:44.089,418.0578704216069,996
2024-09-16 10:16:44.094,418.0727073132365,102
2024-09-16 10:16:44.107,418.0692774956253,1002
2024-09-16 10:16:44.164,418.09132882071634,12
2024-09-16 10:16:44.175,418.0628952340728,7
2024-09-16 10:16:44.190,418.0889811256759,998
2024-09-16 10:16:44.218,418.1000467661165,102
2024-09-16 10:16:44.219,418.0474593579056,9
2024-09-16 10:16:44.234,418.081599375654,103
2024-09-16 10:16:44.247,418.079371649358,999
2024-09-16 10:16:44.262,418.0589064893669,10
2024-09-16 10:16:44.312,418.082865836278,101
2024-09-16 10:16:44.340,418.0568555568437,14
2024-09-16 10:16:44.382,418.0766953205538,102
2024-09-16 10:16:44.462,418.0579891509362,10
2024-09-16 10:16:44.565,418.0750831128325,97
2024-09-16 10:16:44.587,418.0997783574476,102
2024-09-16 10:16:44.590,418.0498179733413,97
2024-09-16 10:16:44.596,418.0736715941605,1001
2024-09-16 10:16:44.603,418.0747221678786,97
2024-09-16 10:16:44.628,418.0917387733472,9
2024-09-16 10:16:44.665,418.1043157641512,102
2024-09-16 10:16:44.839,418.0607463421948,8
2024-09-16 10:16:44.865,418.07223852041113,14
2024-09-16 10:16:44.878,-418.0609139273381,1005
2024-09-16 10:16:44.936,418.101227646437,100
2024-09-16 10:16:44.993,418.068168693056,97
2024-09-16 10:16:45.057,418.0627949994407,101
2024-09-16 10:16:45.168,418.07075688604016,98
2024-09-16 10:16:45.197,418.0585727306863,96
2024-09-16 10:16:45.268,418.0637352080834,99
2024-09-16 10:16:45.465,418.0471848853304,6
2024-09-16 10:16:45.499,418.0367076817036,1005
2024-09-16 10:16:45.523,-418.0385122095564,6
2024-09-16 10:16:45.576,418.0735810548475,95
2024-09-16 10:16:45.659,418.068873062832,10
2024-09-16 10:16:45.679,418.0800815919456,997
2024-09-16 10:16:45.683,418.0730299075698,999
2024-09-16 10:16:45.703,418.025307166169,101
2024-09-16 10:16:45.831,418.0346864712715,101
2024-09-16 10:16:45.852,418.0066697005016,999
2024-09-16 10:16:45.912,418.0875054717273,98
2024-09-16 10:16:45.947,418.0261274367605,99
2024-09-16 10:16:46.098,418.0527495302104,998
2024-09-16 10:16:46.103,418.08138702418165,999
2024-09-16 10:16:46.240,418.0640294202215,995
2024-09-16 10:16:46.266,418.049447107768,7
2024-09-16 10:16:46.281,418.07145109205,996
2024-09-16 10:16:46.427,418.0661086025355,96
2024-09-16 10:16:46.433,418.08896940324297,1004
2024-09-16 10:16:46.468,418.0677650468043,6
2024-09-16 10:16:46.496,418.01185285720095,96
2024-09-16 10:16:46.500,418.0588349876999,99
2024-09-16 10:16:46.667,418.0833072417474,1001
2024-09-16 10:16:46.728,418.0757910971232,102
2024-09-16 10:16:46.779,418.0736054096074,996
2024-09-16 10:16:46.803,418.03010563837705,15
2024-09-16 10:16:46.809,418.07075088980366,95
2024-09-16 10:16:46.815,418.0962597213842,995
2024-09-16 10:16:46.968,418.0559790052803,98
2024-09-16 10:16:47.039,418.014485179109,14
2024-09-16 10:16:47.053,418.010077574009,7
2024-09-16 10:16:47.071,417.9960004616885,6
2024-09-16 10:16:47.156,418.01712240237134,11
2024-09-16 10:16:47.232,418.0338463503139,1000
2024-09-16 10:16:47.302,418.0335459731761,96
2024-09-16 10:16:47.363,417.9896714704384,101
2024-09-16 10:16:47.622,417.98403995627024,102
2024-09-16 10:16:47.649,418.01967505723167,1002
2024-09-16 10:16:47.688,417.99820179986347,100
2024-09-16 10:16:47.692,418.0026195055036,1004
2024-09-16 10:16:47.804,417.9890885784232,95
2024-09-16 10:16:47.836,417.9917952229433,13
2024-09-16 10:16:47.879,417.9935875784642,98
2024-09-16 10:16:47.912,418.0079447919719,6
2024-09-16 10:16:47.918,417.9993799320155,14
2024-09-16 10:16:48.031,418.0803314051482,995
2024-09-16 10:16:48.034,418.0528190619913,1002
2024-09-16 10:16:48.075,418.0773998742667,105
2024-09-16 10:16:48.078,418.03356345969087,15
2024-09-16 10:16:48.079,418.0539078530365,103
2024-09-16 10:16:48.087,418.0631674846746,96
2024-09-16 10:16:48.163,418.0919417762245,101
2024-09-16 10:16:48.173,418.057169363142,13
2024-09-16 10:16:48.178,418.0501119624839,98
2024-09-16 10:16:48.187,418.07084708087694,8
2024-09-16 10:16:48.231,418.0580644518701,11
2024-09-16 10:16:48.304,418.07363213672994,995
2024-09-16 10:16:48.311,418.0801527859318,1004
2024-09-16 10:16:48.324,418.0577983007464,1003
2024-09-16 10:16:48.463,418.06049661717486,1003
2024-09-16 10:16:48.615,418.0620811620959,7
2024-09-16 10:16:48.626,418.0691659057555,1001
2024-09-16 10:16:48.701,418.085612502442,1001
2024-09-16 10:16:48.719,418.042964893641,5
2024-09-16 10:16:48.802,418.0764420708308,6
2024-09-16 10:16:48.876,418.0485580801621,10
2024-09-16 10:16:48.922,418.0473067904159,5
2024-09-16 10:16:48.926,418.0800455318189,1004
2024-09-16 10:16:48.996,418.07002302477696,999
2024-09-16 10:16:49.110,418.0440211651768,1002
2024-09-16 10:16:49.421,418.0763659718917,12
2024-09-16 10:16:49.531,418.04606699804594,1004
2024-09-16 10:16:49.687,418.0683837310157,1003
2024-09-16 10:16:49.739,418.0564101893123,998
2024-09-16 10:16:49.895,418.0552939089456,9
2024-09-16 10:16:49.964,418.0507778928216,8
2024-09-16 10:16:50.011,418.0830564392698,105
2024-09-16 10:16:50.182,418.0605957193628,1003
2024-09-16 10:16:50.266,418.0653139621747,14
2024-09-16 10:16:50.295,418.07620676273945,12
2024-09-16 10:16:50.339,418.0708671381064,99
2024-09-16 10:16:50.490,418.08210826298586,8
2024-09-16 10:16:50.542,418.079744547437,998
2024-09-16 10:16:50.605,418.06447903330735,13
2024-09-16 10:16:50.607,418.05529098189817,10
2024-09-16 10:16:50.685,418.0646325989399,96
2024-09-16 10:16:50.688,418.1002699995273,12
2024-09-16 10:16:50.842,418.0691485736916,999
2024-09-16 10:16:50.871,418.0729613790509,15
2024-09-16 10:16:50.987,418.1027110351109,995
2024-09-16 10:16:51.034,418.0395564783802,1001
2024-09-16 10:16:51.152,418.0626708807989,104
2024-09-16 10:16:51.282,418.0642457323231,5
2024-09-16 10:16:51.353,418.0581467642556,13
2024-09-16 10:16:51.433,418.0662765555962,15
2024-09-16 10:16:51.501,418.06006647224206,96
2024-09-16 10:16:51.938,418.040267777266,15
2024-09-16 10:16:52.038,418.0388756623634,5
2024-09-16 10:16:52.078,418.0804124846807,1000
2024-09-16 10:16:52.117,418.06150557571897,8
2024-09-16 10:16:52.179,418.0647093791124,104
2024-09-16 10:16:52.476,-418.0702531514486,998
2024-09-16 10:16:52.487,418.0559001540276,8
2024-09-16 10:16:52.618,418.0549609122304,996
2024-09-16 10:16:52.657,418.0537135031017,97
2024-09-16 10:16:52.658,418.07313614785295,999
2024-09-16 10:16:52.702,418.0289886102341,1005
2024-09-16 10:16:52.719,418.0631864682372,102
2024-09-16 10:16:52.839,418.0506556516459,97
2024-09-16 10:16:52.846,418.0687559527035,1000
2024-09-16 10:16:52.891,418.07595384771497,11
2024-09-16 10:16:52.900,418.0486646952817,998
2024-09-16 10:16:52.978,418.06012356349225,98
2024-09-16 10:16:53.074,418.0850381218884,97
2024-09-16 10:16:53.167,418.0820579940764,1005
2024-09-16 10:16:53.258,418.084973456227,1002
2024-09-16 10:16:53.272,418.0673383970546,996
2024-09-16 10:16:53.284,418.0605950390493,995
2024-09-16 10:16:53.374,418.0657823264199,105
2024-09-16 10:16:53.460,418.0651946188233,101
2024-09-16 10:16:53.526,418.066233301869,95
2024-09-16 10:16:53.904,418.0621064867073,9
2024-09-16 10:16:53.979,418.0680647391383,105
2024-09-16 10:16:54.055,418.0641876907324,98
2024-09-16 10:16:54.056,418.05438963860297,11
2024-09-16 10:16:54.062,418.037331806187,10
2024-09-16 10:16:54.171,-418.00289003547897,6
2024-09-16 10:16:54.203,418.04894883547007,100
2024-09-16 10:16:54.267,418.02334569603926,105
2024-09-16 10:16:54.385,418.06609127777153,995
2024-09-16 10:16:54.415,418.03886067734487,9
2024-09-16 10:16:54.416,418.0673097296991,6
2024-09-16 10:16:54.436,418.0636676453599,12
2024-09-16 10:16:54.636,418.0721586862324,12
2024-09-16 10:16:54.649,418.03727566086167,998
2024-09-16 10:16:54.687,418.0511087872313,996
2024-09-16 10:16:54.688,418.07709252962826,13
2024-09-16 10:16:54.700,418.015608887946,104
2024-09-16 10:16:54.720,418.0478314760538,1002
2024-09-16 10:16:54.734,418.0648535646226,15
2024-09-16 10:16:54.743,418.0503226499314,105
2024-09-16 10:16:54.752,41.80663548345666,997
2024-09-16 10:16:54.757,418.0524226037372,1000
2024-09-16 10:16:54.772,,97
2024-09-16 10:16:54.783,418.0589709305137,100
2024-09-16 10:16:54.857,418.0325908359407,999
2024-09-16 10:16:54.910,418.0082982186586,6
2024-09-16 10:16:54.912,418.0289170469746,8
2024-09-16 10:16:54.985,418.0530900871375,997
2024-09-16 10:16:55.275,417.9432415506126,8
2024-09-16 10:16:55.336,417.9596488040897,998
2024-09-16 10:16:55.435,417.9647771652985,96
2024-09-16 10:16:55.491,417.9936979618642,11
2024-09-16 10:16:55.726,417.9884633646485,996
2024-09-16 10:16:55.731,418.0040569327103,996
2024-09-16 10:16:55.923,417.9989873823247,997
2024-09-16 10:16:56.072,,99
2024-09-16 10:16:56.074,417.8939735326687,7
2024-09-16 10:16:56.113,418.0324318552102,105
2024-09-16 10:16:56.204,417.9120683631699,105
2024-09-16 10:16:56.214,418.0045535935572,9
2024-09-16 10:16:56.217,417.9089782817064,1004
2024-09-16 10:16:56.250,418.0257338709322,12
2024-09-16 10:16:56.282,417.9263042448948,14
2024-09-16 10:16:56.294,417.9040427209617,1005
2024-09-16 10:16:56.359,417.94666970660336,95
2024-09-16 10:16:56.362,417.9289064479444,995
2024-09-16 10:16:56.362,417.9108662203967,103
2024-09-16 10:16:56.391,418.0032792501408,7
2024-09-16 10:16:56.461,417.9766857663039,11
2024-09-16 10:16:56.462,418.02031621042704,14
2024-09-16 10:16:56.490,417.91261224429496,1001
2024-09-16 10:16:56.491,417.8918909542974,13
2024-09-16 10:16:56.600,417.9100256782913,1003
2024-09-16 10:16:56.628,417.9847568716583,995
2024-09-16 10:16:56.690,417.9199999583511,103
2024-09-16 10:16:56.736,417.91470634955607,99
2024-09-16 10:16:56.805,417.9013087997234,96
2024-09-16 10:16:56.830,417.8985767739132,101
2024-09-16 10:16:56.877,417.914788845814,997
2024-09-16 10:16:57.034,417.9375299348164,10
2024-09-16 10:16:57.062,417.9211972972648,100
2024-09-16 10:16:57.076,417.93307295619326,100
2024-09-16 10:16:57.079,417.9251962375942,98
2024-09-16 10:16:57.093,417.8904854677941,1001
2024-09-16 10:16:57.160,417.9236089578753,1005
2024-09-16 10:16:57.211,417.9455627762858,7
2024-09-16 10:16:57.240,417.9266662271135,1000
2024-09-16 10:16:57.390,417.9295733209699,99
2024-09-16 10:16:57.430,417.9133596105428,6
2024-09-16 10:16:57.579,417.9423907633309,101
2024-09-16 10:16:57.642,417.89000766353297,1004
2024-09-16 10:16:57.862,417.8922734296916,104
2024-09-16 10:16:58.602,417.8861366725147,1003
2024-09-16 10:16:58.808,417.8942639098831,1004
2024-09-16 10:16:58.927,417.8976160282584,11
