Timestamp,Price,Size
2024-09-20 12:40:00.028,428.2128204211892,103
2024-09-20 12:40:00.035,428.2147976008112,1005
2024-09-20 12:40:00.073,428.2348579229124,11
2024-09-20 12:40:00.090,428.1713147954695,1002
2024-09-20 12:40:00.120,428.209887095372,10
2024-09-20 12:40:00.137,428.2480254164166,12
2024-09-20 12:40:00.183,428.26974368041033,13
2024-09-20 12:40:00.188,428.1634123715015,8
2024-09-20 12:40:00.228,428.231200851218,6
2024-09-20 12:40:00.249,428.2240179379023,97
2024-09-20 12:40:00.316,428.2226037660562,998
2024-09-20 12:40:00.325,428.218495076429,998
2024-09-20 12:40:00.325,428.1962288687573,996
2024-09-20 12:40:00.384,428.2158012310553,104
2024-09-20 12:40:00.385,428.23740217359847,14
2024-09-20 12:40:00.463,428.2695348017887,1000
2024-09-20 12:40:00.621,428.2107840744666,98
2024-09-20 12:40:00.637,428.193103402947,995
2024-09-20 12:40:00.659,428.2626489510826,11
2024-09-20 12:40:00.760,428.2712956830492,999
2024-09-20 12:40:00.784,428.2433105070791,1005
2024-09-20 12:40:00.789,428.2206714134375,95
2024-09-20 12:40:00.861,428.22163301356346,105
2024-09-20 12:40:00.894,428.2507761562556,98
2024-09-20 12:40:00.924,428.2357330490781,13
2024-09-20 12:40:00.928,428.2804969141538,995
2024-09-20 12:40:00.930,428.1568992870458,6
2024-09-20 12:40:01.021,428.0273441940319,14
2024-09-20 12:40:01.086,428.03977445462994,15
2024-09-20 12:40:01.127,428.09886124284895,12
2024-09-20 12:40:01.141,428.07429489669954,996
2024-09-20 12:40:01.181,428.0805610659299,999
2024-09-20 12:40:01.201,428.1136197398716,997
2024-09-20 12:40:01.226,428.0785350346591,1000
2024-09-20 12:40:01.243,428.1159904083125,103
2024-09-20 12:40:01.302,428.0149673496553,97
2024-09-20 12:40:01.333,428.0358928684333,102
2024-09-20 12:40:01.338,428.14235742260416,11
2024-09-20 12:40:01.374,428.0434408434109,997
2024-09-20 12:40:01.382,428.02742675737886,7
2024-09-20 12:40:01.428,428.1118852651926,103
2024-09-20 12:40:01.462,428.12143982261057,13
2024-09-20 12:40:01.496,428.0254485582746,6
2024-09-20 12:40:01.604,428.1479739842488,10
2024-09-20 12:40:01.632,428.0302679759204,15
2024-09-20 12:40:01.711,428.02883051803104,98
2024-09-20 12:40:01.758,428.0268247445721,5
2024-09-20 12:40:01.764,428.0283805925502,996
2024-09-20 12:40:01.775,428.1044047123681,5
2024-09-20 12:40:01.793,428.0576484945895,100
2024-09-20 12:40:01.803,428.1491769371059,8
2024-09-20 12:40:01.902,428.0752494407792,99
2024-09-20 12:40:01.926,428.0098027443444,11
2024-09-20 12:40:01.928,428.1046354363234,101
2024-09-20 12:40:02.001,427.9548598790884,11
2024-09-20 12:40:02.063,427.97933656807663,1002
2024-09-20 12:40:02.148,428.0027988988343,8
2024-09-20 12:40:02.178,-427.9916439731542,5
2024-09-20 12:40:02.320,428.01102073733824,100
2024-09-20 12:40:02.348,428.0220759839035,998
2024-09-20 12:40:02.387,427.95076803232257,8
2024-09-20 12:40:02.403,427.973011571653,998
2024-09-20 12:40:02.430,428.01740279683065,1005
2024-09-20 12:40:02.538,428.0285023275201,13
2024-09-20 12:40:02.578,428.0283706208074,101
2024-09-20 12:40:02.596,427.9765756776548,15
2024-09-20 12:40:02.616,428.01922405354543,14
2024-09-20 12:40:02.645,428.029706255302,102
2024-09-20 12:40:02.646,428.013442087473,103
2024-09-20 12:40:02.772,427.9640290678189,98
2024-09-20 12:40:02.819,428.0238311014967,8
2024-09-20 12:40:02.943,427.9992784293159,7
2024-09-20 12:40:03.002,427.9727918692948,999
2024-09-20 12:40:03.018,427.9402023419605,1001
2024-09-20 12:40:03.061,427.9270532950661,1000
2024-09-20 12:40:03.158,427.9776755659089,1002
2024-09-20 12:40:03.205,427.9426474062255,998
2024-09-20 12:40:03.224,427.9530829531616,6
2024-09-20 12:40:03.257,427.9476524701484,10
2024-09-20 12:40:03.262,427.9748564431271,5
2024-09-20 12:40:03.263,427.9361006563172,1004
2024-09-20 12:40:03.301,427.9524272199752,11
2024-09-20 12:40:03.302,427.9494472051106,995
2024-09-20 12:40:03.316,427.9235407306311,1002
2024-09-20 12:40:03.348,427.9383850837695,5
2024-09-20 12:40:03.391,427.9714608993314,998
2024-09-20 12:40:03.495,427.9521395374889,5
2024-09-20 12:40:03.597,427.97046282353176,999
2024-09-20 12:40:03.659,427.96142944595147,104
2024-09-20 12:40:03.660,427.9704064248488,100
2024-09-20 12:40:03.718,427.9401686993172,1002
2024-09-20 12:40:03.722,427.9591657293976,997
2024-09-20 12:40:03.829,427.9415256239954,999
2024-09-20 12:40:03.879,427.9286531571974,8
2024-09-20 12:40:03.933,427.97005569137445,7
2024-09-20 12:40:03.934,427.9528279355543,7
2024-09-20 12:40:04.098,427.9468433836984,995
2024-09-20 12:40:04.114,427.9405306313777,95
2024-09-20 12:40:04.914,427.943304317807,1000
2024-09-20 12:40:05.003,427.9515783869132,102
2024-09-20 12:40:05.042,427.9510831960525,96
2024-09-20 12:40:05.266,427.9335319138742,1002
2024-09-20 12:40:05.270,427.925795621512,105
2024-09-20 12:40:05.403,427.9073639107016,11
2024-09-20 12:40:05.449,427.9479464441888,11
2024-09-20 12:40:05.464,427.9254250011741,1000
2024-09-20 12:40:05.476,427.9548106107137,1005
2024-09-20 12:40:05.518,427.9199392000524,11
2024-09-20 12:40:05.576,427.9411619044547,10
2024-09-20 12:40:05.588,427.90040376011086,7
2024-09-20 12:40:05.618,427.96815327887634,999
2024-09-20 12:40:05.620,427.9578846658556,8
2024-09-20 12:40:05.667,427.9328856139615,95
2024-09-20 12:40:05.719,427.95116002925073,102
2024-09-20 12:40:05.731,427.9321363426165,1005
2024-09-20 12:40:05.733,427.9471280711129,11
2024-09-20 12:40:05.769,427.9159855455345,1004
2024-09-20 12:40:05.771,427.91962163010993,1001
2024-09-20 12:40:05.801,427.95398958841616,1001
2024-09-20 12:40:05.880,427.9179257455213,102
2024-09-20 12:40:05.897,427.91040600796725,997
2024-09-20 12:40:05.897,427.9365965396264,99
2024-09-20 12:40:05.911,42.7954503764295,996
2024-09-20 12:40:05.939,-427.95201082849866,13
2024-09-20 12:40:05.998,427.93598799560425,1001
2024-09-20 12:40:06.027,427.9213183930423,95
2024-09-20 12:40:06.032,427.904432936934,97
2024-09-20 12:40:06.075,427.9244249236226,10
2024-09-20 12:40:06.149,427.91760012986185,104
2024-09-20 12:40:06.179,427.9254820250708,1005
2024-09-20 12:40:06.238,427.9067665533511,105
2024-09-20 12:40:06.289,427.9192672008909,15
2024-09-20 12:40:06.327,427.9034226087363,105
2024-09-20 12:40:06.348,427.8983307734102,97
2024-09-20 12:40:06.354,427.9176089362964,8
2024-09-20 12:40:06.355,427.890996930703,1004
2024-09-20 12:40:06.438,427.9352751415746,1004
2024-09-20 12:40:06.461,427.92487891889897,6
2024-09-20 12:40:06.519,427.94641736137646,103
2024-09-20 12:40:06.531,427.9300734220119,996
2024-09-20 12:40:06.568,427.9163578176639,1005
2024-09-20 12:40:06.574,427.93222936371785,99
2024-09-20 12:40:06.587,427.9024941791975,97
2024-09-20 12:40:06.589,427.92620775070566,998
2024-09-20 12:40:06.596,427.912424395887,97
2024-09-20 12:40:06.668,427.89608499657066,1000
2024-09-20 12:40:06.678,427.8971852322273,105
2024-09-20 12:40:06.743,427.93591998580433,1001
2024-09-20 12:40:06.826,427.8890005533684,13
2024-09-20 12:40:06.837,427.9072616792622,9
2024-09-20 12:40:06.886,427.8936919493252,998
2024-09-20 12:40:06.907,427.8933018545295,1000
2024-09-20 12:40:06.957,427.9282029988569,96
2024-09-20 12:40:06.986,427.9197866436284,1004
2024-09-20 12:40:06.992,427.9021381491431,95
2024-09-20 12:40:07.596,427.9102220930224,101
2024-09-20 12:40:08.001,427.845014053596,101
2024-09-20 12:40:08.081,427.8939530907827,99
2024-09-20 12:40:08.131,427.8482209605247,102
2024-09-20 12:40:08.192,427.9032948002915,998
2024-09-20 12:40:08.209,427.8611904488799,14
2024-09-20 12:40:08.370,427.8774961639123,12
2024-09-20 12:40:08.378,427.8940544439528,1002
2024-09-20 12:40:08.382,427.8401035796871,10
2024-09-20 12:40:08.615,427.8336290944096,13
2024-09-20 12:40:08.669,427.8533080793424,997
2024-09-20 12:40:08.709,427.8631550380591,1001
2024-09-20 12:40:08.710,427.8491345261711,15
2024-09-20 12:40:08.730,427.87301271030617,998
2024-09-20 12:40:08.845,427.8350303910928,1005
2024-09-20 12:40:08.858,427.8863397112967,9
2024-09-20 12:40:08.891,427.8966291544589,996
2024-09-20 12:40:08.937,427.83252304015537,1000
2024-09-20 12:40:08.983,427.8434169401957,95
2024-09-20 12:40:09.018,427.9007767191233,103
2024-09-20 12:40:10.091,427.9118141983697,9
2024-09-20 12:40:10.153,427.89734377278745,8
2024-09-20 12:40:10.217,427.90769301955214,8
2024-09-20 12:40:10.338,427.9406911463153,103
2024-09-20 12:40:10.642,427.93467409747615,103
2024-09-20 12:40:10.683,427.9068511362424,95
2024-09-20 12:40:10.745,427.9067125742315,104
2024-09-20 12:40:10.768,427.8933968046463,1003
2024-09-20 12:40:10.801,427.9021898965195,12
2024-09-20 12:40:10.860,427.90416620866034,14
2024-09-20 12:40:10.869,427.9585450925921,95
2024-09-20 12:40:11.376,427.9347226765316,101
2024-09-20 12:40:11.629,427.9500694577865,996
2024-09-20 12:40:11.629,427.92521383041645,99
2024-09-20 12:40:12.001,427.9700640022895,98
2024-09-20 12:40:12.019,427.9352183939253,95
2024-09-20 12:40:12.071,427.9463636676017,101
2024-09-20 12:40:12.188,427.96910360125287,99
2024-09-20 12:40:12.282,427.9524616391359,1003
2024-09-20 12:40:12.328,427.9412211035379,12
2024-09-20 12:40:12.361,427.9604348675698,1001
2024-09-20 12:40:12.396,,6
2024-09-20 12:40:12.439,427.9457831551357,99
2024-09-20 12:40:12.498,427.95825195348783,105
2024-09-20 12:40:12.604,427.9416374868605,1004
2024-09-20 12:40:12.606,427.9501236266562,11
2024-09-20 12:40:12.733,427.9614234901138,6
2024-09-20 12:40:12.949,427.9630393439102,6
2024-09-20 12:40:12.954,427.9457726243968,1002
2024-09-20 12:40:13.918,427.9402000870535,995
2024-09-20 12:40:14.133,427.94833004739394,1001
2024-09-20 12:40:14.134,427.9622044037049,95
2024-09-20 12:40:14.181,427.9231176798334,15
2024-09-20 12:40:14.300,427.9646644998143,7
2024-09-20 12:40:14.340,427.93448620037833,1003
2024-09-20 12:40:14.383,427.9160140312997,96
2024-09-20 12:40:14.477,427.965952158928,102
2024-09-20 12:40:14.505,427.9514763610449,1005
2024-09-20 12:40:14.517,427.95484086929457,11
2024-09-20 12:40:14.576,427.9462864137925,7
2024-09-20 12:40:14.683,427.9634436938461,1002
2024-09-20 12:40:14.770,427.9375744790233,12
2024-09-20 12:40:14.805,427.9498888235185,1005
2024-09-20 12:40:14.855,427.9516040521675,14
2024-09-20 12:40:14.997,427.9190070776976,1001
2024-09-20 12:40:15.027,427.97284799766953,999
2024-09-20 12:40:15.111,427.9432758329686,995
2024-09-20 12:40:15.164,427.954122278506,14
2024-09-20 12:40:15.236,427.8876139712824,997
2024-09-20 12:40:15.267,427.9440344946841,7
2024-09-20 12:40:15.464,-427.9015177738645,15
2024-09-20 12:40:15.472,427.959705726856,96
2024-09-20 12:40:15.483,427.93990587469546,6
2024-09-20 12:40:15.516,427.89670696508256,998
2024-09-20 12:40:15.519,427.9586865271688,8
2024-09-20 12:40:15.537,427.9124413579307,1001
2024-09-20 12:40:15.538,427.9662482875379,99
2024-09-20 12:40:15.554,427.90053554287545,1001
2024-09-20 12:40:15.572,427.97053021196086,1002
2024-09-20 12:40:15.647,427.9572615071346,105
2024-09-20 12:40:15.650,427.9450734729788,99
2024-09-20 12:40:15.666,427.9214196523728,101
2024-09-20 12:40:15.669,427.9595549523364,101
2024-09-20 12:40:15.722,427.9531885260285,102
2024-09-20 12:40:15.747,427.9466821925183,996
2024-09-20 12:40:15.801,427.970138698165,1005
2024-09-20 12:40:15.815,427.9660432750262,997
2024-09-20 12:40:15.847,42.78893164300209,105
2024-09-20 12:40:15.925,427.9416123909631,1002
2024-09-20 12:40:15.941,427.97238564671215,104
2024-09-20 12:40:15.989,427.909137389058,10
2024-09-20 12:40:16.041,427.8969014588002,102
2024-09-20 12:40:16.148,427.8828239508596,999
2024-09-20 12:40:16.157,427.8926180870736,104
2024-09-20 12:40:16.166,427.8867511616971,10
2024-09-20 12:40:16.263,427.8862962088871,101
2024-09-20 12:40:16.403,427.9097449431825,8
2024-09-20 12:40:16.496,427.8754360455338,999
2024-09-20 12:40:16.530,42.792220880836965,1000
2024-09-20 12:40:16.733,427.87969357676633,96
2024-09-20 12:40:16.814,427.9017474277043,1003
2024-09-20 12:40:16.846,427.8932976589173,97
2024-09-20 12:40:16.880,427.88088997354527,100
2024-09-20 12:40:16.982,427.8911098897787,100
2024-09-20 12:40:16.991,427.9040720879539,8
2024-09-20 12:40:17.063,427.885695317361,1001
2024-09-20 12:40:17.139,427.8470883518586,6
2024-09-20 12:40:17.169,427.8244180115082,100
2024-09-20 12:40:17.387,427.834652858442,8
2024-09-20 12:40:17.395,427.8670076482319,97
2024-09-20 12:40:17.396,427.8368404608032,104
2024-09-20 12:40:17.462,427.8343649694414,5
2024-09-20 12:40:17.561,427.861713371764,15
2024-09-20 12:40:17.634,427.8496034072788,101
2024-09-20 12:40:17.737,427.8495016535548,96
2024-09-20 12:40:17.794,427.8578135421572,104
2024-09-20 12:40:17.840,427.8689855521458,998
2024-09-20 12:40:17.851,427.8568879301125,105
2024-09-20 12:40:18.270,427.8382985098705,15
2024-09-20 12:40:18.312,427.8323630238486,999
2024-09-20 12:40:18.359,427.8699831003151,13
2024-09-20 12:40:18.615,427.8576744668368,9
2024-09-20 12:40:18.661,427.89617122281686,100
2024-09-20 12:40:18.776,427.82783179387695,995
2024-09-20 12:40:18.778,-427.8375436948178,1001
2024-09-20 12:40:18.822,427.851525137672,997
2024-09-20 12:40:18.864,427.83595519226543,104
2024-09-20 12:40:18.873,427.8432430933668,103
2024-09-20 12:40:19.115,427.8691615295107,998
2024-09-20 12:40:19.159,427.91523682363743,96
2024-09-20 12:40:19.224,427.9196896858565,11
2024-09-20 12:40:19.289,427.9175011095046,102
2024-09-20 12:40:19.441,427.8886263473229,96
2024-09-20 12:40:19.449,427.92530337037897,1004
2024-09-20 12:40:19.468,427.88626016325736,1001
2024-09-20 12:40:19.569,427.9103828364366,96
2024-09-20 12:40:19.578,427.9205831971242,11
2024-09-20 12:40:19.584,427.91300713079386,12
2024-09-20 12:40:19.691,427.9222194316528,13
2024-09-20 12:40:19.706,427.9248684538156,96
2024-09-20 12:40:19.756,427.8966011726674,11
2024-09-20 12:40:20.032,427.8443966292531,103
2024-09-20 12:40:20.033,427.84126424817146,15
2024-09-20 12:40:20.068,427.8154903919261,8
2024-09-20 12:40:20.075,427.7703901076563,1005
2024-09-20 12:40:20.164,427.8164420525902,103
2024-09-20 12:40:20.173,427.9383327301151,1003
2024-09-20 12:40:20.251,427.7510991272979,103
2024-09-20 12:40:20.263,427.83268218333706,1000
2024-09-20 12:40:20.341,427.8363097934613,103
2024-09-20 12:40:20.366,427.76445323594464,13
2024-09-20 12:40:20.440,427.81269701463617,1002
2024-09-20 12:40:20.464,427.82259882473966,1001
2024-09-20 12:40:20.514,427.76089970689935,98
2024-09-20 12:40:20.635,427.9257822858653,1000
2024-09-20 12:40:20.670,427.8372653228663,15
2024-09-20 12:40:20.759,427.84423873196687,98
2024-09-20 12:40:20.794,427.8900414376192,1005
2024-09-20 12:40:20.834,427.7443048599617,105
2024-09-20 12:40:20.891,427.9103680088669,11
2024-09-20 12:40:20.893,427.8311737842437,98
2024-09-20 12:40:20.929,427.8357915728708,1000
2024-09-20 12:40:20.998,427.7577790610927,104
2024-09-20 12:40:21.339,427.7593984464029,6
2024-09-20 12:40:21.588,427.7773827354902,996
2024-09-20 12:40:21.749,427.7682648451153,1001
2024-09-20 12:40:21.920,427.7523550795487,998
2024-09-20 12:40:21.947,427.7841804362064,6
2024-09-20 12:40:22.073,428.0389769912492,1004
2024-09-20 12:40:22.086,427.9352533058554,105
2024-09-20 12:40:22.107,428.02432150867867,1005
2024-09-20 12:40:22.280,427.8517059579226,1001
2024-09-20 12:40:22.299,427.8819240503231,15
2024-09-20 12:40:22.354,427.890472210854,101
2024-09-20 12:40:22.421,427.92921951144336,104
2024-09-20 12:40:22.428,427.7763119010221,98
2024-09-20 12:40:22.428,427.8445507642181,999
2024-09-20 12:40:22.478,427.8207854313073,10
2024-09-20 12:40:22.511,427.9808430117629,1000
2024-09-20 12:40:22.516,427.8956964083003,15
2024-09-20 12:40:22.530,427.84145147392746,1001
2024-09-20 12:40:22.554,427.9575045149047,999
2024-09-20 12:40:22.570,427.78603086738633,13
2024-09-20 12:40:22.588,428.0156594669074,7
2024-09-20 12:40:22.620,427.8807199115552,997
2024-09-20 12:40:22.666,427.8016166533618,1004
2024-09-20 12:40:22.794,428.0462650407438,1001
2024-09-20 12:40:22.827,427.9940759336108,95
2024-09-20 12:40:22.830,428.05727864662737,15
2024-09-20 12:40:22.846,427.84801555487,1001
2024-09-20 12:40:22.890,427.97266501059215,102
2024-09-20 12:40:22.916,427.8991153902487,8
2024-09-20 12:40:22.938,427.79423615996666,99
2024-09-20 12:40:22.952,428.03252143972594,8
2024-09-20 12:40:22.970,427.9447662151699,1003
2024-09-20 12:40:22.971,427.9948638432349,12
2024-09-20 12:40:22.990,427.9877089139935,14
2024-09-20 12:40:23.094,428.1323262125596,95
2024-09-20 12:40:23.123,428.02490082178,102
2024-09-20 12:40:23.215,428.1228828051389,105
2024-09-20 12:40:23.231,-428.11339320737807,7
2024-09-20 12:40:23.232,428.0872801379017,8
2024-09-20 12:40:23.277,428.1353882004311,99
2024-09-20 12:40:23.291,428.110160775784,99
2024-09-20 12:40:23.457,428.0343738950982,1004
2024-09-20 12:40:23.458,428.04097586476615,101
2024-09-20 12:40:23.574,428.07194312033806,997
2024-09-20 12:40:23.602,428.138205331148,1005
2024-09-20 12:40:23.633,428.1140479911748,102
2024-09-20 12:40:23.740,428.1574410141682,1003
2024-09-20 12:40:23.828,428.1557432843056,999
2024-09-20 12:40:23.833,428.0475923270856,997
2024-09-20 12:40:23.879,428.0122936425756,996
2024-09-20 12:40:23.896,428.0459044806433,8
2024-09-20 12:40:23.920,428.16114808781725,1000
2024-09-20 12:40:23.948,428.0235810945986,1003
2024-09-20 12:40:23.973,428.0626754633007,1005
2024-09-20 12:40:23.973,428.0281163445995,1001
2024-09-20 12:40:23.998,428.0885630012056,100
2024-09-20 12:40:24.032,428.0518227282864,5
2024-09-20 12:40:24.120,428.0768493149386,1005
2024-09-20 12:40:24.149,428.0886691685484,96
2024-09-20 12:40:24.173,428.12968500734286,9
2024-09-20 12:40:24.183,428.14325004096,1000
2024-09-20 12:40:24.202,428.1503687174711,998
2024-09-20 12:40:24.206,428.1082395587543,7
2024-09-20 12:40:24.214,428.13608825013216,12
2024-09-20 12:40:24.237,428.038470889335,100
2024-09-20 12:40:24.301,428.0428092559109,11
2024-09-20 12:40:24.454,428.0545860184845,99
2024-09-20 12:40:24.484,428.1446890605068,5
2024-09-20 12:40:24.507,428.0749041761717,97
2024-09-20 12:40:24.509,428.1498755409022,12
2024-09-20 12:40:24.579,428.0706066724927,5
2024-09-20 12:40:24.592,42.80929029388747,13
2024-09-20 12:40:24.777,428.13179012965634,8
2024-09-20 12:40:24.793,428.09028338000246,1005
2024-09-20 12:40:24.839,428.1366653039116,8
2024-09-20 12:40:24.841,428.1213598018884,5
2024-09-20 12:40:24.850,428.04263044970696,7
2024-09-20 12:40:24.876,428.1134855123814,7
2024-09-20 12:40:24.890,428.062524419333,97
2024-09-20 12:40:24.916,428.0825215875369,102
2024-09-20 12:40:24.941,428.0493024618296,998
2024-09-20 12:40:24.986,428.11924326156776,13
2024-09-20 12:40:25.012,428.0486279965757,1003
2024-09-20 12:40:25.042,428.0476837207987,97
2024-09-20 12:40:25.154,427.9977754715668,103
2024-09-20 12:40:25.177,428.0341516565467,101
2024-09-20 12:40:25.257,427.9897361866263,5
2024-09-20 12:40:25.335,428.0504554117476,96
2024-09-20 12:40:25.381,428.048506714806,12
2024-09-20 12:40:25.442,428.0265732406074,995
2024-09-20 12:40:25.480,428.0022080044753,98
2024-09-20 12:40:25.584,428.0504990692047,102
2024-09-20 12:40:25.587,427.9939386121882,101
2024-09-20 12:40:25.659,428.0526159590264,102
2024-09-20 12:40:25.769,428.0132141250327,100
2024-09-20 12:40:25.947,428.0136342576938,99
2024-09-20 12:40:25.986,428.0400718734811,996
2024-09-20 12:40:27.101,428.09496269161417,9
2024-09-20 12:40:27.111,428.0595769609944,1002
2024-09-20 12:40:27.191,428.0544209884818,996
2024-09-20 12:40:27.243,428.0207778199196,1002
2024-09-20 12:40:27.361,428.0418199746346,10
2024-09-20 12:40:27.364,428.00963081659296,996
2024-09-20 12:40:27.384,428.0771113014231,99
2024-09-20 12:40:27.471,427.99924088450064,1001
2024-09-20 12:40:27.544,428.0668045393031,13
2024-09-20 12:40:27.564,428.0429082385198,1001
2024-09-20 12:40:27.577,428.0697474402329,1002
2024-09-20 12:40:27.583,428.02862749311936,99
2024-09-20 12:40:27.610,428.09251289317,1000
2024-09-20 12:40:27.620,428.04367930609504,996
2024-09-20 12:40:27.717,428.06838894671785,101
2024-09-20 12:40:27.728,428.0488633338711,1005
2024-09-20 12:40:27.748,428.0921976447601,998
2024-09-20 12:40:27.772,428.0592348807499,102
2024-09-20 12:40:27.854,428.0542151755269,8
2024-09-20 12:40:27.890,428.0537941867156,102
2024-09-20 12:40:27.904,428.0998287067191,104
2024-09-20 12:40:27.950,428.06394481247673,103
2024-09-20 12:40:27.960,428.0349017543116,999
2024-09-20 12:40:27.960,428.0239757486131,996
2024-09-20 12:40:28.058,428.1667347443668,998
2024-09-20 12:40:28.120,428.1201131724673,1005
2024-09-20 12:40:28.246,428.1073567567536,12
2024-09-20 12:40:28.273,428.1021480191352,1005
2024-09-20 12:40:28.295,428.1007691919453,96
2024-09-20 12:40:28.321,428.0912173658113,100
2024-09-20 12:40:28.336,428.1706414118871,105
2024-09-20 12:40:28.336,428.1448899060972,997
2024-09-20 12:40:28.336,428.132614811145,8
2024-09-20 12:40:28.340,428.0979321233815,12
2024-09-20 12:40:28.483,428.0973221818856,98
2024-09-20 12:40:28.484,428.1971531960223,1005
2024-09-20 12:40:28.525,428.16316494218825,997
2024-09-20 12:40:28.538,428.1158360107342,12
2024-09-20 12:40:28.604,428.1055306885829,1005
2024-09-20 12:40:28.644,428.2031561045687,1003
2024-09-20 12:40:28.662,428.10648316011327,998
2024-09-20 12:40:28.664,428.1249429391473,1004
2024-09-20 12:40:28.787,428.1594193354848,105
2024-09-20 12:40:28.790,,99
2024-09-20 12:40:28.832,428.15121839720746,97
2024-09-20 12:40:28.840,428.12371389643175,1003
2024-09-20 12:40:28.841,428.1661449998898,1001
2024-09-20 12:40:28.859,428.1050466930116,997
2024-09-20 12:40:28.880,428.1244234668481,1005
2024-09-20 12:40:28.882,428.1394708544857,104
2024-09-20 12:40:28.989,428.1789203376302,998
2024-09-20 12:40:29.030,428.2521006801952,996
2024-09-20 12:40:29.296,428.2547745752443,6
2024-09-20 12:40:29.342,428.21695326512855,6
2024-09-20 12:40:29.353,428.2607782738531,999
2024-09-20 12:40:29.588,428.2511901147815,995
2024-09-20 12:40:29.618,428.2737385132776,9
2024-09-20 12:40:29.659,428.2765866243925,10
2024-09-20 12:40:29.724,428.281550991208,1002
2024-09-20 12:40:29.936,428.2031436748015,14
2024-09-20 12:40:29.957,-428.2720597276685,1005
2024-09-20 12:40:30.030,428.2742914442286,10
2024-09-20 12:40:30.049,428.2641196760096,9
2024-09-20 12:40:30.083,428.2662659974117,999
2024-09-20 12:40:30.291,428.2823574542204,97
2024-09-20 12:40:30.336,428.26254357507736,997
2024-09-20 12:40:30.344,,104
2024-09-20 12:40:30.404,,5
2024-09-20 12:40:30.460,428.2725572493045,98
2024-09-20 12:40:30.671,428.2772538067377,1005
2024-09-20 12:40:30.704,428.2459401989863,105
2024-09-20 12:40:30.877,428.2661280373748,15
2024-09-20 12:40:30.994,428.2804042847527,11
2024-09-20 12:40:31.477,428.26365609271073,9
2024-09-20 12:40:32.097,428.26923484770896,11
2024-09-20 12:40:32.105,428.2819745269289,15
2024-09-20 12:40:32.122,428.29450993051336,1000
2024-09-20 12:40:32.138,-428.2910990817027,997
2024-09-20 12:40:32.149,428.258044756054,1004
2024-09-20 12:40:32.375,428.3034106832128,15
2024-09-20 12:40:32.411,428.3122946253839,11
2024-09-20 12:40:32.435,428.27684170068886,8
2024-09-20 12:40:32.567,428.3027177098068,97
2024-09-20 12:40:32.570,428.305743199646,1003
2024-09-20 12:40:32.605,428.26748863592377,1001
2024-09-20 12:40:32.619,428.2707935636272,11
2024-09-20 12:40:32.702,428.2784417136772,1000
2024-09-20 12:40:32.712,428.3307310977049,9
2024-09-20 12:40:32.719,428.2778758418004,101
2024-09-20 12:40:32.767,428.3148407991277,96
2024-09-20 12:40:32.777,428.2611402744936,1000
2024-09-20 12:40:32.820,428.2664871983571,98
2024-09-20 12:40:32.835,428.2887360931728,996
2024-09-20 12:40:32.865,42.827306264736,1002
2024-09-20 12:40:32.950,428.2976402568016,1002
2024-09-20 12:40:32.992,428.26547217058345,1003
2024-09-20 12:40:32.995,428.28988985623175,12
2024-09-20 12:40:33.023,428.3203480908229,105
2024-09-20 12:40:33.053,428.3309083550773,998
2024-09-20 12:40:33.280,428.3133814869705,13
2024-09-20 12:40:33.292,428.3111843967481,8
2024-09-20 12:40:33.311,428.3324763758719,1002
2024-09-20 12:40:33.332,428.3423935814694,101
2024-09-20 12:40:33.470,428.31406968610855,7
2024-09-20 12:40:33.495,428.3533165629267,999
2024-09-20 12:40:33.517,428.30087139221575,104
2024-09-20 12:40:33.794,428.2840277100937,12
2024-09-20 12:40:33.802,428.32267050970216,101
2024-09-20 12:40:33.871,428.3257809841746,98
2024-09-20 12:40:33.875,428.31242346348114,14
2024-09-20 12:40:33.969,428.33535209070646,998
2024-09-20 12:40:33.972,428.3187693734221,12
2024-09-20 12:40:34.105,428.3436702539847,12
2024-09-20 12:40:34.377,428.3417365901649,995
2024-09-20 12:40:34.964,428.3477615728554,97
2024-09-20 12:40:35.075,428.3453303240134,997
2024-09-20 12:40:35.129,428.35537027936033,999
2024-09-20 12:40:35.176,428.3705955296098,1005
2024-09-20 12:40:35.243,428.3717024491643,997
2024-09-20 12:40:35.426,428.3471522843216,95
2024-09-20 12:40:35.482,428.3558337053786,15
2024-09-20 12:40:35.531,428.3564822558101,10
2024-09-20 12:40:35.572,428.3508036789358,12
2024-09-20 12:40:35.586,428.36604052347263,11
2024-09-20 12:40:35.700,428.3634281009989,1002
2024-09-20 12:40:35.774,428.37279300644224,9
2024-09-20 12:40:35.892,428.33414781137617,1004
2024-09-20 12:40:35.944,428.3596461385207,105
2024-09-20 12:40:36.021,428.4278745153995,11
2024-09-20 12:40:36.037,428.4186642037246,1000
2024-09-20 12:40:36.055,428.4062275468905,11
2024-09-20 12:40:36.059,428.4039450522076,7
2024-09-20 12:40:36.059,428.3599595736488,104
2024-09-20 12:40:36.164,428.35276747566576,998
2024-09-20 12:40:36.193,428.3742956990929,105
2024-09-20 12:40:36.237,428.3493755325992,7
2024-09-20 12:40:36.403,428.335828955531,95
2024-09-20 12:40:36.486,428.4008188331744,13
2024-09-20 12:40:36.501,428.3597558685159,103
2024-09-20 12:40:36.528,428.3634284186629,998
2024-09-20 12:40:36.721,428.3882920023562,11
2024-09-20 12:40:36.935,428.3467191994018,13
2024-09-20 12:40:36.948,428.41195619928686,996
2024-09-20 12:40:37.027,428.3680116605514,5
2024-09-20 12:40:37.033,428.3511179618756,104
2024-09-20 12:40:37.052,428.35366072759433,102
2024-09-20 12:40:37.137,428.3500874615553,999
2024-09-20 12:40:37.138,428.3332268927744,101
2024-09-20 12:40:37.204,428.3261795002328,14
2024-09-20 12:40:37.309,428.34548983431,8
2024-09-20 12:40:37.610,428.3409274922777,97
2024-09-20 12:40:37.657,428.4016612644359,1005
2024-09-20 12:40:37.677,428.34508531736367,95
2024-09-20 12:40:37.833,428.3732924170142,11
2024-09-20 12:40:37.911,428.36030597837305,999
2024-09-20 12:40:37.942,428.3410845341931,95
2024-09-20 12:40:37.978,428.32375828467,96
2024-09-20 12:40:38.595,428.3399725771105,10
2024-09-20 12:40:39.004,428.34124900982977,13
2024-09-20 12:40:39.184,428.3311514338828,12
2024-09-20 12:40:39.304,428.36390810393954,1002
2024-09-20 12:40:39.323,428.37026154518486,97
2024-09-20 12:40:39.397,428.34476090222415,9
2024-09-20 12:40:39.445,428.3288059796629,5
2024-09-20 12:40:39.504,428.32939699058346,103
2024-09-20 12:40:39.512,428.3357412962725,97
2024-09-20 12:40:39.630,428.3365865834353,15
2024-09-20 12:40:39.691,428.3321006352127,103
2024-09-20 12:40:39.906,428.32459434807294,13
2024-09-20 12:40:39.984,428.3348235047321,103
2024-09-20 12:40:40.113,428.3203359834455,15
2024-09-20 12:40:40.139,428.37320031132055,997
2024-09-20 12:40:40.197,428.3608382489569,6
2024-09-20 12:40:40.297,428.3930416054472,14
2024-09-20 12:40:40.391,428.3489457765694,998
2024-09-20 12:40:40.561,428.3800178208309,102
2024-09-20 12:40:40.565,428.3460291197707,95
2024-09-20 12:40:40.573,428.3250239440988,1003
2024-09-20 12:40:40.605,428.3424136368162,14
2024-09-20 12:40:40.624,428.3597383656736,7
2024-09-20 12:40:40.685,428.3215925904007,104
2024-09-20 12:40:40.687,428.3082613180353,1003
2024-09-20 12:40:40.811,428.3169477135556,996
2024-09-20 12:40:40.927,428.37187726126194,11
2024-09-20 12:40:40.969,428.3491743996014,96
2024-09-20 12:40:40.987,428.3707592851868,102
2024-09-20 12:40:41.037,428.32098735514666,996
2024-09-20 12:40:41.083,428.328073867129,999
2024-09-20 12:40:41.105,-428.2938803052801,104
2024-09-20 12:40:41.149,428.3051009781346,12
2024-09-20 12:40:41.156,428.3150941904244,999
2024-09-20 12:40:41.190,428.3167076561477,9
2024-09-20 12:40:41.203,428.32330843133167,1004
2024-09-20 12:40:41.264,428.3055831944101,996
2024-09-20 12:40:41.294,428.2898450122543,999
2024-09-20 12:40:41.313,428.31112562718914,14
2024-09-20 12:40:41.387,428.3099343859851,10
2024-09-20 12:40:41.416,428.3171856906381,999
2024-09-20 12:40:41.432,428.3064668523873,6
2024-09-20 12:40:41.475,428.2988933492101,14
2024-09-20 12:40:41.500,428.3181304488706,13
2024-09-20 12:40:41.528,428.3071128866845,999
2024-09-20 12:40:41.587,428.296635291965,103
2024-09-20 12:40:41.655,428.30853650468094,8
2024-09-20 12:40:41.788,428.3020413462362,15
2024-09-20 12:40:41.799,428.3188069253192,104
2024-09-20 12:40:41.817,428.3092426703597,13
2024-09-20 12:40:41.852,428.3309517884284,8
2024-09-20 12:40:41.934,428.3221600561954,105
2024-09-20 12:40:41.993,428.3167715037904,15
2024-09-20 12:40:41.994,428.32748850851857,6
2024-09-20 12:40:42.029,428.2631653919258,105
2024-09-20 12:40:42.034,428.280234951194,12
2024-09-20 12:40:42.131,428.2590934015693,101
2024-09-20 12:40:42.138,428.27958440196574,8
2024-09-20 12:40:42.187,428.2325227886298,15
2024-09-20 12:40:42.362,428.2002621035048,99
2024-09-20 12:40:42.386,,96
2024-09-20 12:40:42.431,428.18504926814194,996
2024-09-20 12:40:42.491,428.1884755198493,1003
2024-09-20 12:40:42.505,428.18542030408935,9
2024-09-20 12:40:42.511,428.2701377738041,997
2024-09-20 12:40:42.520,428.1946772370802,9
2024-09-20 12:40:42.550,428.175702951978,104
2024-09-20 12:40:42.640,428.20961236308415,1002
2024-09-20 12:40:42.681,428.2936708133471,14
2024-09-20 12:40:42.801,428.25449183642127,96
2024-09-20 12:40:42.893,428.16653173884754,15
2024-09-20 12:40:42.967,428.1949609065999,1000
2024-09-20 12:40:43.042,428.23722172624673,12
2024-09-20 12:40:43.152,428.2146539079939,995
2024-09-20 12:40:43.198,428.2245835370717,996
2024-09-20 12:40:43.426,428.2156048001175,103
2024-09-20 12:40:43.515,428.2099163396493,7
2024-09-20 12:40:43.589,428.233073288399,101
2024-09-20 12:40:43.594,428.2155764466216,103
2024-09-20 12:40:43.796,428.2244690731503,8
2024-09-20 12:40:43.947,428.24292637898577,995
2024-09-20 12:40:44.008,428.23725195625104,10
2024-09-20 12:40:44.071,428.2246331557421,14
2024-09-20 12:40:44.109,428.2300345319868,14
2024-09-20 12:40:44.178,428.2158118259928,95
2024-09-20 12:40:44.205,428.23644203158864,6
2024-09-20 12:40:44.278,428.2314154125923,95
2024-09-20 12:40:44.360,428.2226330490069,5
2024-09-20 12:40:44.412,428.2034076901532,1002
2024-09-20 12:40:44.449,428.2251550290681,1002
2024-09-20 12:40:44.758,428.21595921350746,995
2024-09-20 12:40:44.818,428.2055234170725,1002
2024-09-20 12:40:44.838,428.2466462715852,997
2024-09-20 12:40:44.850,,100
2024-09-20 12:40:44.921,428.2315928093077,1005
2024-09-20 12:40:45.063,428.2037839680344,998
2024-09-20 12:40:45.096,428.2050740785942,1004
2024-09-20 12:40:45.222,428.2008058377714,95
2024-09-20 12:40:45.293,428.200500909785,1003
2024-09-20 12:40:45.400,428.2045738962185,999
2024-09-20 12:40:45.415,428.20755398428224,7
2024-09-20 12:40:45.447,428.21176442403794,101
2024-09-20 12:40:45.545,428.2067428744467,996
2024-09-20 12:40:45.563,428.2006254165007,100
2024-09-20 12:40:45.617,,102
2024-09-20 12:40:45.748,428.2132251704599,15
2024-09-20 12:40:45.782,428.2028190459495,14
2024-09-20 12:40:45.802,428.22414636798027,5
2024-09-20 12:40:45.862,428.2116622446964,6
2024-09-20 12:40:45.888,428.2100965664524,9
2024-09-20 12:40:45.901,428.2131408622411,104
2024-09-20 12:40:46.216,428.22376242376527,99
2024-09-20 12:40:46.468,-428.2002570721178,998
2024-09-20 12:40:46.776,428.1937725423796,1004
2024-09-20 12:40:46.778,428.1900649450111,103
2024-09-20 12:40:46.834,428.1937692724012,95
2024-09-20 12:40:46.978,428.19950395375184,14
2024-09-20 12:40:47.277,428.1786844365695,97
2024-09-20 12:40:48.038,428.1895219002909,101
2024-09-20 12:40:48.130,428.1494180835595,999
2024-09-20 12:40:48.148,428.2082670047073,1004
2024-09-20 12:40:48.151,428.1727041692748,1005
2024-09-20 12:40:48.251,428.1833088106158,1005
2024-09-20 12:40:48.343,428.1646086976457,97
2024-09-20 12:40:48.371,428.16354114436257,1001
2024-09-20 12:40:48.405,428.1882740894357,11
2024-09-20 12:40:48.435,-428.1990612845015,5
2024-09-20 12:40:48.438,428.18117878978944,1001
2024-09-20 12:40:48.445,428.1816439981205,995
2024-09-20 12:40:48.497,428.186379212905,998
2024-09-20 12:40:48.607,428.1547613918896,996
2024-09-20 12:40:48.649,428.1807112927086,9
2024-09-20 12:40:48.653,428.1916856506808,103
2024-09-20 12:40:48.745,428.15922738318073,96
2024-09-20 12:40:48.758,428.1621566282343,13
2024-09-20 12:40:48.761,428.18387311556114,98
2024-09-20 12:40:48.778,428.1740065699027,101
2024-09-20 12:40:48.861,428.178115511648,999
2024-09-20 12:40:48.864,428.1493326591165,7
2024-09-20 12:40:48.876,428.1773731086892,11
2024-09-20 12:40:48.924,428.1820144302403,995
2024-09-20 12:40:49.034,428.06945839964885,101
2024-09-20 12:40:49.139,428.0947052209729,995
2024-09-20 12:40:49.140,428.1789483973111,95
2024-09-20 12:40:49.209,428.0332962843343,997
2024-09-20 12:40:49.268,428.0999395315048,997
2024-09-20 12:40:49.304,428.12029299454986,998
2024-09-20 12:40:49.355,428.1551290810881,9
2024-09-20 12:40:49.413,428.1449828143503,1005
2024-09-20 12:40:49.444,428.02169810939415,12
2024-09-20 12:40:49.474,428.0187341548447,996
2024-09-20 12:40:49.502,428.0278952680496,1004
2024-09-20 12:40:49.505,428.1142476524719,97
2024-09-20 12:40:49.536,428.02686418612416,1003
2024-09-20 12:40:49.547,428.1036881718875,1002
2024-09-20 12:40:49.572,428.0252340768728,6
2024-09-20 12:40:49.801,428.01217689256623,101
2024-09-20 12:40:49.808,428.16745062737374,995
2024-09-20 12:40:49.822,428.0161371776384,105
2024-09-20 12:40:49.829,428.1854876835183,997
2024-09-20 12:40:49.853,428.0081780373748,10
2024-09-20 12:40:49.869,428.10676443415,8
2024-09-20 12:40:49.896,428.1284913477763,7
2024-09-20 12:40:49.912,428.15972046235424,5
2024-09-20 12:40:49.931,428.17838220777696,99
2024-09-20 12:40:49.974,428.10600862725374,1005
2024-09-20 12:40:51.024,427.9962320235288,1002
2024-09-20 12:40:51.045,427.9915960605804,102
2024-09-20 12:40:51.054,427.9993001633084,999
2024-09-20 12:40:51.087,427.9817082008902,1000
2024-09-20 12:40:51.088,428.0128316644976,7
2024-09-20 12:40:51.118,428.026179994685,15
2024-09-20 12:40:51.129,428.0232264106157,6
2024-09-20 12:40:51.141,428.0312469108899,995
2024-09-20 12:40:51.178,427.964706269953,100
2024-09-20 12:40:51.245,428.0036653248823,998
2024-09-20 12:40:51.292,428.002148710806,7
2024-09-20 12:40:51.297,428.0126135621486,102
2024-09-20 12:40:51.361,428.0096699672864,102
2024-09-20 12:40:51.377,428.0173702707973,1000
2024-09-20 12:40:51.446,427.9864210199764,6
2024-09-20 12:40:51.679,428.0042876649304,105
2024-09-20 12:40:51.714,427.9614046836216,1005
2024-09-20 12:40:51.744,428.0061801359206,1001
2024-09-20 12:40:51.754,427.98582257336267,99
2024-09-20 12:40:51.773,428.02714841005735,105
2024-09-20 12:40:51.824,428.0071939355193,14
2024-09-20 12:40:51.958,427.9956463008909,15
2024-09-20 12:40:52.058,427.96263309093854,8
2024-09-20 12:40:52.096,,9
2024-09-20 12:40:52.181,427.925144208441,1000
2024-09-20 12:40:52.208,427.967889255973,1004
2024-09-20 12:40:52.234,427.93725403552327,13
2024-09-20 12:40:52.283,427.9326892967413,9
2024-09-20 12:40:52.365,427.8958195954127,1001
2024-09-20 12:40:52.423,427.9255829845674,1003
2024-09-20 12:40:52.444,427.9561861586509,1001
2024-09-20 12:40:52.452,427.9348753378399,101
2024-09-20 12:40:52.499,427.9524437558215,1000
2024-09-20 12:40:52.604,427.9493951002453,6
2024-09-20 12:40:52.630,427.9481050809051,10
2024-09-20 12:40:52.758,427.9178533296204,6
2024-09-20 12:40:52.793,427.9722736676029,1002
2024-09-20 12:40:52.804,427.9508625072599,995
2024-09-20 12:40:52.889,427.931221085068,15
2024-09-20 12:40:52.947,427.9311091853154,8
2024-09-20 12:40:52.952,427.95784751227,5
2024-09-20 12:40:52.961,427.9433850378012,11
2024-09-20 12:40:52.971,427.9553145833024,8
2024-09-20 12:40:52.987,427.9599456377528,9
2024-09-20 12:40:53.063,427.8862945479535,999
2024-09-20 12:40:53.260,427.8709812928543,7
2024-09-20 12:40:53.281,427.9131498017141,104
2024-09-20 12:40:53.299,427.872053461562,14
2024-09-20 12:40:54.261,427.87761111717833,11
2024-09-20 12:40:54.867,427.8807483689828,998
2024-09-20 12:40:55.107,427.86401511294025,99
2024-09-20 12:40:55.141,427.8669432563975,6
2024-09-20 12:40:55.150,427.79584042672417,1000
2024-09-20 12:40:55.216,427.871932612976,101
2024-09-20 12:40:55.250,427.86974455684856,9
2024-09-20 12:40:55.254,427.7928351308998,996
2024-09-20 12:40:55.272,427.7818400139723,13
2024-09-20 12:40:55.290,427.8749674389183,97
2024-09-20 12:40:55.312,427.86285434512826,1002
2024-09-20 12:40:55.350,427.8043642024387,13
2024-09-20 12:40:55.368,427.7841638188799,10
2024-09-20 12:40:55.460,427.8431346980106,102
2024-09-20 12:40:55.579,427.7935046468192,11
2024-09-20 12:40:55.612,427.7789635876655,99
2024-09-20 12:40:55.696,427.8212074954725,7
2024-09-20 12:40:55.746,427.86675521786606,1004
2024-09-20 12:40:55.785,427.869424651689,97
2024-09-20 12:40:55.802,427.8762982260379,13
2024-09-20 12:40:55.829,427.799173187337,14
2024-09-20 12:40:55.876,427.8024601095135,13
2024-09-20 12:40:55.939,427.8774441060856,998
2024-09-20 12:40:56.182,427.76458474527766,5
2024-09-20 12:40:56.207,427.8336415483776,96
2024-09-20 12:40:56.353,427.7891714153351,10
2024-09-20 12:40:56.415,427.7891305988632,999
2024-09-20 12:40:56.563,427.7887137871471,13
2024-09-20 12:40:56.572,427.803697725463,7
2024-09-20 12:40:56.622,427.8304496949765,996
2024-09-20 12:40:56.765,427.80069773056914,7
2024-09-20 12:40:56.957,427.8274754273288,1003
2024-09-20 12:40:57.038,427.84792639596327,95
2024-09-20 12:40:57.087,427.8391520316062,101
2024-09-20 12:40:57.108,427.8739878074964,96
2024-09-20 12:40:57.133,427.8497495115729,1005
2024-09-20 12:40:57.232,427.8580410864398,1003
2024-09-20 12:40:57.294,427.88040791670426,105
2024-09-20 12:40:57.352,427.9125560790716,15
2024-09-20 12:40:57.531,427.8478176838004,103
2024-09-20 12:40:57.584,427.8711493898272,1005
2024-09-20 12:40:57.596,-427.831339950978,996
2024-09-20 12:40:57.631,427.8388091338912,99
2024-09-20 12:40:57.656,427.86258478202336,100
2024-09-20 12:40:57.782,427.8607204098511,96
2024-09-20 12:40:57.933,427.8888869254348,9
2024-09-20 12:40:57.993,427.8743829402115,103
2024-09-20 12:40:58.069,427.8630822828261,1000
2024-09-20 12:40:58.115,427.8897387678486,98
2024-09-20 12:40:58.132,427.8593231738013,98
2024-09-20 12:40:58.151,427.8983600661587,96
2024-09-20 12:40:58.156,427.8576293272299,9
2024-09-20 12:40:58.193,427.8474978524174,100
2024-09-20 12:40:58.364,427.8626645421982,10
2024-09-20 12:40:58.381,427.8583906142102,96
2024-09-20 12:40:58.557,42.78497743891117,997
2024-09-20 12:40:58.559,427.8978257364675,13
2024-09-20 12:40:58.583,427.8441055949085,995
2024-09-20 12:40:58.622,427.86140861340346,999
2024-09-20 12:40:58.649,427.8658504696581,102
2024-09-20 12:40:58.664,427.9122854165262,14
2024-09-20 12:40:58.786,427.8712576840202,103
2024-09-20 12:40:58.793,427.9035490668358,99
2024-09-20 12:40:58.800,,99
2024-09-20 12:40:58.841,427.877495976686,6
2024-09-20 12:40:58.841,427.8550142015643,1002
2024-09-20 12:40:58.941,427.87014236339513,13
2024-09-20 12:40:59.072,427.8479259514797,10
2024-09-20 12:40:59.099,427.865259622897,103
2024-09-20 12:40:59.379,427.8565374007639,1005
2024-09-20 12:40:59.528,427.8409791975226,13
2024-09-20 12:40:59.568,427.86470180117976,5
2024-09-20 12:40:59.607,427.849655858439,995
2024-09-20 12:40:59.618,427.8772562082574,100
2024-09-20 12:40:59.829,427.8224765262324,10
