Timestamp,Price,Size
2024-09-20 13:40:00.009,429.7886214935753,105
2024-09-20 13:40:00.012,,1001
2024-09-20 13:40:00.078,429.8530207374344,1000
2024-09-20 13:40:00.127,429.8406972998896,102
2024-09-20 13:40:00.167,429.8201448762674,996
2024-09-20 13:40:00.191,429.8080994000421,97
2024-09-20 13:40:00.225,429.7751038047605,105
2024-09-20 13:40:00.251,429.8380684350775,9
2024-09-20 13:40:00.347,429.8203679661938,98
2024-09-20 13:40:00.361,429.8316781558274,104
2024-09-20 13:40:00.364,429.7854356850696,1000
2024-09-20 13:40:00.371,429.7750075097017,1002
2024-09-20 13:40:00.379,429.80295625667407,101
2024-09-20 13:40:00.450,429.8264550646691,1000
2024-09-20 13:40:00.456,429.8518319579888,13
2024-09-20 13:40:00.458,429.79928890664377,10
2024-09-20 13:40:00.519,42.97801309157947,13
2024-09-20 13:40:00.578,429.8464334759792,97
2024-09-20 13:40:00.588,429.80895866806486,9
2024-09-20 13:40:00.680,429.82989634922495,101
2024-09-20 13:40:00.708,429.8320793939024,104
2024-09-20 13:40:00.710,429.7787793441049,100
2024-09-20 13:40:00.753,429.8083287452185,96
2024-09-20 13:40:00.862,429.78534442194695,10
2024-09-20 13:40:00.890,429.8378968025068,995
2024-09-20 13:40:00.996,429.7850828058515,102
2024-09-20 13:40:01.000,429.8123959543014,9
2024-09-20 13:40:01.129,429.7952542543336,1000
2024-09-20 13:40:01.153,429.7509348242602,98
2024-09-20 13:40:01.338,429.78105984047386,97
2024-09-20 13:40:01.361,429.79380093518665,95
2024-09-20 13:40:01.462,429.77529591849225,1001
2024-09-20 13:40:01.507,429.7761592121428,99
2024-09-20 13:40:01.575,429.7721201791826,1001
2024-09-20 13:40:01.655,429.7989222704413,100
2024-09-20 13:40:01.898,429.789521063248,1003
2024-09-20 13:40:01.985,429.7938631360139,7
2024-09-20 13:40:02.210,429.8351374912286,1003
2024-09-20 13:40:02.297,429.8176296590608,99
2024-09-20 13:40:02.304,429.8253028074968,1003
2024-09-20 13:40:02.323,429.8203401871192,1005
2024-09-20 13:40:02.527,429.8164275555234,5
2024-09-20 13:40:02.678,429.8241321179887,5
2024-09-20 13:40:02.852,429.8148990215755,95
2024-09-20 13:40:02.981,429.8184192760289,997
2024-09-20 13:40:03.029,429.81189645609066,105
2024-09-20 13:40:03.037,429.7900901963877,997
2024-09-20 13:40:03.051,429.7956145081536,104
2024-09-20 13:40:03.113,429.839253968955,10
2024-09-20 13:40:03.140,429.8276382322792,9
2024-09-20 13:40:03.237,429.795386760892,105
2024-09-20 13:40:03.264,429.8306040963503,101
2024-09-20 13:40:03.386,429.7991240080123,14
2024-09-20 13:40:03.404,429.8276509191069,99
2024-09-20 13:40:03.473,429.8200295474824,8
2024-09-20 13:40:03.633,429.8045104261444,105
2024-09-20 13:40:03.680,429.786618871957,105
2024-09-20 13:40:03.680,-429.8031453009154,999
2024-09-20 13:40:03.697,429.7969114525213,15
2024-09-20 13:40:03.726,429.8114864867807,1003
2024-09-20 13:40:03.875,429.8198866402547,99
2024-09-20 13:40:03.895,429.83416936155226,998
2024-09-20 13:40:03.993,429.77569241937056,1001
2024-09-20 13:40:04.120,429.9427918280184,1002
2024-09-20 13:40:04.124,429.80725940153184,1003
2024-09-20 13:40:04.197,429.89308546111226,11
2024-09-20 13:40:04.254,429.84740936773056,100
2024-09-20 13:40:04.293,429.87256966069,13
2024-09-20 13:40:04.342,429.9323445995069,997
2024-09-20 13:40:04.429,429.9435598019728,100
2024-09-20 13:40:04.543,429.87388356744975,1005
2024-09-20 13:40:04.554,429.8166026431368,96
2024-09-20 13:40:04.572,429.9193709608405,6
2024-09-20 13:40:04.630,429.9393367228179,14
2024-09-20 13:40:04.684,429.9386751333136,5
2024-09-20 13:40:04.703,429.915549240542,99
2024-09-20 13:40:04.704,429.9378245322056,996
2024-09-20 13:40:04.731,429.8340423186004,14
2024-09-20 13:40:04.785,429.9575658732738,10
2024-09-20 13:40:04.806,429.9226772283115,997
2024-09-20 13:40:04.888,,996
2024-09-20 13:40:04.895,429.8134999647629,1003
2024-09-20 13:40:04.931,429.94176600112,5
2024-09-20 13:40:04.932,429.9091550132502,96
2024-09-20 13:40:05.039,429.996986480227,996
2024-09-20 13:40:05.110,429.9756125198894,7
2024-09-20 13:40:05.317,429.994454388772,1005
2024-09-20 13:40:05.403,430.0097082531812,1000
2024-09-20 13:40:05.428,430.01453120101206,102
2024-09-20 13:40:05.478,429.97523563224536,95
2024-09-20 13:40:05.486,430.0140448342696,8
2024-09-20 13:40:05.505,429.9498678731365,101
2024-09-20 13:40:05.508,429.9587489849445,103
2024-09-20 13:40:05.708,430.0390304071366,997
2024-09-20 13:40:05.708,430.0022406970765,13
2024-09-20 13:40:05.751,430.0168762727056,7
2024-09-20 13:40:05.894,429.9749036452682,6
2024-09-20 13:40:05.912,430.04167768358985,996
2024-09-20 13:40:05.930,429.9627733892011,1000
2024-09-20 13:40:05.934,429.9527699247707,9
2024-09-20 13:40:05.975,430.0038246918745,995
2024-09-20 13:40:05.991,430.0319230320143,1002
2024-09-20 13:40:06.011,430.07560684342695,1001
2024-09-20 13:40:06.087,-430.16797473343377,15
2024-09-20 13:40:06.115,430.0842181449668,95
2024-09-20 13:40:06.213,430.0611866545299,95
2024-09-20 13:40:06.316,430.0803851127032,1000
2024-09-20 13:40:06.392,430.0431494036562,6
2024-09-20 13:40:06.467,430.00124250466575,9
2024-09-20 13:40:06.474,430.088047456428,1005
2024-09-20 13:40:06.478,43.01555576162687,14
2024-09-20 13:40:06.507,430.0782073017864,5
2024-09-20 13:40:06.528,430.0865346324978,14
2024-09-20 13:40:06.549,430.0048626216597,104
2024-09-20 13:40:06.581,430.0778096524554,12
2024-09-20 13:40:06.604,430.0246745489465,998
2024-09-20 13:40:06.620,430.0819058788431,997
2024-09-20 13:40:06.633,430.1349713342423,13
2024-09-20 13:40:06.665,430.1137187437349,105
2024-09-20 13:40:06.677,430.0819933606914,7
2024-09-20 13:40:06.737,430.1031138881999,103
2024-09-20 13:40:06.738,430.10239418441495,1000
2024-09-20 13:40:06.761,430.04988938449947,102
2024-09-20 13:40:06.775,430.1623860794603,8
2024-09-20 13:40:06.807,430.0667432826325,101
2024-09-20 13:40:06.810,430.1572771858623,9
2024-09-20 13:40:06.882,430.0790302709919,10
2024-09-20 13:40:06.904,430.1014178415584,104
2024-09-20 13:40:06.933,430.16077332295527,103
2024-09-20 13:40:06.972,430.0919106047028,12
2024-09-20 13:40:07.100,430.19008436563496,1005
2024-09-20 13:40:07.110,43.016533739796806,998
2024-09-20 13:40:07.233,,8
2024-09-20 13:40:07.363,430.161469230308,8
2024-09-20 13:40:07.394,430.1714569443437,100
2024-09-20 13:40:07.424,430.1878628721731,8
2024-09-20 13:40:07.509,430.1663456104873,1002
2024-09-20 13:40:07.681,430.1920142613428,101
2024-09-20 13:40:07.698,430.1755117584908,1004
2024-09-20 13:40:07.800,430.1671084257815,98
2024-09-20 13:40:07.948,430.1571384478139,99
2024-09-20 13:40:07.952,430.2009690236023,100
2024-09-20 13:40:08.091,430.2399181982911,995
2024-09-20 13:40:08.167,430.2325930759776,10
2024-09-20 13:40:08.441,430.2142443438728,995
2024-09-20 13:40:08.685,430.2198208492952,10
2024-09-20 13:40:08.711,430.2336697808367,100
2024-09-20 13:40:08.775,430.1988069021501,102
2024-09-20 13:40:08.891,430.23955537258,1004
2024-09-20 13:40:09.155,430.2478541719003,1003
2024-09-20 13:40:09.166,430.199097019922,7
2024-09-20 13:40:09.289,430.21816402540514,6
2024-09-20 13:40:09.404,430.2061099771816,997
2024-09-20 13:40:09.451,430.2453631325386,10
2024-09-20 13:40:09.528,430.22131741425216,6
2024-09-20 13:40:09.530,430.22769239490464,1003
2024-09-20 13:40:09.582,430.2270247295223,1002
2024-09-20 13:40:09.589,430.23059920727593,11
2024-09-20 13:40:09.668,430.2302630690113,6
2024-09-20 13:40:09.738,430.2449464481202,1005
2024-09-20 13:40:09.756,430.2249381687666,100
2024-09-20 13:40:09.772,430.2231379345406,98
2024-09-20 13:40:09.785,430.21219971229726,1000
2024-09-20 13:40:09.857,430.23432193255576,5
2024-09-20 13:40:09.908,430.22532895414594,95
2024-09-20 13:40:09.909,430.20931818554607,8
2024-09-20 13:40:09.961,430.2336052421536,5
2024-09-20 13:40:09.978,430.19315288357865,13
2024-09-20 13:40:10.074,430.2248119096764,1001
2024-09-20 13:40:10.170,430.2271192758533,95
2024-09-20 13:40:10.182,430.2188474392674,100
2024-09-20 13:40:10.276,430.2182376258097,6
2024-09-20 13:40:10.322,430.2001046930429,998
2024-09-20 13:40:10.471,430.24832802367774,1003
2024-09-20 13:40:10.602,430.214343105746,10
2024-09-20 13:40:10.617,430.2113864788478,997
2024-09-20 13:40:10.672,430.2231491287478,998
2024-09-20 13:40:10.675,430.2076177144832,999
2024-09-20 13:40:10.742,430.2103156176426,1005
2024-09-20 13:40:10.779,430.2017512627594,999
2024-09-20 13:40:10.848,430.2043396235177,996
2024-09-20 13:40:10.906,430.21889864745646,10
2024-09-20 13:40:10.957,430.2048452403256,12
2024-09-20 13:40:10.982,430.2159589422445,101
2024-09-20 13:40:11.015,430.2502191365212,1005
2024-09-20 13:40:11.054,430.2337103474874,999
2024-09-20 13:40:11.153,430.2538458908467,7
2024-09-20 13:40:11.281,430.2045870149966,13
2024-09-20 13:40:11.302,430.2389310738885,11
2024-09-20 13:40:11.330,430.2226893298505,9
2024-09-20 13:40:11.375,430.2223610349166,996
2024-09-20 13:40:11.478,430.2326283597159,98
2024-09-20 13:40:11.613,430.21262506252856,104
2024-09-20 13:40:11.704,430.2424298884065,12
2024-09-20 13:40:11.730,430.1878717997806,995
2024-09-20 13:40:11.787,430.2193390736803,103
2024-09-20 13:40:11.870,430.2161589274097,1005
2024-09-20 13:40:11.891,430.2027584281333,1004
2024-09-20 13:40:11.929,430.214212167216,100
2024-09-20 13:40:12.068,430.174569906811,95
2024-09-20 13:40:12.338,430.19463305673537,103
2024-09-20 13:40:12.365,430.1938081443335,13
2024-09-20 13:40:12.390,430.190928172248,96
2024-09-20 13:40:12.401,430.1771189530759,1003
2024-09-20 13:40:12.435,430.17647359707047,103
2024-09-20 13:40:12.466,430.1727863224341,105
2024-09-20 13:40:12.471,430.188302012464,995
2024-09-20 13:40:12.617,430.1530631935384,97
2024-09-20 13:40:12.670,430.17733386456166,14
2024-09-20 13:40:12.729,430.2002193457346,995
2024-09-20 13:40:12.782,430.1655493435404,1001
2024-09-20 13:40:12.835,430.18599390900425,998
2024-09-20 13:40:12.883,430.1600867429522,1002
2024-09-20 13:40:12.948,430.16828321833566,1002
2024-09-20 13:40:12.956,430.18157062212447,15
2024-09-20 13:40:12.970,430.1847259897893,999
2024-09-20 13:40:13.014,430.1549107417868,998
2024-09-20 13:40:13.165,430.1151759323568,15
2024-09-20 13:40:13.222,430.1651313815193,100
2024-09-20 13:40:13.295,430.1238363989653,14
2024-09-20 13:40:13.306,430.1546307747991,8
2024-09-20 13:40:13.343,430.1085311055663,99
2024-09-20 13:40:13.358,430.1607755923175,11
2024-09-20 13:40:13.471,-430.1233670074101,999
2024-09-20 13:40:13.476,430.16953687238566,97
2024-09-20 13:40:13.621,430.1248984370373,995
2024-09-20 13:40:13.671,430.1213537883394,13
2024-09-20 13:40:13.679,430.1320312682803,96
2024-09-20 13:40:13.777,430.126741655178,97
2024-09-20 13:40:13.867,430.11327403485785,96
2024-09-20 13:40:13.892,430.18188120752,11
2024-09-20 13:40:13.922,430.1646057646975,105
2024-09-20 13:40:13.942,430.1423395777314,1002
2024-09-20 13:40:13.975,430.1576025898258,997
2024-09-20 13:40:14.031,430.1465460135077,8
2024-09-20 13:40:14.053,430.184759843597,995
2024-09-20 13:40:14.331,430.1783295259606,12
2024-09-20 13:40:14.445,430.140386889032,9
2024-09-20 13:40:14.461,430.1981268718631,99
2024-09-20 13:40:14.472,430.176198788434,1001
2024-09-20 13:40:14.543,430.1733107849924,1002
2024-09-20 13:40:14.620,430.2216143877358,97
2024-09-20 13:40:14.661,430.2021509075221,97
2024-09-20 13:40:14.676,430.1516410078624,97
2024-09-20 13:40:14.734,430.179150187825,103
2024-09-20 13:40:14.737,,100
2024-09-20 13:40:14.766,430.2109692348114,102
2024-09-20 13:40:14.789,430.1727680674482,105
2024-09-20 13:40:14.873,430.1878988308192,7
2024-09-20 13:40:14.930,430.23395274660265,996
2024-09-20 13:40:15.011,430.2579807953284,8
2024-09-20 13:40:15.341,430.231745814949,6
2024-09-20 13:40:15.560,430.2439775057962,11
2024-09-20 13:40:15.571,430.2566526192936,13
2024-09-20 13:40:15.597,430.2351306512349,998
2024-09-20 13:40:15.719,430.2525655915907,13
2024-09-20 13:40:15.798,430.2223630070366,1001
2024-09-20 13:40:15.857,430.2377127727013,997
2024-09-20 13:40:15.915,430.2250886340322,100
2024-09-20 13:40:15.969,430.2412743684391,95
2024-09-20 13:40:15.975,430.25321211596406,995
2024-09-20 13:40:16.248,430.2961075142284,1003
2024-09-20 13:40:16.321,430.2592238579962,1004
2024-09-20 13:40:16.435,430.3073092437565,1003
2024-09-20 13:40:16.457,430.3299032172024,1005
2024-09-20 13:40:16.463,430.3332591316683,1001
2024-09-20 13:40:16.595,430.3531629426838,1005
2024-09-20 13:40:16.612,430.3701841312605,104
2024-09-20 13:40:16.874,430.2940831369645,100
2024-09-20 13:40:16.914,430.2692216749502,105
2024-09-20 13:40:16.988,430.288785036503,1005
2024-09-20 13:40:17.117,430.4506708823994,8
2024-09-20 13:40:17.135,430.4531770466968,99
2024-09-20 13:40:17.149,430.4624997155471,102
2024-09-20 13:40:17.198,430.4545993374512,14
2024-09-20 13:40:17.208,430.4532480139831,1005
2024-09-20 13:40:17.287,430.4458109320557,97
2024-09-20 13:40:17.392,430.389415921635,1000
2024-09-20 13:40:17.432,430.4018429317098,1002
2024-09-20 13:40:17.474,430.46565667303634,12
2024-09-20 13:40:17.500,430.3691210122719,97
2024-09-20 13:40:17.528,430.4545516879411,9
2024-09-20 13:40:17.538,430.4633847779015,14
2024-09-20 13:40:17.571,430.4142148288626,13
2024-09-20 13:40:17.650,430.3859533955529,1005
2024-09-20 13:40:17.668,430.4001417205086,1001
2024-09-20 13:40:17.709,430.4637324488387,100
2024-09-20 13:40:17.740,430.41036623491925,98
2024-09-20 13:40:17.764,430.3971939897251,103
2024-09-20 13:40:17.776,430.4618497371114,1000
2024-09-20 13:40:17.786,430.4482508800211,1002
2024-09-20 13:40:17.855,430.4216911126616,5
2024-09-20 13:40:17.857,430.401447919654,99
2024-09-20 13:40:17.953,430.3993325761344,995
2024-09-20 13:40:18.029,430.5115509724202,101
2024-09-20 13:40:18.044,430.47787730366974,95
2024-09-20 13:40:18.061,430.490285013866,13
2024-09-20 13:40:18.236,430.4937140025963,999
2024-09-20 13:40:18.280,430.4909735285892,11
2024-09-20 13:40:18.287,430.4390651282727,15
2024-09-20 13:40:18.441,430.4708216541381,7
2024-09-20 13:40:18.529,430.5061485676101,7
2024-09-20 13:40:18.553,430.4637621719429,95
2024-09-20 13:40:18.667,430.44710889163474,997
2024-09-20 13:40:18.710,430.43131500888165,1000
2024-09-20 13:40:18.714,430.49429590676857,95
2024-09-20 13:40:18.842,430.44736795057867,1003
2024-09-20 13:40:18.917,430.52258309986456,997
2024-09-20 13:40:18.941,430.4530178682944,15
2024-09-20 13:40:19.301,430.5145236477125,12
2024-09-20 13:40:19.335,430.5121588613723,7
2024-09-20 13:40:19.475,430.51865965891466,13
2024-09-20 13:40:19.640,430.5146523113668,104
2024-09-20 13:40:19.654,430.5106013287801,105
2024-09-20 13:40:20.056,430.37856053461314,10
2024-09-20 13:40:20.069,430.359886541746,98
2024-09-20 13:40:20.072,430.3962392549258,996
2024-09-20 13:40:20.100,430.4893731049722,101
2024-09-20 13:40:20.137,430.4422716632339,995
2024-09-20 13:40:20.146,430.38804962301583,96
2024-09-20 13:40:20.209,430.5197066154772,1000
2024-09-20 13:40:20.245,430.4233011005717,13
2024-09-20 13:40:20.272,430.4114652725091,9
2024-09-20 13:40:20.309,43.038143289567,99
2024-09-20 13:40:20.311,430.3778967422831,15
2024-09-20 13:40:20.413,430.3890611698797,998
2024-09-20 13:40:20.416,430.4899436809391,98
2024-09-20 13:40:20.435,430.4720671398409,10
2024-09-20 13:40:20.460,430.3854998330626,6
2024-09-20 13:40:20.464,430.43476497073743,103
2024-09-20 13:40:20.514,430.48781723358655,6
2024-09-20 13:40:20.516,430.4061400856684,99
2024-09-20 13:40:20.549,430.4157225014,9
2024-09-20 13:40:20.569,430.4138669225509,6
2024-09-20 13:40:20.759,430.5075335985323,5
2024-09-20 13:40:20.786,430.3937952606167,12
2024-09-20 13:40:20.835,430.3628666276074,995
2024-09-20 13:40:20.849,430.3899329268884,1005
2024-09-20 13:40:20.870,430.4041848131712,100
2024-09-20 13:40:20.947,430.5149283017431,1000
2024-09-20 13:40:20.958,430.4441739773895,1005
2024-09-20 13:40:20.986,430.396677342569,9
2024-09-20 13:40:21.050,430.3428026739055,998
2024-09-20 13:40:21.060,430.33571233927233,96
2024-09-20 13:40:21.081,430.3246190063533,97
2024-09-20 13:40:21.088,430.3347460491445,5
2024-09-20 13:40:21.340,430.3036629450391,100
2024-09-20 13:40:21.367,430.32095300917314,13
2024-09-20 13:40:21.374,430.3285935926429,1003
2024-09-20 13:40:21.397,430.3197901211151,9
2024-09-20 13:40:21.418,430.3319751182472,102
2024-09-20 13:40:21.419,430.327381300931,100
2024-09-20 13:40:21.438,430.3399977539253,6
2024-09-20 13:40:21.467,430.3187517159484,10
2024-09-20 13:40:21.505,430.33119255710295,7
2024-09-20 13:40:21.547,430.3415505172183,96
2024-09-20 13:40:21.563,430.3245130676136,12
2024-09-20 13:40:21.612,430.32033374436287,1002
2024-09-20 13:40:21.736,430.3217469573495,8
2024-09-20 13:40:21.775,430.3021779046277,1003
2024-09-20 13:40:21.794,430.3221247423753,1002
2024-09-20 13:40:21.803,43.03269346907319,100
2024-09-20 13:40:21.807,430.30839023680977,1000
2024-09-20 13:40:21.850,430.3339384299653,14
2024-09-20 13:40:21.925,430.3625854827373,1005
2024-09-20 13:40:21.927,430.32725198305536,999
2024-09-20 13:40:21.932,430.3641802740813,14
2024-09-20 13:40:21.960,430.32532190327424,1005
2024-09-20 13:40:22.047,430.282900227592,8
2024-09-20 13:40:22.067,-430.2975517973538,996
2024-09-20 13:40:22.072,430.3008751324135,101
2024-09-20 13:40:22.081,430.2929715875409,7
2024-09-20 13:40:22.127,430.3062721622862,101
2024-09-20 13:40:22.145,430.312741788054,12
2024-09-20 13:40:22.241,430.2973228838074,96
2024-09-20 13:40:22.637,430.3016146314147,1004
2024-09-20 13:40:22.702,430.2979401193061,101
2024-09-20 13:40:22.720,430.2858053927242,1005
2024-09-20 13:40:22.816,430.30082445033554,5
2024-09-20 13:40:22.897,430.2964506082614,10
2024-09-20 13:40:22.959,430.2868035011842,995
2024-09-20 13:40:22.963,430.29854265079234,9
2024-09-20 13:40:23.972,430.2999579112837,103
2024-09-20 13:40:24.034,430.3353596622717,12
2024-09-20 13:40:24.050,430.3898342600561,5
2024-09-20 13:40:24.205,430.33055009301023,100
2024-09-20 13:40:24.210,430.3272775034196,103
2024-09-20 13:40:24.458,430.3180373948373,10
2024-09-20 13:40:24.480,430.3420137448924,13
2024-09-20 13:40:24.602,430.29241939151296,100
2024-09-20 13:40:24.740,430.3079293247509,12
2024-09-20 13:40:24.814,430.32011648910697,102
2024-09-20 13:40:24.820,430.35555043888905,5
2024-09-20 13:40:24.938,430.310555280489,6
2024-09-20 13:40:24.942,43.03272493160715,1005
2024-09-20 13:40:24.946,430.2994457906023,1000
2024-09-20 13:40:25.028,430.4389568537079,11
2024-09-20 13:40:25.030,430.34114627237335,99
2024-09-20 13:40:25.040,430.3723611701682,102
2024-09-20 13:40:25.073,430.423680582304,1004
2024-09-20 13:40:25.086,430.3482922353076,1001
2024-09-20 13:40:25.088,430.4537957229645,997
2024-09-20 13:40:25.090,430.4447666003056,997
2024-09-20 13:40:25.106,430.35786661169897,13
2024-09-20 13:40:25.120,430.4229270127222,101
2024-09-20 13:40:25.122,430.37798082555474,1002
2024-09-20 13:40:25.317,430.3623431276227,1001
2024-09-20 13:40:25.367,430.3339679391737,104
2024-09-20 13:40:25.368,430.3946181353592,103
2024-09-20 13:40:25.414,430.3737879436509,103
2024-09-20 13:40:25.446,430.4273261107906,998
2024-09-20 13:40:25.498,430.3330932397266,100
2024-09-20 13:40:25.571,430.3782257078193,1000
2024-09-20 13:40:25.605,-430.45447734935937,998
2024-09-20 13:40:25.626,430.3743785624376,996
2024-09-20 13:40:25.714,430.34281465013817,96
2024-09-20 13:40:25.778,430.3391357413479,1004
2024-09-20 13:40:25.858,430.4373961081142,11
2024-09-20 13:40:25.927,430.3999729556836,7
2024-09-20 13:40:25.932,430.3647659233669,999
2024-09-20 13:40:25.991,430.3598223569168,96
2024-09-20 13:40:25.994,430.36761349079694,10
2024-09-20 13:40:26.157,430.3107066419915,1005
2024-09-20 13:40:26.233,430.3740380352901,12
2024-09-20 13:40:26.237,430.3799844780378,999
2024-09-20 13:40:26.239,430.3782529630661,998
2024-09-20 13:40:26.263,430.3669605199543,1004
2024-09-20 13:40:26.299,430.3646983415368,9
2024-09-20 13:40:26.305,430.3628966822608,100
2024-09-20 13:40:26.368,430.4040161062488,5
2024-09-20 13:40:26.375,430.338288362165,96
2024-09-20 13:40:26.404,430.3337608777127,95
2024-09-20 13:40:26.439,430.4139079026156,103
2024-09-20 13:40:26.489,430.3970832484522,1002
2024-09-20 13:40:26.489,430.3615185932585,15
2024-09-20 13:40:26.515,430.30827794284073,103
2024-09-20 13:40:26.517,430.4261588716309,96
2024-09-20 13:40:26.567,430.39487031494696,14
2024-09-20 13:40:26.615,430.3499692740158,1001
2024-09-20 13:40:26.625,430.33823475160585,996
2024-09-20 13:40:26.649,430.4206959650908,97
2024-09-20 13:40:26.745,430.4079807373368,8
2024-09-20 13:40:26.758,,98
2024-09-20 13:40:26.835,430.4131228156292,99
2024-09-20 13:40:26.868,430.3532114202368,15
2024-09-20 13:40:26.901,430.3816442017121,8
2024-09-20 13:40:26.916,430.34171905805056,104
2024-09-20 13:40:26.931,430.32955985876623,995
2024-09-20 13:40:27.579,430.3791421669988,105
2024-09-20 13:40:27.579,430.3650537877463,105
2024-09-20 13:40:28.008,430.3570992072253,14
2024-09-20 13:40:28.048,430.34755186595993,98
2024-09-20 13:40:28.065,430.3621926469673,102
2024-09-20 13:40:28.095,430.3479172986956,100
2024-09-20 13:40:28.205,430.3453614046646,14
2024-09-20 13:40:28.246,430.3460814173402,104
2024-09-20 13:40:28.280,430.36118302359546,11
2024-09-20 13:40:28.318,430.35222537527096,99
2024-09-20 13:40:28.370,430.3649251354224,99
2024-09-20 13:40:28.405,430.3647922949283,1003
2024-09-20 13:40:28.452,430.3501453126918,7
2024-09-20 13:40:28.527,430.336067966491,5
2024-09-20 13:40:28.570,430.3535758324419,13
2024-09-20 13:40:28.628,43.03652927282485,12
2024-09-20 13:40:28.631,430.36525315759417,95
2024-09-20 13:40:28.808,,7
2024-09-20 13:40:28.810,430.3671223245267,99
2024-09-20 13:40:28.843,430.3441188229004,98
2024-09-20 13:40:28.855,430.35108716090224,1001
2024-09-20 13:40:28.898,430.3597874998659,997
2024-09-20 13:40:28.955,430.3687964439384,1005
2024-09-20 13:40:28.987,430.362508875049,999
2024-09-20 13:40:28.990,430.36593865508047,5
2024-09-20 13:40:29.024,430.3882477358168,1001
2024-09-20 13:40:29.058,430.4111172480323,998
2024-09-20 13:40:29.164,430.3696533116316,5
2024-09-20 13:40:29.167,430.3954716992855,999
2024-09-20 13:40:29.194,430.3994442861151,1005
2024-09-20 13:40:29.226,430.4143896156092,999
2024-09-20 13:40:29.274,430.41211606183583,997
2024-09-20 13:40:29.413,430.40844089378754,999
2024-09-20 13:40:29.473,430.4002053870301,10
2024-09-20 13:40:29.842,430.4218872173303,100
2024-09-20 13:40:29.907,430.4101707440145,999
2024-09-20 13:40:30.070,430.38119180829307,998
2024-09-20 13:40:30.097,430.4570573893192,102
2024-09-20 13:40:30.103,430.46186630334057,95
2024-09-20 13:40:30.140,430.3562123643722,999
2024-09-20 13:40:30.143,430.4318501513857,1000
2024-09-20 13:40:30.156,430.4449037849942,1004
2024-09-20 13:40:30.158,430.43059834733367,13
2024-09-20 13:40:30.168,430.392732176364,8
2024-09-20 13:40:30.181,430.41215128067176,105
2024-09-20 13:40:30.189,430.4993503563541,105
2024-09-20 13:40:30.193,430.4822925364572,104
2024-09-20 13:40:30.299,430.4567145133475,1004
2024-09-20 13:40:30.322,430.4324871983285,11
2024-09-20 13:40:30.334,430.4457534400863,999
2024-09-20 13:40:30.423,430.4971198906108,95
2024-09-20 13:40:30.515,430.4761279112872,95
2024-09-20 13:40:30.537,430.4618306570211,11
2024-09-20 13:40:30.550,430.42026053751147,103
2024-09-20 13:40:30.558,430.49378642639726,1004
2024-09-20 13:40:30.567,-430.3974840705076,100
2024-09-20 13:40:30.696,430.46537423023454,6
2024-09-20 13:40:30.827,430.3764533871806,995
2024-09-20 13:40:30.827,430.44028502535485,101
2024-09-20 13:40:30.842,430.4184081528688,15
2024-09-20 13:40:30.888,430.37236297921567,7
2024-09-20 13:40:30.957,430.43871811350897,12
2024-09-20 13:40:30.965,430.43607415144,1004
2024-09-20 13:40:30.989,430.4418376807144,5
2024-09-20 13:40:31.087,430.42512336946135,13
2024-09-20 13:40:31.131,430.45278039222967,1000
2024-09-20 13:40:31.141,430.4577946054322,1003
2024-09-20 13:40:31.248,430.4607678411597,998
2024-09-20 13:40:31.251,430.4051810738642,1001
2024-09-20 13:40:31.251,430.4769238340341,14
2024-09-20 13:40:31.279,430.43798193684535,1004
2024-09-20 13:40:31.308,430.4323739255347,1002
2024-09-20 13:40:31.474,430.4359153068757,97
2024-09-20 13:40:31.495,430.4405344289325,96
2024-09-20 13:40:31.497,430.47293931245935,1001
2024-09-20 13:40:31.558,430.4561848506845,12
2024-09-20 13:40:31.591,430.4516695177071,104
2024-09-20 13:40:31.652,430.45930402713054,96
2024-09-20 13:40:31.673,430.46508106113504,11
2024-09-20 13:40:31.713,430.4626863538632,12
2024-09-20 13:40:31.723,430.43515853129423,9
2024-09-20 13:40:31.785,430.4620924013024,1002
2024-09-20 13:40:31.813,430.42475615283865,12
2024-09-20 13:40:31.842,430.4151694618944,100
2024-09-20 13:40:31.844,430.43565859421545,1004
2024-09-20 13:40:31.895,430.4359771667148,9
2024-09-20 13:40:31.907,430.477528066497,103
2024-09-20 13:40:32.420,430.45252172775366,997
2024-09-20 13:40:32.549,430.4035756333731,1004
2024-09-20 13:40:32.635,430.4440240000307,1004
2024-09-20 13:40:32.782,430.4558989788869,97
2024-09-20 13:40:32.897,430.4193681599008,103
2024-09-20 13:40:33.071,430.39682414022775,1004
2024-09-20 13:40:33.100,,13
2024-09-20 13:40:33.205,430.4023178994568,103
2024-09-20 13:40:33.304,430.39471410158455,999
2024-09-20 13:40:33.346,430.38257037312417,5
2024-09-20 13:40:33.349,430.3726192759028,1005
2024-09-20 13:40:33.356,430.3798452226469,1004
2024-09-20 13:40:33.368,430.39321192844574,998
2024-09-20 13:40:33.391,430.3659729773096,7
2024-09-20 13:40:33.409,430.3870593417698,999
2024-09-20 13:40:33.458,430.37756098828254,1000
2024-09-20 13:40:33.512,430.41544531405617,11
2024-09-20 13:40:33.556,430.399605113126,98
2024-09-20 13:40:33.600,430.37505229579415,101
2024-09-20 13:40:33.625,430.37769328758907,1005
2024-09-20 13:40:33.637,430.3866120707611,6
2024-09-20 13:40:33.646,430.3964238187002,104
2024-09-20 13:40:33.691,430.4020090678841,1001
2024-09-20 13:40:33.702,430.39917737465714,10
2024-09-20 13:40:33.718,430.4036236904152,995
2024-09-20 13:40:33.825,430.39857177863337,13
2024-09-20 13:40:33.951,430.36848043014896,9
2024-09-20 13:40:34.172,430.4062713549328,104
2024-09-20 13:40:34.545,430.4079738254516,995
2024-09-20 13:40:34.638,430.4061554828612,1002
2024-09-20 13:40:34.947,430.4196237173373,1002
2024-09-20 13:40:35.196,430.4044895043667,101
2024-09-20 13:40:35.511,430.3944457873757,15
2024-09-20 13:40:35.513,430.3912873193215,1005
2024-09-20 13:40:35.614,430.3654250751155,1001
2024-09-20 13:40:35.696,430.4136796244748,1004
2024-09-20 13:40:35.750,430.3961120286399,14
2024-09-20 13:40:36.209,430.3868054926306,997
2024-09-20 13:40:36.286,430.4116247720704,1005
2024-09-20 13:40:36.368,430.4100567951574,998
2024-09-20 13:40:36.439,43.041372503868544,15
2024-09-20 13:40:37.026,430.4247223403706,1005
2024-09-20 13:40:37.051,430.4120803629826,1000
2024-09-20 13:40:37.083,430.43297655648354,997
2024-09-20 13:40:37.092,430.4939800894534,15
2024-09-20 13:40:37.138,430.4392458775178,5
2024-09-20 13:40:37.218,430.46160961523975,997
2024-09-20 13:40:37.258,430.3760646501276,996
2024-09-20 13:40:37.339,430.4205171764638,101
2024-09-20 13:40:37.351,430.4263493154327,102
2024-09-20 13:40:37.447,430.43185406646825,5
2024-09-20 13:40:37.479,430.43842548876574,100
2024-09-20 13:40:37.490,430.4629053547041,101
2024-09-20 13:40:37.505,430.4624863974355,98
2024-09-20 13:40:37.521,430.4623306255704,997
2024-09-20 13:40:37.616,430.43544382249297,15
2024-09-20 13:40:37.626,430.4567344486196,5
2024-09-20 13:40:37.792,430.45373327489057,11
2024-09-20 13:40:37.839,430.3744509113207,100
2024-09-20 13:40:37.845,430.4715515985519,97
2024-09-20 13:40:37.907,430.4067989119272,999
2024-09-20 13:40:38.012,430.3961139240808,99
2024-09-20 13:40:38.014,430.3969142290037,103
2024-09-20 13:40:38.131,430.3638520286094,5
2024-09-20 13:40:38.142,430.3891550793858,95
2024-09-20 13:40:38.187,430.3908581795412,99
2024-09-20 13:40:38.344,430.3893459016703,999
2024-09-20 13:40:38.421,-430.40495714021887,1005
2024-09-20 13:40:38.533,430.3884342583117,100
2024-09-20 13:40:38.533,430.3884243406567,996
2024-09-20 13:40:38.572,430.3953810885389,998
2024-09-20 13:40:38.599,430.41764527342986,15
2024-09-20 13:40:38.680,-430.378480151173,15
2024-09-20 13:40:38.736,430.349878398379,8
2024-09-20 13:40:38.744,430.375140462658,100
2024-09-20 13:40:38.766,430.3924884155461,98
2024-09-20 13:40:38.815,430.39432560113744,6
2024-09-20 13:40:38.862,430.3934414595414,13
2024-09-20 13:40:38.962,430.4262644355776,997
2024-09-20 13:40:39.045,430.4188005812935,99
2024-09-20 13:40:39.136,430.42562879605856,999
2024-09-20 13:40:39.168,430.4342098101838,999
2024-09-20 13:40:39.181,430.422888303112,1004
2024-09-20 13:40:39.239,430.4621708474936,1003
2024-09-20 13:40:39.271,430.4126316480238,6
2024-09-20 13:40:39.283,43.04266999693812,13
2024-09-20 13:40:39.295,430.4614326808062,6
2024-09-20 13:40:39.361,430.44988317746,999
2024-09-20 13:40:39.407,430.464481371624,97
2024-09-20 13:40:39.556,430.4331381254681,100
2024-09-20 13:40:39.624,430.454097447421,14
2024-09-20 13:40:39.972,430.4145147448835,1000
2024-09-20 13:40:40.017,430.4913695657535,104
2024-09-20 13:40:40.027,430.48363174902056,11
2024-09-20 13:40:40.090,430.47852825954817,11
2024-09-20 13:40:40.134,430.4877808299726,100
2024-09-20 13:40:40.141,430.4570726600812,15
2024-09-20 13:40:40.143,430.4566567079376,1004
2024-09-20 13:40:40.167,430.4750081813264,102
2024-09-20 13:40:40.181,430.4673462359514,1004
2024-09-20 13:40:40.183,430.46948373474993,15
2024-09-20 13:40:40.390,430.4730061109231,996
2024-09-20 13:40:40.394,430.4711350108389,98
2024-09-20 13:40:40.522,430.4825777133854,103
2024-09-20 13:40:40.828,430.4620247812361,12
2024-09-20 13:40:40.921,430.4779710896107,7
2024-09-20 13:40:40.934,430.4743136423084,103
2024-09-20 13:40:40.956,430.4704783235454,7
2024-09-20 13:40:40.999,430.4773892026437,995
2024-09-20 13:40:41.006,430.5030855335631,1005
2024-09-20 13:40:41.057,430.4912386305479,12
2024-09-20 13:40:41.061,430.4984198799214,95
2024-09-20 13:40:41.063,430.4920462631546,10
2024-09-20 13:40:41.075,430.5503776152527,5
2024-09-20 13:40:41.131,430.5212561803384,104
2024-09-20 13:40:41.230,430.5084629066782,15
2024-09-20 13:40:41.270,430.5129733444233,98
2024-09-20 13:40:41.367,430.5284551188337,104
2024-09-20 13:40:41.388,430.5556206960333,1000
2024-09-20 13:40:41.463,430.4996553269677,997
2024-09-20 13:40:41.524,430.4947764937574,996
2024-09-20 13:40:41.731,430.531554383062,100
2024-09-20 13:40:41.754,430.5038929086381,8
2024-09-20 13:40:41.771,430.564086349596,13
2024-09-20 13:40:41.787,430.4850303562158,105
2024-09-20 13:40:41.804,430.5422859439236,999
2024-09-20 13:40:41.903,430.4748350585095,97
2024-09-20 13:40:41.957,430.5409353105893,102
2024-09-20 13:40:41.994,430.5297820614419,995
2024-09-20 13:40:42.018,430.58457799327306,997
2024-09-20 13:40:42.043,430.6565849251116,999
2024-09-20 13:40:42.105,430.6075562441652,14
2024-09-20 13:40:42.162,430.564740596273,1001
2024-09-20 13:40:42.212,430.5801217029741,97
2024-09-20 13:40:42.251,430.6792483130226,9
2024-09-20 13:40:42.256,430.5493470003643,6
2024-09-20 13:40:42.321,,5
2024-09-20 13:40:42.338,43.05630480336368,15
2024-09-20 13:40:42.460,430.6132035468483,997
2024-09-20 13:40:42.549,430.6139020339184,96
2024-09-20 13:40:42.714,430.5862027393349,5
2024-09-20 13:40:42.914,430.63563271796255,1004
2024-09-20 13:40:43.049,430.7374593033256,1002
2024-09-20 13:40:43.130,430.7209659588019,9
2024-09-20 13:40:43.169,430.7220647308308,104
2024-09-20 13:40:43.257,430.7151166639561,5
2024-09-20 13:40:43.455,430.7279225537704,9
2024-09-20 13:40:43.588,430.7288141451824,999
2024-09-20 13:40:43.831,430.7308553356105,98
2024-09-20 13:40:44.061,430.7573119296492,1005
2024-09-20 13:40:44.079,430.77041912358567,7
2024-09-20 13:40:44.128,430.763011712617,11
2024-09-20 13:40:44.165,430.76001882021535,100
2024-09-20 13:40:44.226,430.7623532879679,102
2024-09-20 13:40:44.259,430.73287823704857,15
2024-09-20 13:40:44.259,430.7520915025037,1002
2024-09-20 13:40:44.379,430.7253258834617,1003
2024-09-20 13:40:44.379,430.76722924034686,1004
2024-09-20 13:40:44.572,430.77475760366497,1005
2024-09-20 13:40:44.758,430.76414408954906,1002
2024-09-20 13:40:44.903,430.781514476296,13
2024-09-20 13:40:45.004,430.77705308967273,99
2024-09-20 13:40:45.009,430.82197289617466,996
2024-09-20 13:40:45.050,430.81577514696073,6
2024-09-20 13:40:45.106,430.8141111235126,14
2024-09-20 13:40:45.143,430.7814769100479,999
2024-09-20 13:40:45.200,430.8000487593423,7
2024-09-20 13:40:45.220,430.8078118263282,99
2024-09-20 13:40:45.233,430.8301178573261,10
2024-09-20 13:40:45.288,430.81582363785503,999
2024-09-20 13:40:45.390,430.80906860799314,1005
2024-09-20 13:40:45.422,430.8005543913456,6
2024-09-20 13:40:45.477,430.8101711419656,10
2024-09-20 13:40:45.494,430.8198534281488,11
2024-09-20 13:40:45.540,430.7644801419213,1001
2024-09-20 13:40:45.613,430.80771117195286,11
2024-09-20 13:40:45.825,430.81574372035374,1001
2024-09-20 13:40:45.858,430.78536232539017,14
2024-09-20 13:40:45.937,430.7408492736994,96
2024-09-20 13:40:45.970,430.81755347849634,1001
2024-09-20 13:40:45.975,430.8108643084444,8
2024-09-20 13:40:46.047,430.79951177837006,98
2024-09-20 13:40:46.098,430.7973424021294,1004
2024-09-20 13:40:46.237,430.8121391462102,14
2024-09-20 13:40:46.270,430.7953943618273,6
2024-09-20 13:40:46.279,430.7969669363584,1004
2024-09-20 13:40:46.298,430.78983539694633,95
2024-09-20 13:40:46.476,430.7960704386544,1003
2024-09-20 13:40:46.556,430.8027824818228,10
2024-09-20 13:40:46.570,430.8014045140706,10
2024-09-20 13:40:46.590,430.79166089409887,12
2024-09-20 13:40:46.633,430.8008992749637,1005
2024-09-20 13:40:46.714,430.7993420318392,5
2024-09-20 13:40:46.800,430.79235049299245,95
2024-09-20 13:40:46.815,430.80408707603175,13
2024-09-20 13:40:46.817,430.82119253345127,12
2024-09-20 13:40:46.837,430.7891224864268,1001
2024-09-20 13:40:46.850,430.7920504488406,100
2024-09-20 13:40:46.957,430.787468736783,5
2024-09-20 13:40:47.027,430.7777755361512,13
2024-09-20 13:40:47.154,430.76948037507714,996
2024-09-20 13:40:47.164,43.07632771793041,6
2024-09-20 13:40:47.166,430.7765942300587,999
2024-09-20 13:40:47.248,430.8026144637327,102
2024-09-20 13:40:47.261,430.8155143863162,995
2024-09-20 13:40:47.301,430.7676421312022,105
2024-09-20 13:40:47.311,430.7607622830169,12
2024-09-20 13:40:47.337,430.8019487851235,101
2024-09-20 13:40:47.368,430.756944737074,1003
2024-09-20 13:40:47.401,430.7775070167061,101
2024-09-20 13:40:47.429,430.7993353720615,96
2024-09-20 13:40:47.435,,1003
2024-09-20 13:40:47.470,430.8214357876472,1004
2024-09-20 13:40:47.475,430.7812253020597,98
2024-09-20 13:40:47.631,430.77416480546697,1001
2024-09-20 13:40:47.665,430.7997172337605,1002
2024-09-20 13:40:47.693,430.7773704146711,9
2024-09-20 13:40:47.823,430.7905736860716,996
2024-09-20 13:40:47.840,430.8384333687835,1000
2024-09-20 13:40:47.875,430.7779706067312,1001
2024-09-20 13:40:47.907,430.7958717343434,999
2024-09-20 13:40:47.944,430.784778327975,995
2024-09-20 13:40:47.947,430.7833560031834,13
2024-09-20 13:40:47.974,430.7694088990797,1001
2024-09-20 13:40:48.001,430.8160451662232,100
2024-09-20 13:40:48.094,430.8013995411565,98
2024-09-20 13:40:48.101,430.82752405692673,1004
2024-09-20 13:40:48.103,430.84679125716167,6
2024-09-20 13:40:48.115,430.8249286335139,96
2024-09-20 13:40:48.118,430.8172519416215,98
2024-09-20 13:40:48.129,430.84084580723,99
2024-09-20 13:40:48.150,430.8316489637791,997
2024-09-20 13:40:48.160,430.80582212356126,98
2024-09-20 13:40:48.164,430.8307505315662,1005
2024-09-20 13:40:48.165,430.8039178326063,96
2024-09-20 13:40:48.229,430.817755499276,1000
2024-09-20 13:40:48.286,430.83582296548286,100
2024-09-20 13:40:48.292,430.826356176936,1004
2024-09-20 13:40:48.323,430.8057015205621,96
2024-09-20 13:40:48.464,430.7862708789782,100
2024-09-20 13:40:48.482,430.8324501306215,996
2024-09-20 13:40:48.500,430.81990241873166,101
2024-09-20 13:40:48.513,-430.8402817610168,1004
2024-09-20 13:40:48.556,430.82804921338754,9
2024-09-20 13:40:48.560,430.820571695104,7
2024-09-20 13:40:48.633,430.8177117203751,97
2024-09-20 13:40:48.706,430.8197141746673,6
2024-09-20 13:40:48.748,430.8160774945042,95
2024-09-20 13:40:48.880,430.8218096907856,1001
2024-09-20 13:40:48.888,430.8175010367268,1000
2024-09-20 13:40:48.923,430.8083757081711,1003
2024-09-20 13:40:48.927,430.8350524344615,10
2024-09-20 13:40:48.968,430.8117167282198,1003
2024-09-20 13:40:48.972,430.7989007626805,5
2024-09-20 13:40:49.091,430.78191889917576,1002
2024-09-20 13:40:49.145,430.80025300841805,105
2024-09-20 13:40:50.066,430.7876602045412,96
2024-09-20 13:40:50.067,430.7479438585548,9
2024-09-20 13:40:50.079,430.7463813108561,13
2024-09-20 13:40:50.193,430.7709588939942,1003
2024-09-20 13:40:50.199,430.7738687903416,995
2024-09-20 13:40:50.215,430.7746070327326,6
2024-09-20 13:40:50.255,430.7852336653628,99
2024-09-20 13:40:50.266,430.7440982247768,998
2024-09-20 13:40:50.564,430.7456799051207,1004
2024-09-20 13:40:50.655,430.7273343778451,1005
2024-09-20 13:40:50.752,430.7658095542167,995
2024-09-20 13:40:50.761,430.7759888667757,996
2024-09-20 13:40:50.780,430.77222494949007,1000
2024-09-20 13:40:50.806,430.7763959681129,7
2024-09-20 13:40:51.035,430.6659713764325,11
2024-09-20 13:40:51.165,430.7693990516436,101
2024-09-20 13:40:51.301,430.6810674582674,13
2024-09-20 13:40:51.385,430.78043063512575,103
2024-09-20 13:40:51.393,430.6597779263171,100
2024-09-20 13:40:51.471,430.6812244107011,10
2024-09-20 13:40:51.472,430.7074848409756,7
2024-09-20 13:40:51.494,430.7545276210925,1004
2024-09-20 13:40:51.595,430.6809056984067,995
2024-09-20 13:40:51.654,430.75270508083895,1002
2024-09-20 13:40:51.681,430.7557546413258,97
2024-09-20 13:40:51.706,430.67389722055793,14
2024-09-20 13:40:51.743,430.6864676890482,1002
2024-09-20 13:40:51.836,430.7180341450647,99
2024-09-20 13:40:51.844,430.7254403149976,1005
2024-09-20 13:40:51.874,430.6521293963387,98
2024-09-20 13:40:51.879,430.7248047107848,7
2024-09-20 13:40:51.884,430.67533877018826,15
2024-09-20 13:40:51.888,430.6824824615738,1001
2024-09-20 13:40:51.994,430.6778394048421,995
2024-09-20 13:40:52.013,430.6559443443057,5
2024-09-20 13:40:52.024,430.6755899716024,997
2024-09-20 13:40:52.042,430.6695402649351,95
2024-09-20 13:40:52.071,430.6306373899972,12
2024-09-20 13:40:52.105,430.6757856171032,103
2024-09-20 13:40:52.106,430.6219080481608,10
2024-09-20 13:40:52.116,430.6838678638608,104
2024-09-20 13:40:52.117,430.65490619805126,1001
2024-09-20 13:40:52.165,430.6630970670331,105
2024-09-20 13:40:52.242,430.67687448602646,1001
2024-09-20 13:40:52.321,430.6689274750978,98
2024-09-20 13:40:52.405,430.67273384387033,97
2024-09-20 13:40:52.502,430.6093404209317,7
2024-09-20 13:40:52.505,430.6233458631171,997
2024-09-20 13:40:52.609,430.6781899583317,104
2024-09-20 13:40:52.629,430.6881242088324,997
2024-09-20 13:40:52.661,430.6321023555205,1002
2024-09-20 13:40:52.689,430.6230397172632,95
2024-09-20 13:40:52.708,430.6780256990027,103
2024-09-20 13:40:52.731,430.66406596077337,1003
2024-09-20 13:40:52.738,430.6940330050254,99
2024-09-20 13:40:52.757,430.6179239485812,1002
2024-09-20 13:40:52.768,430.6530186666389,11
2024-09-20 13:40:52.819,430.6464943072718,104
2024-09-20 13:40:52.881,430.64986351358345,102
2024-09-20 13:40:52.884,430.6156483766469,13
2024-09-20 13:40:52.887,430.632670265351,100
2024-09-20 13:40:52.899,430.6107015786738,102
2024-09-20 13:40:52.956,430.6619587848048,995
2024-09-20 13:40:53.018,430.61085649380817,97
2024-09-20 13:40:53.036,430.6355228772194,100
2024-09-20 13:40:53.123,430.6682306284479,10
2024-09-20 13:40:53.235,430.61183785580096,1002
2024-09-20 13:40:53.352,430.6092823462789,6
2024-09-20 13:40:53.394,430.6461525576531,1003
2024-09-20 13:40:53.526,430.6482258200954,5
2024-09-20 13:40:53.575,430.6296910385393,1002
2024-09-20 13:40:53.683,430.6536891524028,1003
2024-09-20 13:40:53.693,430.6520710188653,5
2024-09-20 13:40:53.706,430.6373823048572,7
2024-09-20 13:40:53.720,430.59691207735546,8
2024-09-20 13:40:53.739,430.6506638219692,1001
2024-09-20 13:40:53.897,430.6331585127114,9
2024-09-20 13:40:53.978,430.64477151057696,995
2024-09-20 13:40:54.129,430.5746366055076,1003
2024-09-20 13:40:54.149,430.5974054572886,98
2024-09-20 13:40:54.176,430.6137410977673,996
2024-09-20 13:40:54.187,430.6001977682829,11
2024-09-20 13:40:54.196,430.6215848562581,102
2024-09-20 13:40:54.328,430.5379521526804,101
2024-09-20 13:40:54.367,430.617649701544,11
2024-09-20 13:40:54.379,430.566145679036,100
2024-09-20 13:40:54.390,430.61147996465496,1001
2024-09-20 13:40:54.413,430.5343925666936,102
2024-09-20 13:40:54.449,430.5293948295499,1004
2024-09-20 13:40:54.481,430.6123963992548,103
2024-09-20 13:40:54.484,430.6364160723638,1003
2024-09-20 13:40:54.723,430.55322207861366,1005
2024-09-20 13:40:54.758,430.6003578256066,7
2024-09-20 13:40:54.759,430.6222289718278,1002
2024-09-20 13:40:54.779,430.5452174197811,15
2024-09-20 13:40:54.798,430.6026783736466,1001
2024-09-20 13:40:54.813,430.53279031570753,1003
2024-09-20 13:40:54.819,430.5450424972655,96
2024-09-20 13:40:54.881,430.6468330443343,997
2024-09-20 13:40:54.886,430.5334446890979,997
2024-09-20 13:40:54.910,-430.6026228600787,1005
2024-09-20 13:40:54.937,430.54136002834406,997
2024-09-20 13:40:55.056,430.5491178123522,1000
2024-09-20 13:40:55.150,430.4931616107911,97
2024-09-20 13:40:55.365,430.5522511881685,95
2024-09-20 13:40:55.395,430.5050226734109,11
2024-09-20 13:40:55.396,430.5517295688677,8
2024-09-20 13:40:55.444,430.4888375645449,12
2024-09-20 13:40:55.541,430.5035836771716,104
2024-09-20 13:40:55.601,430.5147463261134,97
2024-09-20 13:40:55.686,,5
2024-09-20 13:40:55.701,430.501925275347,99
2024-09-20 13:40:55.721,430.5150108664824,10
2024-09-20 13:40:55.728,430.4904027647015,104
2024-09-20 13:40:55.975,430.498551507444,100
2024-09-20 13:40:56.133,-430.5938475824614,9
2024-09-20 13:40:56.158,430.59281314015976,1001
2024-09-20 13:40:56.165,430.55443317554034,98
2024-09-20 13:40:56.195,430.5960590613661,98
2024-09-20 13:40:56.444,430.5547827039513,1001
2024-09-20 13:40:56.650,430.5675166625834,102
2024-09-20 13:40:56.654,430.5957347666893,1002
2024-09-20 13:40:56.817,430.5850894773153,5
2024-09-20 13:40:56.847,430.600050944082,1003
2024-09-20 13:40:56.922,430.620418193688,1005
2024-09-20 13:40:56.938,430.5516936105358,12
2024-09-20 13:40:56.956,430.5557686494731,99
2024-09-20 13:40:56.975,430.5434236148268,95
2024-09-20 13:40:57.005,430.6062729474461,9
2024-09-20 13:40:57.034,430.67477226206114,15
2024-09-20 13:40:57.104,-430.6919383350411,101
2024-09-20 13:40:57.132,430.6504269936644,15
2024-09-20 13:40:57.141,430.7030795363374,5
2024-09-20 13:40:57.194,430.6862447128501,12
2024-09-20 13:40:57.205,430.6737507781269,100
2024-09-20 13:40:57.217,430.6292664075968,102
2024-09-20 13:40:57.263,430.6759469755368,98
2024-09-20 13:40:57.390,430.6497396191108,105
2024-09-20 13:40:57.626,430.6374852076401,12
2024-09-20 13:40:57.765,430.6110845947929,8
2024-09-20 13:40:57.827,430.6421875061114,14
2024-09-20 13:40:57.888,430.67956419872,13
2024-09-20 13:40:58.011,430.59548534534326,1003
2024-09-20 13:40:58.017,430.6311338774974,104
2024-09-20 13:40:58.030,430.63959898527776,104
2024-09-20 13:40:58.090,430.62100019640457,5
2024-09-20 13:40:58.204,430.6111519602844,15
2024-09-20 13:40:58.371,430.65339439209424,101
2024-09-20 13:40:58.395,430.6762433184336,1004
2024-09-20 13:40:58.460,430.6336765999617,13
2024-09-20 13:40:58.513,430.6296603205036,104
2024-09-20 13:40:58.527,430.6351986765266,95
2024-09-20 13:40:58.533,430.633190213724,15
2024-09-20 13:40:58.567,-430.6904127349081,9
2024-09-20 13:40:58.583,430.6016809676845,1003
2024-09-20 13:40:58.584,430.6953073321995,1001
2024-09-20 13:40:58.627,430.6396064874603,14
2024-09-20 13:40:58.664,430.65213148781874,12
2024-09-20 13:40:58.672,430.5890994771997,1004
2024-09-20 13:40:58.699,430.6663340090558,99
2024-09-20 13:40:58.735,430.6519367110261,8
2024-09-20 13:40:58.885,430.67101402201325,995
2024-09-20 13:40:58.943,430.64645883780025,105
2024-09-20 13:40:58.998,430.6765704607884,999
2024-09-20 13:40:59.158,430.59912037185006,96
2024-09-20 13:40:59.336,430.6031601267036,999
2024-09-20 13:40:59.390,-430.5931422676547,12
2024-09-20 13:40:59.429,430.5864660892399,9
2024-09-20 13:40:59.497,430.6124950780314,99
2024-09-20 13:40:59.942,430.587368194961,99
