Timestamp,Price,Size
2024-09-18 12:15:00.240,416.85913757447446,1001
2024-09-18 12:15:00.339,416.8561025411096,12
2024-09-18 12:15:00.556,416.8496881803144,1001
2024-09-18 12:15:00.743,416.8446671046503,1004
2024-09-18 12:15:00.777,416.86759477860414,98
2024-09-18 12:15:00.796,416.8597825819567,998
2024-09-18 12:15:00.888,416.871067291718,102
2024-09-18 12:15:01.014,416.9205010691583,103
2024-09-18 12:15:01.043,416.94586970361183,99
2024-09-18 12:15:01.120,416.962154813612,11
2024-09-18 12:15:01.228,416.9609810505212,1001
2024-09-18 12:15:01.228,416.93741704817455,999
2024-09-18 12:15:01.229,416.94478443031926,11
2024-09-18 12:15:01.240,416.90093823298366,9
2024-09-18 12:15:01.379,416.9113252975376,13
2024-09-18 12:15:01.382,416.9081558626529,7
2024-09-18 12:15:01.393,416.8861041045358,96
2024-09-18 12:15:01.453,416.95933833517086,102
2024-09-18 12:15:01.549,416.9276227422818,10
2024-09-18 12:15:01.681,416.95270646161686,1005
2024-09-18 12:15:01.782,416.8796889298866,102
2024-09-18 12:15:01.836,416.9274226823836,98
2024-09-18 12:15:01.861,416.89873515024783,96
2024-09-18 12:15:01.932,416.8757708274176,99
2024-09-18 12:15:02.197,416.9941382345624,98
2024-09-18 12:15:02.462,416.9734492423944,99
2024-09-18 12:15:02.908,416.97787027100463,9
2024-09-18 12:15:03.305,416.98876138612496,9
2024-09-18 12:15:04.002,417.002903213562,97
2024-09-18 12:15:04.068,416.9736094019539,105
2024-09-18 12:15:04.073,416.921213548382,8
2024-09-18 12:15:04.075,416.8803471986466,1001
2024-09-18 12:15:04.110,416.8901820688549,13
2024-09-18 12:15:04.185,417.0038803916013,999
2024-09-18 12:15:04.230,416.9396456855585,99
2024-09-18 12:15:04.247,416.9109363653553,14
2024-09-18 12:15:04.253,416.9759964507219,9
2024-09-18 12:15:04.266,416.97155631336926,14
2024-09-18 12:15:04.276,-416.9189210484298,997
2024-09-18 12:15:04.352,416.9346883387578,101
2024-09-18 12:15:04.365,416.91603107846,11
2024-09-18 12:15:04.416,416.9071372293252,12
2024-09-18 12:15:04.436,416.9768358140332,96
2024-09-18 12:15:04.453,416.9781259894865,95
2024-09-18 12:15:04.454,416.91596431054535,999
2024-09-18 12:15:04.589,416.9219004081537,96
2024-09-18 12:15:04.589,416.9208883984946,8
2024-09-18 12:15:04.773,416.9488849312858,97
2024-09-18 12:15:04.788,416.9165545398386,998
2024-09-18 12:15:04.797,416.8942287411024,100
2024-09-18 12:15:04.814,416.9437689587878,98
2024-09-18 12:15:04.877,416.9076697438925,1001
2024-09-18 12:15:04.894,416.9863404747981,10
2024-09-18 12:15:04.988,416.9007667366181,1002
2024-09-18 12:15:05.026,416.907836135769,96
2024-09-18 12:15:05.043,416.92288035884695,102
2024-09-18 12:15:05.181,416.9268926604885,997
2024-09-18 12:15:05.197,416.9412218925431,995
2024-09-18 12:15:05.240,416.9347718985691,105
2024-09-18 12:15:05.380,41.6947082757386,1004
2024-09-18 12:15:05.438,416.8965298693586,100
2024-09-18 12:15:05.477,416.9158423419725,1004
2024-09-18 12:15:05.491,416.905868884635,1000
2024-09-18 12:15:05.513,416.9475204738096,9
2024-09-18 12:15:05.518,416.9052637894821,15
2024-09-18 12:15:05.664,416.9545256731458,5
2024-09-18 12:15:05.714,416.9331055721668,103
2024-09-18 12:15:05.736,416.9030662598236,1003
2024-09-18 12:15:05.778,416.9289169416016,95
2024-09-18 12:15:05.791,416.89854011333847,14
2024-09-18 12:15:05.874,416.8972118366373,98
2024-09-18 12:15:05.910,416.9574437981936,96
2024-09-18 12:15:05.938,416.904143234112,1002
2024-09-18 12:15:05.940,416.9135185251241,11
2024-09-18 12:15:05.959,416.9534461152236,1003
2024-09-18 12:15:06.200,416.89358819153233,998
2024-09-18 12:15:06.395,416.9213600499633,9
2024-09-18 12:15:06.469,416.9128144439614,1002
2024-09-18 12:15:06.587,416.89124284079696,105
2024-09-18 12:15:06.615,416.8995442493478,998
2024-09-18 12:15:06.670,416.89992822097776,995
2024-09-18 12:15:06.898,416.9046890524539,100
2024-09-18 12:15:06.912,416.8954127164925,96
2024-09-18 12:15:07.075,416.88520263363256,14
2024-09-18 12:15:07.157,416.8560220140972,99
2024-09-18 12:15:07.164,416.8344535046603,6
2024-09-18 12:15:07.209,416.8337852830056,7
2024-09-18 12:15:07.242,416.8272082256169,1000
2024-09-18 12:15:07.251,416.8208007917075,102
2024-09-18 12:15:07.264,416.8377782850909,1003
2024-09-18 12:15:07.264,416.9009888387031,14
2024-09-18 12:15:07.283,416.8577660207967,11
2024-09-18 12:15:07.332,416.8322817909776,104
2024-09-18 12:15:07.449,416.9008926930828,1005
2024-09-18 12:15:07.471,416.88180092346175,999
2024-09-18 12:15:07.539,416.8741531343179,15
2024-09-18 12:15:07.542,416.8289763816214,7
2024-09-18 12:15:07.605,416.9078622043536,98
2024-09-18 12:15:07.617,416.8477984582134,9
2024-09-18 12:15:07.656,416.8662359730976,1000
2024-09-18 12:15:07.678,416.8363751653424,1005
2024-09-18 12:15:07.723,416.8968902020976,97
2024-09-18 12:15:07.725,416.89087231659886,1003
2024-09-18 12:15:07.816,416.8921738496334,7
2024-09-18 12:15:07.822,416.82948927100927,998
2024-09-18 12:15:07.853,416.9051709772204,15
2024-09-18 12:15:07.866,416.8965076352712,102
2024-09-18 12:15:07.954,41.68752459201524,102
2024-09-18 12:15:07.957,416.9030886353637,105
2024-09-18 12:15:08.023,416.8386318935279,999
2024-09-18 12:15:08.025,416.85751441293553,100
2024-09-18 12:15:08.161,416.8693867818448,100
2024-09-18 12:15:08.236,416.8642018908475,102
2024-09-18 12:15:08.269,416.8356970727133,102
2024-09-18 12:15:08.300,416.8318393618724,15
2024-09-18 12:15:08.345,416.8695389907997,15
2024-09-18 12:15:08.366,416.8901409792131,104
2024-09-18 12:15:08.370,416.88445018557536,997
2024-09-18 12:15:08.385,416.8519514031371,998
2024-09-18 12:15:08.434,416.8339169467955,8
2024-09-18 12:15:08.442,416.8466683233172,13
2024-09-18 12:15:08.443,416.88076511563406,8
2024-09-18 12:15:08.484,416.8209088044002,5
2024-09-18 12:15:08.537,416.8702482226204,105
2024-09-18 12:15:08.613,416.8467437109292,997
2024-09-18 12:15:08.686,416.8391246567786,995
2024-09-18 12:15:08.716,416.8875436454552,998
2024-09-18 12:15:08.737,416.865265236177,12
2024-09-18 12:15:08.774,416.8398766855176,996
2024-09-18 12:15:08.861,416.8776271762359,8
2024-09-18 12:15:08.864,416.8468487427638,11
2024-09-18 12:15:08.868,416.8529238499587,6
2024-09-18 12:15:08.919,416.83596996103313,995
2024-09-18 12:15:09.025,416.8883680144673,97
2024-09-18 12:15:09.058,416.89556564878296,1000
2024-09-18 12:15:09.147,416.89774918215,13
2024-09-18 12:15:09.319,416.9231347648703,1001
2024-09-18 12:15:09.412,416.875575691154,14
2024-09-18 12:15:09.595,416.911969304854,996
2024-09-18 12:15:09.739,416.9143331090572,9
2024-09-18 12:15:09.747,416.90652521053113,10
2024-09-18 12:15:09.786,416.88230605476673,1002
2024-09-18 12:15:09.804,416.8955039509193,97
2024-09-18 12:15:09.824,416.86330181981873,1000
2024-09-18 12:15:09.936,416.8803213824938,101
2024-09-18 12:15:09.977,416.8802673561044,1000
2024-09-18 12:15:11.132,416.9644812792073,1001
2024-09-18 12:15:11.227,416.9506048657592,10
2024-09-18 12:15:11.228,416.9433621120722,5
2024-09-18 12:15:11.230,416.951255142424,103
2024-09-18 12:15:11.289,416.9374796455267,8
2024-09-18 12:15:11.306,416.9810746898962,102
2024-09-18 12:15:11.321,416.9303337167959,997
2024-09-18 12:15:11.391,416.9655699265687,1002
2024-09-18 12:15:11.409,416.96452950851904,8
2024-09-18 12:15:11.441,416.9085680559366,997
2024-09-18 12:15:11.515,416.9689745098464,8
2024-09-18 12:15:11.537,416.9614686688128,9
2024-09-18 12:15:11.623,416.9630532205772,105
2024-09-18 12:15:11.648,416.9631195226496,997
2024-09-18 12:15:11.716,416.93982305686194,5
2024-09-18 12:15:11.916,416.9178414495235,95
2024-09-18 12:15:11.989,416.8969045034629,10
2024-09-18 12:15:11.989,416.9614762184927,1001
2024-09-18 12:15:12.050,416.9743820073868,1000
2024-09-18 12:15:12.420,416.9926494995994,99
2024-09-18 12:15:12.587,416.9658834031163,104
2024-09-18 12:15:13.011,416.9809086128989,104
2024-09-18 12:15:13.130,416.9698605871109,997
2024-09-18 12:15:13.166,416.9965769784864,1002
2024-09-18 12:15:13.221,416.9905669665625,12
2024-09-18 12:15:13.247,417.0071717325907,99
2024-09-18 12:15:13.252,416.9901560739871,996
2024-09-18 12:15:13.259,416.98130409056137,7
2024-09-18 12:15:13.326,416.9938670927585,5
2024-09-18 12:15:13.351,416.9858847009377,8
2024-09-18 12:15:13.598,416.992027002304,995
2024-09-18 12:15:13.699,416.9850879996358,11
2024-09-18 12:15:13.734,417.0009321489748,100
2024-09-18 12:15:13.743,416.9868495051213,1003
2024-09-18 12:15:13.784,416.9870809317829,997
2024-09-18 12:15:13.819,416.9765845399394,101
2024-09-18 12:15:13.873,417.0046555400284,1001
2024-09-18 12:15:14.051,417.0246398708669,104
2024-09-18 12:15:14.106,417.04217685494064,1002
2024-09-18 12:15:14.279,416.9942569049868,10
2024-09-18 12:15:14.367,416.9944052875502,1002
2024-09-18 12:15:14.543,-417.0068960370368,15
2024-09-18 12:15:14.558,417.03439325433993,11
2024-09-18 12:15:14.623,416.9875653682673,1005
2024-09-18 12:15:14.790,417.0004326534194,1001
2024-09-18 12:15:14.838,417.0369058943408,996
2024-09-18 12:15:15.812,417.0082245586313,95
2024-09-18 12:15:16.096,417.03772744164553,103
2024-09-18 12:15:16.726,417.0433064955149,14
2024-09-18 12:15:16.812,-417.02254153163625,105
2024-09-18 12:15:16.863,417.034248616932,103
2024-09-18 12:15:16.942,417.0240764758942,105
2024-09-18 12:15:17.001,417.05125709698257,15
2024-09-18 12:15:17.007,417.0594340791343,9
2024-09-18 12:15:17.028,417.0200536449903,1000
2024-09-18 12:15:17.074,417.0456517212572,12
2024-09-18 12:15:17.216,417.054014443117,6
2024-09-18 12:15:17.237,41.702970394425954,13
2024-09-18 12:15:17.245,417.0522117823511,997
2024-09-18 12:15:17.249,417.0219618899894,11
2024-09-18 12:15:17.334,417.026504802352,998
2024-09-18 12:15:17.334,417.0593116454755,998
2024-09-18 12:15:17.417,417.0615317322091,1000
2024-09-18 12:15:17.437,417.0492052980561,1004
2024-09-18 12:15:17.462,417.0324514393694,102
2024-09-18 12:15:17.483,417.0827962556176,10
2024-09-18 12:15:17.544,417.03511916230735,10
2024-09-18 12:15:17.624,417.0621104025462,1002
2024-09-18 12:15:17.635,417.0106481874004,1000
2024-09-18 12:15:17.639,417.01290356349057,99
2024-09-18 12:15:17.766,417.01909009352926,1004
2024-09-18 12:15:17.830,-417.0252511959827,1004
2024-09-18 12:15:17.831,417.0167735531864,998
2024-09-18 12:15:17.870,417.032774152735,1002
2024-09-18 12:15:17.890,417.0251616288115,1005
2024-09-18 12:15:17.910,417.0291413092147,5
2024-09-18 12:15:18.028,417.0628348578929,99
2024-09-18 12:15:18.058,417.11085879453685,11
2024-09-18 12:15:18.083,417.1133846577488,97
2024-09-18 12:15:18.099,417.1434875485472,996
2024-09-18 12:15:18.141,417.14796983095937,6
2024-09-18 12:15:18.176,417.12470837490406,999
2024-09-18 12:15:18.199,417.0871066388581,6
2024-09-18 12:15:18.231,417.0557382176806,10
2024-09-18 12:15:18.246,417.0793362852247,1000
2024-09-18 12:15:18.283,417.0656838452237,998
2024-09-18 12:15:18.384,417.063389134465,1003
2024-09-18 12:15:18.449,417.12449488031,1001
2024-09-18 12:15:18.466,417.0971802584813,6
2024-09-18 12:15:18.506,417.0881644485493,12
2024-09-18 12:15:18.521,417.0878776685312,6
2024-09-18 12:15:18.543,417.1174895570653,9
2024-09-18 12:15:18.557,417.09798959016695,997
2024-09-18 12:15:18.601,417.10614062890033,997
2024-09-18 12:15:18.631,417.11592157797406,5
2024-09-18 12:15:18.699,417.11898400936,100
2024-09-18 12:15:18.713,417.0873838059704,98
2024-09-18 12:15:18.732,417.0631451899127,101
2024-09-18 12:15:18.815,417.1039862267033,1003
2024-09-18 12:15:18.826,417.09095522785447,9
2024-09-18 12:15:18.870,417.06080161609634,96
2024-09-18 12:15:18.925,417.1450652016453,102
2024-09-18 12:15:18.936,417.1109825447689,98
2024-09-18 12:15:18.984,417.0901250099405,97
2024-09-18 12:15:18.994,417.12319253929786,6
2024-09-18 12:15:19.045,417.0257910635664,96
2024-09-18 12:15:19.149,417.0667962313435,9
2024-09-18 12:15:19.212,417.0538976880181,1002
2024-09-18 12:15:19.301,417.05637771238304,101
2024-09-18 12:15:19.331,417.10875206738274,11
2024-09-18 12:15:19.366,417.053411705353,999
2024-09-18 12:15:19.377,417.0996075986698,1005
2024-09-18 12:15:19.387,417.0392089916895,13
2024-09-18 12:15:19.463,417.0982418303688,5
2024-09-18 12:15:19.472,417.1050914314864,98
2024-09-18 12:15:19.579,417.0885282841304,98
2024-09-18 12:15:19.663,417.0869120048799,998
2024-09-18 12:15:19.693,417.0586759132322,11
2024-09-18 12:15:19.706,417.11364481050464,101
2024-09-18 12:15:19.737,417.04579936560987,104
2024-09-18 12:15:19.752,417.0905559020405,997
2024-09-18 12:15:19.821,417.0714389538225,95
2024-09-18 12:15:19.903,417.056092964716,14
2024-09-18 12:15:20.034,417.0664259958617,101
2024-09-18 12:15:20.109,417.0783861858636,97
2024-09-18 12:15:20.218,417.03181893127066,105
2024-09-18 12:15:20.242,417.0668913890596,9
2024-09-18 12:15:20.244,417.0240203706105,13
2024-09-18 12:15:20.407,417.0704752920495,12
2024-09-18 12:15:20.535,417.0790444033591,9
2024-09-18 12:15:20.918,417.07329929545887,15
2024-09-18 12:15:21.154,417.0454690733097,11
2024-09-18 12:15:21.227,417.0454499962717,100
2024-09-18 12:15:21.299,417.0206208479739,1005
2024-09-18 12:15:21.351,417.0323064787422,15
2024-09-18 12:15:21.373,417.0240566165252,98
2024-09-18 12:15:21.383,417.0578452095179,101
2024-09-18 12:15:21.400,-417.0375736312834,1002
2024-09-18 12:15:21.465,417.0292469502084,1004
2024-09-18 12:15:21.498,417.0382539179274,10
2024-09-18 12:15:21.509,417.0261681685676,98
2024-09-18 12:15:21.615,,10
2024-09-18 12:15:21.639,417.02254666073816,12
2024-09-18 12:15:21.788,417.0403913594784,997
2024-09-18 12:15:21.834,417.02514725760926,99
2024-09-18 12:15:21.879,417.04038916616975,1004
2024-09-18 12:15:21.898,417.0438921228888,14
2024-09-18 12:15:21.933,417.021955355826,95
2024-09-18 12:15:21.968,417.0116682335465,13
2024-09-18 12:15:22.021,417.0531786586853,12
2024-09-18 12:15:22.077,417.05475256928304,1004
2024-09-18 12:15:22.159,-417.0558497161049,9
2024-09-18 12:15:22.195,417.04158393320114,9
2024-09-18 12:15:22.255,417.0272994021129,13
2024-09-18 12:15:22.459,417.05599426708375,1001
2024-09-18 12:15:22.463,417.0574359903034,95
2024-09-18 12:15:22.540,417.0593524669628,1001
2024-09-18 12:15:22.563,417.0560964582471,14
2024-09-18 12:15:22.575,417.0844096551474,14
2024-09-18 12:15:22.586,417.06408637118005,11
2024-09-18 12:15:22.622,417.0411573373097,101
2024-09-18 12:15:22.686,417.0584819177146,99
2024-09-18 12:15:22.693,417.0536331254965,15
2024-09-18 12:15:22.711,417.0464030392165,15
2024-09-18 12:15:22.712,417.0509337297997,11
2024-09-18 12:15:22.714,417.04959279353136,104
2024-09-18 12:15:22.716,417.056762053441,7
2024-09-18 12:15:23.058,417.0285006927169,13
2024-09-18 12:15:23.072,417.0274969173409,9
2024-09-18 12:15:23.102,416.9753812402535,97
2024-09-18 12:15:23.118,416.9639368626756,15
2024-09-18 12:15:23.159,417.0336563781818,105
2024-09-18 12:15:23.167,417.0219885405252,97
2024-09-18 12:15:23.181,417.0190800494238,8
2024-09-18 12:15:23.189,416.968092838208,105
2024-09-18 12:15:23.289,416.9303896666233,1002
2024-09-18 12:15:23.316,417.0280454924075,1001
2024-09-18 12:15:23.358,416.9516420447724,995
2024-09-18 12:15:23.363,416.9542455886844,1001
2024-09-18 12:15:23.368,416.9183701731744,8
2024-09-18 12:15:23.388,416.9648590547458,1001
2024-09-18 12:15:23.507,417.03384927765467,996
2024-09-18 12:15:23.524,417.03403838644346,97
2024-09-18 12:15:23.553,416.9350055059167,96
2024-09-18 12:15:23.561,416.9574892293024,104
2024-09-18 12:15:23.653,416.9930591964619,1003
2024-09-18 12:15:23.656,417.01961545086544,7
2024-09-18 12:15:23.715,417.0373629896176,996
2024-09-18 12:15:23.719,417.0284495091854,15
2024-09-18 12:15:23.723,416.945720938222,8
2024-09-18 12:15:23.730,416.9708607466644,105
2024-09-18 12:15:23.758,416.9293461001779,96
2024-09-18 12:15:23.837,416.9218388694193,6
2024-09-18 12:15:23.843,417.0060754645148,105
2024-09-18 12:15:23.848,-416.9155723208098,1003
2024-09-18 12:15:23.887,416.9044969488888,997
2024-09-18 12:15:23.948,416.9386436538446,999
2024-09-18 12:15:24.132,416.94894338337656,997
2024-09-18 12:15:24.395,416.9442153400255,997
2024-09-18 12:15:24.573,416.9381621259128,12
2024-09-18 12:15:24.600,416.954181907538,1003
2024-09-18 12:15:24.645,416.9428842270782,98
2024-09-18 12:15:24.760,416.9585234578882,995
2024-09-18 12:15:24.831,416.95474729035567,1001
2024-09-18 12:15:25.401,416.9699169253611,5
2024-09-18 12:15:25.991,416.9698161032578,7
2024-09-18 12:15:26.222,416.9958380567812,105
2024-09-18 12:15:26.337,416.9823604725914,1003
2024-09-18 12:15:26.469,416.97801897108434,1005
2024-09-18 12:15:26.615,416.9660580300334,1000
2024-09-18 12:15:26.868,416.9726143600335,97
2024-09-18 12:15:27.438,416.9923503698528,998
2024-09-18 12:15:27.470,416.9944399124386,96
2024-09-18 12:15:27.910,416.9810363137945,105
2024-09-18 12:15:27.943,41.6980122070033,10
2024-09-18 12:15:27.950,416.9788808137309,5
2024-09-18 12:15:28.143,417.0789724943076,13
2024-09-18 12:15:28.201,417.04295035155377,11
2024-09-18 12:15:28.240,41.70511888167341,1005
2024-09-18 12:15:28.241,417.07637988872034,999
2024-09-18 12:15:28.330,416.978568994892,997
2024-09-18 12:15:28.356,417.0768368512057,95
2024-09-18 12:15:28.514,,1002
2024-09-18 12:15:28.592,416.9993868435048,13
2024-09-18 12:15:28.597,417.0157166770085,999
2024-09-18 12:15:28.645,417.02907269923975,100
2024-09-18 12:15:28.655,417.0087685237462,10
2024-09-18 12:15:28.813,417.0467308249736,1001
2024-09-18 12:15:28.926,417.039589846136,11
2024-09-18 12:15:28.952,417.0134788851972,104
2024-09-18 12:15:28.982,417.00733734346863,101
2024-09-18 12:15:28.983,417.0475091811872,6
2024-09-18 12:15:29.157,417.1015844110447,103
2024-09-18 12:15:29.210,-417.107141618892,104
2024-09-18 12:15:29.237,417.1053831152843,1004
2024-09-18 12:15:29.280,417.0909239675917,7
2024-09-18 12:15:29.321,417.0877721946842,9
2024-09-18 12:15:29.627,417.1085115309051,5
2024-09-18 12:15:29.829,417.12939841324953,105
2024-09-18 12:15:29.842,417.072455601163,11
2024-09-18 12:15:29.905,417.1092790474818,1002
2024-09-18 12:15:29.912,417.12802205765496,11
2024-09-18 12:15:29.913,417.1165388189328,1001
2024-09-18 12:15:29.936,417.0859613002412,995
2024-09-18 12:15:30.046,417.0679602214798,1005
2024-09-18 12:15:30.091,417.0712930662676,10
2024-09-18 12:15:30.157,417.0945505039511,103
2024-09-18 12:15:30.256,417.0837348521354,1004
2024-09-18 12:15:30.314,417.0582984811504,998
2024-09-18 12:15:30.399,417.0631926319186,5
2024-09-18 12:15:30.519,417.0946238348828,998
2024-09-18 12:15:30.588,417.1010597954276,105
2024-09-18 12:15:30.787,417.0618490808713,1005
2024-09-18 12:15:30.846,417.0855828551209,102
2024-09-18 12:15:30.853,417.0733174132318,105
2024-09-18 12:15:30.860,417.09383186530135,103
2024-09-18 12:15:31.030,417.0353841203324,1000
2024-09-18 12:15:31.065,417.0487287544972,103
2024-09-18 12:15:31.254,417.03346471908543,1001
2024-09-18 12:15:31.420,417.0245426893534,13
2024-09-18 12:15:31.477,417.0330113886245,9
2024-09-18 12:15:31.535,-417.023911861458,996
2024-09-18 12:15:32.260,417.0274409148605,105
2024-09-18 12:15:32.325,416.99977302691775,98
2024-09-18 12:15:32.428,,12
2024-09-18 12:15:32.468,416.9771767603221,9
2024-09-18 12:15:32.797,416.9896837997165,10
2024-09-18 12:15:32.916,417.01294913686144,15
2024-09-18 12:15:32.943,417.0402799232203,1000
2024-09-18 12:15:32.991,416.984530518086,99
2024-09-18 12:15:33.003,416.99858211541584,99
2024-09-18 12:15:33.035,416.9810978347061,995
2024-09-18 12:15:33.173,417.0547714655689,999
2024-09-18 12:15:33.435,417.0067795203688,996
2024-09-18 12:15:33.456,417.020644342751,100
2024-09-18 12:15:33.505,417.0099148513203,104
2024-09-18 12:15:33.532,417.03964743580894,15
2024-09-18 12:15:33.535,416.9916118741494,104
2024-09-18 12:15:33.539,417.02739614797326,105
2024-09-18 12:15:33.544,417.0304091504267,999
2024-09-18 12:15:33.561,417.0207188271432,999
2024-09-18 12:15:33.594,417.00805568268805,998
2024-09-18 12:15:33.604,416.992581669396,997
2024-09-18 12:15:33.675,417.0356096269293,104
2024-09-18 12:15:33.679,417.0597669419974,102
2024-09-18 12:15:33.696,417.01613201694215,9
2024-09-18 12:15:33.707,417.0519379547329,101
2024-09-18 12:15:33.727,417.0126091658088,7
2024-09-18 12:15:33.818,417.05334660066256,98
2024-09-18 12:15:33.838,417.0426983119111,1003
2024-09-18 12:15:33.917,417.040691485286,11
2024-09-18 12:15:33.954,417.04319128829934,9
2024-09-18 12:15:33.957,417.0033807541872,6
2024-09-18 12:15:33.963,,5
2024-09-18 12:15:34.096,417.08429715131,102
2024-09-18 12:15:34.158,417.1047895550354,997
2024-09-18 12:15:34.218,417.0946645739981,5
2024-09-18 12:15:34.244,417.0641392002743,1000
2024-09-18 12:15:34.244,417.0542975466189,996
2024-09-18 12:15:34.287,417.0820845094774,10
2024-09-18 12:15:34.306,417.0977701007921,6
2024-09-18 12:15:34.315,417.1235452144114,6
2024-09-18 12:15:34.324,417.06826529713607,96
2024-09-18 12:15:34.356,417.0859882791408,997
2024-09-18 12:15:34.376,417.10769783967584,1003
2024-09-18 12:15:34.395,417.0706670513689,995
2024-09-18 12:15:34.439,417.0598461181182,103
2024-09-18 12:15:34.467,417.0723207053261,10
2024-09-18 12:15:34.484,417.07915926667965,1001
2024-09-18 12:15:34.634,417.0933127839155,15
2024-09-18 12:15:34.693,417.079479174177,105
2024-09-18 12:15:34.695,417.0737791863819,103
2024-09-18 12:15:34.781,417.0750895913001,1000
2024-09-18 12:15:34.802,417.083145500741,103
2024-09-18 12:15:34.836,417.1166962817936,103
2024-09-18 12:15:34.836,417.08174925545086,13
2024-09-18 12:15:34.896,417.0651712854666,96
2024-09-18 12:15:35.071,417.0904351578126,997
2024-09-18 12:15:35.173,417.10981907099966,1004
2024-09-18 12:15:35.257,417.110753549453,1002
2024-09-18 12:15:35.270,417.12129273065534,9
2024-09-18 12:15:35.340,417.0861084584169,1005
2024-09-18 12:15:35.354,417.1048237948989,105
2024-09-18 12:15:35.355,417.0940223884114,96
2024-09-18 12:15:35.434,417.1104668390583,14
2024-09-18 12:15:35.524,417.1035653372091,14
2024-09-18 12:15:35.557,417.10067679019136,104
2024-09-18 12:15:35.653,417.1081110953203,105
2024-09-18 12:15:35.723,417.1079762741642,105
2024-09-18 12:15:35.763,417.1278807886748,105
2024-09-18 12:15:35.804,417.11803515184175,104
2024-09-18 12:15:35.849,417.1222982681666,996
2024-09-18 12:15:35.983,417.0905588082739,97
2024-09-18 12:15:35.987,417.0979448543497,996
2024-09-18 12:15:37.020,,1002
2024-09-18 12:15:37.043,417.1279138424993,998
2024-09-18 12:15:37.078,417.1304225533065,104
2024-09-18 12:15:37.098,417.1344057671022,9
2024-09-18 12:15:37.102,417.09861365874366,997
2024-09-18 12:15:37.201,417.117750475905,100
2024-09-18 12:15:37.207,417.1420073930852,995
2024-09-18 12:15:37.502,417.094920217542,998
2024-09-18 12:15:37.541,417.11552398756106,6
2024-09-18 12:15:37.549,417.1135903215635,6
2024-09-18 12:15:37.595,417.1271197497112,1000
2024-09-18 12:15:37.650,417.1289463487972,997
2024-09-18 12:15:37.661,417.127522536147,1002
2024-09-18 12:15:37.670,417.1327545107462,5
2024-09-18 12:15:37.689,417.1363252987924,7
2024-09-18 12:15:37.739,417.0788013465557,15
2024-09-18 12:15:37.745,417.1196546986966,1004
2024-09-18 12:15:37.764,417.1212666349469,98
2024-09-18 12:15:37.838,417.1221900300537,6
2024-09-18 12:15:37.941,417.1245705422372,100
2024-09-18 12:15:37.944,417.0883816893177,1004
2024-09-18 12:15:38.012,417.1838735637021,996
2024-09-18 12:15:38.019,417.1705305454888,100
2024-09-18 12:15:38.124,417.170519630933,7
2024-09-18 12:15:38.133,417.1887343369477,14
2024-09-18 12:15:38.273,417.1905241455634,995
2024-09-18 12:15:38.355,417.107151127278,10
2024-09-18 12:15:38.365,41.71357170230637,99
2024-09-18 12:15:38.378,-417.1630341070956,11
2024-09-18 12:15:38.387,417.1136307566446,11
2024-09-18 12:15:38.401,417.1656060184316,995
2024-09-18 12:15:38.479,417.1602511323341,100
2024-09-18 12:15:38.498,417.1742530044523,100
2024-09-18 12:15:38.509,417.2000317880572,12
2024-09-18 12:15:38.514,417.1210603699387,101
2024-09-18 12:15:38.579,417.167292314961,95
2024-09-18 12:15:38.583,417.0955015899373,9
2024-09-18 12:15:38.710,417.15669014554265,1001
2024-09-18 12:15:38.785,417.16113601211504,1004
2024-09-18 12:15:38.891,417.14488999338255,13
2024-09-18 12:15:38.913,417.1215111766582,99
2024-09-18 12:15:38.970,,100
2024-09-18 12:15:39.004,417.203199771501,105
2024-09-18 12:15:39.056,417.2120061746325,15
2024-09-18 12:15:39.068,417.2141143603537,104
2024-09-18 12:15:39.087,417.1732226336701,6
2024-09-18 12:15:39.129,417.17183995933846,999
2024-09-18 12:15:39.232,417.1878945778196,14
2024-09-18 12:15:39.307,417.2192267233691,997
2024-09-18 12:15:39.357,417.18109968886745,8
2024-09-18 12:15:39.402,417.2107996770084,1004
2024-09-18 12:15:39.446,417.2018500167695,8
2024-09-18 12:15:39.450,417.2063097737744,95
2024-09-18 12:15:39.485,417.1967984126174,96
2024-09-18 12:15:39.506,417.1965453949098,999
2024-09-18 12:15:39.636,-417.2051560054514,101
2024-09-18 12:15:39.678,417.1892066751649,1004
2024-09-18 12:15:39.808,417.1974539963004,96
2024-09-18 12:15:39.830,417.2004855803151,1004
2024-09-18 12:15:39.897,417.19188797907583,100
2024-09-18 12:15:39.997,417.1822340423904,97
2024-09-18 12:15:40.175,417.2152343294472,98
2024-09-18 12:15:40.263,417.2048286116949,1001
2024-09-18 12:15:40.317,417.22294964574303,13
2024-09-18 12:15:40.403,417.2361657966694,8
2024-09-18 12:15:40.419,-417.2183250575721,99
2024-09-18 12:15:40.468,417.2100791046011,9
2024-09-18 12:15:40.516,417.23741607195774,11
2024-09-18 12:15:40.570,417.2270142421403,98
2024-09-18 12:15:40.616,417.2245428498047,101
2024-09-18 12:15:40.652,417.2140803185714,100
2024-09-18 12:15:40.745,417.238699782297,104
2024-09-18 12:15:40.991,417.2389986358041,9
2024-09-18 12:15:41.015,417.2234726313254,1000
2024-09-18 12:15:41.052,417.2328285132728,99
2024-09-18 12:15:41.386,417.2280329483391,1004
2024-09-18 12:15:41.510,417.2186355946917,105
2024-09-18 12:15:41.542,417.2309471741889,14
2024-09-18 12:15:41.545,41.72441790178942,105
2024-09-18 12:15:41.643,417.2303656525068,104
2024-09-18 12:15:42.000,417.300623135957,98
2024-09-18 12:15:42.108,417.2833467873649,95
2024-09-18 12:15:42.231,417.25507537468434,10
2024-09-18 12:15:42.321,417.3093053964884,12
2024-09-18 12:15:42.360,417.2613915287188,1002
2024-09-18 12:15:42.403,417.2637870275113,1004
2024-09-18 12:15:42.427,417.3267870454214,1004
2024-09-18 12:15:42.438,417.31386143840126,101
2024-09-18 12:15:42.525,417.3015712941803,96
2024-09-18 12:15:42.555,417.3070454922515,995
2024-09-18 12:15:42.609,417.3300188543149,999
2024-09-18 12:15:42.645,417.307939518951,8
2024-09-18 12:15:42.664,417.2737755809072,10
2024-09-18 12:15:42.676,417.3198428068915,13
2024-09-18 12:15:42.705,417.3260326539965,95
2024-09-18 12:15:42.709,417.2915953643063,99
2024-09-18 12:15:42.725,417.2813446421087,1001
2024-09-18 12:15:42.731,417.3155265577776,104
2024-09-18 12:15:42.756,417.2895719533871,10
2024-09-18 12:15:42.913,,105
2024-09-18 12:15:43.071,417.28525319690107,95
2024-09-18 12:15:43.133,417.2829015298552,1005
2024-09-18 12:15:43.165,417.3015263665449,11
2024-09-18 12:15:43.166,417.3013636237245,12
2024-09-18 12:15:43.213,417.2779765068936,995
2024-09-18 12:15:43.222,417.2708569517606,995
2024-09-18 12:15:43.258,417.2954199349303,104
2024-09-18 12:15:43.261,417.3098992443821,6
2024-09-18 12:15:43.284,417.2864832504414,1002
2024-09-18 12:15:43.350,417.2967032518838,10
2024-09-18 12:15:43.453,417.3353840705322,101
2024-09-18 12:15:43.482,417.2783041919832,1003
2024-09-18 12:15:43.597,417.3385890755393,104
2024-09-18 12:15:43.610,417.3312557069364,101
2024-09-18 12:15:43.615,417.303909163605,97
2024-09-18 12:15:43.626,417.2886750201732,1002
2024-09-18 12:15:43.631,417.290366741746,15
2024-09-18 12:15:43.667,417.2864511439186,15
2024-09-18 12:15:43.672,417.2868904796748,96
2024-09-18 12:15:43.677,417.2739585326217,102
2024-09-18 12:15:43.866,417.32107767037934,1002
2024-09-18 12:15:43.902,417.33177023572887,11
2024-09-18 12:15:44.162,417.33660101028056,996
2024-09-18 12:15:44.397,417.3379971894166,104
2024-09-18 12:15:44.419,417.348884254425,1003
2024-09-18 12:15:44.501,417.3283941328097,8
2024-09-18 12:15:44.586,417.35057460609977,95
2024-09-18 12:15:44.736,417.3515302987162,8
2024-09-18 12:15:44.821,417.3394899796003,102
2024-09-18 12:15:44.977,417.3527799942064,5
2024-09-18 12:15:45.011,417.3327131482636,13
2024-09-18 12:15:45.015,417.3210796546773,1003
2024-09-18 12:15:45.027,417.28326715714906,1004
2024-09-18 12:15:45.036,417.33155111213233,1004
2024-09-18 12:15:45.196,417.3847198334984,11
2024-09-18 12:15:45.242,417.3017639847644,11
2024-09-18 12:15:45.246,417.3091349439303,1000
2024-09-18 12:15:45.300,417.3085958487822,104
2024-09-18 12:15:45.357,417.3038369275542,6
2024-09-18 12:15:45.358,417.2912434243941,103
2024-09-18 12:15:45.391,417.33576077431417,5
2024-09-18 12:15:45.453,417.32005593509246,10
2024-09-18 12:15:45.480,41.7391961530681,1000
2024-09-18 12:15:45.522,417.29382920770666,5
2024-09-18 12:15:45.523,417.3244460469168,98
2024-09-18 12:15:45.552,417.3007935306114,1003
2024-09-18 12:15:45.619,417.3405346282602,100
2024-09-18 12:15:45.648,417.3489741289423,104
2024-09-18 12:15:45.708,417.3145947605568,9
2024-09-18 12:15:45.720,417.3273623203449,100
2024-09-18 12:15:45.741,417.2964205573151,1004
2024-09-18 12:15:45.819,417.378400930631,999
2024-09-18 12:15:45.849,417.3055283140046,1000
2024-09-18 12:15:45.851,417.296458360107,102
2024-09-18 12:15:45.853,417.3298094263157,997
2024-09-18 12:15:45.869,417.3320703469265,1001
2024-09-18 12:15:45.961,417.3144581735514,995
2024-09-18 12:15:45.969,417.2955791148007,102
2024-09-18 12:15:47.022,417.4442776180849,1003
2024-09-18 12:15:47.047,417.4176672372377,96
2024-09-18 12:15:47.489,417.4203421004189,98
2024-09-18 12:15:47.552,417.4027295698196,10
2024-09-18 12:15:47.810,417.4385565142388,15
2024-09-18 12:15:47.883,417.4639084792352,7
2024-09-18 12:15:48.015,417.51155232595295,10
2024-09-18 12:15:48.017,417.4788120000196,1000
2024-09-18 12:15:48.019,417.4268062332424,10
2024-09-18 12:15:48.053,417.49640883736606,102
2024-09-18 12:15:48.065,417.4538729532173,1005
2024-09-18 12:15:48.097,417.44620522821776,15
2024-09-18 12:15:48.200,417.41652802957327,1001
2024-09-18 12:15:48.217,417.46110941985415,104
2024-09-18 12:15:48.347,417.5054458525568,8
2024-09-18 12:15:48.359,417.41407947069257,104
2024-09-18 12:15:48.388,417.4368395455365,1004
2024-09-18 12:15:48.525,417.43756425550544,101
2024-09-18 12:15:48.554,417.4067230163204,15
2024-09-18 12:15:48.566,417.49287192137047,12
2024-09-18 12:15:48.574,417.4567672282202,99
2024-09-18 12:15:48.576,417.48033419848576,6
2024-09-18 12:15:48.596,417.4599020052688,1004
2024-09-18 12:15:48.596,417.457302101328,7
2024-09-18 12:15:48.634,417.4856907973549,5
2024-09-18 12:15:48.730,417.4494147742614,105
2024-09-18 12:15:48.746,417.4188561418259,97
2024-09-18 12:15:48.791,417.506090296699,104
2024-09-18 12:15:48.808,417.4984606774224,1001
2024-09-18 12:15:48.867,417.5021195978261,11
2024-09-18 12:15:48.896,417.4254681352231,104
2024-09-18 12:15:48.926,417.4677365596913,14
2024-09-18 12:15:48.969,417.44754289368666,100
2024-09-18 12:15:48.973,417.4907475349905,96
2024-09-18 12:15:49.034,417.5142402021149,1001
2024-09-18 12:15:49.074,417.44795569274015,99
2024-09-18 12:15:49.112,417.4733119933532,7
2024-09-18 12:15:49.117,417.46942852890425,995
2024-09-18 12:15:49.121,417.4246617406143,98
2024-09-18 12:15:49.180,417.4229702916824,95
2024-09-18 12:15:49.253,417.4441820276046,997
2024-09-18 12:15:49.269,417.3647478160764,1004
2024-09-18 12:15:49.341,417.4144421611021,1005
2024-09-18 12:15:49.357,417.4047801542316,15
2024-09-18 12:15:49.389,417.3815421147199,5
2024-09-18 12:15:49.443,417.4579868402584,1001
2024-09-18 12:15:49.447,417.4123297540335,999
2024-09-18 12:15:49.463,417.453139175565,14
2024-09-18 12:15:49.475,417.39583783893954,10
2024-09-18 12:15:49.529,417.4429059950929,98
2024-09-18 12:15:49.546,417.5064873981074,98
2024-09-18 12:15:49.602,417.426413057029,996
2024-09-18 12:15:49.643,417.5278632533629,99
2024-09-18 12:15:49.664,417.4190258383049,104
2024-09-18 12:15:49.823,417.3866221686996,10
2024-09-18 12:15:49.844,417.4250576684945,1003
2024-09-18 12:15:49.856,417.4277406186974,999
2024-09-18 12:15:49.875,417.5015504505249,7
2024-09-18 12:15:49.879,417.4594194176917,14
2024-09-18 12:15:49.888,417.4677207035232,6
2024-09-18 12:15:49.988,417.3866134238419,11
2024-09-18 12:15:49.988,417.4782524649288,12
2024-09-18 12:15:50.035,417.55397869181786,9
2024-09-18 12:15:50.065,-417.5124665910216,104
2024-09-18 12:15:50.148,417.5287128318112,8
2024-09-18 12:15:50.211,417.5093818005843,997
2024-09-18 12:15:50.263,417.5345697906631,100
2024-09-18 12:15:50.269,417.5150980285094,98
2024-09-18 12:15:50.281,417.5244508655554,96
2024-09-18 12:15:50.342,417.5069496184647,1003
2024-09-18 12:15:50.383,417.54258076196527,103
2024-09-18 12:15:50.391,417.5454428580838,998
2024-09-18 12:15:50.544,417.51888614960063,100
2024-09-18 12:15:50.602,417.49027195780127,95
2024-09-18 12:15:50.645,417.5209306261591,99
2024-09-18 12:15:50.669,417.5178636984337,11
2024-09-18 12:15:50.677,417.5095830114095,103
2024-09-18 12:15:50.779,417.49595048298914,104
2024-09-18 12:15:50.793,41.7515394380348,1003
2024-09-18 12:15:50.841,417.4992322282583,103
2024-09-18 12:15:50.940,417.5334380538473,995
2024-09-18 12:15:51.010,417.5087914589846,5
2024-09-18 12:15:51.017,417.5039522411543,101
2024-09-18 12:15:51.044,417.4567363845381,14
2024-09-18 12:15:51.067,417.4758577963737,999
2024-09-18 12:15:51.089,417.4972290474028,1003
2024-09-18 12:15:51.131,-417.4636370309392,95
2024-09-18 12:15:51.170,417.4966468057908,9
2024-09-18 12:15:51.198,417.48224525972654,1001
2024-09-18 12:15:51.200,417.4943901567888,8
2024-09-18 12:15:51.226,417.4561420823487,1002
2024-09-18 12:15:51.238,417.49812900063154,95
2024-09-18 12:15:51.267,417.48741710384405,103
2024-09-18 12:15:51.310,417.4525233925825,105
2024-09-18 12:15:51.534,417.4868593011741,8
2024-09-18 12:15:51.704,417.4917868625613,6
2024-09-18 12:15:51.737,417.4887928991529,6
2024-09-18 12:15:51.752,417.49908076550656,7
2024-09-18 12:15:51.775,417.4692923894604,95
2024-09-18 12:15:51.785,417.4995560465875,95
2024-09-18 12:15:51.840,417.45819690609534,1005
2024-09-18 12:15:51.859,417.4462499931317,1005
2024-09-18 12:15:51.975,417.43578613542365,7
2024-09-18 12:15:52.120,417.43942016369454,98
2024-09-18 12:15:52.201,417.4165138256524,1004
2024-09-18 12:15:52.217,417.45609406680296,103
2024-09-18 12:15:52.229,417.4196837234728,13
2024-09-18 12:15:52.251,417.4520211182046,998
2024-09-18 12:15:52.300,417.41113308512274,100
2024-09-18 12:15:52.560,417.4399384194447,99
2024-09-18 12:15:52.819,417.4311267545037,103
2024-09-18 12:15:52.887,417.42477742715073,6
2024-09-18 12:15:52.942,417.42905075510873,995
2024-09-18 12:15:53.026,417.4429333096604,100
2024-09-18 12:15:53.029,417.4539564965963,999
2024-09-18 12:15:53.061,417.4262258737783,1003
2024-09-18 12:15:53.215,417.4238299914955,102
2024-09-18 12:15:53.232,417.4596282737649,1002
2024-09-18 12:15:53.279,417.4271801785341,1001
2024-09-18 12:15:53.371,417.4149193701056,12
2024-09-18 12:15:53.380,417.4253086475147,997
2024-09-18 12:15:53.394,417.4700011861462,98
2024-09-18 12:15:53.400,417.4719684861778,997
2024-09-18 12:15:53.406,417.4380737421309,95
2024-09-18 12:15:53.432,417.42803481096416,5
2024-09-18 12:15:53.767,417.44103667867233,10
2024-09-18 12:15:53.792,417.42444920506847,1002
2024-09-18 12:15:53.853,417.4175701259691,101
2024-09-18 12:15:53.922,417.45547434759806,6
2024-09-18 12:15:53.942,417.4165027592855,105
2024-09-18 12:15:53.975,417.4778217452591,6
2024-09-18 12:15:54.234,417.4697298702375,105
2024-09-18 12:15:54.360,417.4678991272789,999
2024-09-18 12:15:54.397,417.4567221403613,1004
2024-09-18 12:15:55.038,417.4881712880329,9
2024-09-18 12:15:55.110,417.4585126532398,97
2024-09-18 12:15:55.245,417.4801833668732,1005
2024-09-18 12:15:55.277,417.4814828437732,101
2024-09-18 12:15:55.287,417.47081053298245,102
2024-09-18 12:15:55.300,417.4941967774579,1002
2024-09-18 12:15:55.301,417.5055772282221,98
2024-09-18 12:15:55.322,417.4541311551715,1005
2024-09-18 12:15:55.359,417.4683192043825,996
2024-09-18 12:15:55.422,417.4424494494391,15
2024-09-18 12:15:55.476,417.4452473079372,1005
2024-09-18 12:15:55.517,417.4786425262036,1001
2024-09-18 12:15:55.521,417.4884492159518,995
2024-09-18 12:15:55.581,417.4926640036664,998
2024-09-18 12:15:55.604,417.4994818491465,103
2024-09-18 12:15:55.633,417.5057149815875,7
2024-09-18 12:15:55.689,417.4452138241441,8
2024-09-18 12:15:55.718,417.4973048221881,12
2024-09-18 12:15:55.734,417.4708441524712,98
2024-09-18 12:15:55.747,417.4428627444024,104
2024-09-18 12:15:55.820,417.4828524408328,12
2024-09-18 12:15:55.883,417.4882905302712,7
2024-09-18 12:15:55.904,417.446691266174,95
2024-09-18 12:15:55.954,417.47537434913136,1001
2024-09-18 12:15:55.956,417.45926627311246,100
2024-09-18 12:15:55.958,417.50802334072176,996
2024-09-18 12:15:55.982,417.48334144528553,1000
2024-09-18 12:15:56.023,417.4192596891126,95
2024-09-18 12:15:56.119,417.38047933832416,104
2024-09-18 12:15:56.231,417.4540383396964,1000
2024-09-18 12:15:56.234,417.481680706238,12
2024-09-18 12:15:56.298,417.4777388973241,10
2024-09-18 12:15:56.353,417.48954767440654,998
2024-09-18 12:15:56.421,417.4239493762941,96
2024-09-18 12:15:56.455,417.4840840484397,13
2024-09-18 12:15:56.642,417.3839486522509,8
2024-09-18 12:15:56.800,417.4682442874068,99
2024-09-18 12:15:56.860,417.4124534931262,104
2024-09-18 12:15:56.892,417.4230342202454,8
2024-09-18 12:15:56.907,417.4352743737298,105
2024-09-18 12:15:56.955,417.4655959943392,1005
2024-09-18 12:15:56.966,-417.3964111773553,95
2024-09-18 12:15:57.086,417.46775720651726,7
2024-09-18 12:15:57.121,417.3699571782716,1001
2024-09-18 12:15:57.125,417.4779688902956,101
2024-09-18 12:15:57.184,417.4665332702357,998
2024-09-18 12:15:57.210,417.4291389460672,1002
2024-09-18 12:15:57.274,417.4591201269459,105
2024-09-18 12:15:57.322,417.46160765903096,5
2024-09-18 12:15:57.361,417.3724034225706,12
2024-09-18 12:15:57.364,417.38925720732936,5
2024-09-18 12:15:57.395,417.4743073943248,1001
2024-09-18 12:15:57.427,417.4293291384381,12
2024-09-18 12:15:57.438,417.4230825383788,997
2024-09-18 12:15:57.440,417.4742543709265,1004
2024-09-18 12:15:57.480,417.4389595149016,97
2024-09-18 12:15:57.585,417.4385912673317,103
2024-09-18 12:15:57.620,417.3757217627159,103
2024-09-18 12:15:57.647,417.4723614478957,98
2024-09-18 12:15:57.676,417.4626020992711,999
2024-09-18 12:15:57.707,417.4113896141772,101
2024-09-18 12:15:57.739,417.4285872113296,101
2024-09-18 12:15:57.819,417.4655817005578,8
2024-09-18 12:15:57.858,417.452867679385,1004
2024-09-18 12:15:57.871,417.4331255337325,1000
2024-09-18 12:15:57.875,417.4235689539151,97
2024-09-18 12:15:57.914,417.43923798041016,1002
2024-09-18 12:15:57.919,417.4342165703466,999
2024-09-18 12:15:57.935,417.430628854262,1001
2024-09-18 12:15:57.935,417.4319069143282,14
2024-09-18 12:15:57.951,417.44358807292735,1002
2024-09-18 12:15:57.985,417.4202948725495,102
2024-09-18 12:15:58.039,417.41015417220746,999
2024-09-18 12:15:58.184,417.3795235452824,14
2024-09-18 12:15:58.253,417.3658582707377,1003
2024-09-18 12:15:58.292,417.37381142982247,1001
2024-09-18 12:15:58.330,417.3855878922257,995
2024-09-18 12:15:58.535,417.37079505277626,1002
2024-09-18 12:15:58.581,417.4273614240618,97
2024-09-18 12:15:58.607,417.4325188034686,1001
2024-09-18 12:15:58.676,417.38646493117136,13
2024-09-18 12:15:58.682,417.4320073467513,7
2024-09-18 12:15:58.869,417.3726987788525,99
2024-09-18 12:15:58.898,417.4237789406957,102
2024-09-18 12:15:58.936,417.39359257214807,97
2024-09-18 12:15:59.005,417.4077454994694,6
2024-09-18 12:15:59.053,417.4460367964719,999
2024-09-18 12:15:59.262,417.39084284385046,12
2024-09-18 12:15:59.265,-41.73775005609545,99
2024-09-18 12:15:59.288,417.3571730997922,105
2024-09-18 12:15:59.302,417.45625567075416,998
2024-09-18 12:15:59.310,417.3718713010659,1005
2024-09-18 12:15:59.343,417.44729586155006,98
2024-09-18 12:15:59.343,417.4456291223086,101
2024-09-18 12:15:59.398,417.34242342001824,105
2024-09-18 12:15:59.421,417.39322853787854,995
2024-09-18 12:15:59.450,417.4213078215612,10
2024-09-18 12:15:59.505,417.3774886385216,996
2024-09-18 12:15:59.532,417.37474228971536,12
2024-09-18 12:15:59.550,417.396231487965,997
2024-09-18 12:15:59.585,417.4129485120269,11
2024-09-18 12:15:59.598,417.3806813245795,105
2024-09-18 12:15:59.598,417.4490050552723,104
2024-09-18 12:15:59.624,417.3946178274944,1004
2024-09-18 12:15:59.672,417.3965968341439,1002
2024-09-18 12:15:59.702,417.34992794195495,1005
2024-09-18 12:15:59.754,417.44051429251846,6
2024-09-18 12:15:59.831,417.3659715828789,104
2024-09-18 12:15:59.865,417.45617138534817,102
2024-09-18 12:15:59.872,417.3715022160824,8
2024-09-18 12:15:59.952,417.461418902108,15
2024-09-18 12:15:59.973,417.4146421271184,99
2024-09-18 12:15:59.990,417.43262073302617,13
2024-09-18 12:15:59.998,417.36388654836605,1002
