Timestamp,Price,Size
2024-09-16 10:37:00.003,416.1880215590012,96
2024-09-16 10:37:00.020,416.2260850879848,6
2024-09-16 10:37:00.028,416.1521042512664,1005
2024-09-16 10:37:00.031,416.194229311716,1005
2024-09-16 10:37:00.050,416.1928419593291,1003
2024-09-16 10:37:00.131,416.22342947416274,1005
2024-09-16 10:37:00.191,416.17957618798215,103
2024-09-16 10:37:00.258,416.2204751678417,998
2024-09-16 10:37:00.263,416.2123173826953,14
2024-09-16 10:37:00.387,416.1940751116881,10
2024-09-16 10:37:00.397,416.1977625199382,102
2024-09-16 10:37:00.426,416.2031944717822,1005
2024-09-16 10:37:00.446,416.2018882107096,95
2024-09-16 10:37:00.453,416.2216936999256,11
2024-09-16 10:37:00.460,416.2169965333945,15
2024-09-16 10:37:00.470,416.20077190044793,97
2024-09-16 10:37:00.505,416.1980198836559,1001
2024-09-16 10:37:00.594,416.1845970857247,105
2024-09-16 10:37:00.602,416.2084230827275,11
2024-09-16 10:37:00.647,416.1942382340558,1004
2024-09-16 10:37:00.659,416.1852229138497,1004
2024-09-16 10:37:00.774,416.2219730541288,100
2024-09-16 10:37:00.784,416.1982919305736,5
2024-09-16 10:37:00.853,416.2277098682633,997
2024-09-16 10:37:00.862,416.1833391394674,10
2024-09-16 10:37:00.882,416.1710156678348,8
2024-09-16 10:37:00.885,416.2241925476894,12
2024-09-16 10:37:01.003,416.2128792364716,9
2024-09-16 10:37:01.045,416.1915963284939,11
2024-09-16 10:37:01.107,416.2118353963569,98
2024-09-16 10:37:01.150,416.2037363976482,95
2024-09-16 10:37:01.168,416.1771375055733,7
2024-09-16 10:37:01.177,416.150156194411,998
2024-09-16 10:37:01.183,416.19988989281615,11
2024-09-16 10:37:01.301,416.192076235032,1004
2024-09-16 10:37:01.350,416.1634982850311,13
2024-09-16 10:37:01.383,416.21549217913656,105
2024-09-16 10:37:01.467,416.1824000952743,96
2024-09-16 10:37:01.521,416.187807999448,996
2024-09-16 10:37:01.638,416.19942066932657,99
2024-09-16 10:37:01.648,416.1933442117523,9
2024-09-16 10:37:01.697,416.20795120697886,995
2024-09-16 10:37:01.713,416.159156797804,102
2024-09-16 10:37:01.739,416.206442936655,95
2024-09-16 10:37:01.793,-416.2047026581558,98
2024-09-16 10:37:01.804,416.1824426843337,998
2024-09-16 10:37:01.810,416.1995176751382,102
2024-09-16 10:37:01.816,-416.2051512189959,11
2024-09-16 10:37:01.852,416.16682387747767,14
2024-09-16 10:37:01.923,416.1972507004881,101
2024-09-16 10:37:01.981,416.1892364066727,105
2024-09-16 10:37:01.987,416.199728868532,104
2024-09-16 10:37:02.084,416.18750507733625,9
2024-09-16 10:37:02.132,416.17346818688367,99
2024-09-16 10:37:02.168,416.1723064570211,5
2024-09-16 10:37:02.309,416.17972869911415,14
2024-09-16 10:37:02.323,416.16309308537103,100
2024-09-16 10:37:02.332,416.17554873073846,996
2024-09-16 10:37:02.387,41.61745009400919,997
2024-09-16 10:37:02.465,416.1741201813646,7
2024-09-16 10:37:02.555,416.1836236072979,8
2024-09-16 10:37:02.659,416.1446549573516,12
2024-09-16 10:37:02.728,416.1802387141196,6
2024-09-16 10:37:02.764,416.1593606492696,11
2024-09-16 10:37:02.830,416.185011929891,1002
2024-09-16 10:37:02.889,416.1801212134175,10
2024-09-16 10:37:02.935,416.16151437964976,996
2024-09-16 10:37:02.991,416.1879869162924,100
2024-09-16 10:37:03.027,416.18830443742064,1001
2024-09-16 10:37:03.057,416.18677169516286,6
2024-09-16 10:37:03.079,416.1582728945029,6
2024-09-16 10:37:03.122,416.16143419267934,8
2024-09-16 10:37:03.141,416.1804539853362,1004
2024-09-16 10:37:03.144,416.1906858492567,8
2024-09-16 10:37:03.153,416.17250807734143,104
2024-09-16 10:37:03.173,416.1793954329499,1000
2024-09-16 10:37:03.205,416.1715356252014,1001
2024-09-16 10:37:03.216,416.17653867581504,102
2024-09-16 10:37:03.243,416.1747352546765,8
2024-09-16 10:37:03.277,416.18359239268153,15
2024-09-16 10:37:03.289,416.1500358183852,5
2024-09-16 10:37:03.294,416.1908270190422,98
2024-09-16 10:37:03.309,416.1578032585729,996
2024-09-16 10:37:03.336,416.1761514975479,97
2024-09-16 10:37:03.339,416.1819290418903,1003
2024-09-16 10:37:03.350,416.1607381251745,96
2024-09-16 10:37:03.380,416.1524523368826,98
2024-09-16 10:37:03.387,416.1650473373165,999
2024-09-16 10:37:03.394,416.1672752156163,5
2024-09-16 10:37:03.464,416.1830103171752,12
2024-09-16 10:37:03.487,416.1796269843308,998
2024-09-16 10:37:03.516,416.1498838635456,1001
2024-09-16 10:37:03.557,416.1878153463924,1002
2024-09-16 10:37:03.617,416.1621997818058,1003
2024-09-16 10:37:03.626,416.1471424165856,14
2024-09-16 10:37:03.799,416.1462345615512,1001
2024-09-16 10:37:03.896,416.1748435698692,12
2024-09-16 10:37:03.936,416.192705325275,95
2024-09-16 10:37:04.877,416.1479653475949,1005
2024-09-16 10:37:05.103,416.1549286898683,11
2024-09-16 10:37:05.129,416.14583548389874,5
2024-09-16 10:37:05.208,416.1567940355305,997
2024-09-16 10:37:05.276,416.2451232924879,101
2024-09-16 10:37:05.325,416.2113891740056,100
2024-09-16 10:37:05.410,416.1429009222856,97
2024-09-16 10:37:05.444,416.2403509835435,102
2024-09-16 10:37:05.469,416.1550169281426,1005
2024-09-16 10:37:05.470,416.2134900180785,97
2024-09-16 10:37:05.503,416.1854164695191,5
2024-09-16 10:37:05.550,416.1971434347272,100
2024-09-16 10:37:05.556,416.14337051983887,996
2024-09-16 10:37:05.574,416.14370872985216,98
2024-09-16 10:37:05.616,416.1552116347287,998
2024-09-16 10:37:05.642,416.174445402659,5
2024-09-16 10:37:05.762,41.61510440865951,97
2024-09-16 10:37:05.813,416.1517084659848,5
2024-09-16 10:37:05.836,416.2380518322851,11
2024-09-16 10:37:05.867,416.1824677786174,1003
2024-09-16 10:37:05.878,416.1480927166275,100
2024-09-16 10:37:05.893,416.2172449083979,10
2024-09-16 10:37:05.933,416.1602068569658,103
2024-09-16 10:37:05.952,416.2299164864527,14
2024-09-16 10:37:05.973,416.13533692343856,96
2024-09-16 10:37:06.014,416.1784467708473,95
2024-09-16 10:37:06.044,416.2166599317559,10
2024-09-16 10:37:06.060,416.20333316425285,103
2024-09-16 10:37:06.132,416.2207095701016,97
2024-09-16 10:37:06.202,416.2102963146343,10
2024-09-16 10:37:06.239,416.1905028650435,95
2024-09-16 10:37:06.260,416.2095137901493,15
2024-09-16 10:37:06.281,416.2096946641902,8
2024-09-16 10:37:06.300,416.2011936184076,101
2024-09-16 10:37:06.310,416.2118801563436,5
2024-09-16 10:37:06.323,416.2027751150068,6
2024-09-16 10:37:06.356,416.200025875249,101
2024-09-16 10:37:06.374,416.2035277827204,1002
2024-09-16 10:37:06.408,416.2420324688581,1002
2024-09-16 10:37:06.594,416.2186395444986,8
2024-09-16 10:37:06.613,416.2147932259435,1005
2024-09-16 10:37:06.615,416.1821278768003,11
2024-09-16 10:37:06.625,416.2190541920045,15
2024-09-16 10:37:06.642,416.223880244756,997
2024-09-16 10:37:06.718,416.2316251524111,105
2024-09-16 10:37:06.801,416.22911004496393,999
2024-09-16 10:37:06.853,416.19587925113626,15
2024-09-16 10:37:06.998,416.20298519714447,997
2024-09-16 10:37:07.005,416.2133889181892,97
2024-09-16 10:37:07.017,416.2738123950283,101
2024-09-16 10:37:07.067,416.27708592255846,995
2024-09-16 10:37:07.146,416.272065458401,996
2024-09-16 10:37:07.156,416.281375242562,5
2024-09-16 10:37:07.163,416.225179493177,11
2024-09-16 10:37:07.179,416.2637538028012,1001
2024-09-16 10:37:07.199,416.2358489212064,10
2024-09-16 10:37:07.210,416.2266289809151,97
2024-09-16 10:37:07.253,416.2176467249144,1000
2024-09-16 10:37:07.340,416.2159606154588,98
2024-09-16 10:37:07.365,416.27147504571377,13
2024-09-16 10:37:07.375,416.2425873584052,103
2024-09-16 10:37:07.403,416.1960747133278,11
2024-09-16 10:37:07.500,41.62074065286773,1000
2024-09-16 10:37:07.572,416.2711830009766,103
2024-09-16 10:37:07.583,416.2144210555969,996
2024-09-16 10:37:07.594,416.2167409634174,12
2024-09-16 10:37:07.621,416.2557442509215,1004
2024-09-16 10:37:07.644,416.2694303733799,14
2024-09-16 10:37:07.695,416.2186875201039,996
2024-09-16 10:37:07.697,416.2662518073386,999
2024-09-16 10:37:07.762,416.2232489409407,5
2024-09-16 10:37:07.822,416.2155139317405,97
2024-09-16 10:37:07.825,416.2681702620101,11
2024-09-16 10:37:07.835,416.1971575018482,1002
2024-09-16 10:37:07.837,416.2189695299755,104
2024-09-16 10:37:07.855,416.2408450763148,11
2024-09-16 10:37:07.985,416.2724520049343,1000
2024-09-16 10:37:08.505,416.2945483308416,101
2024-09-16 10:37:08.965,416.30655868277046,6
2024-09-16 10:37:09.000,416.3005659931928,105
2024-09-16 10:37:09.005,416.2759369863628,97
2024-09-16 10:37:09.036,416.2781607951128,13
2024-09-16 10:37:09.057,416.2685487545356,1000
2024-09-16 10:37:09.234,416.2885639513177,10
2024-09-16 10:37:09.257,416.27023035447615,7
2024-09-16 10:37:09.286,416.2924697710757,995
2024-09-16 10:37:10.282,416.2806141625358,1000
2024-09-16 10:37:10.299,416.2605918615684,95
2024-09-16 10:37:10.299,416.2801140919671,10
2024-09-16 10:37:10.431,416.27842389238265,1003
2024-09-16 10:37:10.470,416.2406292334505,101
2024-09-16 10:37:10.474,416.2995709731464,103
2024-09-16 10:37:10.548,416.3039580499124,999
2024-09-16 10:37:10.631,416.2954688442245,98
2024-09-16 10:37:10.855,416.3279571524016,97
2024-09-16 10:37:10.858,416.30165795189225,100
2024-09-16 10:37:10.932,416.2795467041818,98
2024-09-16 10:37:12.087,416.34473828687976,14
2024-09-16 10:37:12.142,416.3350769224629,96
2024-09-16 10:37:12.157,416.32667827532543,1000
2024-09-16 10:37:12.359,416.3293889653257,1002
2024-09-16 10:37:12.576,416.325380460044,13
2024-09-16 10:37:12.606,416.3128698028425,8
2024-09-16 10:37:12.628,416.30177415081823,14
2024-09-16 10:37:12.791,416.3154600858434,5
2024-09-16 10:37:12.991,416.33442767047023,1003
2024-09-16 10:37:13.010,416.29817841147207,998
2024-09-16 10:37:13.049,416.28577663421015,98
2024-09-16 10:37:13.064,416.337611027376,8
2024-09-16 10:37:13.111,416.29315013982,102
2024-09-16 10:37:13.183,416.3193318418779,5
2024-09-16 10:37:13.321,416.2821568585844,996
2024-09-16 10:37:13.362,416.2923976378967,14
2024-09-16 10:37:13.375,416.308063744798,13
2024-09-16 10:37:13.529,416.2955615255342,103
2024-09-16 10:37:13.541,416.2930522044869,1002
2024-09-16 10:37:13.563,416.3453360150129,99
2024-09-16 10:37:13.622,416.3016176843605,98
2024-09-16 10:37:13.642,416.2963761301913,1001
2024-09-16 10:37:13.672,416.2972547276965,96
2024-09-16 10:37:13.778,416.30710498830734,101
2024-09-16 10:37:13.790,416.3127618192237,98
2024-09-16 10:37:13.852,416.3269198094655,101
2024-09-16 10:37:13.873,416.2990139732919,98
2024-09-16 10:37:13.997,416.28693478340864,1002
2024-09-16 10:37:14.110,416.37805512696633,995
2024-09-16 10:37:14.262,416.35703736313286,1000
2024-09-16 10:37:15.306,416.3981039808989,5
2024-09-16 10:37:15.336,416.4041301934036,997
2024-09-16 10:37:15.474,416.39313990846,1005
2024-09-16 10:37:15.674,416.4115589334655,1002
2024-09-16 10:37:15.911,416.3947777040724,98
2024-09-16 10:37:16.211,416.342889354787,105
2024-09-16 10:37:16.307,416.3645098277798,1005
2024-09-16 10:37:16.331,416.3801495165388,998
2024-09-16 10:37:16.692,416.3845522319015,8
2024-09-16 10:37:16.853,416.34647516371865,995
2024-09-16 10:37:16.962,416.3705851141519,5
2024-09-16 10:37:17.096,416.39029040178616,101
2024-09-16 10:37:17.198,416.3510011495801,8
2024-09-16 10:37:17.224,416.3484700138715,6
2024-09-16 10:37:17.232,416.3697107557851,13
2024-09-16 10:37:17.267,416.3687625931237,96
2024-09-16 10:37:17.282,416.3906592515394,1000
2024-09-16 10:37:17.420,416.3436164922337,13
2024-09-16 10:37:17.441,416.38794314711447,12
2024-09-16 10:37:17.636,416.3973546598567,13
2024-09-16 10:37:17.640,416.3668129242325,1003
2024-09-16 10:37:17.662,416.3542747434034,1004
2024-09-16 10:37:17.694,416.342818841319,12
2024-09-16 10:37:17.759,416.37194977248737,1002
2024-09-16 10:37:17.762,416.3889455935379,998
2024-09-16 10:37:17.774,416.34274356798846,1004
2024-09-16 10:37:17.782,416.3837278779694,1003
2024-09-16 10:37:17.816,416.39039820855066,6
2024-09-16 10:37:17.846,416.36851328164914,98
2024-09-16 10:37:17.975,416.38165983439205,997
2024-09-16 10:37:18.049,416.4220126224397,997
2024-09-16 10:37:18.079,416.42276217059646,101
2024-09-16 10:37:18.100,416.4285556906932,12
2024-09-16 10:37:18.151,416.4315748518853,95
2024-09-16 10:37:18.205,416.4358061029352,5
2024-09-16 10:37:18.225,41.64262076208033,11
2024-09-16 10:37:18.312,416.4337404748107,1000
2024-09-16 10:37:18.376,416.4202119438227,997
2024-09-16 10:37:18.428,416.4211251246132,12
2024-09-16 10:37:18.459,416.4386152647266,98
2024-09-16 10:37:18.486,416.3968746187457,7
2024-09-16 10:37:18.537,416.4336461032722,7
2024-09-16 10:37:18.562,416.4227424135887,103
2024-09-16 10:37:18.586,416.43985489512136,105
2024-09-16 10:37:18.632,416.4194519735608,101
2024-09-16 10:37:18.744,416.41073349400006,5
2024-09-16 10:37:18.800,416.4300697953131,105
2024-09-16 10:37:18.804,,13
2024-09-16 10:37:18.875,416.4117504200059,1001
2024-09-16 10:37:18.883,416.4390342225065,996
2024-09-16 10:37:18.958,416.4042550454701,100
2024-09-16 10:37:18.986,416.4173345059964,997
2024-09-16 10:37:19.046,416.3781362658592,102
2024-09-16 10:37:19.102,416.4307697547022,14
2024-09-16 10:37:19.129,416.3841673911631,15
2024-09-16 10:37:19.143,41.63823772477687,15
2024-09-16 10:37:19.267,416.3848175206084,98
2024-09-16 10:37:19.304,416.38196327115713,10
2024-09-16 10:37:19.507,416.4425017232198,12
2024-09-16 10:37:19.519,416.4672050116095,997
2024-09-16 10:37:19.548,416.45655170005017,1004
2024-09-16 10:37:19.593,416.3827330036967,95
2024-09-16 10:37:19.594,416.4544477284893,15
2024-09-16 10:37:19.702,416.45642127960775,102
2024-09-16 10:37:19.770,416.4644051801228,1003
2024-09-16 10:37:19.773,416.3750156824136,96
2024-09-16 10:37:19.777,416.3894173945889,104
2024-09-16 10:37:19.796,416.3594074074141,101
2024-09-16 10:37:19.909,416.4453075927943,14
2024-09-16 10:37:19.936,416.465080398549,9
2024-09-16 10:37:19.941,416.4454703985476,104
2024-09-16 10:37:19.961,416.3717149954391,11
2024-09-16 10:37:19.965,,96
2024-09-16 10:37:19.974,416.4220592461064,1003
2024-09-16 10:37:19.992,416.3895031390668,101
2024-09-16 10:37:20.036,416.4370269240797,5
2024-09-16 10:37:20.097,416.4311474132012,5
2024-09-16 10:37:20.107,416.4302636380727,7
2024-09-16 10:37:20.248,416.4101623258111,100
2024-09-16 10:37:20.292,416.418743421179,97
2024-09-16 10:37:20.366,416.4459045246783,10
2024-09-16 10:37:20.367,416.4029066686295,12
2024-09-16 10:37:20.382,416.43489233036735,105
2024-09-16 10:37:20.420,416.42995977779054,98
2024-09-16 10:37:20.431,416.4228174794292,1001
2024-09-16 10:37:20.443,416.4280155460194,10
2024-09-16 10:37:20.490,416.444251710536,995
2024-09-16 10:37:20.491,416.436547486112,98
2024-09-16 10:37:20.575,416.4144680597508,101
2024-09-16 10:37:20.609,416.4482359411021,10
2024-09-16 10:37:20.634,416.400659476942,97
2024-09-16 10:37:20.672,416.3950226853351,1000
2024-09-16 10:37:20.725,,999
2024-09-16 10:37:20.747,416.40478201635256,995
2024-09-16 10:37:20.750,416.3987482541584,9
2024-09-16 10:37:20.758,416.4514811045406,96
2024-09-16 10:37:20.770,416.435782158395,6
2024-09-16 10:37:20.812,416.4098471883299,1002
2024-09-16 10:37:20.833,416.4367069190649,102
2024-09-16 10:37:20.885,416.437000495896,999
2024-09-16 10:37:20.960,416.3977212294789,99
2024-09-16 10:37:21.014,416.3873513799741,995
2024-09-16 10:37:21.059,41.64064361730573,102
2024-09-16 10:37:21.102,416.3518403168772,998
2024-09-16 10:37:21.207,416.3729167857476,1001
2024-09-16 10:37:21.266,416.36241901598,95
2024-09-16 10:37:21.290,416.351319484517,1001
2024-09-16 10:37:21.306,416.37212714271567,6
2024-09-16 10:37:21.315,416.3489339803956,7
2024-09-16 10:37:21.337,416.3867984794881,1004
2024-09-16 10:37:21.390,416.371783355771,96
2024-09-16 10:37:21.442,416.39732679152735,9
2024-09-16 10:37:21.557,416.3667624200229,101
2024-09-16 10:37:21.658,416.4045130036058,103
2024-09-16 10:37:21.669,,102
2024-09-16 10:37:21.809,416.3762849542297,8
2024-09-16 10:37:21.868,416.39757192091696,104
2024-09-16 10:37:21.892,416.37627557450617,999
2024-09-16 10:37:22.065,416.3840733095234,5
2024-09-16 10:37:22.174,416.3711390061401,5
2024-09-16 10:37:22.260,416.3700496055076,1001
2024-09-16 10:37:22.402,416.38848735892174,6
2024-09-16 10:37:22.512,416.37103985702544,95
2024-09-16 10:37:22.566,416.3753844281384,10
2024-09-16 10:37:22.624,416.36968040016126,14
2024-09-16 10:37:22.662,416.35272893107583,6
2024-09-16 10:37:22.812,416.3821941724268,14
2024-09-16 10:37:22.894,416.385377966128,13
2024-09-16 10:37:23.013,416.3517671298387,996
2024-09-16 10:37:23.081,416.422297142356,104
2024-09-16 10:37:23.165,416.345289047644,998
2024-09-16 10:37:23.196,416.3951490741069,998
2024-09-16 10:37:23.246,416.38798909841927,9
2024-09-16 10:37:23.249,416.36838447046864,95
2024-09-16 10:37:23.259,416.3618859412855,8
2024-09-16 10:37:23.261,416.3599992439133,96
2024-09-16 10:37:23.271,416.3442410573011,104
2024-09-16 10:37:23.392,416.37708109371096,104
2024-09-16 10:37:23.664,416.41040947754334,8
2024-09-16 10:37:23.665,416.3620134524125,14
2024-09-16 10:37:23.802,416.37921037525774,995
2024-09-16 10:37:23.812,416.4297205129832,1003
2024-09-16 10:37:23.836,416.3568410247457,996
2024-09-16 10:37:23.869,416.4088416233307,997
2024-09-16 10:37:23.944,416.3851589605301,96
2024-09-16 10:37:23.963,416.3650112607758,997
2024-09-16 10:37:24.059,416.4191916516092,10
2024-09-16 10:37:24.098,416.3835942967423,105
2024-09-16 10:37:24.157,416.4045385534904,15
2024-09-16 10:37:24.799,416.40244827502266,104
2024-09-16 10:37:25.010,416.407744786686,95
2024-09-16 10:37:25.024,416.374574206016,11
2024-09-16 10:37:25.090,416.387022385786,1001
2024-09-16 10:37:25.139,416.4003591297676,1005
2024-09-16 10:37:25.144,416.3817236171571,7
2024-09-16 10:37:25.178,416.3823048794968,96
2024-09-16 10:37:25.253,416.3904916072684,12
2024-09-16 10:37:25.572,416.3867961520136,11
2024-09-16 10:37:25.578,416.3981020211541,97
2024-09-16 10:37:25.583,416.3945843255295,999
2024-09-16 10:37:25.595,-416.3825558188449,1001
2024-09-16 10:37:25.627,416.3941036267694,13
2024-09-16 10:37:25.654,416.393536421989,15
2024-09-16 10:37:25.736,416.3889311392726,5
2024-09-16 10:37:25.798,416.3905853033583,13
2024-09-16 10:37:25.873,416.4125167426535,11
2024-09-16 10:37:25.945,416.3849963597148,9
2024-09-16 10:37:25.979,416.3757478648381,1001
2024-09-16 10:37:26.095,416.3753414391665,12
2024-09-16 10:37:26.194,416.3814810446368,6
2024-09-16 10:37:26.234,416.37709390471,1001
2024-09-16 10:37:26.407,416.3602266190146,14
2024-09-16 10:37:26.533,416.3986040409678,1004
2024-09-16 10:37:26.688,416.39710193927885,5
2024-09-16 10:37:26.723,416.3516645846604,995
2024-09-16 10:37:26.805,416.3757277083404,1005
2024-09-16 10:37:26.872,416.3685990062503,15
2024-09-16 10:37:26.976,416.37349680975257,7
2024-09-16 10:37:27.081,416.37125740972,1004
2024-09-16 10:37:27.096,416.3596652556441,6
2024-09-16 10:37:27.125,416.36011244459934,97
2024-09-16 10:37:27.135,416.36744128065743,999
2024-09-16 10:37:27.238,416.36936504754345,98
2024-09-16 10:37:27.364,416.3355781776437,996
2024-09-16 10:37:27.368,416.352022192544,15
2024-09-16 10:37:27.376,416.3730110578935,1005
2024-09-16 10:37:27.443,416.3725593320453,996
2024-09-16 10:37:27.457,416.36918570760616,10
2024-09-16 10:37:27.538,416.35967084648536,9
2024-09-16 10:37:27.552,416.348464942863,8
2024-09-16 10:37:27.589,416.36270950963046,6
2024-09-16 10:37:27.613,416.3478196838975,96
2024-09-16 10:37:27.654,416.3590553319122,1001
2024-09-16 10:37:27.696,416.3801412951699,11
2024-09-16 10:37:27.705,416.3593882713612,8
2024-09-16 10:37:27.809,416.3398787218729,999
2024-09-16 10:37:27.812,416.34502218109856,14
2024-09-16 10:37:27.817,416.35018386074233,1004
2024-09-16 10:37:27.901,416.338627093374,999
2024-09-16 10:37:27.904,416.3705022642383,8
2024-09-16 10:37:27.957,416.3546957907365,102
2024-09-16 10:37:28.201,416.3428484754731,8
2024-09-16 10:37:28.210,416.3481017366504,1004
2024-09-16 10:37:28.216,416.36803126585744,7
2024-09-16 10:37:28.393,416.3725514334132,6
2024-09-16 10:37:28.490,416.3553817914664,1002
2024-09-16 10:37:28.670,416.3877022578066,1003
2024-09-16 10:37:28.679,416.3391510014629,6
2024-09-16 10:37:28.893,416.38148957580887,102
2024-09-16 10:37:28.920,416.3902999466944,1001
2024-09-16 10:37:28.923,416.36345422226265,1005
2024-09-16 10:37:28.972,416.3705234879071,5
2024-09-16 10:37:29.072,416.386480811933,99
2024-09-16 10:37:29.363,416.3938142966989,96
2024-09-16 10:37:29.411,-416.3952783490879,14
2024-09-16 10:37:29.489,416.3706604681561,99
2024-09-16 10:37:29.583,416.387322856099,8
2024-09-16 10:37:29.845,416.3936667066262,1000
2024-09-16 10:37:29.846,416.3825120731164,11
2024-09-16 10:37:29.878,416.38739657522535,12
2024-09-16 10:37:29.900,416.3855804165461,105
2024-09-16 10:37:30.140,416.41669757494594,999
2024-09-16 10:37:30.195,416.4254102893362,999
2024-09-16 10:37:30.505,416.4243289873575,104
2024-09-16 10:37:30.564,416.4479601671536,1000
2024-09-16 10:37:30.582,416.4125943253045,997
2024-09-16 10:37:30.656,416.4270028454271,100
2024-09-16 10:37:30.916,416.4154733902625,1005
2024-09-16 10:37:31.001,416.4539524828537,995
2024-09-16 10:37:31.031,416.4041851421094,13
2024-09-16 10:37:31.061,416.3990317396553,102
2024-09-16 10:37:31.077,416.3431691809886,1003
2024-09-16 10:37:31.113,416.3771530770911,996
2024-09-16 10:37:31.160,416.44408006444695,99
2024-09-16 10:37:31.254,416.4558516291521,10
2024-09-16 10:37:31.323,416.3676108357207,96
2024-09-16 10:37:31.375,416.37425493302135,8
2024-09-16 10:37:31.485,416.4540686067886,1000
2024-09-16 10:37:31.605,416.4295487891022,97
2024-09-16 10:37:31.628,416.43194008615353,100
2024-09-16 10:37:31.640,416.4474507752018,995
2024-09-16 10:37:31.654,416.3662482353871,1004
2024-09-16 10:37:31.675,416.37074252869655,1002
2024-09-16 10:37:31.748,416.46774967736286,105
2024-09-16 10:37:31.812,416.4136668747408,1004
2024-09-16 10:37:31.817,416.471835755759,7
2024-09-16 10:37:31.862,416.371852833969,997
2024-09-16 10:37:31.903,416.463129724964,14
2024-09-16 10:37:31.929,416.459864143635,1005
2024-09-16 10:37:31.968,416.48207948928535,998
2024-09-16 10:37:31.987,416.4405643053756,105
2024-09-16 10:37:32.017,416.3283492992706,9
2024-09-16 10:37:32.062,416.411159772966,10
2024-09-16 10:37:32.084,416.4852342841608,995
2024-09-16 10:37:32.138,416.3286182842651,998
2024-09-16 10:37:32.142,416.3268417406506,10
2024-09-16 10:37:32.153,416.4385334185896,103
2024-09-16 10:37:32.184,416.4392901372289,11
2024-09-16 10:37:32.185,416.48112289171047,6
2024-09-16 10:37:32.202,416.338882354711,998
2024-09-16 10:37:32.335,416.32352454400126,1002
2024-09-16 10:37:32.361,416.4359238685776,999
2024-09-16 10:37:32.438,416.356432979406,1000
2024-09-16 10:37:32.442,416.36272472718656,15
2024-09-16 10:37:32.474,416.3534358294309,1001
2024-09-16 10:37:32.615,416.4799401894137,100
2024-09-16 10:37:32.650,416.48296306277416,11
2024-09-16 10:37:32.760,416.3605960002452,95
2024-09-16 10:37:32.835,416.3910498744442,1005
2024-09-16 10:37:32.844,416.4350801863534,97
2024-09-16 10:37:32.853,416.4516323941127,10
2024-09-16 10:37:32.879,416.4794106049141,95
2024-09-16 10:37:32.891,416.4191086590352,7
2024-09-16 10:37:32.906,416.3525410748163,999
2024-09-16 10:37:32.910,416.42587249485774,1003
2024-09-16 10:37:32.944,416.3371857614934,1000
2024-09-16 10:37:32.972,416.3243215606837,15
2024-09-16 10:37:32.985,416.39470245001166,104
2024-09-16 10:37:33.038,416.47351505479554,15
2024-09-16 10:37:33.050,416.5015846459246,105
2024-09-16 10:37:33.074,416.45857787390185,1002
2024-09-16 10:37:33.142,416.47651351866665,102
2024-09-16 10:37:33.146,416.4808056778404,1001
2024-09-16 10:37:33.229,416.5013578292777,995
2024-09-16 10:37:33.331,416.46117553882505,15
2024-09-16 10:37:33.345,416.4769488354417,1005
2024-09-16 10:37:33.374,416.5085889133713,995
2024-09-16 10:37:33.424,416.4678105075682,102
2024-09-16 10:37:33.439,416.5052523207341,9
2024-09-16 10:37:33.458,41.64800161752083,95
2024-09-16 10:37:33.460,416.4809474702003,95
2024-09-16 10:37:33.491,416.4614721499853,9
2024-09-16 10:37:33.508,416.4890453258284,98
2024-09-16 10:37:33.512,416.4918926882031,999
2024-09-16 10:37:33.598,416.4677942992606,10
2024-09-16 10:37:33.628,416.4689409648078,13
2024-09-16 10:37:33.636,416.480409762667,11
2024-09-16 10:37:33.638,416.5010547228652,105
2024-09-16 10:37:33.689,416.4921646643601,102
2024-09-16 10:37:33.755,416.4710254535253,998
2024-09-16 10:37:33.765,416.4730164344168,98
2024-09-16 10:37:33.833,416.48801929129473,95
2024-09-16 10:37:33.861,416.4973737095996,5
2024-09-16 10:37:33.939,416.4639498484704,1002
2024-09-16 10:37:33.974,416.48839362822514,103
2024-09-16 10:37:34.020,416.4786022589931,13
2024-09-16 10:37:34.299,416.4755033058146,995
2024-09-16 10:37:34.394,416.48406886473015,99
2024-09-16 10:37:34.411,416.4727355645844,101
2024-09-16 10:37:34.663,416.45882872888245,1003
2024-09-16 10:37:34.879,416.49038588610654,102
2024-09-16 10:37:34.918,416.481417846913,105
2024-09-16 10:37:34.984,416.47583268534703,9
2024-09-16 10:37:35.578,416.4701778349709,13
2024-09-16 10:37:35.651,416.4671678658134,95
2024-09-16 10:37:35.699,416.4688768042754,1002
2024-09-16 10:37:36.244,416.4653656150039,1000
2024-09-16 10:37:36.672,416.463094438493,995
2024-09-16 10:37:36.961,416.4654517171989,104
2024-09-16 10:37:37.033,416.3990717037529,999
2024-09-16 10:37:37.071,416.4202760809181,1001
2024-09-16 10:37:37.083,416.45379160827184,9
2024-09-16 10:37:37.150,416.4149755286929,6
2024-09-16 10:37:37.190,416.4110194894661,9
2024-09-16 10:37:37.214,416.4284641840895,10
2024-09-16 10:37:37.223,416.4412846185081,105
2024-09-16 10:37:37.278,416.4326802460416,12
2024-09-16 10:37:37.297,416.46318553519967,99
2024-09-16 10:37:37.299,416.460086133627,1004
2024-09-16 10:37:37.375,416.4244219236879,1003
2024-09-16 10:37:37.464,416.4255100613814,1005
2024-09-16 10:37:37.515,416.4068039804926,14
2024-09-16 10:37:37.655,416.4414323406498,997
2024-09-16 10:37:37.701,416.3991163920792,1005
2024-09-16 10:37:37.821,416.3892056636109,101
2024-09-16 10:37:37.824,416.4498135263264,8
2024-09-16 10:37:37.839,416.4073699662618,104
2024-09-16 10:37:37.905,416.4177493877833,5
2024-09-16 10:37:37.945,416.4300494750408,8
2024-09-16 10:37:38.045,416.4121030875617,6
2024-09-16 10:37:38.269,416.3732885375216,14
2024-09-16 10:37:38.468,416.3728338952346,15
2024-09-16 10:37:38.473,416.38745851097207,6
2024-09-16 10:37:38.480,416.3740345966626,995
2024-09-16 10:37:38.515,416.38049036229273,100
2024-09-16 10:37:38.849,416.3924143715789,103
2024-09-16 10:37:39.007,416.40722237015206,1000
2024-09-16 10:37:39.038,416.4259543610913,105
2024-09-16 10:37:39.122,416.3976010498101,100
2024-09-16 10:37:39.142,416.38413544581294,1000
2024-09-16 10:37:39.189,416.39657375629656,7
2024-09-16 10:37:39.316,416.4024935884927,1005
2024-09-16 10:37:39.419,416.3853166267035,12
2024-09-16 10:37:39.501,-416.40186327330446,1005
2024-09-16 10:37:39.534,416.3763066244709,98
2024-09-16 10:37:39.543,416.39166970190087,12
2024-09-16 10:37:39.548,416.4130804338188,1003
2024-09-16 10:37:39.566,416.3612351838734,95
2024-09-16 10:37:39.578,416.40462255380265,99
2024-09-16 10:37:39.591,416.3806378301154,7
2024-09-16 10:37:39.602,416.3965016979848,999
2024-09-16 10:37:39.642,416.38993682463774,100
2024-09-16 10:37:39.704,416.40669303543086,14
2024-09-16 10:37:39.826,416.403420212701,101
2024-09-16 10:37:39.889,416.4047687698084,101
2024-09-16 10:37:39.906,416.3993582350056,1004
2024-09-16 10:37:40.065,416.4139687949967,11
2024-09-16 10:37:40.089,416.4037090048696,104
2024-09-16 10:37:40.176,416.4056417404872,5
2024-09-16 10:37:40.339,416.4264726729685,13
2024-09-16 10:37:40.561,416.42046447970375,95
2024-09-16 10:37:40.764,416.3975776275049,95
2024-09-16 10:37:40.800,416.4259021863537,11
2024-09-16 10:37:40.940,416.4306065156665,9
2024-09-16 10:37:41.010,416.3722763555657,997
2024-09-16 10:37:41.020,416.361630062986,99
2024-09-16 10:37:41.059,416.35393085112,14
2024-09-16 10:37:41.150,416.3625347051904,999
2024-09-16 10:37:41.230,416.3899164566533,104
2024-09-16 10:37:41.296,416.3793245714417,100
2024-09-16 10:37:41.400,416.3990151634319,995
2024-09-16 10:37:41.427,416.3616661552306,6
2024-09-16 10:37:41.459,416.3504720780461,998
2024-09-16 10:37:41.508,416.3963837868544,1001
2024-09-16 10:37:41.530,416.3799999092434,102
2024-09-16 10:37:41.590,416.3783749904781,997
2024-09-16 10:37:41.858,416.3692046781476,15
2024-09-16 10:37:41.998,416.3919535015511,1004
2024-09-16 10:37:42.010,416.4049268973599,100
2024-09-16 10:37:42.142,416.39844801479296,8
2024-09-16 10:37:42.167,416.3914373641903,12
2024-09-16 10:37:42.238,416.402410665321,100
2024-09-16 10:37:42.268,416.410054802993,1000
2024-09-16 10:37:42.308,416.37875278440725,99
2024-09-16 10:37:42.524,416.3975506694305,14
2024-09-16 10:37:42.592,416.4066213066732,6
2024-09-16 10:37:42.597,416.41053500053806,104
2024-09-16 10:37:42.609,416.4086184479677,996
2024-09-16 10:37:42.654,416.4064031018432,6
2024-09-16 10:37:42.685,416.3827147481785,95
2024-09-16 10:37:42.694,416.3884621674911,999
2024-09-16 10:37:42.696,416.3674207524149,1005
2024-09-16 10:37:43.009,416.3824393008475,10
2024-09-16 10:37:43.047,416.3884329828478,11
2024-09-16 10:37:43.103,416.3809110850223,5
2024-09-16 10:37:43.244,416.4156441526949,1003
2024-09-16 10:37:43.247,416.3793470666399,96
2024-09-16 10:37:43.366,416.42586017374254,14
2024-09-16 10:37:43.432,416.376168632522,98
2024-09-16 10:37:43.441,416.3937623562924,998
2024-09-16 10:37:43.553,416.3972574824424,997
2024-09-16 10:37:43.676,416.4096758517062,1005
2024-09-16 10:37:43.860,41.63934133592756,8
2024-09-16 10:37:43.911,416.3758781045808,1000
2024-09-16 10:37:43.924,416.4245740550911,98
2024-09-16 10:37:43.954,416.3995573954402,10
2024-09-16 10:37:43.962,416.416300927515,104
2024-09-16 10:37:44.098,416.430489912278,1001
2024-09-16 10:37:44.593,416.4034930346282,98
2024-09-16 10:37:44.600,416.3871183947904,1002
2024-09-16 10:37:44.603,416.39499010507166,997
2024-09-16 10:37:44.611,416.41016260984935,5
2024-09-16 10:37:44.630,416.36621676894,9
2024-09-16 10:37:44.701,416.4273755606905,7
2024-09-16 10:37:44.757,416.418844021983,97
2024-09-16 10:37:44.759,416.4196551856658,996
2024-09-16 10:37:44.883,416.4280434369209,99
2024-09-16 10:37:44.949,416.420386584077,103
2024-09-16 10:37:44.961,416.4206631739233,1003
2024-09-16 10:37:44.984,416.4137583855963,102
2024-09-16 10:37:45.085,416.32373397995735,1003
2024-09-16 10:37:45.144,416.3511386396696,97
2024-09-16 10:37:45.170,416.3309837656654,95
2024-09-16 10:37:45.302,416.3421173857311,1002
2024-09-16 10:37:45.761,416.3593348233344,105
2024-09-16 10:37:45.786,416.3476976542372,9
2024-09-16 10:37:45.868,416.3523794436288,105
2024-09-16 10:37:46.135,416.4217568311885,14
2024-09-16 10:37:46.202,-416.3971655247833,1004
2024-09-16 10:37:46.409,416.359519705574,105
2024-09-16 10:37:46.412,416.3740230351783,999
2024-09-16 10:37:46.509,416.4383409875233,97
2024-09-16 10:37:46.563,416.46390682896345,96
2024-09-16 10:37:46.625,416.4058260923885,1004
2024-09-16 10:37:46.634,416.4563359160729,14
2024-09-16 10:37:46.701,416.3580711254346,15
2024-09-16 10:37:46.755,416.3272061295667,5
2024-09-16 10:37:46.759,416.4480254770917,15
2024-09-16 10:37:46.838,416.36634838113497,999
2024-09-16 10:37:46.846,416.3475780913352,9
2024-09-16 10:37:46.849,416.3709517781609,1001
2024-09-16 10:37:46.887,416.38804480764816,96
2024-09-16 10:37:46.956,416.3566010681696,997
2024-09-16 10:37:46.977,416.3546111386208,7
2024-09-16 10:37:47.009,416.4544811278798,12
2024-09-16 10:37:47.079,416.4570950549141,98
2024-09-16 10:37:47.102,416.4323187614959,9
2024-09-16 10:37:47.502,416.4310338713809,1004
2024-09-16 10:37:47.609,416.44073452377006,5
2024-09-16 10:37:47.828,416.4576534152464,105
2024-09-16 10:37:47.845,416.439672702581,100
2024-09-16 10:37:47.920,416.4586828330662,10
2024-09-16 10:37:47.935,416.4495718948553,998
2024-09-16 10:37:48.021,416.4516143594516,997
2024-09-16 10:37:48.069,416.4383224175676,9
2024-09-16 10:37:48.089,416.4818866444161,10
2024-09-16 10:37:48.107,416.4465959929861,101
2024-09-16 10:37:48.162,416.4804042074713,1000
2024-09-16 10:37:48.172,416.4830231661916,96
2024-09-16 10:37:48.307,416.42514875706297,1004
2024-09-16 10:37:48.377,416.4491182900871,1003
2024-09-16 10:37:48.386,416.4648652868283,99
2024-09-16 10:37:48.434,416.4252827232441,10
2024-09-16 10:37:48.449,416.457909068094,996
2024-09-16 10:37:48.489,416.462654631614,14
2024-09-16 10:37:48.491,416.47337132788107,103
2024-09-16 10:37:48.548,416.4482705619391,9
2024-09-16 10:37:48.549,41.64616002539624,6
2024-09-16 10:37:48.647,416.44639642958873,999
2024-09-16 10:37:48.697,416.42876121558805,1005
2024-09-16 10:37:48.702,416.4522113741021,100
2024-09-16 10:37:48.741,416.428851916907,99
2024-09-16 10:37:48.764,416.488232316361,100
2024-09-16 10:37:48.766,416.4494512371188,997
2024-09-16 10:37:48.796,416.42164997194106,998
2024-09-16 10:37:48.851,416.4504493130231,104
2024-09-16 10:37:48.872,-416.48271721581057,12
2024-09-16 10:37:48.880,416.434492860039,102
2024-09-16 10:37:48.939,416.4457790760418,995
2024-09-16 10:37:48.982,416.4624202822034,996
2024-09-16 10:37:49.015,416.3990519798226,1001
2024-09-16 10:37:49.123,416.43547298623474,1001
2024-09-16 10:37:49.188,416.3878495067502,101
2024-09-16 10:37:49.198,416.3942762041674,6
2024-09-16 10:37:49.235,-416.403811751514,6
2024-09-16 10:37:49.266,416.3752584471349,1002
2024-09-16 10:37:49.305,416.3798085260261,103
2024-09-16 10:37:49.337,416.3847203823833,1003
2024-09-16 10:37:49.378,416.3737879629688,9
2024-09-16 10:37:49.419,416.3834797393064,102
2024-09-16 10:37:49.465,416.4479380080266,6
2024-09-16 10:37:49.477,416.4245585547745,96
2024-09-16 10:37:49.503,416.3841745900612,1004
2024-09-16 10:37:49.552,416.4554312960265,15
2024-09-16 10:37:49.558,416.3805438403023,997
2024-09-16 10:37:49.685,416.3850373471877,104
2024-09-16 10:37:49.845,416.45314790249296,101
2024-09-16 10:37:49.910,,1003
2024-09-16 10:37:49.987,416.4379235697008,101
2024-09-16 10:37:50.123,,98
2024-09-16 10:37:50.190,416.4126725856897,99
2024-09-16 10:37:50.203,416.3745432512228,1000
2024-09-16 10:37:50.252,416.4198804950766,101
2024-09-16 10:37:50.755,-416.3727026595956,10
2024-09-16 10:37:51.011,416.3615828780248,7
2024-09-16 10:37:51.178,416.3535198815771,13
2024-09-16 10:37:51.232,41.63407757282568,1003
2024-09-16 10:37:51.387,416.3413745186521,103
2024-09-16 10:37:51.394,416.36804244775857,6
2024-09-16 10:37:51.544,416.3717800017623,995
2024-09-16 10:37:51.595,416.3424068605649,99
2024-09-16 10:37:51.615,416.3676494281637,12
2024-09-16 10:37:51.633,416.3696413820024,7
2024-09-16 10:37:51.833,416.3776262885556,100
2024-09-16 10:37:51.984,416.3959300840558,100
2024-09-16 10:37:52.868,416.32156369107935,102
2024-09-16 10:37:53.042,416.3299677131703,99
2024-09-16 10:37:53.071,416.3197158419625,104
2024-09-16 10:37:53.572,416.3386501660783,101
2024-09-16 10:37:53.769,416.33071494341766,104
2024-09-16 10:37:53.770,416.34696421767774,1003
2024-09-16 10:37:53.985,416.3186230416192,100
2024-09-16 10:37:54.054,416.3634856165977,11
2024-09-16 10:37:54.168,416.3566333773548,102
2024-09-16 10:37:54.251,416.3254038348443,98
2024-09-16 10:37:54.298,416.34732935487966,1002
2024-09-16 10:37:54.343,416.3379571098105,99
2024-09-16 10:37:54.472,416.3354522270202,5
2024-09-16 10:37:54.511,416.33333881917866,1000
2024-09-16 10:37:54.512,416.3226467371799,14
2024-09-16 10:37:54.558,416.341616105862,14
2024-09-16 10:37:54.613,416.3769503070234,102
2024-09-16 10:37:54.737,416.3647253940321,95
2024-09-16 10:37:54.907,416.3564234596204,104
2024-09-16 10:37:54.961,416.3453724056138,103
2024-09-16 10:37:54.991,416.317579225481,1003
2024-09-16 10:37:55.190,416.3927379126301,96
2024-09-16 10:37:55.317,416.39647009800336,13
2024-09-16 10:37:56.116,416.35984280848174,5
2024-09-16 10:37:56.251,416.36632178859486,11
2024-09-16 10:37:56.312,416.3882914612843,14
2024-09-16 10:37:56.516,416.3882249651973,12
2024-09-16 10:37:56.531,416.3958996820412,95
2024-09-16 10:37:56.729,416.38412020645006,7
2024-09-16 10:37:56.781,416.4070860850725,12
2024-09-16 10:37:56.839,416.3622708835068,998
2024-09-16 10:37:56.877,416.3948214669024,13
2024-09-16 10:37:56.932,416.3821662300889,996
2024-09-16 10:37:56.958,416.3688456246896,15
2024-09-16 10:37:57.851,416.4063991927661,8
2024-09-16 10:37:57.938,416.4079921501837,13
2024-09-16 10:37:58.003,416.51686380154064,15
2024-09-16 10:37:58.040,416.4792414441378,96
2024-09-16 10:37:58.050,416.4223549946046,99
2024-09-16 10:37:58.086,416.4712190385259,1000
2024-09-16 10:37:58.121,416.4661260448098,9
2024-09-16 10:37:58.131,416.4668384861377,6
2024-09-16 10:37:58.183,416.5137057689836,101
2024-09-16 10:37:58.196,416.4703990504568,100
2024-09-16 10:37:58.201,416.485568549214,8
2024-09-16 10:37:58.239,416.47857346903146,999
2024-09-16 10:37:58.274,416.46357057785286,14
2024-09-16 10:37:58.424,416.4531091758965,6
2024-09-16 10:37:58.425,416.5004557863956,102
2024-09-16 10:37:58.445,416.4808358754817,13
2024-09-16 10:37:58.503,416.4425407817332,96
2024-09-16 10:37:58.540,416.47489283952433,998
2024-09-16 10:37:58.582,416.4230412182079,996
2024-09-16 10:37:58.653,416.5001835739227,1004
2024-09-16 10:37:58.708,416.4315218476415,999
2024-09-16 10:37:58.726,416.4839353983419,6
2024-09-16 10:37:58.750,416.4612192938863,11
2024-09-16 10:37:58.762,416.455827980772,1003
2024-09-16 10:37:58.804,416.51539067878144,101
2024-09-16 10:37:58.912,416.4535321634327,999
2024-09-16 10:37:58.918,416.4807307447618,998
2024-09-16 10:37:58.994,416.5220398327882,9
2024-09-16 10:37:59.222,416.5780999210976,997
2024-09-16 10:37:59.248,416.5991381416247,10
2024-09-16 10:37:59.357,416.62651705833485,103
2024-09-16 10:37:59.360,416.6099489654683,5
2024-09-16 10:37:59.366,416.56438588383145,1000
2024-09-16 10:37:59.397,416.59419409089656,95
2024-09-16 10:37:59.403,416.6079422321715,8
2024-09-16 10:37:59.582,416.5824455824688,99
2024-09-16 10:37:59.598,416.6078350205634,9
2024-09-16 10:37:59.653,416.5797431907662,1001
2024-09-16 10:37:59.702,416.60475537098125,998
2024-09-16 10:37:59.721,416.6019513173517,995
2024-09-16 10:37:59.726,416.60744132008335,1004
2024-09-16 10:37:59.767,416.58105646877374,95
2024-09-16 10:37:59.768,416.5806736704093,104
2024-09-16 10:37:59.773,416.5337863298342,6
2024-09-16 10:37:59.778,416.5735988163112,9
