Timestamp,Price,Size
2024-09-19 15:38:00.123,418.0598876963692,999
2024-09-19 15:38:00.295,418.0485306416362,15
2024-09-19 15:38:00.709,418.0598871500029,7
2024-09-19 15:38:00.874,418.0558968293578,96
2024-09-19 15:38:01.326,418.0535800228921,13
2024-09-19 15:38:02.010,418.0368004308272,1003
2024-09-19 15:38:02.029,418.0300927297256,7
2024-09-19 15:38:02.083,418.042772684697,15
2024-09-19 15:38:02.097,,998
2024-09-19 15:38:02.125,418.0698713430182,1000
2024-09-19 15:38:02.125,-418.0686852169902,15
2024-09-19 15:38:02.142,418.03603088250986,997
2024-09-19 15:38:02.175,-418.0639867270382,1004
2024-09-19 15:38:02.206,418.04940464402296,14
2024-09-19 15:38:02.207,418.0508166670095,102
2024-09-19 15:38:02.210,418.0412083966787,99
2024-09-19 15:38:02.220,418.0462839991714,11
2024-09-19 15:38:02.329,418.0679492990452,100
2024-09-19 15:38:02.348,418.0601565601217,8
2024-09-19 15:38:02.404,420.0160876627656,13
2024-09-19 15:38:02.427,418.0542840994392,1002
2024-09-19 15:38:02.517,418.03969617896576,9
2024-09-19 15:38:02.533,418.0767148538445,11
2024-09-19 15:38:02.545,418.04799189262,1005
2024-09-19 15:38:02.615,418.0335740828414,997
2024-09-19 15:38:02.644,418.0733311480022,1002
2024-09-19 15:38:02.651,418.06227418545177,996
2024-09-19 15:38:02.779,418.0818316615411,15
2024-09-19 15:38:02.808,418.0413374480757,98
2024-09-19 15:38:02.814,418.0807302910279,105
2024-09-19 15:38:02.885,418.0689386028218,12
2024-09-19 15:38:02.921,418.0890951487588,7
2024-09-19 15:38:03.028,418.0927007819528,103
2024-09-19 15:38:03.051,418.0436882188935,1005
2024-09-19 15:38:03.069,418.04708175675694,105
2024-09-19 15:38:03.080,418.0329773332703,13
2024-09-19 15:38:03.150,418.0567003879366,101
2024-09-19 15:38:03.341,418.040729409786,102
2024-09-19 15:38:03.367,418.0249779644808,1000
2024-09-19 15:38:03.377,420.0400192185772,1002
2024-09-19 15:38:03.413,418.1075534362667,9
2024-09-19 15:38:03.436,41.8152368853075,10
2024-09-19 15:38:03.459,418.05729308070994,1004
2024-09-19 15:38:03.461,418.1470889104796,997
2024-09-19 15:38:03.553,418.1314933511953,1003
2024-09-19 15:38:03.596,418.05405645777057,6
2024-09-19 15:38:03.607,418.0282914870455,6
2024-09-19 15:38:03.614,418.1352723656458,6
2024-09-19 15:38:03.684,418.03956212569176,1001
2024-09-19 15:38:03.688,,10
2024-09-19 15:38:03.701,418.0473572369489,100
2024-09-19 15:38:03.727,418.1376907911224,999
2024-09-19 15:38:03.741,418.0938371813825,7
2024-09-19 15:38:03.787,418.14904739746777,11
2024-09-19 15:38:03.819,418.0536861843524,96
2024-09-19 15:38:03.894,418.0336595414156,997
2024-09-19 15:38:03.916,418.0403744801919,1005
2024-09-19 15:38:03.998,418.0970269930412,15
2024-09-19 15:38:04.038,418.1373996454132,14
2024-09-19 15:38:04.038,418.1463729585953,998
2024-09-19 15:38:04.110,418.1454066206484,997
2024-09-19 15:38:04.168,418.15614555637774,101
2024-09-19 15:38:04.222,418.1424046979615,1003
2024-09-19 15:38:04.261,418.1484220137589,100
2024-09-19 15:38:04.269,418.1395119147699,1002
2024-09-19 15:38:04.326,418.1569658678764,97
2024-09-19 15:38:04.462,418.14795114692777,8
2024-09-19 15:38:04.498,418.1484286020197,1003
2024-09-19 15:38:04.623,418.1581692767512,13
2024-09-19 15:38:04.643,418.1534148190618,97
2024-09-19 15:38:04.660,418.1443472365599,1005
2024-09-19 15:38:04.674,418.1269139197205,10
2024-09-19 15:38:04.782,418.1372626776699,15
2024-09-19 15:38:04.786,418.1308188324477,13
2024-09-19 15:38:04.840,,1005
2024-09-19 15:38:04.854,418.1249637218977,9
2024-09-19 15:38:04.923,418.15125196092185,9
2024-09-19 15:38:04.927,418.1289217127927,997
2024-09-19 15:38:04.971,418.15112161299743,103
2024-09-19 15:38:05.004,418.1837611206213,15
2024-09-19 15:38:05.004,418.2030953398381,7
2024-09-19 15:38:05.065,418.137132306917,996
2024-09-19 15:38:05.095,418.2097643495041,996
2024-09-19 15:38:05.246,418.2010669741028,999
2024-09-19 15:38:05.279,418.1959330530621,97
2024-09-19 15:38:05.289,418.1728673940784,997
2024-09-19 15:38:05.322,418.178803167141,997
2024-09-19 15:38:05.416,418.1804276005425,997
2024-09-19 15:38:05.515,418.1694038871975,101
2024-09-19 15:38:05.526,418.1926109245665,1000
2024-09-19 15:38:05.609,,7
2024-09-19 15:38:05.619,418.19656620830034,95
2024-09-19 15:38:05.632,418.13932359347615,14
2024-09-19 15:38:05.716,418.1822297353369,999
2024-09-19 15:38:05.729,418.1953694565649,101
2024-09-19 15:38:05.735,418.20263571419696,97
2024-09-19 15:38:05.751,418.2063856720078,96
2024-09-19 15:38:05.831,418.2278278421709,8
2024-09-19 15:38:05.833,418.180037365517,8
2024-09-19 15:38:05.912,418.2084617734429,96
2024-09-19 15:38:05.960,418.1921503969556,11
2024-09-19 15:38:05.999,418.15354747911175,15
2024-09-19 15:38:06.136,418.071012899186,1002
2024-09-19 15:38:06.315,418.08574986618,12
2024-09-19 15:38:06.432,418.1397201860006,997
2024-09-19 15:38:06.467,418.0955141788899,7
2024-09-19 15:38:06.482,418.1236117343586,8
2024-09-19 15:38:06.778,418.1502305582287,103
2024-09-19 15:38:06.800,418.0986633043573,102
2024-09-19 15:38:06.826,418.1055351244992,96
2024-09-19 15:38:06.837,418.1122301180685,998
2024-09-19 15:38:06.938,418.11186146701226,12
2024-09-19 15:38:06.966,418.0762453953142,96
2024-09-19 15:38:07.070,418.15802982781247,999
2024-09-19 15:38:07.307,418.1556090704622,1000
2024-09-19 15:38:07.356,418.19173182523866,1002
2024-09-19 15:38:07.417,418.18135453507006,15
2024-09-19 15:38:07.467,418.15822874568136,1005
2024-09-19 15:38:07.488,418.150905731092,5
2024-09-19 15:38:07.617,418.1522873739898,10
2024-09-19 15:38:07.780,418.1673020604596,998
2024-09-19 15:38:07.803,418.15719847976914,1003
2024-09-19 15:38:07.957,418.15531762782666,14
2024-09-19 15:38:08.034,418.1166370500391,9
2024-09-19 15:38:08.043,418.12177279544,101
2024-09-19 15:38:08.064,418.1602804247685,101
2024-09-19 15:38:08.068,418.0987079163249,96
2024-09-19 15:38:08.071,418.120123373594,101
2024-09-19 15:38:08.081,418.12374973009446,1005
2024-09-19 15:38:08.096,418.1516521549621,7
2024-09-19 15:38:08.114,418.11584357068017,1003
2024-09-19 15:38:08.174,,96
2024-09-19 15:38:08.187,418.0833380102499,103
2024-09-19 15:38:08.197,418.1139922618396,1002
2024-09-19 15:38:08.213,418.1353502660266,8
2024-09-19 15:38:08.252,418.122322131766,1003
2024-09-19 15:38:08.321,418.0936804379759,15
2024-09-19 15:38:08.339,418.1122603804654,999
2024-09-19 15:38:08.393,418.15561817152445,5
2024-09-19 15:38:08.502,418.12860289630487,996
2024-09-19 15:38:08.573,418.1434576671989,100
2024-09-19 15:38:08.653,418.144068042472,995
2024-09-19 15:38:08.699,418.11021394321256,1004
2024-09-19 15:38:08.731,418.1585271099498,12
2024-09-19 15:38:08.748,418.1113685907229,999
2024-09-19 15:38:08.930,418.16353746657353,1004
2024-09-19 15:38:08.933,418.1288684781096,8
2024-09-19 15:38:08.945,418.16738568157774,5
2024-09-19 15:38:08.949,418.1239205967428,1003
2024-09-19 15:38:08.957,418.093598215304,12
2024-09-19 15:38:09.038,417.9860652587319,101
2024-09-19 15:38:09.052,418.079784372456,996
2024-09-19 15:38:09.063,417.97473954341024,8
2024-09-19 15:38:09.086,418.0902529695143,7
2024-09-19 15:38:09.092,418.0953183051889,103
2024-09-19 15:38:09.132,418.0466648114975,998
2024-09-19 15:38:09.149,418.0021669568827,103
2024-09-19 15:38:09.288,418.0802195823815,10
2024-09-19 15:38:09.334,418.0559116244647,96
2024-09-19 15:38:09.373,418.0256869841155,15
2024-09-19 15:38:09.416,418.0783056960915,996
2024-09-19 15:38:09.439,418.0281726763645,1004
2024-09-19 15:38:09.476,417.9911560252512,6
2024-09-19 15:38:09.489,418.0089787318152,1003
2024-09-19 15:38:09.696,418.0357523976797,5
2024-09-19 15:38:09.718,418.0761977352061,5
2024-09-19 15:38:09.838,418.0799430884863,97
2024-09-19 15:38:09.874,418.0690817953686,996
2024-09-19 15:38:09.896,418.0981282294102,101
2024-09-19 15:38:09.906,418.0738365890047,6
2024-09-19 15:38:10.006,417.97994896773264,7
2024-09-19 15:38:10.031,417.9743684883053,997
2024-09-19 15:38:10.047,417.9879459195336,998
2024-09-19 15:38:10.052,417.9730190792432,104
2024-09-19 15:38:10.205,417.97337182177137,1005
2024-09-19 15:38:10.259,417.9786293886985,13
2024-09-19 15:38:10.360,417.9677586908301,6
2024-09-19 15:38:10.495,417.9836235555502,996
2024-09-19 15:38:10.541,,8
2024-09-19 15:38:10.632,417.9735616742828,104
2024-09-19 15:38:10.663,417.98173157668987,1003
2024-09-19 15:38:10.672,417.9998892661224,15
2024-09-19 15:38:10.786,417.995565209712,995
2024-09-19 15:38:10.811,417.9970289608572,1005
2024-09-19 15:38:10.912,417.9778608189192,1002
2024-09-19 15:38:11.009,417.9412893458253,1003
2024-09-19 15:38:11.129,417.96973702213614,1000
2024-09-19 15:38:11.894,417.9614116897129,11
2024-09-19 15:38:12.045,417.9686573806033,1003
2024-09-19 15:38:12.197,417.9677801287039,13
2024-09-19 15:38:12.336,417.9587009513097,15
2024-09-19 15:38:12.451,417.965659430789,1003
2024-09-19 15:38:12.752,417.9704746294647,104
2024-09-19 15:38:13.040,417.9940423145909,101
2024-09-19 15:38:13.055,417.9409067167948,999
2024-09-19 15:38:13.145,417.9377404996762,15
2024-09-19 15:38:13.145,417.8922932683873,11
2024-09-19 15:38:13.197,417.93324977668505,1001
2024-09-19 15:38:13.230,418.020821321672,11
2024-09-19 15:38:13.245,417.930660271763,104
2024-09-19 15:38:13.291,418.0003740292903,14
2024-09-19 15:38:13.343,417.9471541079838,105
2024-09-19 15:38:13.370,418.0478694971036,998
2024-09-19 15:38:13.380,417.9950319073617,14
2024-09-19 15:38:13.392,418.0115336134235,101
2024-09-19 15:38:13.417,418.0442013189921,1004
2024-09-19 15:38:13.444,417.96247101499546,1004
2024-09-19 15:38:13.466,417.9761220923437,101
2024-09-19 15:38:13.508,418.03553963734055,9
2024-09-19 15:38:13.596,417.9757940024133,15
2024-09-19 15:38:13.634,417.9633962556801,14
2024-09-19 15:38:13.663,418.0233145477009,6
2024-09-19 15:38:13.706,418.0358800356592,12
2024-09-19 15:38:13.713,417.9036294395147,10
2024-09-19 15:38:13.751,417.9173224195875,1001
2024-09-19 15:38:13.778,418.0378193661078,99
2024-09-19 15:38:13.836,418.0238618960877,10
2024-09-19 15:38:13.890,418.03815061658895,103
2024-09-19 15:38:13.980,417.8976845665962,995
2024-09-19 15:38:13.985,418.0347050348184,1005
2024-09-19 15:38:13.993,417.9929433252455,103
2024-09-19 15:38:14.048,418.08942632977744,8
2024-09-19 15:38:14.059,418.11360670887353,14
2024-09-19 15:38:14.110,418.023968131138,14
2024-09-19 15:38:14.111,418.0656007308187,7
2024-09-19 15:38:14.200,418.04649319568045,102
2024-09-19 15:38:14.206,418.0204267152613,1000
2024-09-19 15:38:14.215,418.058814026484,14
2024-09-19 15:38:14.249,418.0889124873026,101
2024-09-19 15:38:14.330,418.04532979359175,8
2024-09-19 15:38:14.604,418.0400897949008,7
2024-09-19 15:38:14.612,418.0545329538097,1001
2024-09-19 15:38:14.666,418.1208111250885,995
2024-09-19 15:38:14.753,-418.0945472761991,1003
2024-09-19 15:38:14.820,-418.0527172478845,97
2024-09-19 15:38:14.865,418.1084243666851,103
2024-09-19 15:38:14.890,418.0278674953592,12
2024-09-19 15:38:14.900,418.0733727528417,1000
2024-09-19 15:38:14.968,41.8093804111179,15
2024-09-19 15:38:14.971,418.0828060578745,13
2024-09-19 15:38:14.983,418.0917505780442,996
2024-09-19 15:38:15.002,418.1279693679212,9
2024-09-19 15:38:15.002,418.088473078925,1004
2024-09-19 15:38:15.070,418.1279589663027,999
2024-09-19 15:38:15.095,418.1111400175223,99
2024-09-19 15:38:15.108,418.0777444283476,98
2024-09-19 15:38:15.126,418.0964888411215,102
2024-09-19 15:38:15.175,418.1420588603134,12
2024-09-19 15:38:15.194,418.09955344464055,999
2024-09-19 15:38:15.239,418.1041320529594,12
2024-09-19 15:38:15.273,418.13152923761527,10
2024-09-19 15:38:15.288,418.1229972214479,103
2024-09-19 15:38:15.434,418.13344001991607,1001
2024-09-19 15:38:15.498,418.1178304419525,6
2024-09-19 15:38:15.499,418.1016473972544,5
2024-09-19 15:38:15.523,418.1049022568563,998
2024-09-19 15:38:15.526,418.1205731846497,98
2024-09-19 15:38:15.540,418.12832532407015,15
2024-09-19 15:38:15.556,418.1359383845093,5
2024-09-19 15:38:15.578,418.1375999143495,105
2024-09-19 15:38:15.655,418.1187452413094,13
2024-09-19 15:38:15.656,418.1308732575375,104
2024-09-19 15:38:15.806,418.0821562804426,98
2024-09-19 15:38:15.831,418.1323383743955,95
2024-09-19 15:38:15.870,418.0797363029693,96
2024-09-19 15:38:15.889,418.1359848796496,6
2024-09-19 15:38:15.929,418.1219997569132,996
2024-09-19 15:38:15.931,-418.1258028736331,13
2024-09-19 15:38:16.107,418.0875583910159,97
2024-09-19 15:38:16.118,418.0309449160078,104
2024-09-19 15:38:16.155,418.09658484863087,9
2024-09-19 15:38:16.258,418.102620673454,102
2024-09-19 15:38:16.263,418.08036641086926,11
2024-09-19 15:38:16.289,418.0872329045068,996
2024-09-19 15:38:16.293,418.1074639025121,99
2024-09-19 15:38:16.357,418.10041905459855,98
2024-09-19 15:38:16.367,418.0445937029096,996
2024-09-19 15:38:16.403,419.7759555473006,100
2024-09-19 15:38:16.445,418.0619723150574,103
2024-09-19 15:38:16.452,418.0743606731356,1002
2024-09-19 15:38:16.464,418.0876313800049,5
2024-09-19 15:38:16.490,418.0377406267796,6
2024-09-19 15:38:16.499,418.1131879556089,998
2024-09-19 15:38:16.534,418.05391228294826,104
2024-09-19 15:38:16.542,418.07492676886585,1001
2024-09-19 15:38:16.583,418.1058169212132,14
2024-09-19 15:38:16.678,418.0474750742661,104
2024-09-19 15:38:16.682,418.08415750440895,5
2024-09-19 15:38:16.733,418.07942630875687,105
2024-09-19 15:38:16.752,418.0500182875836,11
2024-09-19 15:38:16.844,418.0997763697366,5
2024-09-19 15:38:17.030,418.0418858815025,103
2024-09-19 15:38:17.052,418.0426468175127,95
2024-09-19 15:38:17.183,417.99686459767673,15
2024-09-19 15:38:17.215,418.0261394402159,9
2024-09-19 15:38:17.223,418.0404818319985,9
2024-09-19 15:38:17.243,418.0626915074456,104
2024-09-19 15:38:17.258,418.0003472106828,1000
2024-09-19 15:38:17.340,418.05112248270575,1005
2024-09-19 15:38:17.404,418.0027425429557,14
2024-09-19 15:38:17.490,418.0376729792419,104
2024-09-19 15:38:17.550,418.0532338971682,14
2024-09-19 15:38:17.601,418.0399963800773,96
2024-09-19 15:38:17.609,418.0127887530698,996
2024-09-19 15:38:17.636,418.0631910980561,100
2024-09-19 15:38:17.672,418.0073840056283,998
2024-09-19 15:38:17.747,418.03996593505,1000
2024-09-19 15:38:17.782,418.0110530331218,999
2024-09-19 15:38:17.799,418.04873147838026,6
2024-09-19 15:38:17.925,418.0553675839765,9
2024-09-19 15:38:17.941,418.0238951089589,1004
2024-09-19 15:38:17.951,418.0423541076207,1004
2024-09-19 15:38:17.989,418.0611257639141,1000
2024-09-19 15:38:18.010,-418.0598625339051,5
2024-09-19 15:38:18.017,418.02357792478114,995
2024-09-19 15:38:18.031,417.9729747727224,1004
2024-09-19 15:38:18.122,418.0605514336648,1004
2024-09-19 15:38:18.259,418.0319783275971,1000
2024-09-19 15:38:18.323,418.065870117251,102
2024-09-19 15:38:18.374,418.02113149576985,1003
2024-09-19 15:38:18.393,417.9682180202476,999
2024-09-19 15:38:18.511,418.0533272000441,5
2024-09-19 15:38:18.616,417.9743318333145,1004
2024-09-19 15:38:18.619,417.9565466059632,7
2024-09-19 15:38:18.627,417.9655903818589,15
2024-09-19 15:38:18.699,417.9581165629213,9
2024-09-19 15:38:18.746,417.94739801954296,995
2024-09-19 15:38:18.798,417.99414469181033,11
2024-09-19 15:38:18.845,417.9982976732531,96
2024-09-19 15:38:18.876,417.9703625263226,8
2024-09-19 15:38:18.892,418.003292967929,96
2024-09-19 15:38:18.918,418.05529896550127,9
2024-09-19 15:38:18.934,417.95580767694895,1005
2024-09-19 15:38:19.062,417.9418069156824,5
2024-09-19 15:38:19.066,418.00132345352273,14
2024-09-19 15:38:19.073,417.9578017879718,97
2024-09-19 15:38:19.087,418.0123211697855,100
2024-09-19 15:38:19.095,417.9979368653907,7
2024-09-19 15:38:19.418,417.9824427301487,100
2024-09-19 15:38:19.428,417.9873640327273,5
2024-09-19 15:38:19.597,417.9621381136639,13
2024-09-19 15:38:19.673,417.9990602496848,1005
2024-09-19 15:38:19.778,418.0029373848256,1001
2024-09-19 15:38:19.822,417.9603860681512,995
2024-09-19 15:38:19.887,417.98698310738285,1002
2024-09-19 15:38:20.055,418.01475174070094,97
2024-09-19 15:38:20.063,418.0327654311632,10
2024-09-19 15:38:20.097,418.0259476254969,1000
2024-09-19 15:38:20.401,417.9729253211328,1005
2024-09-19 15:38:20.436,417.9647990962924,999
2024-09-19 15:38:20.497,418.0032185240749,1001
2024-09-19 15:38:20.532,417.9783361101001,6
2024-09-19 15:38:20.610,,1000
2024-09-19 15:38:20.648,418.02161877092783,1000
2024-09-19 15:38:20.703,418.0064619371868,1002
2024-09-19 15:38:20.703,417.98353390554144,5
2024-09-19 15:38:20.766,418.0183763343165,6
2024-09-19 15:38:20.809,417.9905536328993,998
2024-09-19 15:38:21.196,,8
2024-09-19 15:38:21.230,417.9244192991013,1005
2024-09-19 15:38:21.266,417.9165366796257,103
2024-09-19 15:38:21.584,417.93017589004376,1005
2024-09-19 15:38:21.590,417.8999944421062,10
2024-09-19 15:38:21.613,417.9322235705735,999
2024-09-19 15:38:21.708,417.9191212685979,1002
2024-09-19 15:38:21.728,417.9485398553108,1003
2024-09-19 15:38:21.771,417.9580750803162,995
2024-09-19 15:38:21.867,417.96723189369214,996
2024-09-19 15:38:22.112,417.8997321160708,5
2024-09-19 15:38:22.124,,105
2024-09-19 15:38:22.127,417.9405756487215,997
2024-09-19 15:38:22.215,417.9036752447128,104
2024-09-19 15:38:22.246,417.9226449764838,101
2024-09-19 15:38:22.299,417.9645136767839,96
2024-09-19 15:38:22.322,417.9247729961009,9
2024-09-19 15:38:22.359,417.9662809707174,15
2024-09-19 15:38:22.379,417.8946175854302,10
2024-09-19 15:38:22.600,417.92049800612347,10
2024-09-19 15:38:22.624,417.9221755217963,95
2024-09-19 15:38:22.645,417.9257792690353,100
2024-09-19 15:38:22.659,417.9684215120457,997
2024-09-19 15:38:22.660,417.9693404562985,1005
2024-09-19 15:38:22.665,417.8802902283656,95
2024-09-19 15:38:22.739,417.9117739020646,1000
2024-09-19 15:38:22.741,417.9322742240993,1000
2024-09-19 15:38:22.755,417.91082245572346,998
2024-09-19 15:38:22.765,417.954670090208,105
2024-09-19 15:38:22.769,417.94843554797296,101
2024-09-19 15:38:22.785,417.9175359003421,104
2024-09-19 15:38:22.794,417.9771482514399,102
2024-09-19 15:38:22.804,,98
2024-09-19 15:38:22.805,417.904425533535,97
2024-09-19 15:38:22.815,417.94493283102406,15
2024-09-19 15:38:22.832,417.97286031623247,101
2024-09-19 15:38:22.904,417.955976644472,105
2024-09-19 15:38:22.965,417.9505388840837,102
2024-09-19 15:38:22.992,417.9371648573917,1001
2024-09-19 15:38:23.122,417.9459381056509,1003
2024-09-19 15:38:23.274,417.9455604705921,995
2024-09-19 15:38:23.334,417.933179311265,7
2024-09-19 15:38:23.339,417.9539020790016,1004
2024-09-19 15:38:23.355,417.929592391804,9
2024-09-19 15:38:23.582,417.9574376340668,13
2024-09-19 15:38:23.664,417.943305329257,999
2024-09-19 15:38:25.157,417.9653841613579,8
2024-09-19 15:38:25.476,417.9389732124688,9
2024-09-19 15:38:25.592,417.98202630194567,100
2024-09-19 15:38:25.663,417.9892895529911,1001
2024-09-19 15:38:25.682,417.9346399203129,12
2024-09-19 15:38:25.731,417.9564025290636,15
2024-09-19 15:38:25.931,417.93450637361246,10
2024-09-19 15:38:26.037,417.9641446387666,11
2024-09-19 15:38:26.041,417.99640684424713,15
2024-09-19 15:38:26.057,417.9633961788237,998
2024-09-19 15:38:26.210,417.9693483515504,97
2024-09-19 15:38:26.219,417.9786465046152,10
2024-09-19 15:38:26.231,417.9761414277343,1001
2024-09-19 15:38:26.282,417.9860696246255,103
2024-09-19 15:38:26.331,418.0019528525457,104
2024-09-19 15:38:26.364,417.97497517657246,999
2024-09-19 15:38:26.413,417.9869820069986,6
2024-09-19 15:38:26.423,418.00073117167983,96
2024-09-19 15:38:26.716,417.9880302187319,9
2024-09-19 15:38:26.782,418.0001200084551,8
2024-09-19 15:38:26.855,417.9688977735874,9
2024-09-19 15:38:26.881,417.9782238290957,101
2024-09-19 15:38:26.902,417.9924520272568,95
2024-09-19 15:38:26.945,417.96446814988536,6
2024-09-19 15:38:27.052,417.9262342934461,96
2024-09-19 15:38:27.077,417.9315810551228,9
2024-09-19 15:38:27.197,417.9306002971856,103
2024-09-19 15:38:27.259,417.9394482276974,100
2024-09-19 15:38:27.400,417.95538675190784,1005
2024-09-19 15:38:27.402,417.9324868272735,6
2024-09-19 15:38:27.403,417.956679536958,1000
2024-09-19 15:38:27.428,417.9513687414581,1000
2024-09-19 15:38:27.442,417.9471109929936,97
2024-09-19 15:38:27.460,417.9223282670078,14
2024-09-19 15:38:27.497,417.9396567288837,996
2024-09-19 15:38:27.621,417.9689363287353,15
2024-09-19 15:38:27.667,417.9268288809668,996
2024-09-19 15:38:27.724,417.9310119478837,6
2024-09-19 15:38:27.963,-417.930825123584,101
2024-09-19 15:38:27.968,417.9260882838035,95
2024-09-19 15:38:28.135,417.94467720894,8
2024-09-19 15:38:28.159,417.9474364603428,997
2024-09-19 15:38:28.185,417.9613076066785,1004
2024-09-19 15:38:28.589,417.9391707825556,998
2024-09-19 15:38:28.701,417.9331814025606,95
2024-09-19 15:38:28.822,417.94288138713176,97
2024-09-19 15:38:28.939,417.94408168775936,98
2024-09-19 15:38:28.974,417.943298707402,105
2024-09-19 15:38:29.003,417.9437066619277,998
2024-09-19 15:38:29.013,417.95108046482966,15
2024-09-19 15:38:29.097,417.9546923996966,6
2024-09-19 15:38:29.186,417.9331744347896,999
2024-09-19 15:38:29.208,417.9221297253734,104
2024-09-19 15:38:29.261,417.937363401601,100
2024-09-19 15:38:29.282,417.9414164064634,95
2024-09-19 15:38:29.354,417.9683687272072,9
2024-09-19 15:38:29.386,417.93566618331664,102
2024-09-19 15:38:29.404,417.9369896362306,1000
2024-09-19 15:38:29.485,417.9924205034703,101
2024-09-19 15:38:29.531,417.9326963230332,100
2024-09-19 15:38:29.585,41.79369135307852,1004
2024-09-19 15:38:29.606,417.9579443238883,95
2024-09-19 15:38:29.630,417.9857015342411,95
2024-09-19 15:38:29.650,417.9803377146077,1004
2024-09-19 15:38:29.668,417.9296533567541,96
2024-09-19 15:38:29.672,417.96317976380766,999
2024-09-19 15:38:29.745,417.9293516707015,99
2024-09-19 15:38:29.761,417.9646579445191,995
2024-09-19 15:38:29.791,417.9669450553401,1005
2024-09-19 15:38:29.809,417.9472843785271,996
2024-09-19 15:38:29.839,417.9582015178274,8
2024-09-19 15:38:29.866,417.9249548005852,996
2024-09-19 15:38:29.891,417.9399026736572,9
2024-09-19 15:38:29.941,417.9518248087618,10
2024-09-19 15:38:30.189,417.91876439427386,996
2024-09-19 15:38:30.206,417.9045210589568,1001
2024-09-19 15:38:30.207,417.96805658001136,999
2024-09-19 15:38:30.299,417.96959076749954,96
2024-09-19 15:38:30.500,417.969274357726,100
2024-09-19 15:38:30.523,417.9661852862975,13
2024-09-19 15:38:30.605,417.90724076762655,99
2024-09-19 15:38:30.624,417.9222493950144,98
2024-09-19 15:38:30.651,417.9049059865825,15
2024-09-19 15:38:30.754,417.94562058289824,98
2024-09-19 15:38:30.853,417.9659511318881,1001
2024-09-19 15:38:30.861,417.9631250751642,1002
2024-09-19 15:38:31.004,417.8357433533649,10
2024-09-19 15:38:31.185,417.871601398409,7
2024-09-19 15:38:31.295,417.9241941164044,10
2024-09-19 15:38:31.316,417.8156868552007,1002
2024-09-19 15:38:31.351,417.9190647825584,1000
2024-09-19 15:38:31.477,417.8521986144713,97
2024-09-19 15:38:31.504,417.9054043854527,996
2024-09-19 15:38:31.520,417.8458927849106,1001
2024-09-19 15:38:31.578,417.86936669923415,1003
2024-09-19 15:38:31.583,417.8658816823293,95
2024-09-19 15:38:31.669,417.8468304147548,1004
2024-09-19 15:38:31.706,417.9173094217383,100
2024-09-19 15:38:31.706,417.8827079206819,12
2024-09-19 15:38:31.735,417.825009373947,999
2024-09-19 15:38:31.789,417.8414429707317,997
2024-09-19 15:38:31.810,417.8573494300493,103
2024-09-19 15:38:31.823,417.81275425463474,9
2024-09-19 15:38:31.892,417.81450016904233,100
2024-09-19 15:38:31.960,417.8475950554388,104
2024-09-19 15:38:31.963,417.92622360640416,10
2024-09-19 15:38:32.276,417.7961716430045,8
2024-09-19 15:38:32.363,417.7868142936973,105
2024-09-19 15:38:32.378,417.7512997742588,104
2024-09-19 15:38:32.503,417.816511234714,103
2024-09-19 15:38:32.504,417.78922296607885,101
2024-09-19 15:38:32.510,417.7854498673226,14
2024-09-19 15:38:32.665,417.8041319289889,15
2024-09-19 15:38:32.707,417.8319999250711,101
2024-09-19 15:38:32.732,417.7932352175736,95
2024-09-19 15:38:32.755,417.78850941534296,6
2024-09-19 15:38:32.823,417.81531535503177,99
2024-09-19 15:38:32.835,417.7628094296418,999
2024-09-19 15:38:32.853,417.7630864899383,1003
2024-09-19 15:38:32.948,417.77727202341725,97
2024-09-19 15:38:33.002,417.8230894230174,105
2024-09-19 15:38:33.012,417.8029490932426,995
2024-09-19 15:38:33.085,417.8347150635697,997
2024-09-19 15:38:33.116,417.8283130193788,5
2024-09-19 15:38:33.256,417.7928945555495,13
2024-09-19 15:38:33.312,417.7766106990672,996
2024-09-19 15:38:33.356,417.7780646296373,1000
2024-09-19 15:38:33.365,417.7807135259762,100
2024-09-19 15:38:33.369,417.7584453002122,6
2024-09-19 15:38:33.425,417.8303649341447,1005
2024-09-19 15:38:33.505,417.8307646181937,5
2024-09-19 15:38:33.517,417.8381208818279,9
2024-09-19 15:38:33.534,417.8037250895199,1003
2024-09-19 15:38:33.545,417.8291596925247,103
2024-09-19 15:38:33.549,417.815880287017,105
2024-09-19 15:38:33.576,417.7942212810927,11
2024-09-19 15:38:33.755,417.8477312892621,102
2024-09-19 15:38:33.799,417.8385724935527,996
2024-09-19 15:38:33.811,417.7866908573913,13
2024-09-19 15:38:33.878,417.7926272021547,13
2024-09-19 15:38:33.888,41.778147282521445,100
2024-09-19 15:38:33.905,417.7612170699844,998
2024-09-19 15:38:33.934,417.82198929242,996
2024-09-19 15:38:33.951,417.7881024661161,95
2024-09-19 15:38:33.960,417.8477205034621,99
2024-09-19 15:38:34.116,417.83881577618746,1002
2024-09-19 15:38:34.219,417.8127692434573,999
2024-09-19 15:38:34.470,417.7935336235404,997
2024-09-19 15:38:34.543,417.833222551032,102
2024-09-19 15:38:34.609,417.80741469670846,1000
2024-09-19 15:38:34.649,417.8233647039134,105
2024-09-19 15:38:34.677,417.8122959736372,15
2024-09-19 15:38:34.803,417.8234027642709,15
2024-09-19 15:38:34.806,417.8300514564434,100
2024-09-19 15:38:34.909,417.82501011046185,997
2024-09-19 15:38:34.920,417.8316628394833,99
2024-09-19 15:38:35.008,417.82177386850447,96
2024-09-19 15:38:35.098,417.8669124830509,10
2024-09-19 15:38:35.139,417.8601598890396,102
2024-09-19 15:38:35.149,417.8227257344841,996
2024-09-19 15:38:35.176,417.8229222039204,9
2024-09-19 15:38:35.186,417.8789603487947,12
2024-09-19 15:38:35.254,417.8150029961056,95
2024-09-19 15:38:35.264,417.8580665419647,98
2024-09-19 15:38:35.318,417.8717623271672,1004
2024-09-19 15:38:35.334,417.8204022192444,7
2024-09-19 15:38:35.420,417.8872543633981,11
2024-09-19 15:38:35.423,417.87076739776586,12
2024-09-19 15:38:35.430,417.8247046244648,13
2024-09-19 15:38:35.478,417.8162849701927,5
2024-09-19 15:38:35.480,417.8273675016839,96
2024-09-19 15:38:35.498,417.8451785066614,99
2024-09-19 15:38:35.507,41.78435350722872,996
2024-09-19 15:38:35.586,417.8209737419506,100
2024-09-19 15:38:35.592,417.8211756842031,12
2024-09-19 15:38:35.644,417.8297844453803,995
2024-09-19 15:38:35.649,417.8387330415614,9
2024-09-19 15:38:35.652,417.884631070612,995
2024-09-19 15:38:35.714,417.8271494366877,12
2024-09-19 15:38:35.812,417.832023555882,996
2024-09-19 15:38:35.883,417.8174908500074,997
2024-09-19 15:38:35.948,417.8441291716062,7
2024-09-19 15:38:36.107,417.8600600881582,100
2024-09-19 15:38:36.327,41.78618936655363,1005
2024-09-19 15:38:36.353,417.8771599646833,7
2024-09-19 15:38:36.366,417.8699513295397,99
2024-09-19 15:38:36.530,417.8813194708945,998
2024-09-19 15:38:36.633,417.8873170646325,103
2024-09-19 15:38:36.977,417.8467972813192,10
2024-09-19 15:38:37.007,417.8437032490365,99
2024-09-19 15:38:37.169,417.91404150946687,13
2024-09-19 15:38:37.188,,98
2024-09-19 15:38:37.253,417.8510967365938,5
2024-09-19 15:38:37.289,417.8996457949809,98
2024-09-19 15:38:37.338,417.86113571247387,98
2024-09-19 15:38:37.372,417.8955374863255,1002
2024-09-19 15:38:37.409,417.85478754793496,98
2024-09-19 15:38:37.440,417.8806971715293,99
2024-09-19 15:38:37.523,417.8935861752309,999
2024-09-19 15:38:37.531,417.8429766419067,996
2024-09-19 15:38:37.558,417.8467337750113,996
2024-09-19 15:38:37.573,417.8418376987044,1004
2024-09-19 15:38:37.594,417.86402433258,100
2024-09-19 15:38:37.629,417.9020286245107,96
2024-09-19 15:38:37.636,417.8435959518412,12
2024-09-19 15:38:37.638,417.85569105530425,995
2024-09-19 15:38:37.641,417.8673074757857,997
2024-09-19 15:38:37.656,417.8740633723474,96
2024-09-19 15:38:37.674,417.8570575159464,1003
2024-09-19 15:38:37.706,417.9172008491996,8
2024-09-19 15:38:37.708,417.9071092175289,11
2024-09-19 15:38:37.755,417.8914643026726,96
2024-09-19 15:38:37.805,417.8876443174922,102
2024-09-19 15:38:37.874,417.8672988110921,1001
2024-09-19 15:38:37.915,417.8546866274046,100
2024-09-19 15:38:38.026,417.8542381480097,1002
2024-09-19 15:38:38.040,417.8586143122707,999
2024-09-19 15:38:38.091,417.84624009751,12
2024-09-19 15:38:38.148,417.83721901050296,1003
2024-09-19 15:38:38.225,417.8412851900276,12
2024-09-19 15:38:38.272,417.83370971361217,102
2024-09-19 15:38:38.276,417.8378091062472,95
2024-09-19 15:38:38.295,417.8586337369759,97
2024-09-19 15:38:38.303,417.836983030436,6
2024-09-19 15:38:38.334,417.8540514021462,100
2024-09-19 15:38:38.470,417.87000121072526,15
2024-09-19 15:38:38.499,417.8544333030707,101
2024-09-19 15:38:38.500,417.8520524234908,10
2024-09-19 15:38:38.511,417.8405963582961,9
2024-09-19 15:38:38.528,417.8498446375693,102
2024-09-19 15:38:38.629,417.8697909128445,96
2024-09-19 15:38:38.638,417.8443855804345,14
2024-09-19 15:38:38.650,417.8426915398345,995
2024-09-19 15:38:38.679,417.8405730766135,104
2024-09-19 15:38:38.703,417.84812247357945,12
2024-09-19 15:38:38.714,417.8784129764,12
2024-09-19 15:38:38.799,417.8470220579064,1001
2024-09-19 15:38:38.809,417.834952833992,11
2024-09-19 15:38:38.835,417.86009964132654,9
2024-09-19 15:38:38.877,417.8517608757829,1002
2024-09-19 15:38:38.944,417.8642479323934,999
2024-09-19 15:38:38.963,417.8332441250136,102
2024-09-19 15:38:38.964,417.83461437477536,7
2024-09-19 15:38:38.971,417.8447227708463,1001
2024-09-19 15:38:39.004,417.9034786353415,7
2024-09-19 15:38:39.010,417.88092345798407,996
2024-09-19 15:38:39.015,417.8930658746917,999
2024-09-19 15:38:39.027,417.8988565176974,7
2024-09-19 15:38:39.042,417.8371761602916,11
2024-09-19 15:38:39.190,417.8097196382178,9
2024-09-19 15:38:39.217,417.8611545829289,1000
2024-09-19 15:38:39.237,417.8648316190856,1003
2024-09-19 15:38:39.258,417.8896856593156,100
2024-09-19 15:38:39.289,417.8657280733416,1001
2024-09-19 15:38:39.290,417.8138819716346,1003
2024-09-19 15:38:39.314,417.8167114735028,99
2024-09-19 15:38:39.324,417.8898663028529,15
2024-09-19 15:38:39.351,417.8461384178937,999
2024-09-19 15:38:39.391,-417.86611809613663,103
2024-09-19 15:38:39.475,417.8763974602867,8
2024-09-19 15:38:39.622,417.86933272637583,95
2024-09-19 15:38:39.629,417.8956218823939,100
2024-09-19 15:38:39.706,417.8651917016064,1005
2024-09-19 15:38:39.858,417.88986986975056,1005
2024-09-19 15:38:39.862,417.8891162376924,1005
2024-09-19 15:38:39.864,417.87626341471565,1002
2024-09-19 15:38:39.960,417.8806851879774,15
2024-09-19 15:38:39.965,417.8838964262609,103
2024-09-19 15:38:39.985,417.85346344846266,12
2024-09-19 15:38:40.073,417.9470371863604,104
2024-09-19 15:38:40.151,417.9515414805232,997
2024-09-19 15:38:40.200,417.9305771865359,95
2024-09-19 15:38:40.336,417.8789488592188,995
2024-09-19 15:38:40.492,417.8953313993995,13
2024-09-19 15:38:40.559,417.94774025914944,101
2024-09-19 15:38:40.610,417.9622957382256,999
2024-09-19 15:38:40.651,417.8939432993538,1003
2024-09-19 15:38:40.722,417.9037401494636,1003
2024-09-19 15:38:40.960,417.885507538354,996
2024-09-19 15:38:41.066,-417.9484625385209,997
2024-09-19 15:38:41.210,417.89063514549326,12
2024-09-19 15:38:41.381,417.94501684089926,1005
2024-09-19 15:38:41.416,417.9081582682445,11
2024-09-19 15:38:41.513,417.9182296993348,1005
2024-09-19 15:38:41.539,417.9573674323529,101
2024-09-19 15:38:41.815,41.79548339286168,102
2024-09-19 15:38:41.843,417.9661360337265,7
2024-09-19 15:38:41.947,417.9499998052358,101
2024-09-19 15:38:41.987,417.9287300309669,996
2024-09-19 15:38:42.075,417.9349774622272,105
2024-09-19 15:38:42.107,417.9527405508724,1000
2024-09-19 15:38:42.115,417.9033228838801,6
2024-09-19 15:38:42.116,417.9364696963797,15
2024-09-19 15:38:42.163,417.9268678242285,104
2024-09-19 15:38:42.232,417.96633581662326,1004
2024-09-19 15:38:42.297,417.941138142377,96
2024-09-19 15:38:42.352,417.9125206505915,104
2024-09-19 15:38:42.426,417.9210626460312,1003
2024-09-19 15:38:42.438,417.9286689783966,1002
2024-09-19 15:38:42.466,417.931612316867,1000
2024-09-19 15:38:42.568,417.9309592355624,95
2024-09-19 15:38:42.664,417.9359401654958,98
2024-09-19 15:38:42.697,417.947498037739,1004
2024-09-19 15:38:42.746,417.9554424810389,103
2024-09-19 15:38:42.780,417.93835405469065,996
2024-09-19 15:38:42.929,417.9477197460022,95
2024-09-19 15:38:42.935,417.921696305108,997
2024-09-19 15:38:42.959,417.9611507675666,6
2024-09-19 15:38:43.040,417.9369262708368,102
2024-09-19 15:38:43.225,417.96595034267256,1001
2024-09-19 15:38:43.229,417.9534893000042,95
2024-09-19 15:38:43.329,,996
2024-09-19 15:38:43.336,417.94662450783767,14
2024-09-19 15:38:43.492,417.9688306981847,8
2024-09-19 15:38:43.507,417.947014884187,1004
2024-09-19 15:38:43.569,417.97345601137545,5
2024-09-19 15:38:43.688,417.93793884334167,99
2024-09-19 15:38:43.762,417.92977351864346,98
2024-09-19 15:38:43.935,417.918137007441,997
2024-09-19 15:38:43.981,417.9559790528872,101
2024-09-19 15:38:44.034,417.9580577684727,997
2024-09-19 15:38:44.050,417.9125486278013,105
2024-09-19 15:38:44.105,417.91824640966064,1001
2024-09-19 15:38:44.305,417.9524624231887,995
2024-09-19 15:38:44.359,417.9069610161261,1001
2024-09-19 15:38:44.417,417.9537353900899,1004
2024-09-19 15:38:44.435,417.9242762942935,105
2024-09-19 15:38:44.472,417.90449703830507,13
2024-09-19 15:38:44.507,417.9174406526275,996
2024-09-19 15:38:44.664,417.9159807975425,99
2024-09-19 15:38:44.692,417.92637959910695,1004
2024-09-19 15:38:44.766,417.9014806403964,1004
2024-09-19 15:38:44.814,417.934674106049,7
2024-09-19 15:38:44.835,417.904448006173,96
2024-09-19 15:38:44.954,417.91021533606647,102
2024-09-19 15:38:45.709,417.9601553578215,6
2024-09-19 15:38:46.061,417.9702365803453,11
2024-09-19 15:38:46.215,417.9473655846557,1001
2024-09-19 15:38:46.524,417.96784745564656,104
2024-09-19 15:38:46.863,417.9645364940597,95
2024-09-19 15:38:46.987,417.96864013216606,12
2024-09-19 15:38:47.144,418.0325052198696,104
2024-09-19 15:38:47.163,418.0355975123522,997
2024-09-19 15:38:47.189,418.03868844787553,105
2024-09-19 15:38:47.197,418.03088753239183,12
2024-09-19 15:38:47.231,418.0124725331731,6
2024-09-19 15:38:47.315,417.98547559005726,10
2024-09-19 15:38:47.334,417.9744929142255,13
2024-09-19 15:38:47.410,417.9898084045638,5
2024-09-19 15:38:47.532,417.97319666064215,10
2024-09-19 15:38:47.728,418.0354676573813,1004
2024-09-19 15:38:47.754,418.0310197537262,15
2024-09-19 15:38:47.808,418.0111641867466,11
2024-09-19 15:38:47.875,418.0029794485962,999
2024-09-19 15:38:47.964,418.0305433273896,15
2024-09-19 15:38:47.997,417.9914268617498,1002
2024-09-19 15:38:48.162,418.0207622430704,1003
2024-09-19 15:38:48.237,418.0295584997991,7
2024-09-19 15:38:48.255,417.9782141583439,999
2024-09-19 15:38:48.317,418.0294780649987,997
2024-09-19 15:38:48.326,417.9825099066785,1002
2024-09-19 15:38:48.335,417.9836318015984,104
2024-09-19 15:38:48.337,417.98432983660337,96
2024-09-19 15:38:48.346,418.0202270134743,1002
2024-09-19 15:38:48.470,417.9959022332413,100
2024-09-19 15:38:48.489,418.016247221476,1002
2024-09-19 15:38:48.521,418.0109601381489,100
2024-09-19 15:38:48.572,417.97564534671767,100
2024-09-19 15:38:48.578,417.99774474037326,98
2024-09-19 15:38:48.754,418.0050091949339,999
2024-09-19 15:38:48.830,418.0353487637959,1001
2024-09-19 15:38:48.850,418.0256698963449,98
2024-09-19 15:38:48.870,417.9834198754491,15
2024-09-19 15:38:49.092,417.93825221458576,103
2024-09-19 15:38:49.189,417.950112236524,1001
2024-09-19 15:38:49.209,417.9725502654778,104
2024-09-19 15:38:49.234,417.9810005129352,9
2024-09-19 15:38:49.348,417.9275221206647,100
2024-09-19 15:38:49.354,417.9353523359122,100
2024-09-19 15:38:49.375,417.93765778974864,998
2024-09-19 15:38:49.465,417.95522888305646,11
2024-09-19 15:38:49.616,417.974843776077,101
2024-09-19 15:38:49.641,417.9833485581616,999
2024-09-19 15:38:49.718,417.9385857692795,6
2024-09-19 15:38:49.731,417.9658852009598,99
2024-09-19 15:38:49.773,417.94685816457934,100
2024-09-19 15:38:49.884,417.9709235062294,10
2024-09-19 15:38:49.910,417.9487252532566,96
2024-09-19 15:38:50.005,417.976747567245,101
2024-09-19 15:38:50.034,417.9784575214567,995
2024-09-19 15:38:50.114,417.9909213913343,12
2024-09-19 15:38:50.130,417.9828291023389,1004
2024-09-19 15:38:50.150,,1004
2024-09-19 15:38:50.204,417.9943050218973,1000
2024-09-19 15:38:50.205,417.9707626251453,996
2024-09-19 15:38:50.252,417.9887419494104,13
2024-09-19 15:38:50.275,417.9901690125154,999
2024-09-19 15:38:50.325,417.9811208107901,996
2024-09-19 15:38:50.330,417.9735668101228,1000
2024-09-19 15:38:50.383,417.9837207283091,95
2024-09-19 15:38:50.402,417.9748183285798,1001
2024-09-19 15:38:50.512,417.9679254745645,100
2024-09-19 15:38:51.038,418.0005824701148,103
2024-09-19 15:38:51.158,417.9895714998343,998
2024-09-19 15:38:51.197,418.008717088073,1004
2024-09-19 15:38:51.498,418.0143473458663,999
2024-09-19 15:38:51.571,418.00264106847726,105
2024-09-19 15:38:51.746,418.0006468684048,14
2024-09-19 15:38:52.152,418.0255290293118,7
2024-09-19 15:38:52.237,417.99830360143096,100
2024-09-19 15:38:52.240,418.0490004750623,8
2024-09-19 15:38:52.259,418.0076764246976,13
2024-09-19 15:38:52.300,418.0241538175496,996
2024-09-19 15:38:52.312,418.0071543689095,100
2024-09-19 15:38:52.318,418.0039714439749,99
2024-09-19 15:38:52.348,418.0477396269376,999
2024-09-19 15:38:52.406,417.9825634125317,11
2024-09-19 15:38:52.448,418.0558836421136,1005
2024-09-19 15:38:52.674,418.0323262531816,1001
2024-09-19 15:38:52.689,418.0344093947337,101
2024-09-19 15:38:52.870,418.0448667004746,97
2024-09-19 15:38:53.354,41.804527605688335,5
2024-09-19 15:38:53.361,418.028243416894,1003
2024-09-19 15:38:53.412,418.0350359264473,99
2024-09-19 15:38:53.468,418.0404832056525,95
2024-09-19 15:38:53.675,418.0377560724323,999
2024-09-19 15:38:53.913,418.0295438588076,1003
2024-09-19 15:38:54.041,418.0586734356288,96
2024-09-19 15:38:54.139,418.0378049458546,104
2024-09-19 15:38:54.573,418.05480232920166,7
2024-09-19 15:38:54.618,418.029011875292,1000
2024-09-19 15:38:54.808,418.0528674109496,996
2024-09-19 15:38:55.106,418.11442054066384,100
2024-09-19 15:38:55.412,418.0939720153373,997
2024-09-19 15:38:55.476,418.0749151788939,1003
2024-09-19 15:38:55.608,418.07641938095605,5
2024-09-19 15:38:55.774,418.0463510927218,9
2024-09-19 15:38:55.809,418.0960180319197,1005
2024-09-19 15:38:55.823,41.81007561728259,995
2024-09-19 15:38:55.833,418.0857484672941,102
2024-09-19 15:38:55.879,418.095649766825,998
2024-09-19 15:38:55.899,418.0410744180393,11
2024-09-19 15:38:55.922,418.0718782681016,103
2024-09-19 15:38:55.991,419.6925471102112,1001
2024-09-19 15:38:56.218,418.1168763543113,100
2024-09-19 15:38:57.077,418.1473339393745,10
2024-09-19 15:38:57.086,418.1513724138756,1001
2024-09-19 15:38:57.281,418.1509062981693,96
2024-09-19 15:38:57.318,418.1713632737225,998
2024-09-19 15:38:57.326,418.1398917423448,14
2024-09-19 15:38:57.356,418.1575021146232,95
2024-09-19 15:38:57.510,418.18146838735936,999
2024-09-19 15:38:57.615,418.14839412556097,104
2024-09-19 15:38:57.623,,100
2024-09-19 15:38:57.627,418.1688976337256,1001
2024-09-19 15:38:57.668,418.126101543496,6
2024-09-19 15:38:57.706,418.1481241374704,104
2024-09-19 15:38:57.714,418.14352249581634,96
2024-09-19 15:38:57.747,418.130208559049,105
2024-09-19 15:38:57.827,418.1565437753808,6
2024-09-19 15:38:57.852,418.1451212341395,8
2024-09-19 15:38:57.909,418.1384378225224,1005
2024-09-19 15:38:57.911,418.1503248203218,1004
2024-09-19 15:38:57.968,418.2143162930544,1004
2024-09-19 15:38:57.977,418.172531362676,997
2024-09-19 15:38:59.143,418.24873942208455,11
2024-09-19 15:38:59.153,418.31169433362425,1000
2024-09-19 15:38:59.297,418.3108334261007,9
2024-09-19 15:38:59.310,418.2876814454772,1003
2024-09-19 15:38:59.434,418.2939215753396,12
2024-09-19 15:38:59.438,418.2692367950977,999
2024-09-19 15:38:59.442,-418.34150662153326,15
2024-09-19 15:38:59.458,418.3166891979659,12
2024-09-19 15:38:59.492,418.3098910331018,96
2024-09-19 15:38:59.519,418.3194666244505,999
2024-09-19 15:38:59.592,418.30791455565753,102
2024-09-19 15:38:59.681,418.3165587652063,1001
2024-09-19 15:38:59.742,41.82847410985492,96
2024-09-19 15:38:59.776,418.2759517475361,101
2024-09-19 15:38:59.799,418.2545534476073,996
2024-09-19 15:38:59.822,418.3022910676574,997
2024-09-19 15:38:59.866,418.29390832103314,99
