Timestamp,Price,Size
2024-09-16 13:09:00.058,416.1275911763608,100
2024-09-16 13:09:00.115,416.127370125936,999
2024-09-16 13:09:00.209,416.0928037762779,1004
2024-09-16 13:09:00.217,416.0784961779372,998
2024-09-16 13:09:00.307,416.1046946282904,1005
2024-09-16 13:09:00.370,416.107511594358,1003
2024-09-16 13:09:00.373,416.0842690487247,104
2024-09-16 13:09:00.380,416.10852981499255,997
2024-09-16 13:09:00.423,416.0950956344467,6
2024-09-16 13:09:00.438,416.11003410280887,95
2024-09-16 13:09:00.467,416.1298044032707,10
2024-09-16 13:09:00.474,416.05180089416046,6
2024-09-16 13:09:00.720,416.0945847881616,103
2024-09-16 13:09:00.781,416.0484104296818,10
2024-09-16 13:09:00.817,416.1060723950594,999
2024-09-16 13:09:00.870,416.1273790029249,101
2024-09-16 13:09:00.891,416.0780340966423,995
2024-09-16 13:09:02.034,416.04044622736245,103
2024-09-16 13:09:02.123,416.05280749254433,1003
2024-09-16 13:09:02.506,416.0943011578214,12
2024-09-16 13:09:02.718,416.0786610329812,101
2024-09-16 13:09:02.912,416.057514980024,11
2024-09-16 13:09:02.916,416.06512124970175,11
2024-09-16 13:09:03.042,416.056923063112,14
2024-09-16 13:09:03.062,416.0935711480235,999
2024-09-16 13:09:03.087,416.0617682318692,999
2024-09-16 13:09:03.109,416.0659553574512,1001
2024-09-16 13:09:03.147,416.057014526099,98
2024-09-16 13:09:03.177,416.074628363083,5
2024-09-16 13:09:03.325,416.0648061326902,14
2024-09-16 13:09:03.375,416.0721661248681,97
2024-09-16 13:09:03.417,416.074490473176,10
2024-09-16 13:09:03.452,416.0870864062877,1002
2024-09-16 13:09:03.478,416.0999424822439,99
2024-09-16 13:09:03.499,416.0924423660861,998
2024-09-16 13:09:03.513,416.0511884539665,99
2024-09-16 13:09:03.726,416.0718037912022,12
2024-09-16 13:09:03.727,416.0533054312683,999
2024-09-16 13:09:03.772,416.0782936742363,104
2024-09-16 13:09:03.813,416.05339572640185,9
2024-09-16 13:09:03.822,416.07447970703225,6
2024-09-16 13:09:03.920,416.0449829217508,1001
2024-09-16 13:09:05.038,416.0637592793185,1005
2024-09-16 13:09:05.043,416.0589969576977,995
2024-09-16 13:09:05.149,416.0107251724934,1000
2024-09-16 13:09:05.165,416.0300954913271,12
2024-09-16 13:09:05.251,,103
2024-09-16 13:09:05.295,416.0519635650656,98
2024-09-16 13:09:05.462,416.04578866929006,999
2024-09-16 13:09:05.465,416.0471193809663,13
2024-09-16 13:09:05.565,416.0509660799884,101
2024-09-16 13:09:05.602,416.04405566782737,102
2024-09-16 13:09:05.627,416.06550896979405,97
2024-09-16 13:09:05.648,416.05841815062325,999
2024-09-16 13:09:05.760,416.0332134668249,6
2024-09-16 13:09:05.787,416.0441580361571,98
2024-09-16 13:09:06.174,415.9937755530437,13
2024-09-16 13:09:06.566,,996
2024-09-16 13:09:06.825,415.9993705104749,102
2024-09-16 13:09:07.084,416.0083052581173,995
2024-09-16 13:09:07.147,415.9667588901685,8
2024-09-16 13:09:07.152,415.9798518982645,12
2024-09-16 13:09:07.154,41.59800561304621,1001
2024-09-16 13:09:07.231,415.9501970409652,1003
2024-09-16 13:09:07.241,415.9760859898663,14
2024-09-16 13:09:07.267,416.0119031864629,104
2024-09-16 13:09:07.306,416.00558972793175,104
2024-09-16 13:09:07.335,416.00101482976913,999
2024-09-16 13:09:07.375,415.9750048940284,1005
2024-09-16 13:09:07.381,415.9805489893738,100
2024-09-16 13:09:07.425,416.0056658538288,99
2024-09-16 13:09:07.430,415.9898662735329,1005
2024-09-16 13:09:07.441,415.9851565626756,100
2024-09-16 13:09:07.495,415.99536252992937,1002
2024-09-16 13:09:07.497,415.9721018921337,15
2024-09-16 13:09:07.509,415.9350169466733,15
2024-09-16 13:09:07.604,415.9699545203612,8
2024-09-16 13:09:07.624,415.9433682868532,98
2024-09-16 13:09:07.629,415.9754368355808,1004
2024-09-16 13:09:07.664,415.9913968718658,11
2024-09-16 13:09:07.692,415.9494044814609,95
2024-09-16 13:09:07.750,415.9992251606982,7
2024-09-16 13:09:07.798,415.9997905223095,996
2024-09-16 13:09:07.810,415.9869656046847,10
2024-09-16 13:09:07.913,416.010145699672,96
2024-09-16 13:09:07.913,416.0176087339647,96
2024-09-16 13:09:08.066,416.0280346176172,998
2024-09-16 13:09:08.079,416.010225785305,104
2024-09-16 13:09:08.092,416.0324819918529,14
2024-09-16 13:09:08.099,-416.0008958628815,102
2024-09-16 13:09:08.109,,105
2024-09-16 13:09:08.138,416.0166255472124,105
2024-09-16 13:09:08.146,415.9641260921159,7
2024-09-16 13:09:08.190,415.9862749700155,6
2024-09-16 13:09:08.374,416.01050700527225,1005
2024-09-16 13:09:08.409,415.9909561254188,99
2024-09-16 13:09:08.421,416.03369797107376,99
2024-09-16 13:09:08.430,415.9827172922783,1004
2024-09-16 13:09:08.434,416.0270724195429,15
2024-09-16 13:09:08.434,416.0016942531432,1002
2024-09-16 13:09:08.445,415.98812781471946,1004
2024-09-16 13:09:08.452,416.0064115175918,1003
2024-09-16 13:09:08.552,416.006183560781,14
2024-09-16 13:09:08.583,416.0051654001312,14
2024-09-16 13:09:08.667,415.9851303567413,14
2024-09-16 13:09:08.671,415.9721974369046,95
2024-09-16 13:09:08.723,416.0318927543044,10
2024-09-16 13:09:08.730,415.972229126936,997
2024-09-16 13:09:08.821,415.98488255020897,1002
2024-09-16 13:09:08.837,415.9935172818332,5
2024-09-16 13:09:08.850,416.00432961448337,8
2024-09-16 13:09:08.970,415.98997712534174,104
2024-09-16 13:09:08.981,416.0037576554125,998
2024-09-16 13:09:09.026,416.1054783408285,997
2024-09-16 13:09:09.046,416.0620641008092,996
2024-09-16 13:09:09.058,416.0505964944506,1005
2024-09-16 13:09:09.070,416.043672813834,105
2024-09-16 13:09:09.131,416.1246500701821,996
2024-09-16 13:09:09.232,416.0599711172145,1003
2024-09-16 13:09:09.273,416.03930446810017,998
2024-09-16 13:09:09.323,416.0761064409757,98
2024-09-16 13:09:09.392,416.088085552775,995
2024-09-16 13:09:09.397,416.0639135436935,8
2024-09-16 13:09:09.407,416.1219483653094,102
2024-09-16 13:09:09.493,416.0668909475081,996
2024-09-16 13:09:09.608,416.039548676668,104
2024-09-16 13:09:09.620,416.0544641932174,7
2024-09-16 13:09:09.736,416.0708481501016,1005
2024-09-16 13:09:09.787,416.05218630253887,13
2024-09-16 13:09:09.799,416.04695464797055,995
2024-09-16 13:09:09.891,416.0510285417033,14
2024-09-16 13:09:09.978,416.0542303700652,102
2024-09-16 13:09:10.052,416.1491561686264,7
2024-09-16 13:09:10.066,416.1404140453756,13
2024-09-16 13:09:10.083,416.1576967263271,104
2024-09-16 13:09:10.090,416.1263933938081,999
2024-09-16 13:09:10.212,416.153760672044,998
2024-09-16 13:09:10.213,416.1391894320696,1003
2024-09-16 13:09:10.326,416.1547333998196,6
2024-09-16 13:09:10.375,416.1377276579557,98
2024-09-16 13:09:10.584,416.1680139626862,1004
2024-09-16 13:09:11.136,416.1392561695994,1001
2024-09-16 13:09:11.198,416.13895503058734,1000
2024-09-16 13:09:11.224,416.1430637124537,998
2024-09-16 13:09:11.249,416.1536573507025,1003
2024-09-16 13:09:11.251,416.1432902366426,102
2024-09-16 13:09:11.271,416.14184419132016,103
2024-09-16 13:09:11.281,416.151456653279,998
2024-09-16 13:09:11.314,416.151228943783,1005
2024-09-16 13:09:11.314,416.15814803609993,12
2024-09-16 13:09:11.379,416.1598232734542,98
2024-09-16 13:09:11.462,416.1420776200974,7
2024-09-16 13:09:11.531,416.14462563559607,998
2024-09-16 13:09:11.711,416.1385147796023,5
2024-09-16 13:09:11.763,416.16468500687023,11
2024-09-16 13:09:11.784,416.1633610164513,1003
2024-09-16 13:09:11.798,416.1250956190795,104
2024-09-16 13:09:11.807,416.1433853436544,1005
2024-09-16 13:09:11.845,416.137957130334,999
2024-09-16 13:09:11.868,416.1346726810221,995
2024-09-16 13:09:11.901,416.1391850416058,13
2024-09-16 13:09:11.956,416.1433854817236,999
2024-09-16 13:09:11.997,416.1473319468868,100
2024-09-16 13:09:12.433,416.12130222036,7
2024-09-16 13:09:12.478,416.1311155957158,1000
2024-09-16 13:09:12.491,416.1399565150525,11
2024-09-16 13:09:12.501,416.11259166841137,14
2024-09-16 13:09:12.730,416.1370720730414,1002
2024-09-16 13:09:12.878,416.1237899145101,97
2024-09-16 13:09:12.907,416.1492570317923,96
2024-09-16 13:09:12.958,416.14067911502815,13
2024-09-16 13:09:13.504,416.1480494814709,999
2024-09-16 13:09:14.054,416.2261865298278,95
2024-09-16 13:09:14.065,416.212180731472,10
2024-09-16 13:09:14.066,416.2303559633408,96
2024-09-16 13:09:14.105,416.1593303027871,104
2024-09-16 13:09:14.168,416.18075713637126,12
2024-09-16 13:09:14.263,416.1954756799785,1005
2024-09-16 13:09:14.264,416.1628294659271,9
2024-09-16 13:09:14.280,416.1740453387747,100
2024-09-16 13:09:14.349,416.1615526661786,995
2024-09-16 13:09:14.375,416.1806845069347,13
2024-09-16 13:09:14.388,416.1470461403841,102
2024-09-16 13:09:14.406,416.1995609066551,1000
2024-09-16 13:09:14.412,416.194354059135,95
2024-09-16 13:09:14.427,416.20841322230336,1001
2024-09-16 13:09:14.486,416.1724444539096,11
2024-09-16 13:09:14.509,416.225491739402,104
2024-09-16 13:09:14.520,416.232249083969,998
2024-09-16 13:09:14.581,416.1970703359932,12
2024-09-16 13:09:14.606,416.2032020356601,12
2024-09-16 13:09:14.670,416.1707971608352,11
2024-09-16 13:09:14.740,416.1392220310617,5
2024-09-16 13:09:14.745,416.1776078486529,15
2024-09-16 13:09:14.776,416.223311973552,10
2024-09-16 13:09:14.882,416.1494951489095,95
2024-09-16 13:09:14.981,416.17877440572977,7
2024-09-16 13:09:14.989,416.2055794883909,105
2024-09-16 13:09:15.075,416.1041306436346,13
2024-09-16 13:09:15.097,416.1377014909899,9
2024-09-16 13:09:15.154,416.141319351931,1003
2024-09-16 13:09:15.171,416.12025022411,10
2024-09-16 13:09:15.268,416.1420265684644,100
2024-09-16 13:09:15.333,416.14194826129255,103
2024-09-16 13:09:15.418,416.1407421501202,101
2024-09-16 13:09:15.489,416.1577058662932,12
2024-09-16 13:09:15.517,416.11195037395606,1005
2024-09-16 13:09:15.655,416.14661477106506,12
2024-09-16 13:09:15.731,416.1234640200771,1005
2024-09-16 13:09:15.791,416.1278196672836,103
2024-09-16 13:09:15.965,416.1537098464845,6
2024-09-16 13:09:16.079,416.15535910025903,13
2024-09-16 13:09:16.082,416.1753311880194,998
2024-09-16 13:09:16.147,416.12786997946426,99
2024-09-16 13:09:16.198,416.1310977742087,996
2024-09-16 13:09:16.443,416.1503639004097,1003
2024-09-16 13:09:16.464,416.1615717017589,1000
2024-09-16 13:09:16.475,416.1599728254373,997
2024-09-16 13:09:16.523,416.1292797965056,7
2024-09-16 13:09:16.556,416.1702104337055,995
2024-09-16 13:09:16.612,416.1285630667153,7
2024-09-16 13:09:16.621,416.1707165129326,999
2024-09-16 13:09:16.628,416.1334604850162,1005
2024-09-16 13:09:16.720,416.12003577677496,998
2024-09-16 13:09:16.749,416.1730641808349,7
2024-09-16 13:09:16.986,416.13810229252056,98
2024-09-16 13:09:18.032,416.1588002159034,1000
2024-09-16 13:09:19.217,416.12962024271656,103
2024-09-16 13:09:19.287,416.12202131024736,13
2024-09-16 13:09:19.355,416.1028254740464,98
2024-09-16 13:09:19.563,416.1466755499702,11
2024-09-16 13:09:19.909,416.1017973349327,104
2024-09-16 13:09:19.927,416.1440223865619,1004
2024-09-16 13:09:20.011,416.0636674759934,6
2024-09-16 13:09:20.019,416.1084132584013,95
2024-09-16 13:09:20.029,416.0989125416305,995
2024-09-16 13:09:20.053,416.0104350051018,1005
2024-09-16 13:09:20.098,416.0463284318604,6
2024-09-16 13:09:20.098,-416.0998942656225,11
2024-09-16 13:09:20.122,416.1204725342319,997
2024-09-16 13:09:20.132,416.1041540394998,104
2024-09-16 13:09:20.145,416.0070225315023,7
2024-09-16 13:09:20.161,416.1051188080181,95
2024-09-16 13:09:20.165,416.0118978761012,14
2024-09-16 13:09:20.179,415.986559757259,103
2024-09-16 13:09:20.267,416.004379224423,8
2024-09-16 13:09:20.289,416.1171248578474,1003
2024-09-16 13:09:20.291,416.0263859627506,104
2024-09-16 13:09:20.323,416.0594788139195,97
2024-09-16 13:09:20.337,416.0101756426733,101
2024-09-16 13:09:20.407,416.0954712657636,995
2024-09-16 13:09:20.540,416.0185024589629,1005
2024-09-16 13:09:20.569,416.0508233992048,995
2024-09-16 13:09:20.588,416.02897686165954,1002
2024-09-16 13:09:20.632,416.10697797006407,98
2024-09-16 13:09:20.763,416.1052981868086,101
2024-09-16 13:09:20.830,416.0883163453502,1002
2024-09-16 13:09:20.845,416.0394769097571,98
2024-09-16 13:09:20.931,416.0173913321796,1000
2024-09-16 13:09:20.984,416.0471672289217,13
2024-09-16 13:09:20.986,416.10714084969226,1000
2024-09-16 13:09:21.078,416.05487464635206,7
2024-09-16 13:09:21.081,416.0281730836976,104
2024-09-16 13:09:21.152,416.0454027705736,95
2024-09-16 13:09:21.159,416.03692106567934,7
2024-09-16 13:09:21.285,416.03886198840576,1000
2024-09-16 13:09:21.291,416.055074456824,7
2024-09-16 13:09:21.472,416.0561669045438,7
2024-09-16 13:09:21.479,416.0587721549647,999
2024-09-16 13:09:21.907,416.0234881508393,7
2024-09-16 13:09:22.042,416.0614611535584,1000
2024-09-16 13:09:22.114,416.04796864820304,1005
2024-09-16 13:09:22.159,416.0431713922608,95
2024-09-16 13:09:22.161,416.06843386968944,995
2024-09-16 13:09:22.174,416.0685433739103,101
2024-09-16 13:09:22.198,416.0649019643599,96
2024-09-16 13:09:22.210,416.0815985224954,103
2024-09-16 13:09:22.240,416.0745687477356,1004
2024-09-16 13:09:22.298,416.0832357581908,995
2024-09-16 13:09:22.341,416.0600215303518,96
2024-09-16 13:09:22.372,416.0719710615316,997
2024-09-16 13:09:22.399,416.0573230460191,95
2024-09-16 13:09:22.425,416.0499030693029,997
2024-09-16 13:09:22.515,416.0453172326256,14
2024-09-16 13:09:22.570,416.051642775726,996
2024-09-16 13:09:22.614,416.0645529393873,104
2024-09-16 13:09:22.636,416.0675569800251,10
2024-09-16 13:09:22.659,416.0903941703969,999
2024-09-16 13:09:22.845,416.0890286603434,10
2024-09-16 13:09:22.860,416.07538603974126,999
2024-09-16 13:09:23.049,416.12442575541706,999
2024-09-16 13:09:23.067,416.1282406633625,15
2024-09-16 13:09:23.112,416.1242449290891,12
2024-09-16 13:09:23.122,416.3005450546834,995
2024-09-16 13:09:23.159,416.2976567072001,5
2024-09-16 13:09:23.225,416.11710873702776,14
2024-09-16 13:09:23.233,416.139060501942,8
2024-09-16 13:09:23.238,416.2601349701651,99
2024-09-16 13:09:23.251,41.628416729177786,6
2024-09-16 13:09:23.376,416.1680915392224,8
2024-09-16 13:09:23.482,416.1221184542402,5
2024-09-16 13:09:23.493,416.2217833118133,10
2024-09-16 13:09:23.574,416.10858303970986,997
2024-09-16 13:09:23.587,416.2041396665458,6
2024-09-16 13:09:23.616,416.1933914646244,9
2024-09-16 13:09:23.741,416.22607709184905,1000
2024-09-16 13:09:23.760,416.2818717773311,15
2024-09-16 13:09:23.859,416.23386468088665,1002
2024-09-16 13:09:23.911,416.1425407670334,6
2024-09-16 13:09:25.086,416.27223006541846,8
2024-09-16 13:09:25.095,416.2918809184656,10
2024-09-16 13:09:25.282,416.2456094207661,996
2024-09-16 13:09:25.418,416.262119604085,997
2024-09-16 13:09:25.582,416.2420239519446,15
2024-09-16 13:09:25.618,416.22938074878886,1003
2024-09-16 13:09:25.663,416.2607770831312,104
2024-09-16 13:09:25.736,416.2575270992408,1000
2024-09-16 13:09:25.791,416.23425209717806,104
2024-09-16 13:09:25.823,416.2560578919646,1002
2024-09-16 13:09:25.860,416.2771869901916,13
2024-09-16 13:09:25.942,416.2904634357992,100
2024-09-16 13:09:27.241,416.1973140037715,12
2024-09-16 13:09:27.370,416.1995313229572,103
2024-09-16 13:09:27.502,416.2184375818843,104
2024-09-16 13:09:27.738,416.2065574453446,15
2024-09-16 13:09:28.050,416.1152529799127,998
2024-09-16 13:09:28.225,416.1940813589805,998
2024-09-16 13:09:28.261,416.1916721505878,1004
2024-09-16 13:09:28.266,416.2022800560342,996
2024-09-16 13:09:28.359,416.2111263161005,1005
2024-09-16 13:09:28.393,416.13237672202,1004
2024-09-16 13:09:28.482,416.1685818143949,10
2024-09-16 13:09:28.502,416.12390210021545,105
2024-09-16 13:09:28.549,416.1192916400023,1005
2024-09-16 13:09:28.638,416.11971511445495,103
2024-09-16 13:09:28.645,416.1276870274459,96
2024-09-16 13:09:28.736,416.2174953269983,103
2024-09-16 13:09:28.942,416.1466355828739,9
2024-09-16 13:09:28.983,416.173757654461,1004
2024-09-16 13:09:29.061,416.13007515202537,9
2024-09-16 13:09:29.063,416.1814277088517,104
2024-09-16 13:09:29.070,,996
2024-09-16 13:09:29.187,416.18903865027977,102
2024-09-16 13:09:29.200,416.15173610225855,5
2024-09-16 13:09:29.303,416.1383541009353,6
2024-09-16 13:09:29.384,416.1246082239,7
2024-09-16 13:09:29.402,416.1553789244799,96
2024-09-16 13:09:29.459,416.2021737604866,102
2024-09-16 13:09:29.580,416.13726590296415,95
2024-09-16 13:09:29.649,416.1189841966748,1005
2024-09-16 13:09:29.732,416.16167797692304,101
2024-09-16 13:09:29.763,416.1338661667653,104
2024-09-16 13:09:29.921,416.1535020135352,12
2024-09-16 13:09:30.018,416.2056643736529,96
2024-09-16 13:09:30.080,416.21185323572354,999
2024-09-16 13:09:30.082,416.2067805969654,104
2024-09-16 13:09:30.231,416.2063304953468,1005
2024-09-16 13:09:30.233,416.2115800392159,8
2024-09-16 13:09:30.423,416.1945142200021,15
2024-09-16 13:09:30.432,416.1950318193981,8
2024-09-16 13:09:30.455,416.2022056469354,97
2024-09-16 13:09:30.470,416.2191867690067,998
2024-09-16 13:09:30.500,416.20261435885976,998
2024-09-16 13:09:30.511,416.2135614296189,103
2024-09-16 13:09:30.565,416.1985160425886,1004
2024-09-16 13:09:30.672,416.2114671421158,13
2024-09-16 13:09:30.722,416.2062627585028,7
2024-09-16 13:09:30.791,416.2032413667929,998
2024-09-16 13:09:30.794,-416.20810578981445,5
2024-09-16 13:09:31.007,416.21801460764857,999
2024-09-16 13:09:31.048,416.1782431683001,103
2024-09-16 13:09:31.053,416.1809163026466,5
2024-09-16 13:09:31.053,416.19910963066553,1005
2024-09-16 13:09:31.078,416.2062629177434,7
2024-09-16 13:09:31.080,416.2094200830382,6
2024-09-16 13:09:31.105,416.1844916744931,95
2024-09-16 13:09:31.108,416.1987341009285,6
2024-09-16 13:09:31.122,416.17842590885135,5
2024-09-16 13:09:31.145,416.2098550532949,998
2024-09-16 13:09:31.149,416.1977792977341,13
2024-09-16 13:09:31.167,416.19735007103554,95
2024-09-16 13:09:31.329,416.1934907826028,14
2024-09-16 13:09:31.458,416.1955264234052,12
2024-09-16 13:09:31.507,416.1936106832355,1005
2024-09-16 13:09:31.514,416.1757412443449,97
2024-09-16 13:09:31.536,416.2183736711349,101
2024-09-16 13:09:31.600,416.23004167887547,6
2024-09-16 13:09:31.742,416.1896843996785,1004
2024-09-16 13:09:31.772,416.2267863996048,99
2024-09-16 13:09:31.793,416.2097916537405,101
2024-09-16 13:09:31.835,416.2043229294521,102
2024-09-16 13:09:31.850,416.2211198438396,1002
2024-09-16 13:09:31.885,416.2193275836178,11
2024-09-16 13:09:31.940,416.21397772988576,997
2024-09-16 13:09:32.059,416.2572181523649,101
2024-09-16 13:09:32.099,416.3100276865933,13
2024-09-16 13:09:32.158,416.2547590870359,97
2024-09-16 13:09:32.178,416.3068885329712,99
2024-09-16 13:09:32.187,416.28488085138974,1001
2024-09-16 13:09:32.197,416.2099702303981,15
2024-09-16 13:09:32.242,416.2222487801427,8
2024-09-16 13:09:32.242,416.2241703946945,13
2024-09-16 13:09:32.267,416.2406556728839,15
2024-09-16 13:09:32.294,416.3010517121134,6
2024-09-16 13:09:32.343,416.2276115595673,103
2024-09-16 13:09:32.359,416.2389854450431,105
2024-09-16 13:09:32.360,416.226297072814,999
2024-09-16 13:09:32.360,416.2503166530945,99
2024-09-16 13:09:32.392,416.2968977208786,98
2024-09-16 13:09:32.474,416.2426022030565,1002
2024-09-16 13:09:32.511,416.30448785139936,98
2024-09-16 13:09:32.602,416.257846253891,95
2024-09-16 13:09:32.639,416.2586596890944,100
2024-09-16 13:09:32.676,416.2243758838084,1002
2024-09-16 13:09:32.726,416.2299991060222,998
2024-09-16 13:09:32.784,,6
2024-09-16 13:09:32.805,416.2838838055742,12
2024-09-16 13:09:32.841,416.3068107753722,13
2024-09-16 13:09:32.878,416.2475223124479,10
2024-09-16 13:09:32.879,416.2023270660085,98
2024-09-16 13:09:32.920,416.2136068413095,98
2024-09-16 13:09:32.958,416.28993589760216,101
2024-09-16 13:09:32.977,416.2747979747722,8
2024-09-16 13:09:32.990,416.2466365531468,1001
2024-09-16 13:09:33.025,416.2147852768263,95
2024-09-16 13:09:33.148,416.2314544376695,11
2024-09-16 13:09:33.230,416.2219127263328,1003
2024-09-16 13:09:33.243,416.2069245182579,11
2024-09-16 13:09:33.278,416.24543781804783,95
2024-09-16 13:09:33.318,416.2428139224816,98
2024-09-16 13:09:33.320,416.2292987629541,1004
2024-09-16 13:09:33.335,416.2155368388244,1004
2024-09-16 13:09:33.341,416.2292229539286,7
2024-09-16 13:09:33.448,416.2284835773989,6
2024-09-16 13:09:33.529,416.2054292197728,95
2024-09-16 13:09:33.591,416.24686240980105,996
2024-09-16 13:09:33.643,416.21964477896375,1003
2024-09-16 13:09:33.696,416.21775896052895,98
2024-09-16 13:09:33.698,416.2514391772114,105
2024-09-16 13:09:33.700,416.1837930375571,1005
2024-09-16 13:09:33.801,416.2194930896545,8
2024-09-16 13:09:33.908,416.2378258978537,6
2024-09-16 13:09:33.913,416.2186458876287,15
2024-09-16 13:09:33.914,416.2186208149933,98
2024-09-16 13:09:33.922,416.1957114950358,9
2024-09-16 13:09:33.956,416.189869511353,97
2024-09-16 13:09:34.089,416.16257850097753,104
2024-09-16 13:09:34.172,416.1804038427617,998
2024-09-16 13:09:34.209,416.1741614326703,104
2024-09-16 13:09:34.214,416.1827636787987,1003
2024-09-16 13:09:34.232,416.16320623232906,98
2024-09-16 13:09:34.281,416.1613821334957,12
2024-09-16 13:09:34.294,416.170670202657,14
2024-09-16 13:09:34.489,416.1779746613104,10
2024-09-16 13:09:34.597,416.2005117857264,99
2024-09-16 13:09:34.605,416.179053391733,15
2024-09-16 13:09:34.616,416.1725869493895,996
2024-09-16 13:09:34.663,416.1804745105972,1003
2024-09-16 13:09:34.808,416.16001933395927,997
2024-09-16 13:09:34.951,416.1741488840849,14
2024-09-16 13:09:35.035,416.1832691414192,95
2024-09-16 13:09:35.170,416.2387097489603,95
2024-09-16 13:09:35.214,416.21297606134175,105
2024-09-16 13:09:35.230,416.21528307214095,14
2024-09-16 13:09:35.458,416.17460017267854,1000
2024-09-16 13:09:35.561,416.25255348913913,15
2024-09-16 13:09:35.635,416.1763932523121,102
2024-09-16 13:09:35.722,416.2455899348816,97
2024-09-16 13:09:35.758,416.199163167444,100
2024-09-16 13:09:35.784,416.1784043543923,15
2024-09-16 13:09:35.824,416.1928467749058,1000
2024-09-16 13:09:35.863,416.2143143599853,102
2024-09-16 13:09:36.125,416.2242672494062,995
2024-09-16 13:09:36.192,416.2666496654778,1001
2024-09-16 13:09:36.233,416.2260279317457,13
2024-09-16 13:09:36.398,416.269097838294,997
2024-09-16 13:09:36.445,416.2477714160611,1005
2024-09-16 13:09:36.464,416.2453383143234,998
2024-09-16 13:09:36.502,416.2523810828348,105
2024-09-16 13:09:36.528,416.2348061864528,1002
2024-09-16 13:09:36.690,416.27413170881806,95
2024-09-16 13:09:36.898,416.2453639305354,7
2024-09-16 13:09:37.004,416.2180188726375,1004
2024-09-16 13:09:37.028,416.2158191411906,13
2024-09-16 13:09:37.055,416.2157235150858,99
2024-09-16 13:09:37.058,416.21381320153125,101
2024-09-16 13:09:37.181,416.2086233490179,1002
2024-09-16 13:09:37.230,416.2129802507168,9
2024-09-16 13:09:37.264,416.2088520256924,12
2024-09-16 13:09:37.312,416.2024180395609,102
2024-09-16 13:09:37.584,416.2038291970646,995
2024-09-16 13:09:37.605,416.1888909836874,9
2024-09-16 13:09:37.707,416.1997086924185,15
2024-09-16 13:09:37.780,416.2050846266942,997
2024-09-16 13:09:37.805,416.1999819421799,100
2024-09-16 13:09:37.905,416.19161673834327,997
2024-09-16 13:09:38.007,416.1864097463945,9
2024-09-16 13:09:38.016,416.1743220620038,99
2024-09-16 13:09:38.056,-416.1469044730594,97
2024-09-16 13:09:38.101,416.1716783254403,1002
2024-09-16 13:09:38.115,416.16697654744286,101
2024-09-16 13:09:38.400,416.22969239053367,101
2024-09-16 13:09:38.415,416.174739232202,98
2024-09-16 13:09:38.421,416.12341530441006,1004
2024-09-16 13:09:38.516,416.187911049456,995
2024-09-16 13:09:38.550,416.13061955111976,11
2024-09-16 13:09:38.594,416.1472282881506,100
2024-09-16 13:09:38.610,416.2205379348023,10
2024-09-16 13:09:38.610,416.1981523100076,1002
2024-09-16 13:09:38.631,416.1958293341379,1002
2024-09-16 13:09:38.649,416.135651295405,1002
2024-09-16 13:09:38.951,416.13606971162295,1000
2024-09-16 13:09:39.610,416.1414997468768,10
2024-09-16 13:09:40.082,416.1530233191488,8
2024-09-16 13:09:40.088,416.2023079789528,7
2024-09-16 13:09:40.268,416.1707415150304,96
2024-09-16 13:09:40.301,416.192649348419,1005
2024-09-16 13:09:40.379,416.19375631683226,95
2024-09-16 13:09:40.451,416.1992735221127,96
2024-09-16 13:09:40.554,416.1680143314943,999
2024-09-16 13:09:40.728,416.2000071401411,104
2024-09-16 13:09:40.750,416.1785684004131,102
2024-09-16 13:09:40.912,416.1861162851413,99
2024-09-16 13:09:40.930,416.17764665377575,999
2024-09-16 13:09:40.932,416.1624509293493,996
2024-09-16 13:09:41.009,416.1495664588856,999
2024-09-16 13:09:41.015,41.616286430861926,999
2024-09-16 13:09:41.052,416.1707858495504,5
2024-09-16 13:09:41.136,416.1725989001704,9
2024-09-16 13:09:41.156,416.1470907035053,1004
2024-09-16 13:09:41.324,416.1606572875887,999
2024-09-16 13:09:41.403,416.14774115317874,14
2024-09-16 13:09:41.483,416.1613960440087,998
2024-09-16 13:09:41.542,416.1674899341973,105
2024-09-16 13:09:41.665,416.16111170067154,13
2024-09-16 13:09:41.688,416.16578082997694,96
2024-09-16 13:09:41.731,416.16851262042,1003
2024-09-16 13:09:41.923,416.1570246830248,102
2024-09-16 13:09:42.149,416.16552728599,9
2024-09-16 13:09:42.324,416.1772264390908,95
2024-09-16 13:09:42.348,416.1781972748318,1000
2024-09-16 13:09:42.388,416.1835640866758,15
2024-09-16 13:09:42.532,416.160834514845,1003
2024-09-16 13:09:42.636,416.17743294861344,995
2024-09-16 13:09:42.638,416.1661120856668,105
2024-09-16 13:09:42.654,416.18944176140747,999
2024-09-16 13:09:42.687,416.16327043312833,14
2024-09-16 13:09:42.986,416.1501322070448,6
2024-09-16 13:09:43.039,416.2310810155506,1000
2024-09-16 13:09:43.043,416.2412816353897,1003
2024-09-16 13:09:43.052,416.1924659882538,99
2024-09-16 13:09:43.138,416.20245283734937,995
2024-09-16 13:09:43.195,416.1814691524767,1005
2024-09-16 13:09:43.294,416.2423841947669,8
2024-09-16 13:09:43.364,416.2022584575117,99
2024-09-16 13:09:43.392,416.2243737640829,9
2024-09-16 13:09:43.395,416.2147992052448,100
2024-09-16 13:09:43.417,416.2133507803086,14
2024-09-16 13:09:43.425,416.19937037487625,13
2024-09-16 13:09:43.476,416.1911982645267,97
2024-09-16 13:09:43.571,416.2109550369937,9
2024-09-16 13:09:43.571,416.2306977144864,998
2024-09-16 13:09:43.581,416.20819108226766,9
2024-09-16 13:09:43.588,416.2224101240943,997
2024-09-16 13:09:43.610,416.20635361217234,1005
2024-09-16 13:09:43.618,416.2356536093632,5
2024-09-16 13:09:43.661,416.2228467855124,102
2024-09-16 13:09:43.727,416.2145782868877,999
2024-09-16 13:09:43.735,416.2227356485576,96
2024-09-16 13:09:43.741,416.2147087358106,8
2024-09-16 13:09:43.803,416.20925713043545,14
2024-09-16 13:09:43.842,416.17576967572296,99
2024-09-16 13:09:43.846,416.203384976849,995
2024-09-16 13:09:43.954,416.2156570683805,999
2024-09-16 13:09:43.973,416.1975679168386,6
2024-09-16 13:09:44.017,416.228155109735,1000
2024-09-16 13:09:44.020,416.2087674007556,1004
2024-09-16 13:09:44.030,416.20268488006434,998
2024-09-16 13:09:44.105,41.62085681390303,13
2024-09-16 13:09:44.264,416.215993427418,95
2024-09-16 13:09:44.272,416.2061723170607,11
2024-09-16 13:09:44.484,416.1981044806976,995
2024-09-16 13:09:44.599,416.2000392534058,6
2024-09-16 13:09:44.844,416.20212559854673,999
2024-09-16 13:09:45.844,416.1548363872467,97
2024-09-16 13:09:45.875,416.18072725383496,997
2024-09-16 13:09:46.058,416.1679100687024,995
2024-09-16 13:09:46.096,416.1976083911005,104
2024-09-16 13:09:46.197,416.2065706646973,998
2024-09-16 13:09:46.289,416.1841250291622,1002
2024-09-16 13:09:46.424,416.20372889372186,8
2024-09-16 13:09:46.437,416.2037275036824,11
2024-09-16 13:09:46.504,416.2300873625141,1000
2024-09-16 13:09:46.516,416.20133999348246,11
2024-09-16 13:09:46.593,416.2008870914068,97
2024-09-16 13:09:46.594,416.1843981317579,8
2024-09-16 13:09:46.638,416.1866572915779,1001
2024-09-16 13:09:46.730,416.17015943648266,104
2024-09-16 13:09:46.731,416.17994367997744,103
2024-09-16 13:09:46.748,416.1978755185703,1001
2024-09-16 13:09:46.758,416.1819056656194,1003
2024-09-16 13:09:46.762,416.1733669185634,104
2024-09-16 13:09:46.783,416.18640321865314,997
2024-09-16 13:09:46.791,416.1890162321241,1003
2024-09-16 13:09:46.793,416.2131502091579,8
2024-09-16 13:09:46.796,416.2086976027908,7
2024-09-16 13:09:46.857,416.187533455573,103
2024-09-16 13:09:46.873,416.2018606565712,1003
2024-09-16 13:09:46.889,416.1886061844671,13
2024-09-16 13:09:46.899,416.20165843019447,14
2024-09-16 13:09:46.928,416.2061972539648,1005
2024-09-16 13:09:46.956,416.2001191002002,103
2024-09-16 13:09:46.962,416.1825983829334,1005
2024-09-16 13:09:46.983,416.1812095565912,15
2024-09-16 13:09:47.060,416.1464822102136,101
2024-09-16 13:09:47.062,416.13151965922594,12
2024-09-16 13:09:47.068,416.1149315698372,10
2024-09-16 13:09:47.157,416.0710928451926,8
2024-09-16 13:09:47.196,416.08374535042265,96
2024-09-16 13:09:47.212,416.169215569636,5
2024-09-16 13:09:47.218,416.1383723940618,1005
2024-09-16 13:09:47.248,416.1243067937143,95
2024-09-16 13:09:47.269,416.0726179411812,995
2024-09-16 13:09:47.282,416.1441235125616,996
2024-09-16 13:09:47.295,416.12916029450304,99
2024-09-16 13:09:47.537,416.127557743324,100
2024-09-16 13:09:47.539,416.1175047526861,995
2024-09-16 13:09:47.634,416.08955539647536,104
2024-09-16 13:09:47.634,416.15394545711433,10
2024-09-16 13:09:47.654,41.61198852311254,1002
2024-09-16 13:09:47.657,416.1277195497325,6
2024-09-16 13:09:47.677,416.1277988317008,998
2024-09-16 13:09:47.729,416.1179142010687,5
2024-09-16 13:09:47.745,416.10492619511024,9
2024-09-16 13:09:47.804,416.1015201016509,13
2024-09-16 13:09:47.812,416.10370670999225,95
2024-09-16 13:09:47.837,416.1384022074255,999
2024-09-16 13:09:47.843,416.1048447969679,103
2024-09-16 13:09:47.920,416.135114146833,11
2024-09-16 13:09:47.978,416.12517641228726,99
2024-09-16 13:09:48.029,416.0818246891193,9
2024-09-16 13:09:48.056,416.06236511807737,96
2024-09-16 13:09:48.071,416.0583324575711,999
2024-09-16 13:09:48.102,416.0726998805964,105
2024-09-16 13:09:48.107,416.06037991188174,1000
2024-09-16 13:09:48.142,416.0888518402222,999
2024-09-16 13:09:48.161,416.0680538549924,7
2024-09-16 13:09:48.184,416.06587985869913,1003
2024-09-16 13:09:48.279,416.0960950428252,997
2024-09-16 13:09:48.283,416.08842522644943,7
2024-09-16 13:09:48.294,416.0461649580941,999
2024-09-16 13:09:48.323,416.0559331275393,96
2024-09-16 13:09:48.337,416.07773459733664,7
2024-09-16 13:09:48.349,416.0691780894575,99
2024-09-16 13:09:48.429,416.07042323696976,101
2024-09-16 13:09:48.485,416.09793234694575,10
2024-09-16 13:09:48.536,416.0439286052763,100
2024-09-16 13:09:48.585,416.0855452491984,996
2024-09-16 13:09:48.592,41.60229479132125,1001
2024-09-16 13:09:48.670,416.1134008222338,1004
2024-09-16 13:09:48.712,416.0713748460847,1005
2024-09-16 13:09:48.721,416.0780324294913,7
2024-09-16 13:09:48.872,416.0429226756255,1002
2024-09-16 13:09:48.943,416.0978595992089,1002
2024-09-16 13:09:48.945,416.0378268300349,95
2024-09-16 13:09:48.948,416.0896560472825,12
2024-09-16 13:09:48.971,416.0914718395637,97
2024-09-16 13:09:48.989,416.0944778751781,104
2024-09-16 13:09:49.041,415.9711149514591,99
2024-09-16 13:09:49.051,415.9608035884962,104
2024-09-16 13:09:49.083,415.9693974130285,1000
2024-09-16 13:09:49.088,416.01864413437465,1005
2024-09-16 13:09:49.103,416.00567409605327,9
2024-09-16 13:09:49.180,415.9899971151849,1001
2024-09-16 13:09:49.258,416.0155845644253,9
2024-09-16 13:09:49.312,415.99413668587175,12
2024-09-16 13:09:49.320,415.96797704783256,103
2024-09-16 13:09:49.379,415.9730205940047,999
2024-09-16 13:09:49.389,416.0100355267157,1004
2024-09-16 13:09:49.392,415.9983703851066,997
2024-09-16 13:09:49.514,416.02886684294026,13
2024-09-16 13:09:49.572,415.9543123055186,105
2024-09-16 13:09:49.603,416.0064443808573,14
2024-09-16 13:09:49.859,416.0170986425147,12
2024-09-16 13:09:50.071,416.0451235682216,105
2024-09-16 13:09:50.098,416.0768270997153,1000
2024-09-16 13:09:50.151,41.60617665703399,103
2024-09-16 13:09:50.353,416.00892980164906,6
2024-09-16 13:09:50.374,416.0187499384522,9
2024-09-16 13:09:50.437,416.0514377969629,101
2024-09-16 13:09:50.543,415.9853944724448,1003
2024-09-16 13:09:50.634,416.028023154978,105
2024-09-16 13:09:50.710,415.9993282825238,5
2024-09-16 13:09:50.805,416.0433503446719,100
2024-09-16 13:09:50.818,416.05215951284254,1002
2024-09-16 13:09:50.830,416.06656802665015,995
2024-09-16 13:09:50.923,416.0676547060818,105
2024-09-16 13:09:50.975,416.0697866250652,102
2024-09-16 13:09:51.257,416.063628895834,1004
2024-09-16 13:09:51.266,416.0552199974103,102
2024-09-16 13:09:51.352,416.0596787582978,102
2024-09-16 13:09:51.541,416.0558314256815,12
2024-09-16 13:09:51.623,416.0878626902023,999
2024-09-16 13:09:51.798,416.0699799962242,995
2024-09-16 13:09:51.836,416.05039006213616,995
2024-09-16 13:09:51.922,416.0581054768045,104
2024-09-16 13:09:52.293,416.13220140354247,97
2024-09-16 13:09:52.318,416.13635960126817,11
2024-09-16 13:09:52.455,416.12280452042495,995
2024-09-16 13:09:52.549,416.11870690308353,1000
2024-09-16 13:09:52.637,416.1270326091793,998
2024-09-16 13:09:52.813,416.0881433160823,999
2024-09-16 13:09:52.909,416.1072240258656,998
2024-09-16 13:09:52.967,416.12575243773097,995
2024-09-16 13:09:53.085,416.1275631075305,104
2024-09-16 13:09:53.119,416.1180191984805,14
2024-09-16 13:09:53.265,416.1224952234337,100
2024-09-16 13:09:53.720,416.1240346744384,999
2024-09-16 13:09:53.892,416.1244959490461,104
2024-09-16 13:09:53.972,416.11003015059305,12
2024-09-16 13:09:54.049,416.0314997144156,998
2024-09-16 13:09:54.079,416.0281926852068,102
2024-09-16 13:09:54.094,416.0922486962058,996
2024-09-16 13:09:54.168,-416.0758826841705,1000
2024-09-16 13:09:54.230,416.06653371646325,97
2024-09-16 13:09:54.281,-416.0334962246144,995
2024-09-16 13:09:54.313,416.0643840136453,95
2024-09-16 13:09:54.319,416.0420856157497,6
2024-09-16 13:09:54.354,-416.0347663327919,98
2024-09-16 13:09:54.372,416.0451142589915,996
2024-09-16 13:09:54.399,416.0394705966745,98
2024-09-16 13:09:54.408,416.0472487541549,99
2024-09-16 13:09:54.558,416.03028567278665,100
2024-09-16 13:09:54.598,416.0591196871247,96
2024-09-16 13:09:54.753,416.0684233865269,103
2024-09-16 13:09:54.842,41.6048035021404,14
2024-09-16 13:09:54.856,416.0823594118672,9
2024-09-16 13:09:54.868,416.0654041319114,9
2024-09-16 13:09:54.946,416.0786786976207,995
2024-09-16 13:09:54.946,416.0421000601136,1005
2024-09-16 13:09:55.057,416.10145816925,1005
2024-09-16 13:09:55.064,416.070798461381,997
2024-09-16 13:09:55.090,416.0830834849417,1005
2024-09-16 13:09:55.099,416.097566309741,104
2024-09-16 13:09:55.211,416.0843811508508,1003
2024-09-16 13:09:55.470,416.0613659573553,8
2024-09-16 13:09:55.480,416.0993752596679,997
2024-09-16 13:09:55.498,416.0478881692532,104
2024-09-16 13:09:55.615,416.0851415163112,999
2024-09-16 13:09:55.852,416.091089458757,100
2024-09-16 13:09:55.878,416.082892961255,997
2024-09-16 13:09:55.895,416.08407750288507,99
2024-09-16 13:09:56.095,415.9806556297973,1001
2024-09-16 13:09:56.107,415.9898988759075,1003
2024-09-16 13:09:56.124,415.9681595629946,1001
2024-09-16 13:09:56.146,416.0832964744468,8
2024-09-16 13:09:56.149,416.04649201007805,13
2024-09-16 13:09:56.175,416.0151144603659,1004
2024-09-16 13:09:56.207,416.0263823518293,15
2024-09-16 13:09:56.218,416.0644689605781,98
2024-09-16 13:09:56.224,416.0416817025453,103
2024-09-16 13:09:56.300,416.006777004381,105
2024-09-16 13:09:56.324,416.0448781271232,100
2024-09-16 13:09:56.362,416.0045001702957,995
2024-09-16 13:09:56.393,416.0269114230695,998
2024-09-16 13:09:56.428,416.0642635637834,104
2024-09-16 13:09:56.478,416.0136458322435,995
2024-09-16 13:09:56.491,416.0639201707516,13
2024-09-16 13:09:56.528,416.0614438395545,998
2024-09-16 13:09:56.531,416.0223211695874,15
2024-09-16 13:09:56.687,416.07941958910135,105
2024-09-16 13:09:56.704,416.0719400680172,11
2024-09-16 13:09:56.724,416.0121280294897,14
2024-09-16 13:09:56.725,41.598244332720014,1003
2024-09-16 13:09:56.744,416.010805942348,998
2024-09-16 13:09:56.749,416.0394951911429,100
2024-09-16 13:09:56.893,416.06903004827,12
2024-09-16 13:09:56.975,416.0185990431559,8
2024-09-16 13:09:57.078,416.052889349113,1003
2024-09-16 13:09:57.104,416.0703471725754,99
2024-09-16 13:09:57.140,416.06279903253744,1002
2024-09-16 13:09:57.167,416.03763227930256,96
2024-09-16 13:09:57.253,,15
2024-09-16 13:09:57.293,416.06355787243433,8
2024-09-16 13:09:57.297,416.0861674311914,101
2024-09-16 13:09:57.298,416.1024264629049,10
2024-09-16 13:09:57.332,416.10993189524766,12
2024-09-16 13:09:57.486,416.1208719182776,996
2024-09-16 13:09:57.501,416.0723864105438,9
2024-09-16 13:09:57.540,416.02422390679,98
2024-09-16 13:09:57.562,416.1276562743575,1005
2024-09-16 13:09:57.605,416.0743524901134,997
2024-09-16 13:09:57.729,416.0925959270964,10
2024-09-16 13:09:57.859,416.1141234622755,9
2024-09-16 13:09:57.997,416.103180823217,6
2024-09-16 13:09:58.266,416.0839276481005,14
2024-09-16 13:09:58.464,416.1029727239284,105
2024-09-16 13:09:58.516,416.0986734917228,98
2024-09-16 13:09:58.882,416.0968588194464,1005
2024-09-16 13:09:59.070,416.0645418667184,105
2024-09-16 13:09:59.086,416.0661433691264,10
2024-09-16 13:09:59.133,416.0706519344978,998
2024-09-16 13:09:59.869,416.061501190656,102
