Timestamp,Price,Size
2024-09-19 10:21:00.041,419.2856873907788,99
2024-09-19 10:21:00.052,419.2161994122588,1005
2024-09-19 10:21:00.144,419.3497279098111,1005
2024-09-19 10:21:00.160,419.2287340995975,97
2024-09-19 10:21:00.214,419.3079659881281,996
2024-09-19 10:21:00.301,419.3350152650036,999
2024-09-19 10:21:00.305,419.3520308763036,97
2024-09-19 10:21:00.418,419.3007016033076,15
2024-09-19 10:21:00.448,419.2529137753807,996
2024-09-19 10:21:00.477,419.3062291552481,7
2024-09-19 10:21:00.515,419.272029664054,100
2024-09-19 10:21:00.565,419.27877716507066,104
2024-09-19 10:21:00.578,419.26192870235457,103
2024-09-19 10:21:00.586,419.269514108747,96
2024-09-19 10:21:00.605,419.24963438127554,14
2024-09-19 10:21:00.621,419.2748375367445,1000
2024-09-19 10:21:00.635,419.2974394032294,6
2024-09-19 10:21:00.670,419.3234847768984,998
2024-09-19 10:21:00.727,419.3617897807105,1003
2024-09-19 10:21:00.732,419.2720155701492,97
2024-09-19 10:21:00.750,419.3067747280043,14
2024-09-19 10:21:00.776,419.2568645255835,12
2024-09-19 10:21:00.777,419.2759513386969,1002
2024-09-19 10:21:00.849,419.23570811917824,101
2024-09-19 10:21:00.858,419.2756801688571,998
2024-09-19 10:21:00.878,419.2801816669991,1005
2024-09-19 10:21:00.891,419.30740397501,995
2024-09-19 10:21:00.946,419.2924905152787,9
2024-09-19 10:21:00.980,419.2775433313706,97
2024-09-19 10:21:01.414,419.3088653189247,996
2024-09-19 10:21:01.783,419.305400610805,999
2024-09-19 10:21:02.005,419.2892493088845,100
2024-09-19 10:21:02.136,419.3064312402223,1002
2024-09-19 10:21:02.169,419.2713180307017,995
2024-09-19 10:21:02.324,419.2852988740394,8
2024-09-19 10:21:02.416,419.29256162663296,104
2024-09-19 10:21:02.429,419.295216086523,101
2024-09-19 10:21:02.511,419.2976857429812,5
2024-09-19 10:21:02.618,419.2966461550842,15
2024-09-19 10:21:02.719,419.28909720450577,1004
2024-09-19 10:21:02.849,419.2938464971299,998
2024-09-19 10:21:02.913,419.310022522256,5
2024-09-19 10:21:02.954,419.3140181755921,1002
2024-09-19 10:21:02.970,419.2934935145978,100
2024-09-19 10:21:02.977,419.2809806845192,98
2024-09-19 10:21:03.045,419.2940301377541,100
2024-09-19 10:21:03.158,419.2729512293124,7
2024-09-19 10:21:03.303,419.2896674359041,999
2024-09-19 10:21:03.361,419.2541377101294,101
2024-09-19 10:21:03.546,419.2548266703397,1005
2024-09-19 10:21:03.736,419.2897251413483,6
2024-09-19 10:21:03.789,419.2679351087831,5
2024-09-19 10:21:03.798,419.2611539140645,95
2024-09-19 10:21:03.901,419.2670186973966,98
2024-09-19 10:21:03.938,419.2721784555679,101
2024-09-19 10:21:03.944,419.2597510483574,5
2024-09-19 10:21:04.260,,15
2024-09-19 10:21:04.288,419.3163686107626,97
2024-09-19 10:21:04.291,419.2796004536313,12
2024-09-19 10:21:04.324,419.2958410987481,1002
2024-09-19 10:21:04.383,419.28776252686856,11
2024-09-19 10:21:04.528,419.2946897808511,14
2024-09-19 10:21:04.577,419.3217531352852,102
2024-09-19 10:21:04.656,419.3073023621007,1000
2024-09-19 10:21:04.663,419.32539633906407,11
2024-09-19 10:21:04.718,419.2993519514115,1003
2024-09-19 10:21:04.758,419.3110929739816,105
2024-09-19 10:21:04.760,419.3273342683288,11
2024-09-19 10:21:04.897,419.3202884667444,6
2024-09-19 10:21:05.015,419.3194889451537,1005
2024-09-19 10:21:06.090,419.3869881103411,102
2024-09-19 10:21:06.104,419.380436796806,101
2024-09-19 10:21:06.184,419.3766914114245,98
2024-09-19 10:21:06.243,419.39383855695337,100
2024-09-19 10:21:06.393,419.38338174360285,104
2024-09-19 10:21:06.411,419.3873004143341,1002
2024-09-19 10:21:06.552,419.36725916875776,5
2024-09-19 10:21:06.554,419.3878462343655,95
2024-09-19 10:21:06.664,419.3507634555547,997
2024-09-19 10:21:06.681,419.376967904375,6
2024-09-19 10:21:06.711,419.3779176332928,1005
2024-09-19 10:21:06.759,419.3938313890892,100
2024-09-19 10:21:06.763,41.93618664965044,13
2024-09-19 10:21:06.789,419.377085832546,100
2024-09-19 10:21:06.817,419.33163379998695,5
2024-09-19 10:21:06.880,419.3807478551457,1005
2024-09-19 10:21:06.983,419.3842129705428,12
2024-09-19 10:21:07.047,419.3764121974511,100
2024-09-19 10:21:07.051,419.375392885658,9
2024-09-19 10:21:07.061,419.3881896823658,5
2024-09-19 10:21:07.112,41.93894581161232,100
2024-09-19 10:21:07.112,419.4032917442905,1001
2024-09-19 10:21:07.126,419.40455586448405,7
2024-09-19 10:21:07.128,419.3970243109914,14
2024-09-19 10:21:07.185,419.3781734902535,98
2024-09-19 10:21:07.210,419.4177978072348,7
2024-09-19 10:21:07.241,419.3717297605755,995
2024-09-19 10:21:07.295,419.3782294247812,8
2024-09-19 10:21:07.311,419.4023664146517,97
2024-09-19 10:21:07.450,419.4073742738246,104
2024-09-19 10:21:07.507,419.3908801806901,95
2024-09-19 10:21:07.508,419.382492697222,10
2024-09-19 10:21:07.509,419.3770702112085,95
2024-09-19 10:21:07.555,419.3758044377839,104
2024-09-19 10:21:07.609,419.3684196067271,9
2024-09-19 10:21:07.619,419.3957846012624,995
2024-09-19 10:21:07.672,419.4085669993487,998
2024-09-19 10:21:07.735,419.3738844980555,1000
2024-09-19 10:21:07.827,419.3889477239494,15
2024-09-19 10:21:07.855,419.39466107089095,97
2024-09-19 10:21:07.856,419.3988268400088,14
2024-09-19 10:21:07.927,419.3876384675108,11
2024-09-19 10:21:07.938,419.4053530868345,7
2024-09-19 10:21:07.948,419.37877119146987,1005
2024-09-19 10:21:07.958,419.3706331227041,1005
2024-09-19 10:21:07.987,419.3839593331007,104
2024-09-19 10:21:08.120,419.3463177402507,9
2024-09-19 10:21:08.138,419.3504646448585,9
2024-09-19 10:21:08.162,419.337344034237,1000
2024-09-19 10:21:08.175,419.3427165586374,9
2024-09-19 10:21:08.385,419.3504848016596,8
2024-09-19 10:21:08.572,419.3449111972608,997
2024-09-19 10:21:09.251,419.3345033475965,11
2024-09-19 10:21:09.303,419.3553841503934,995
2024-09-19 10:21:09.396,419.3597227982995,102
2024-09-19 10:21:09.421,419.3375351704029,6
2024-09-19 10:21:10.008,419.316331250323,1002
2024-09-19 10:21:10.176,419.3337950512076,98
2024-09-19 10:21:10.268,419.3044220211843,105
2024-09-19 10:21:10.487,419.3058664076107,98
2024-09-19 10:21:10.507,419.308876662448,13
2024-09-19 10:21:10.522,419.3191957341828,6
2024-09-19 10:21:10.550,419.3068420957451,995
2024-09-19 10:21:10.592,419.3370510785483,15
2024-09-19 10:21:10.611,419.306694616695,10
2024-09-19 10:21:10.627,419.3120372079347,10
2024-09-19 10:21:10.666,419.3125983295436,102
2024-09-19 10:21:11.004,419.3412122898224,98
2024-09-19 10:21:11.059,419.3436557368628,996
2024-09-19 10:21:11.149,41.93446381953714,11
2024-09-19 10:21:11.171,419.3462246048388,15
2024-09-19 10:21:11.175,419.3198651250058,15
2024-09-19 10:21:11.231,419.3056668692548,9
2024-09-19 10:21:11.264,419.37074933387015,100
2024-09-19 10:21:11.274,419.32421917138544,1001
2024-09-19 10:21:11.288,419.3359702695215,14
2024-09-19 10:21:11.301,419.3905999988917,95
2024-09-19 10:21:11.429,419.3321509472019,95
2024-09-19 10:21:11.436,419.344917807371,11
2024-09-19 10:21:11.444,419.33384862162336,99
2024-09-19 10:21:11.504,419.3588271101821,97
2024-09-19 10:21:11.524,419.36437200719,11
2024-09-19 10:21:11.565,419.2891383506875,999
2024-09-19 10:21:11.690,419.38550960523975,998
2024-09-19 10:21:11.718,419.2957146212046,103
2024-09-19 10:21:11.731,419.3554381670696,996
2024-09-19 10:21:11.731,419.3587999261292,6
2024-09-19 10:21:11.806,419.3431774143792,10
2024-09-19 10:21:11.859,419.3560874894117,15
2024-09-19 10:21:11.888,419.359183787077,6
2024-09-19 10:21:11.908,419.3364164895751,13
2024-09-19 10:21:12.036,419.2920627993939,998
2024-09-19 10:21:12.076,419.3070686291022,101
2024-09-19 10:21:12.086,419.3359408835209,998
2024-09-19 10:21:12.114,41.93424096780943,12
2024-09-19 10:21:12.149,419.3264984554832,101
2024-09-19 10:21:12.175,419.31632527320033,101
2024-09-19 10:21:12.178,419.2884688416203,11
2024-09-19 10:21:12.277,419.3282248685328,1005
2024-09-19 10:21:12.326,419.30343854106087,101
2024-09-19 10:21:12.402,419.3388283809573,5
2024-09-19 10:21:12.420,419.3504867554505,14
2024-09-19 10:21:12.654,419.3522295749976,11
2024-09-19 10:21:12.784,419.36033592893926,95
2024-09-19 10:21:12.790,419.3783202234394,1002
2024-09-19 10:21:12.869,419.31778601136176,997
2024-09-19 10:21:12.880,419.2867052943407,1005
2024-09-19 10:21:13.265,419.371574020967,1000
2024-09-19 10:21:13.313,419.35110765525087,995
2024-09-19 10:21:13.392,419.3604579707091,1005
2024-09-19 10:21:13.414,419.35925882744976,1001
2024-09-19 10:21:13.459,419.3768174033731,102
2024-09-19 10:21:13.808,419.344294174154,1005
2024-09-19 10:21:13.815,419.3905150981742,995
2024-09-19 10:21:13.822,419.3492597043332,996
2024-09-19 10:21:13.883,419.3552642460861,5
2024-09-19 10:21:13.950,419.3512811812813,998
2024-09-19 10:21:13.968,419.3789262322505,13
2024-09-19 10:21:14.024,419.4028933967455,6
2024-09-19 10:21:14.082,419.4088814097608,9
2024-09-19 10:21:14.143,419.3594892090845,15
2024-09-19 10:21:14.237,419.3876012713457,1000
2024-09-19 10:21:14.238,419.3690743254642,12
2024-09-19 10:21:14.246,419.34731831616295,13
2024-09-19 10:21:14.287,419.37058856112935,105
2024-09-19 10:21:14.289,419.39147537514793,101
2024-09-19 10:21:14.314,419.4118822516233,996
2024-09-19 10:21:14.504,419.37054634974265,9
2024-09-19 10:21:14.519,419.3621284052044,14
2024-09-19 10:21:14.625,419.4019994857365,9
2024-09-19 10:21:14.649,419.4025691903465,105
2024-09-19 10:21:14.675,419.3545528608673,11
2024-09-19 10:21:14.691,419.399698932688,97
2024-09-19 10:21:14.699,419.342330902406,104
2024-09-19 10:21:14.714,419.3599713268935,1000
2024-09-19 10:21:14.820,419.3866351502661,7
2024-09-19 10:21:15.070,419.36648627439087,999
2024-09-19 10:21:15.116,419.3127058010298,104
2024-09-19 10:21:15.162,419.3622529004002,997
2024-09-19 10:21:15.177,419.3564090678067,1002
2024-09-19 10:21:15.211,419.340070351478,103
2024-09-19 10:21:15.229,419.3603278938151,15
2024-09-19 10:21:15.245,419.35798240458354,104
2024-09-19 10:21:15.280,419.3512228192519,1005
2024-09-19 10:21:15.307,419.3115988601017,1002
2024-09-19 10:21:15.318,419.3205256009797,1003
2024-09-19 10:21:15.334,419.307782158869,105
2024-09-19 10:21:15.339,419.3590486935734,98
2024-09-19 10:21:15.403,419.35856672090046,103
2024-09-19 10:21:15.456,419.3728157108282,1004
2024-09-19 10:21:15.517,419.3384840389635,1004
2024-09-19 10:21:15.520,419.3831791499789,9
2024-09-19 10:21:15.579,419.3701358681655,1001
2024-09-19 10:21:15.585,419.3495027123026,1002
2024-09-19 10:21:15.620,41.93404967936237,6
2024-09-19 10:21:15.707,419.3308884135602,1004
2024-09-19 10:21:15.794,419.3342495667612,1005
2024-09-19 10:21:15.833,419.3508083904038,99
2024-09-19 10:21:15.835,419.3464934376466,996
2024-09-19 10:21:15.841,419.3126747715388,12
2024-09-19 10:21:15.844,419.3355791874064,998
2024-09-19 10:21:15.873,419.3653646223864,1002
2024-09-19 10:21:15.882,419.3418576238788,96
2024-09-19 10:21:15.956,419.3211960963512,13
2024-09-19 10:21:15.971,419.3529797785018,996
2024-09-19 10:21:15.982,419.323422936824,5
2024-09-19 10:21:16.002,419.3836230730697,100
2024-09-19 10:21:16.116,419.3948305358853,101
2024-09-19 10:21:16.169,419.3805483386319,12
2024-09-19 10:21:16.202,419.3915760090413,1001
2024-09-19 10:21:16.279,419.4149992068425,8
2024-09-19 10:21:16.324,,103
2024-09-19 10:21:16.472,419.36867398806623,95
2024-09-19 10:21:16.770,419.3955636434752,999
2024-09-19 10:21:16.808,419.3955707406572,101
2024-09-19 10:21:16.838,419.40517428455394,10
2024-09-19 10:21:18.104,419.4476607391147,1000
2024-09-19 10:21:18.258,419.4238547647707,5
2024-09-19 10:21:18.629,419.43950021669184,1003
2024-09-19 10:21:18.771,,105
2024-09-19 10:21:18.828,419.4151220663928,98
2024-09-19 10:21:18.831,419.4379042992399,997
2024-09-19 10:21:18.969,419.3968193536121,998
2024-09-19 10:21:18.976,419.40280192273366,997
2024-09-19 10:21:19.129,419.4164808111536,101
2024-09-19 10:21:19.222,419.4299082081227,104
2024-09-19 10:21:19.233,419.3988822646288,997
2024-09-19 10:21:19.376,419.4221166994931,95
2024-09-19 10:21:19.376,419.4137261893342,999
2024-09-19 10:21:19.654,419.4046477785277,103
2024-09-19 10:21:19.716,419.419665088681,5
2024-09-19 10:21:20.203,419.4059189934002,1004
2024-09-19 10:21:20.225,419.4146444491292,995
2024-09-19 10:21:20.320,419.4235740282832,1000
2024-09-19 10:21:20.379,419.4211281910203,1004
2024-09-19 10:21:20.411,419.4353988099507,6
2024-09-19 10:21:20.500,419.44403284815,1003
2024-09-19 10:21:20.516,419.4394025702325,5
2024-09-19 10:21:20.652,419.42139614051473,7
2024-09-19 10:21:20.666,419.42509815177954,9
2024-09-19 10:21:20.701,419.4239916464082,12
2024-09-19 10:21:20.815,-419.4341911640128,996
2024-09-19 10:21:20.875,419.411347488284,11
2024-09-19 10:21:20.918,419.42237231413833,14
2024-09-19 10:21:21.367,419.4392745626524,996
2024-09-19 10:21:21.712,419.4410390796828,998
2024-09-19 10:21:21.886,419.4317718035156,996
2024-09-19 10:21:22.003,419.4626922445211,101
2024-09-19 10:21:22.037,419.413291292408,12
2024-09-19 10:21:22.189,419.3665628524649,6
2024-09-19 10:21:22.236,419.4647299476224,995
2024-09-19 10:21:22.263,419.46005933015095,997
2024-09-19 10:21:22.288,419.3799107254456,103
2024-09-19 10:21:22.341,419.3740971511272,15
2024-09-19 10:21:22.346,419.4808813278845,9
2024-09-19 10:21:22.357,-419.3684968481171,101
2024-09-19 10:21:22.371,419.4667783443282,104
2024-09-19 10:21:22.383,419.33765614319367,995
2024-09-19 10:21:22.435,419.44882283628334,14
2024-09-19 10:21:22.489,419.4269952399079,998
2024-09-19 10:21:22.495,419.4481232243575,103
2024-09-19 10:21:22.495,419.3602344996032,15
2024-09-19 10:21:22.512,419.401539543698,997
2024-09-19 10:21:22.514,419.4595865174933,15
2024-09-19 10:21:22.544,419.4672074227449,98
2024-09-19 10:21:22.549,419.36098300924016,15
2024-09-19 10:21:22.612,419.3441897810279,1003
2024-09-19 10:21:22.614,419.3556580440063,998
2024-09-19 10:21:22.661,419.3413809769822,105
2024-09-19 10:21:22.672,419.37364379416624,103
2024-09-19 10:21:22.724,419.35942859759774,1003
2024-09-19 10:21:22.738,419.38989623245504,1001
2024-09-19 10:21:22.743,419.3470779988107,98
2024-09-19 10:21:22.773,419.3745990125416,10
2024-09-19 10:21:22.799,419.3518886850341,9
2024-09-19 10:21:22.857,419.3545412014058,1003
2024-09-19 10:21:22.884,419.40660400526326,99
2024-09-19 10:21:23.120,419.40372677150606,96
2024-09-19 10:21:23.123,419.4282691575976,1001
2024-09-19 10:21:23.153,419.4234323517959,1003
2024-09-19 10:21:23.193,419.4220093493284,1005
2024-09-19 10:21:23.301,419.42246264545486,1005
2024-09-19 10:21:23.319,419.4086922292683,96
2024-09-19 10:21:23.416,419.4246343501731,104
2024-09-19 10:21:23.441,419.4093546829376,103
2024-09-19 10:21:23.591,419.3797737430924,6
2024-09-19 10:21:23.987,419.3914439555522,97
2024-09-19 10:21:24.025,419.4184082782529,12
2024-09-19 10:21:24.032,419.4116277693623,997
2024-09-19 10:21:24.177,419.4067684455607,12
2024-09-19 10:21:24.308,419.4481165087784,99
2024-09-19 10:21:24.418,419.4464896507343,101
2024-09-19 10:21:24.448,419.4238915435186,995
2024-09-19 10:21:24.644,419.4194310789691,996
2024-09-19 10:21:24.740,,1004
2024-09-19 10:21:24.741,419.3974871170658,101
2024-09-19 10:21:24.765,419.4217349355842,10
2024-09-19 10:21:24.766,419.4426008221599,9
2024-09-19 10:21:24.820,419.4134190067359,13
2024-09-19 10:21:24.825,419.4319985491504,8
2024-09-19 10:21:24.834,419.4272113868066,997
2024-09-19 10:21:24.869,419.4078130635556,10
2024-09-19 10:21:24.956,419.4115299837144,996
2024-09-19 10:21:25.021,419.3942899830474,12
2024-09-19 10:21:25.093,419.39312180884025,1000
2024-09-19 10:21:25.104,419.414966303964,10
2024-09-19 10:21:25.150,419.413447551512,13
2024-09-19 10:21:25.170,419.3933201999844,995
2024-09-19 10:21:25.342,419.3909739375176,997
2024-09-19 10:21:25.462,419.4176827111787,103
2024-09-19 10:21:25.570,419.39930770002377,13
2024-09-19 10:21:25.581,419.3941290740212,995
2024-09-19 10:21:25.590,419.4205251794745,102
2024-09-19 10:21:25.611,419.4060665200593,96
2024-09-19 10:21:25.641,419.4050591181585,996
2024-09-19 10:21:25.643,419.4111254910444,11
2024-09-19 10:21:25.680,419.4100701574082,999
2024-09-19 10:21:25.721,419.4185214943104,1000
2024-09-19 10:21:25.743,419.3890978360431,1005
2024-09-19 10:21:25.758,419.3734618270256,99
2024-09-19 10:21:25.762,419.3818111722355,15
2024-09-19 10:21:25.795,419.3876261167363,1005
2024-09-19 10:21:25.807,419.3988230467971,96
2024-09-19 10:21:25.821,419.3838952613665,6
2024-09-19 10:21:25.834,419.3784941913693,8
2024-09-19 10:21:25.853,419.3693908432061,105
2024-09-19 10:21:25.871,419.4255053912555,998
2024-09-19 10:21:25.914,419.398207938918,15
2024-09-19 10:21:26.044,419.4134825423878,98
2024-09-19 10:21:26.119,419.3927538130168,995
2024-09-19 10:21:26.126,419.3824750106264,6
2024-09-19 10:21:26.849,419.3878317040997,1004
2024-09-19 10:21:26.889,419.4038821650116,996
2024-09-19 10:21:26.896,419.4085511958745,100
2024-09-19 10:21:27.073,419.3786990406009,98
2024-09-19 10:21:27.098,419.3761676228838,7
2024-09-19 10:21:27.108,419.3730198759706,13
2024-09-19 10:21:27.130,419.3753422508378,10
2024-09-19 10:21:27.143,419.38250798919313,14
2024-09-19 10:21:27.178,,10
2024-09-19 10:21:27.216,419.39027215106415,102
2024-09-19 10:21:27.255,419.3755510708728,8
2024-09-19 10:21:27.272,419.3740123265287,1005
2024-09-19 10:21:27.370,419.3667345688952,1004
2024-09-19 10:21:27.607,419.38161273614674,5
2024-09-19 10:21:27.620,419.389213063826,100
2024-09-19 10:21:27.770,419.3999258761212,998
2024-09-19 10:21:27.782,419.4059906635746,1005
2024-09-19 10:21:27.790,419.3552252393848,996
2024-09-19 10:21:27.793,419.3863392994978,8
2024-09-19 10:21:27.844,419.41169024156966,11
2024-09-19 10:21:27.881,419.3892767067704,98
2024-09-19 10:21:27.992,419.3826168307176,1003
2024-09-19 10:21:29.017,419.3761112100616,1001
2024-09-19 10:21:29.032,419.357007464914,99
2024-09-19 10:21:29.046,419.3374510313686,1005
2024-09-19 10:21:29.061,419.38004360951305,12
2024-09-19 10:21:29.064,419.3630033615433,1004
2024-09-19 10:21:29.094,419.4025085975924,99
2024-09-19 10:21:29.101,419.3591545763994,1000
2024-09-19 10:21:29.222,419.3710700686144,1001
2024-09-19 10:21:29.284,419.3472078954934,11
2024-09-19 10:21:29.287,419.368686335414,96
2024-09-19 10:21:29.356,419.41880688028544,97
2024-09-19 10:21:29.374,419.3707349490664,98
2024-09-19 10:21:29.386,419.3416683874452,1004
2024-09-19 10:21:29.407,419.379300159998,996
2024-09-19 10:21:29.416,419.3451717846336,995
2024-09-19 10:21:29.483,419.3591158484424,11
2024-09-19 10:21:29.516,419.40581456654826,998
2024-09-19 10:21:29.540,419.364470221912,14
2024-09-19 10:21:29.582,419.3393667312709,1002
2024-09-19 10:21:29.618,419.35304667912345,7
2024-09-19 10:21:29.667,419.3679841979708,9
2024-09-19 10:21:29.716,419.3598856973472,8
2024-09-19 10:21:29.725,419.3407734815582,102
2024-09-19 10:21:29.736,419.3388839452249,95
2024-09-19 10:21:29.805,419.3740969272316,98
2024-09-19 10:21:29.806,419.3429731596619,1002
2024-09-19 10:21:29.893,419.3448686622689,995
2024-09-19 10:21:29.894,419.3841982151123,104
2024-09-19 10:21:29.974,419.3882142055959,997
2024-09-19 10:21:30.049,419.3000546634698,6
2024-09-19 10:21:30.053,419.332166057117,12
2024-09-19 10:21:30.101,419.3147337289303,15
2024-09-19 10:21:30.102,419.3299792239112,1005
2024-09-19 10:21:30.203,419.29917877916654,10
2024-09-19 10:21:30.243,419.30701942039474,9
2024-09-19 10:21:30.277,419.2898114708941,15
2024-09-19 10:21:30.369,419.3312845683268,100
2024-09-19 10:21:30.422,419.2822087608998,1001
2024-09-19 10:21:30.486,419.3144356512513,1001
2024-09-19 10:21:30.659,419.3403435216183,102
2024-09-19 10:21:30.676,419.3044747951375,995
2024-09-19 10:21:30.739,419.32391543798906,104
2024-09-19 10:21:30.741,419.33430278819066,1005
2024-09-19 10:21:30.896,419.3302026341532,105
2024-09-19 10:21:30.932,419.3352704506818,1004
2024-09-19 10:21:30.954,419.3358643531682,11
2024-09-19 10:21:31.060,419.31065643225566,14
2024-09-19 10:21:31.134,419.2915683945803,103
2024-09-19 10:21:31.137,419.3367425265079,11
2024-09-19 10:21:31.200,419.3092529585701,1000
2024-09-19 10:21:31.213,419.3219906993925,1001
2024-09-19 10:21:31.226,419.3447877261755,995
2024-09-19 10:21:31.332,419.3350891836706,15
2024-09-19 10:21:31.342,419.346363747332,99
2024-09-19 10:21:31.360,419.3301008790309,995
2024-09-19 10:21:31.387,419.37961559214506,8
2024-09-19 10:21:31.399,419.3282846858034,102
2024-09-19 10:21:31.429,419.3610977443457,996
2024-09-19 10:21:31.447,419.3524852479654,1000
2024-09-19 10:21:31.510,419.3573941220851,97
2024-09-19 10:21:31.572,419.3063789679704,1002
2024-09-19 10:21:31.610,419.37201005355166,98
2024-09-19 10:21:31.617,419.32571291510266,99
2024-09-19 10:21:31.620,419.3422733011757,98
2024-09-19 10:21:31.632,419.3432272829859,1003
2024-09-19 10:21:31.845,419.3636201597325,99
2024-09-19 10:21:31.864,419.3581364306871,7
2024-09-19 10:21:31.878,419.3205269071504,1003
2024-09-19 10:21:31.882,419.3746651002683,104
2024-09-19 10:21:31.903,419.33609691171085,99
2024-09-19 10:21:31.922,419.3903798076949,997
2024-09-19 10:21:31.936,419.3456181405082,100
2024-09-19 10:21:31.942,419.33450445805664,996
2024-09-19 10:21:31.954,419.3817819789908,999
2024-09-19 10:21:31.971,419.330375034291,8
2024-09-19 10:21:31.995,419.3287741850576,13
2024-09-19 10:21:32.268,419.3779433076979,98
2024-09-19 10:21:32.272,419.32567380926525,97
2024-09-19 10:21:32.622,419.3664271895265,96
2024-09-19 10:21:32.770,419.36127036992906,1004
2024-09-19 10:21:33.050,419.300224926008,97
2024-09-19 10:21:33.072,419.3141535595119,1005
2024-09-19 10:21:33.100,419.3291846970022,6
2024-09-19 10:21:33.117,419.3523625179494,14
2024-09-19 10:21:33.134,419.31746985639086,999
2024-09-19 10:21:33.138,419.3013294626603,6
2024-09-19 10:21:33.139,419.3193014593349,1000
2024-09-19 10:21:33.195,419.32287308614497,104
2024-09-19 10:21:33.220,419.3538785998535,996
2024-09-19 10:21:33.224,419.3099543735027,101
2024-09-19 10:21:33.287,419.2907636386054,99
2024-09-19 10:21:33.326,419.3441354947855,15
2024-09-19 10:21:33.334,419.3191555260057,14
2024-09-19 10:21:33.344,419.3023140335189,97
2024-09-19 10:21:33.438,419.3386322056989,7
2024-09-19 10:21:33.454,419.3148814961066,100
2024-09-19 10:21:33.522,419.2915302572264,96
2024-09-19 10:21:33.526,419.2914600215259,7
2024-09-19 10:21:33.594,419.3566270583117,1002
2024-09-19 10:21:33.683,419.3256543303186,1002
2024-09-19 10:21:33.750,419.30283516916273,996
2024-09-19 10:21:33.773,419.3274472896295,1001
2024-09-19 10:21:33.790,419.28160199775687,95
2024-09-19 10:21:33.836,419.2844606851316,997
2024-09-19 10:21:33.920,419.3261112189683,10
2024-09-19 10:21:33.922,419.2863674370156,102
2024-09-19 10:21:33.951,419.3470538378545,1001
2024-09-19 10:21:33.975,419.31577344908993,101
2024-09-19 10:21:34.009,419.4216978909526,104
2024-09-19 10:21:34.017,419.37782779811937,15
2024-09-19 10:21:34.059,419.37209597513584,1004
2024-09-19 10:21:34.065,419.3511141258072,15
2024-09-19 10:21:34.091,419.338946410789,102
2024-09-19 10:21:34.100,419.3492960972826,15
2024-09-19 10:21:34.101,419.3353582729959,997
2024-09-19 10:21:34.258,419.347646618932,1000
2024-09-19 10:21:34.289,419.345007396203,97
2024-09-19 10:21:34.293,419.3562530204133,1000
2024-09-19 10:21:34.363,419.3738948094829,999
2024-09-19 10:21:34.432,419.3448965803862,103
2024-09-19 10:21:34.448,419.3340406482175,998
2024-09-19 10:21:34.457,419.4182730005616,1005
2024-09-19 10:21:34.487,419.3421786440418,98
2024-09-19 10:21:34.540,419.3200419160036,103
2024-09-19 10:21:34.556,419.35485714947765,1003
2024-09-19 10:21:34.586,419.3882555595641,5
2024-09-19 10:21:34.596,419.3744063859642,999
2024-09-19 10:21:34.682,419.36578650487394,105
2024-09-19 10:21:34.702,419.3386464670177,1005
2024-09-19 10:21:34.724,419.3257943113867,7
2024-09-19 10:21:34.744,419.3305331850023,996
2024-09-19 10:21:34.827,419.39832131911305,98
2024-09-19 10:21:34.929,419.3405188715229,1004
2024-09-19 10:21:34.934,419.3344176927851,996
2024-09-19 10:21:34.947,419.3889428493308,995
2024-09-19 10:21:34.962,419.3652043119432,1002
2024-09-19 10:21:34.998,419.3689569532767,102
2024-09-19 10:21:35.006,419.3395220909747,15
2024-09-19 10:21:35.121,419.3202376044397,1002
2024-09-19 10:21:35.301,419.3493587462449,10
2024-09-19 10:21:35.379,419.33294072058845,98
2024-09-19 10:21:35.382,419.3273026702005,103
2024-09-19 10:21:35.385,419.3672068366701,1000
2024-09-19 10:21:35.400,419.3532569091157,96
2024-09-19 10:21:35.407,419.3823083843823,10
2024-09-19 10:21:35.454,419.4003900293928,15
2024-09-19 10:21:35.460,419.34576356007045,105
2024-09-19 10:21:35.476,419.34928052507047,13
2024-09-19 10:21:35.516,419.35956967453217,15
2024-09-19 10:21:35.520,419.38076348199166,9
2024-09-19 10:21:35.520,419.33360908475385,9
2024-09-19 10:21:35.545,419.3329550838752,1002
2024-09-19 10:21:35.590,419.3939927474995,12
2024-09-19 10:21:35.761,419.35289446184674,104
2024-09-19 10:21:35.809,419.37971055809504,105
2024-09-19 10:21:35.852,419.33832179152535,15
2024-09-19 10:21:35.861,419.3316913782644,995
2024-09-19 10:21:35.896,419.34303863413714,99
2024-09-19 10:21:35.899,419.3549036401075,12
2024-09-19 10:21:35.907,419.321670535315,99
2024-09-19 10:21:35.986,419.3571600031469,997
2024-09-19 10:21:36.094,419.35030451984767,102
2024-09-19 10:21:36.101,419.4178537858155,1004
2024-09-19 10:21:36.107,419.39521522051217,5
2024-09-19 10:21:36.123,419.42472906275714,10
2024-09-19 10:21:36.223,419.36452865279057,97
2024-09-19 10:21:36.347,419.37390297078247,12
2024-09-19 10:21:36.351,419.3837401670392,997
2024-09-19 10:21:36.445,419.412799441512,1003
2024-09-19 10:21:36.509,419.38035226052153,105
2024-09-19 10:21:36.524,419.3288999420056,103
2024-09-19 10:21:36.533,419.35965627956233,10
2024-09-19 10:21:36.543,419.3726911094784,11
2024-09-19 10:21:36.547,419.3542610165517,1001
2024-09-19 10:21:36.554,419.3746246487779,97
2024-09-19 10:21:36.595,419.4160226288831,995
2024-09-19 10:21:36.642,419.3842988380745,996
2024-09-19 10:21:36.664,419.31960314257776,97
2024-09-19 10:21:36.695,419.4216056259762,15
2024-09-19 10:21:36.696,419.3212378847243,998
2024-09-19 10:21:36.744,419.3792773008042,103
2024-09-19 10:21:36.753,419.4268945605163,15
2024-09-19 10:21:36.919,419.3413227542745,95
2024-09-19 10:21:36.936,419.3648979975073,11
2024-09-19 10:21:36.939,419.3589275189129,1001
2024-09-19 10:21:36.967,419.42247819041233,998
2024-09-19 10:21:37.324,419.3767986755182,100
2024-09-19 10:21:37.325,419.3699640326625,1003
2024-09-19 10:21:37.525,419.3733958229329,1005
2024-09-19 10:21:37.570,419.4127179181459,105
2024-09-19 10:21:37.586,419.4037901081885,10
2024-09-19 10:21:37.654,419.3814578313452,997
2024-09-19 10:21:37.989,419.3704985609253,1003
2024-09-19 10:21:38.027,419.3600750220352,96
2024-09-19 10:21:38.049,419.3518585388575,1000
2024-09-19 10:21:38.092,419.33865064549735,14
2024-09-19 10:21:38.111,419.31090373670304,96
2024-09-19 10:21:38.147,419.3354816970537,1005
2024-09-19 10:21:38.156,419.3336253552087,996
2024-09-19 10:21:38.300,419.34017340060416,998
2024-09-19 10:21:38.475,419.35599200472393,1002
2024-09-19 10:21:38.512,419.36196234234814,100
2024-09-19 10:21:38.539,419.3553207670964,103
2024-09-19 10:21:38.569,419.3373215819516,11
2024-09-19 10:21:38.570,419.3580036222242,101
2024-09-19 10:21:38.591,419.33608322825046,9
2024-09-19 10:21:38.620,419.3475598894192,998
2024-09-19 10:21:38.659,419.3131442807934,1003
2024-09-19 10:21:38.661,419.35829374222095,15
2024-09-19 10:21:38.687,419.3465746494459,1000
2024-09-19 10:21:38.711,419.3418345027452,1000
2024-09-19 10:21:38.745,419.3450774256641,97
2024-09-19 10:21:38.823,419.3319466126495,14
2024-09-19 10:21:38.892,419.3507871893439,15
2024-09-19 10:21:38.893,419.32960244399806,9
2024-09-19 10:21:38.903,419.3690129586586,103
2024-09-19 10:21:38.916,419.3542119700778,996
2024-09-19 10:21:38.928,419.32842733743706,101
2024-09-19 10:21:38.961,419.358555012249,11
2024-09-19 10:21:39.033,419.2657428735711,95
2024-09-19 10:21:39.034,419.2644183446872,9
2024-09-19 10:21:39.040,419.31966102376697,98
2024-09-19 10:21:39.058,419.32616614569656,1003
2024-09-19 10:21:39.090,419.2668634184365,5
2024-09-19 10:21:39.101,419.32898698294383,96
2024-09-19 10:21:39.169,419.2525186602021,6
2024-09-19 10:21:39.179,419.2619756246408,96
2024-09-19 10:21:39.262,419.281564114168,10
2024-09-19 10:21:39.272,419.2730067025131,998
2024-09-19 10:21:39.298,419.2437124695796,15
2024-09-19 10:21:39.325,419.3458074949687,6
2024-09-19 10:21:39.386,419.2741222266384,999
2024-09-19 10:21:39.456,,6
2024-09-19 10:21:39.485,419.2769088502368,15
2024-09-19 10:21:39.599,419.2479953745056,97
2024-09-19 10:21:39.603,419.259979818816,1004
2024-09-19 10:21:39.640,419.2528831998555,995
2024-09-19 10:21:39.644,419.2487809167968,12
2024-09-19 10:21:39.735,419.3180072372412,1004
2024-09-19 10:21:39.774,419.3357565262181,100
2024-09-19 10:21:39.830,419.26599154475855,14
2024-09-19 10:21:39.859,419.2638691573789,13
2024-09-19 10:21:39.911,419.2658457352421,103
2024-09-19 10:21:40.048,419.2067971428309,14
2024-09-19 10:21:40.102,419.2309555890952,1003
2024-09-19 10:21:40.430,419.2212166170198,105
2024-09-19 10:21:40.716,419.246721562517,11
2024-09-19 10:21:40.750,419.24170946342815,100
2024-09-19 10:21:40.799,419.2331691502825,9
2024-09-19 10:21:40.867,419.2424611437312,6
2024-09-19 10:21:41.007,419.1512230060591,101
2024-09-19 10:21:41.037,419.243762888177,13
2024-09-19 10:21:41.066,419.1712196360821,1003
2024-09-19 10:21:41.102,419.1547216029654,95
2024-09-19 10:21:41.107,419.2204852454452,11
2024-09-19 10:21:41.160,419.21671321614775,100
2024-09-19 10:21:41.197,419.21338963834967,98
2024-09-19 10:21:41.215,41.91784128922051,15
2024-09-19 10:21:41.247,419.1520005557861,96
2024-09-19 10:21:41.267,419.2469731125293,97
2024-09-19 10:21:41.278,419.1567223904541,99
2024-09-19 10:21:41.399,419.2309355714911,5
2024-09-19 10:21:41.481,419.220737847332,1002
2024-09-19 10:21:41.520,419.14559021697033,1001
2024-09-19 10:21:41.532,419.2504516206127,102
2024-09-19 10:21:41.538,419.2422067797277,1002
2024-09-19 10:21:41.614,419.2028036577509,98
2024-09-19 10:21:41.643,419.1649579627848,14
2024-09-19 10:21:41.647,419.1598246793909,10
2024-09-19 10:21:41.716,419.22131598022446,102
2024-09-19 10:21:41.728,419.1647425119877,999
2024-09-19 10:21:41.801,419.22448306804944,103
2024-09-19 10:21:41.805,419.22485123329074,12
2024-09-19 10:21:41.878,419.2219461856856,6
2024-09-19 10:21:41.916,419.2020863225317,102
2024-09-19 10:21:41.932,419.1701387610275,97
2024-09-19 10:21:41.950,419.2234491466747,6
2024-09-19 10:21:41.954,419.2331270448592,15
2024-09-19 10:21:42.019,419.1749651203137,1002
2024-09-19 10:21:42.034,419.1838528503,96
2024-09-19 10:21:42.037,419.1594697149849,7
2024-09-19 10:21:42.112,419.1955410247051,9
2024-09-19 10:21:42.130,419.17367850879407,98
2024-09-19 10:21:42.192,419.1703832762336,10
2024-09-19 10:21:42.735,419.17950669812393,1001
2024-09-19 10:21:42.819,419.2040298990332,10
2024-09-19 10:21:43.031,419.20027561629286,996
2024-09-19 10:21:43.054,419.1757975821388,1003
2024-09-19 10:21:43.106,419.187818879117,1002
2024-09-19 10:21:43.123,419.1673091851622,1001
2024-09-19 10:21:43.153,419.1652432797883,996
2024-09-19 10:21:43.246,419.231005999099,1001
2024-09-19 10:21:43.312,419.187899305286,996
2024-09-19 10:21:43.365,419.1487703817604,12
2024-09-19 10:21:43.381,419.1990676684181,14
2024-09-19 10:21:43.428,419.1895396945531,100
2024-09-19 10:21:43.552,419.1679066866793,9
2024-09-19 10:21:43.575,419.2183832271233,998
2024-09-19 10:21:43.616,419.1785357286932,97
2024-09-19 10:21:43.797,419.1428771523517,1001
2024-09-19 10:21:43.889,419.2250151974446,5
2024-09-19 10:21:43.917,419.14050232199054,105
2024-09-19 10:21:43.970,419.1688697912594,1005
2024-09-19 10:21:44.074,419.2705742391436,102
2024-09-19 10:21:44.249,419.2456316641391,98
2024-09-19 10:21:44.501,,995
2024-09-19 10:21:44.636,419.26348649331874,99
2024-09-19 10:21:44.642,419.26186296947634,105
2024-09-19 10:21:44.895,419.2373078211181,102
2024-09-19 10:21:45.132,419.1872608994787,98
2024-09-19 10:21:45.172,419.1803232853254,1003
2024-09-19 10:21:45.294,419.1763850640706,11
2024-09-19 10:21:45.299,419.2377352718779,101
2024-09-19 10:21:45.346,419.2512229031855,1005
2024-09-19 10:21:45.565,419.1914982950469,99
2024-09-19 10:21:45.591,419.2231274346612,15
2024-09-19 10:21:45.847,419.193231697292,995
2024-09-19 10:21:45.881,419.1869093722818,999
2024-09-19 10:21:46.097,419.1896635562233,13
2024-09-19 10:21:46.111,419.17997573876784,999
2024-09-19 10:21:46.133,419.25629611654375,100
2024-09-19 10:21:46.138,419.1946562054631,6
2024-09-19 10:21:46.183,419.2486520619725,13
2024-09-19 10:21:46.227,419.1672698606934,1005
2024-09-19 10:21:46.304,419.2449663021608,8
2024-09-19 10:21:46.360,419.1882210768216,1005
2024-09-19 10:21:46.414,41.91496326782515,103
2024-09-19 10:21:46.439,419.208530310684,8
2024-09-19 10:21:46.454,419.1742614771922,104
2024-09-19 10:21:46.508,419.2342328400726,997
2024-09-19 10:21:46.523,419.1717806429222,96
2024-09-19 10:21:46.632,419.1835723409573,1004
2024-09-19 10:21:46.701,419.1904589188991,9
2024-09-19 10:21:46.711,419.2529121299159,1004
2024-09-19 10:21:46.763,419.203218658989,11
2024-09-19 10:21:46.805,419.1710006516297,8
2024-09-19 10:21:46.837,419.1868509989659,105
2024-09-19 10:21:46.969,419.20885876148566,8
2024-09-19 10:21:47.017,419.2364679735248,97
2024-09-19 10:21:47.383,419.31803446476965,1001
2024-09-19 10:21:47.441,419.2781890705337,7
2024-09-19 10:21:47.533,419.2571619006471,105
2024-09-19 10:21:47.569,419.2421112859028,1003
2024-09-19 10:21:47.622,419.261913123174,995
2024-09-19 10:21:47.625,419.2730916682283,8
2024-09-19 10:21:47.627,419.24840274194014,1005
2024-09-19 10:21:47.719,419.2818687856969,7
2024-09-19 10:21:47.733,419.2925324065018,5
2024-09-19 10:21:47.734,419.2842261307836,1004
2024-09-19 10:21:47.911,419.239326821402,98
2024-09-19 10:21:47.912,419.3023484137915,105
2024-09-19 10:21:47.917,419.29172183795527,1000
2024-09-19 10:21:47.930,419.2953466845776,9
2024-09-19 10:21:48.359,419.2963146995403,1001
2024-09-19 10:21:48.657,419.29458498665593,6
2024-09-19 10:21:49.011,419.3102049283839,997
2024-09-19 10:21:49.104,419.3300759262423,997
2024-09-19 10:21:49.222,419.30882908136095,96
2024-09-19 10:21:49.289,419.33778891968416,1004
2024-09-19 10:21:49.325,419.3277602513821,97
2024-09-19 10:21:49.550,419.3020594653809,6
2024-09-19 10:21:49.785,419.301172619808,1005
2024-09-19 10:21:49.812,419.3098684914102,1001
2024-09-19 10:21:49.868,419.2985286411616,9
2024-09-19 10:21:50.001,419.3557409699426,1004
2024-09-19 10:21:50.114,419.380594090481,7
2024-09-19 10:21:50.134,419.3458911072675,5
2024-09-19 10:21:50.179,419.39086191213767,5
2024-09-19 10:21:50.316,419.3927868500946,995
2024-09-19 10:21:50.318,419.3308766437176,10
2024-09-19 10:21:50.320,419.3419955174992,997
2024-09-19 10:21:50.350,419.3541422134824,10
2024-09-19 10:21:50.448,419.3586774715694,12
2024-09-19 10:21:50.471,419.37084634013735,105
2024-09-19 10:21:50.479,419.3511352875825,997
2024-09-19 10:21:50.547,419.38898939352936,104
2024-09-19 10:21:50.599,419.340270404275,104
2024-09-19 10:21:50.638,419.35020968050327,101
2024-09-19 10:21:50.652,419.3602550350219,101
2024-09-19 10:21:50.659,419.3564867731748,96
2024-09-19 10:21:50.672,419.3643976182699,999
2024-09-19 10:21:50.677,-419.3667171993525,998
2024-09-19 10:21:50.684,419.3572836510193,99
2024-09-19 10:21:50.700,419.3982354530449,97
2024-09-19 10:21:50.710,419.3393940081578,7
2024-09-19 10:21:50.760,419.38339554032535,1004
2024-09-19 10:21:50.804,419.3568338987562,8
2024-09-19 10:21:50.835,419.347688430785,995
2024-09-19 10:21:50.902,419.4063416147666,98
2024-09-19 10:21:50.903,419.3483647603754,105
2024-09-19 10:21:50.904,-419.39541883499305,998
2024-09-19 10:21:50.931,419.3572267308192,104
2024-09-19 10:21:50.998,419.349743987349,98
2024-09-19 10:21:51.046,419.4422192156633,8
2024-09-19 10:21:51.307,419.4192578281261,97
2024-09-19 10:21:51.632,419.4261034090841,101
2024-09-19 10:21:51.758,419.432021736548,99
2024-09-19 10:21:51.890,419.4440179572672,98
2024-09-19 10:21:51.920,419.4466335497447,995
2024-09-19 10:21:51.967,-419.4124873566438,996
2024-09-19 10:21:52.010,419.4638889389139,1003
2024-09-19 10:21:52.015,419.4368950935564,12
2024-09-19 10:21:52.109,419.4778658551312,104
2024-09-19 10:21:52.182,419.4444855067396,99
2024-09-19 10:21:52.203,419.4898216350006,99
2024-09-19 10:21:52.217,419.4518489034252,100
2024-09-19 10:21:52.278,419.45795348615377,100
2024-09-19 10:21:52.288,419.4426270782217,5
2024-09-19 10:21:52.460,419.44077340061807,105
2024-09-19 10:21:52.468,-419.4542490272654,997
2024-09-19 10:21:52.556,419.4843285322535,100
2024-09-19 10:21:52.637,,100
2024-09-19 10:21:52.675,419.4474500376264,997
2024-09-19 10:21:52.704,419.4552655565264,7
2024-09-19 10:21:52.773,419.4643250028546,13
2024-09-19 10:21:52.790,419.434003661033,1001
2024-09-19 10:21:52.806,419.42627048168,999
2024-09-19 10:21:53.325,419.4535662244576,1005
2024-09-19 10:21:53.464,419.4525277739672,103
2024-09-19 10:21:53.837,419.4525458268373,12
2024-09-19 10:21:54.048,419.4545248527128,999
2024-09-19 10:21:54.110,419.461682956551,105
2024-09-19 10:21:54.224,419.46872924285896,8
2024-09-19 10:21:54.241,419.5308034517206,999
2024-09-19 10:21:54.287,419.5462844237346,996
2024-09-19 10:21:54.299,-419.5169806748001,13
2024-09-19 10:21:54.344,419.4910920594168,1003
2024-09-19 10:21:54.391,419.45183934955554,100
2024-09-19 10:21:54.407,419.46578532205217,104
2024-09-19 10:21:54.416,419.4741029386299,1005
2024-09-19 10:21:54.439,419.5424101617676,96
2024-09-19 10:21:54.456,-419.4531116396697,10
2024-09-19 10:21:54.483,419.4578722124874,1003
2024-09-19 10:21:54.523,419.4766427641057,1003
2024-09-19 10:21:54.555,419.5388888721591,95
2024-09-19 10:21:54.578,419.45412150115,12
2024-09-19 10:21:54.606,419.4739005697037,1003
2024-09-19 10:21:54.643,419.4849398928368,996
2024-09-19 10:21:54.688,419.5161378428434,1000
2024-09-19 10:21:54.718,419.5295893365511,996
2024-09-19 10:21:54.831,419.4643590548335,6
2024-09-19 10:21:54.840,419.4937013402978,8
2024-09-19 10:21:54.908,419.46744854405233,1003
2024-09-19 10:21:54.919,419.5131821333228,104
2024-09-19 10:21:54.941,419.5471059251654,102
2024-09-19 10:21:54.948,419.4795737504514,10
2024-09-19 10:21:54.960,419.5089181353966,101
2024-09-19 10:21:54.976,419.5430658525268,104
2024-09-19 10:21:55.058,419.4829502154949,96
2024-09-19 10:21:55.059,419.450265899564,10
2024-09-19 10:21:55.127,419.4445705998588,1003
2024-09-19 10:21:55.209,419.5475451783797,98
2024-09-19 10:21:55.293,419.4784757725592,96
2024-09-19 10:21:55.409,419.4749358342071,998
2024-09-19 10:21:55.434,419.5286663388654,100
2024-09-19 10:21:55.504,419.5084396268749,12
2024-09-19 10:21:55.601,419.538080589942,9
2024-09-19 10:21:55.658,419.492452393146,999
2024-09-19 10:21:55.965,419.4905567047699,104
2024-09-19 10:21:56.127,419.4524498350029,996
2024-09-19 10:21:56.305,419.4461109020844,6
2024-09-19 10:21:56.435,419.44172575024993,1003
2024-09-19 10:21:56.455,419.4533137758068,5
2024-09-19 10:21:56.483,419.47140714192574,1005
2024-09-19 10:21:56.529,419.45001858835786,1003
2024-09-19 10:21:56.540,419.4439664235211,98
2024-09-19 10:21:56.566,419.43813040018006,1005
2024-09-19 10:21:56.631,419.4465299734332,13
2024-09-19 10:21:56.687,419.4515539944422,996
2024-09-19 10:21:56.732,419.44436037591936,9
2024-09-19 10:21:56.745,419.4441900338662,13
2024-09-19 10:21:56.793,419.45255712725486,7
2024-09-19 10:21:56.796,419.4376074549776,102
2024-09-19 10:21:56.799,419.4530260414687,1001
2024-09-19 10:21:56.801,419.43716135899285,104
2024-09-19 10:21:56.805,419.48501733642325,998
2024-09-19 10:21:56.907,419.4246231890669,1005
2024-09-19 10:21:56.929,419.4497812238976,100
2024-09-19 10:21:56.951,419.4691905048498,6
2024-09-19 10:21:57.017,419.466270178059,999
2024-09-19 10:21:57.084,-419.4495062210094,1002
2024-09-19 10:21:57.764,419.4572649364068,15
2024-09-19 10:21:57.765,419.4742095084991,997
2024-09-19 10:21:58.075,419.4623847849037,98
2024-09-19 10:21:58.263,419.4752313550184,95
2024-09-19 10:21:58.425,419.46065114229134,1003
2024-09-19 10:21:59.020,419.4724380851832,95
2024-09-19 10:21:59.035,419.44079702018,105
2024-09-19 10:21:59.043,419.4902102789473,6
2024-09-19 10:21:59.074,419.4405291588624,15
2024-09-19 10:21:59.084,419.4041348659037,997
2024-09-19 10:21:59.098,419.4214078519725,995
2024-09-19 10:21:59.146,419.4860913291749,11
2024-09-19 10:21:59.147,419.4303681689952,998
2024-09-19 10:21:59.149,419.4663541139371,998
2024-09-19 10:21:59.174,419.4239374954849,1003
2024-09-19 10:21:59.221,419.4126211733214,15
2024-09-19 10:21:59.358,419.46551735566334,99
2024-09-19 10:21:59.368,419.4752811665524,103
2024-09-19 10:21:59.469,419.4550337877027,7
2024-09-19 10:21:59.504,419.4301160899682,95
2024-09-19 10:21:59.686,419.44805305230295,96
2024-09-19 10:21:59.718,419.3985900214424,104
2024-09-19 10:21:59.805,419.4129138288666,6
2024-09-19 10:21:59.807,419.4143142242445,14
2024-09-19 10:21:59.832,419.397478087685,996
2024-09-19 10:21:59.858,419.4119879798123,8
2024-09-19 10:21:59.868,419.4735427277189,104
2024-09-19 10:21:59.877,419.4235233657987,103
2024-09-19 10:21:59.895,419.40845670222967,1002
2024-09-19 10:21:59.913,419.41270841507327,997
2024-09-19 10:21:59.925,419.4469298345267,1001
2024-09-19 10:21:59.950,419.43241160092623,10
2024-09-19 10:21:59.954,419.42926199920726,1001
2024-09-19 10:21:59.957,419.42503961765294,99
2024-09-19 10:21:59.968,419.44929767815455,103
