Timestamp,Price,Size
2024-09-16 15:38:00.063,416.786318584064,105
2024-09-16 15:38:00.075,416.8294903077989,8
2024-09-16 15:38:00.129,416.796528541698,12
2024-09-16 15:38:00.160,416.82587635302815,100
2024-09-16 15:38:00.190,416.7474836991742,95
2024-09-16 15:38:00.226,416.79530856344746,103
2024-09-16 15:38:00.246,416.7367298181265,1005
2024-09-16 15:38:00.279,416.785428616403,14
2024-09-16 15:38:00.298,416.7507534404613,96
2024-09-16 15:38:00.304,416.7695560998744,6
2024-09-16 15:38:00.306,416.7834746092024,1002
2024-09-16 15:38:00.432,416.7320517229376,14
2024-09-16 15:38:00.445,416.8107039116836,1003
2024-09-16 15:38:00.475,416.8124088726501,102
2024-09-16 15:38:00.644,416.7889335927797,100
2024-09-16 15:38:00.706,416.7717623898088,6
2024-09-16 15:38:00.715,416.7774342191693,11
2024-09-16 15:38:00.715,416.7957718298329,7
2024-09-16 15:38:00.735,416.83816863684285,1003
2024-09-16 15:38:00.740,416.767807540062,102
2024-09-16 15:38:00.769,416.7441994664162,101
2024-09-16 15:38:00.804,416.7850699680317,995
2024-09-16 15:38:00.810,416.7955018612385,1003
2024-09-16 15:38:00.827,416.82903957914266,1005
2024-09-16 15:38:00.914,416.8278336276518,1003
2024-09-16 15:38:00.917,416.83217387958666,15
2024-09-16 15:38:00.939,416.72295365281855,7
2024-09-16 15:38:00.993,416.7271494082746,6
2024-09-16 15:38:00.997,416.7343528904377,998
2024-09-16 15:38:01.046,416.9164586654355,98
2024-09-16 15:38:01.066,416.88004532545136,103
2024-09-16 15:38:01.189,416.8147870629402,10
2024-09-16 15:38:01.217,416.8589191003233,96
2024-09-16 15:38:01.221,416.89463723733536,7
2024-09-16 15:38:01.321,416.8801495480691,95
2024-09-16 15:38:01.390,416.9077462831095,6
2024-09-16 15:38:01.509,416.9099678077535,97
2024-09-16 15:38:01.510,416.91296185641886,1002
2024-09-16 15:38:01.543,416.916567022119,996
2024-09-16 15:38:01.548,416.90377890190206,104
2024-09-16 15:38:01.578,416.9192934687933,13
2024-09-16 15:38:01.638,416.84324504973694,14
2024-09-16 15:38:01.660,416.8669978408736,995
2024-09-16 15:38:01.693,416.9123489836224,6
2024-09-16 15:38:01.813,416.881354696154,8
2024-09-16 15:38:01.853,416.8978126243323,1004
2024-09-16 15:38:01.870,416.8601202719984,7
2024-09-16 15:38:01.879,416.8812980319092,98
2024-09-16 15:38:01.963,416.88133370643664,104
2024-09-16 15:38:01.991,416.8249113758557,104
2024-09-16 15:38:02.021,416.8216012855802,14
2024-09-16 15:38:02.039,416.8002151992228,7
2024-09-16 15:38:02.114,416.85950466782685,7
2024-09-16 15:38:02.141,41.68769137321383,1003
2024-09-16 15:38:02.189,416.8822153603455,100
2024-09-16 15:38:02.214,416.8569056116644,1001
2024-09-16 15:38:02.226,416.8754873877828,997
2024-09-16 15:38:02.226,416.85821471619926,9
2024-09-16 15:38:02.391,416.87464663693487,5
2024-09-16 15:38:02.396,416.8824005990972,15
2024-09-16 15:38:02.503,416.8390717720295,100
2024-09-16 15:38:02.533,416.8384432892348,6
2024-09-16 15:38:02.571,416.8106639728972,11
2024-09-16 15:38:02.609,416.8374517971294,95
2024-09-16 15:38:02.625,416.8363235983675,1002
2024-09-16 15:38:02.671,416.83722539365175,9
2024-09-16 15:38:02.852,416.852135468475,13
2024-09-16 15:38:02.897,416.87803911130646,12
2024-09-16 15:38:02.897,416.831503142378,998
2024-09-16 15:38:02.948,,102
2024-09-16 15:38:02.951,416.8811312294838,997
2024-09-16 15:38:02.977,416.8088887990711,996
2024-09-16 15:38:03.027,416.8362299067995,1000
2024-09-16 15:38:03.101,416.837844031607,15
2024-09-16 15:38:03.140,416.857606793902,8
2024-09-16 15:38:03.377,416.86650106026303,14
2024-09-16 15:38:03.512,416.8627724546017,99
2024-09-16 15:38:03.600,416.8956957923644,6
2024-09-16 15:38:03.632,416.8475545717738,999
2024-09-16 15:38:03.656,416.8409048443306,9
2024-09-16 15:38:03.684,416.8605800337636,1002
2024-09-16 15:38:03.724,416.8367920851629,103
2024-09-16 15:38:03.725,416.8900187812629,9
2024-09-16 15:38:03.783,416.8525459083949,9
2024-09-16 15:38:03.829,416.849064039243,103
2024-09-16 15:38:03.833,416.8459427735162,1002
2024-09-16 15:38:03.836,416.8851273434757,15
2024-09-16 15:38:03.849,416.8422542277351,8
2024-09-16 15:38:03.850,416.8773919909188,996
2024-09-16 15:38:03.918,416.87188402080096,105
2024-09-16 15:38:04.076,416.8984549753145,1002
2024-09-16 15:38:04.168,416.87040978326615,998
2024-09-16 15:38:04.192,416.8896289223845,10
2024-09-16 15:38:04.285,416.88595517261047,5
2024-09-16 15:38:04.294,416.9235360240863,102
2024-09-16 15:38:04.308,416.91916279480506,96
2024-09-16 15:38:04.427,416.8894783350506,1000
2024-09-16 15:38:04.489,416.9122909519188,8
2024-09-16 15:38:04.495,416.89970708954667,15
2024-09-16 15:38:04.544,416.9004174470999,1005
2024-09-16 15:38:04.602,416.910425110842,14
2024-09-16 15:38:04.633,416.8889885973405,9
2024-09-16 15:38:04.646,416.90652428399954,1002
2024-09-16 15:38:04.728,416.88614755169255,96
2024-09-16 15:38:04.746,416.8960136172107,1002
2024-09-16 15:38:04.795,416.86080248483546,9
2024-09-16 15:38:04.799,416.9336608107137,98
2024-09-16 15:38:04.848,416.9108662523353,98
2024-09-16 15:38:04.873,416.894808971026,1000
2024-09-16 15:38:04.893,416.8952328645348,105
2024-09-16 15:38:04.908,416.8957834682527,100
2024-09-16 15:38:04.962,416.86350407360845,98
2024-09-16 15:38:05.085,416.9780199574167,1004
2024-09-16 15:38:05.201,416.964338735472,100
2024-09-16 15:38:05.215,416.9630429574009,1001
2024-09-16 15:38:05.251,416.9350643748413,11
2024-09-16 15:38:05.265,416.9312053600514,104
2024-09-16 15:38:05.301,416.9401519572213,998
2024-09-16 15:38:05.431,416.9734334535228,1001
2024-09-16 15:38:05.503,416.9288473503431,98
2024-09-16 15:38:05.639,416.9636800545962,99
2024-09-16 15:38:05.816,416.95126799056015,1003
2024-09-16 15:38:05.829,416.9727791864432,104
2024-09-16 15:38:05.853,416.9750390585201,97
2024-09-16 15:38:05.947,416.9886377123208,98
2024-09-16 15:38:05.963,416.9182756677073,11
2024-09-16 15:38:06.022,,997
2024-09-16 15:38:06.065,416.8890578556168,7
2024-09-16 15:38:06.107,416.9469234916661,104
2024-09-16 15:38:06.125,-416.955938012518,5
2024-09-16 15:38:06.133,416.9139795080421,100
2024-09-16 15:38:06.150,416.9086382237493,12
2024-09-16 15:38:06.198,416.91450115118295,8
2024-09-16 15:38:06.259,416.9050497300402,11
2024-09-16 15:38:06.292,416.9181757441333,998
2024-09-16 15:38:06.299,416.94115765168175,1003
2024-09-16 15:38:06.360,416.93291170823073,98
2024-09-16 15:38:06.506,416.94477869990953,1001
2024-09-16 15:38:06.534,416.96402291237433,9
2024-09-16 15:38:06.564,416.9405644203322,105
2024-09-16 15:38:06.579,416.9287082112887,996
2024-09-16 15:38:06.590,416.9731977737303,1001
2024-09-16 15:38:06.628,416.9305768300094,998
2024-09-16 15:38:06.657,416.9239101424257,100
2024-09-16 15:38:06.664,416.95597037639305,996
2024-09-16 15:38:06.708,416.9685656166467,5
2024-09-16 15:38:06.757,,103
2024-09-16 15:38:06.884,416.8772487755851,99
2024-09-16 15:38:06.913,416.8970935512144,999
2024-09-16 15:38:06.925,416.90390988665257,1002
2024-09-16 15:38:06.951,416.9064918471891,12
2024-09-16 15:38:07.192,416.869139298562,1002
2024-09-16 15:38:07.724,416.847842837824,998
2024-09-16 15:38:08.004,416.8821220756977,97
2024-09-16 15:38:08.111,416.8858084951596,7
2024-09-16 15:38:08.132,416.86221339707726,1000
2024-09-16 15:38:08.198,416.88038647179377,102
2024-09-16 15:38:08.247,416.8855974430799,100
2024-09-16 15:38:08.381,416.85710558201066,105
2024-09-16 15:38:08.598,416.8683649639896,12
2024-09-16 15:38:08.614,416.89149549483017,98
2024-09-16 15:38:08.648,416.8335403253416,97
2024-09-16 15:38:08.713,416.8192498460951,998
2024-09-16 15:38:08.729,416.86946947911775,12
2024-09-16 15:38:08.738,416.83756126821385,11
2024-09-16 15:38:08.769,416.8474697841897,15
2024-09-16 15:38:08.794,416.87574895605934,995
2024-09-16 15:38:08.795,416.878827898733,996
2024-09-16 15:38:08.868,416.8486237002305,996
2024-09-16 15:38:08.915,416.8537107844541,100
2024-09-16 15:38:08.934,416.8671100563793,103
2024-09-16 15:38:08.936,416.86138984419256,99
2024-09-16 15:38:08.947,416.84331945128446,101
2024-09-16 15:38:08.996,416.8781046011943,8
2024-09-16 15:38:08.997,416.8715579376582,1000
2024-09-16 15:38:09.043,416.8833325174685,100
2024-09-16 15:38:09.077,416.8956477840357,7
2024-09-16 15:38:09.314,416.8933991048759,999
2024-09-16 15:38:09.374,416.9113988066368,14
2024-09-16 15:38:09.387,416.902916216829,101
2024-09-16 15:38:09.396,-416.8638053703247,6
2024-09-16 15:38:09.412,416.8985127786821,15
2024-09-16 15:38:09.480,416.9015927181511,997
2024-09-16 15:38:09.506,416.91591899033466,998
2024-09-16 15:38:09.597,416.8476605274972,9
2024-09-16 15:38:09.605,416.90581363808496,103
2024-09-16 15:38:09.622,416.92197879011695,999
2024-09-16 15:38:09.640,416.916928607812,104
2024-09-16 15:38:09.706,416.85902406532944,105
2024-09-16 15:38:09.774,416.8988563454093,102
2024-09-16 15:38:09.813,416.8537162120434,1000
2024-09-16 15:38:09.872,416.9196621835033,12
2024-09-16 15:38:09.896,416.9076952807619,13
2024-09-16 15:38:09.922,416.8818371651533,100
2024-09-16 15:38:10.026,416.8422545677727,99
2024-09-16 15:38:10.035,416.8667125153399,15
2024-09-16 15:38:10.104,416.8692911695344,100
2024-09-16 15:38:10.105,416.8625700503648,99
2024-09-16 15:38:10.109,416.8781347360204,101
2024-09-16 15:38:10.227,416.8380561529663,999
2024-09-16 15:38:10.322,416.8588187524097,11
2024-09-16 15:38:10.407,416.8528362449672,103
2024-09-16 15:38:10.418,416.8745967958751,15
2024-09-16 15:38:10.442,416.8649176998156,101
2024-09-16 15:38:10.452,416.8650950261133,6
2024-09-16 15:38:10.453,416.8838490914404,7
2024-09-16 15:38:10.533,416.8627850877533,105
2024-09-16 15:38:10.546,416.8374893460589,11
2024-09-16 15:38:10.566,416.858922822696,1000
2024-09-16 15:38:10.585,416.82541190578144,95
2024-09-16 15:38:10.589,416.8454186244416,1003
2024-09-16 15:38:10.590,416.8678348604575,8
2024-09-16 15:38:10.592,416.8595569826528,14
2024-09-16 15:38:10.730,416.86070963944456,15
2024-09-16 15:38:10.739,416.83522732388207,7
2024-09-16 15:38:10.796,416.8852699548728,998
2024-09-16 15:38:10.807,416.82496214467056,102
2024-09-16 15:38:10.822,416.8862918160276,7
2024-09-16 15:38:10.833,416.8439480126351,100
2024-09-16 15:38:10.834,416.851778744507,995
2024-09-16 15:38:10.873,416.87380793181273,101
2024-09-16 15:38:10.895,416.8598808378573,98
2024-09-16 15:38:11.087,416.8974494166208,14
2024-09-16 15:38:11.331,416.9064105583325,97
2024-09-16 15:38:11.345,416.8879531310127,95
2024-09-16 15:38:11.365,416.9084528285102,996
2024-09-16 15:38:11.434,416.9008699613965,7
2024-09-16 15:38:11.489,416.8908591586224,5
2024-09-16 15:38:11.490,416.91334826764063,96
2024-09-16 15:38:11.617,416.88672488649325,995
2024-09-16 15:38:11.719,416.8952552245224,9
2024-09-16 15:38:11.779,41.68867443940906,98
2024-09-16 15:38:11.786,416.881308972856,12
2024-09-16 15:38:11.997,416.8936634854142,101
2024-09-16 15:38:12.074,416.952819642406,8
2024-09-16 15:38:12.428,416.9417263912517,101
2024-09-16 15:38:12.737,416.94467777870346,104
2024-09-16 15:38:12.771,416.94375098865606,103
2024-09-16 15:38:12.776,416.9634364564881,102
2024-09-16 15:38:12.889,416.9328690081972,998
2024-09-16 15:38:12.908,416.9273967828732,10
2024-09-16 15:38:13.021,416.8927795826362,1003
2024-09-16 15:38:13.066,416.9333592555538,9
2024-09-16 15:38:13.152,,997
2024-09-16 15:38:13.170,416.87990898944815,996
2024-09-16 15:38:13.192,41.693854381850414,6
2024-09-16 15:38:13.193,416.9301419702453,14
2024-09-16 15:38:13.237,416.9392336521003,9
2024-09-16 15:38:13.267,416.9409702352237,105
2024-09-16 15:38:13.277,416.9585124721251,95
2024-09-16 15:38:13.473,416.9065901231574,102
2024-09-16 15:38:13.495,416.8961470388657,97
2024-09-16 15:38:13.501,416.8821607071701,1005
2024-09-16 15:38:13.555,416.8674010645223,1005
2024-09-16 15:38:13.573,416.90901641108906,5
2024-09-16 15:38:13.587,416.8741097670096,1003
2024-09-16 15:38:13.696,416.88404198391873,1005
2024-09-16 15:38:13.712,416.9435171282287,1002
2024-09-16 15:38:13.753,416.9433594135183,9
2024-09-16 15:38:13.779,416.89403248318143,6
2024-09-16 15:38:13.828,416.9078681789467,997
2024-09-16 15:38:13.868,416.9523815768241,9
2024-09-16 15:38:13.901,416.9559393603621,1004
2024-09-16 15:38:13.973,416.8632406393249,97
2024-09-16 15:38:13.994,416.8761633931788,996
2024-09-16 15:38:14.145,416.8945094157731,105
2024-09-16 15:38:14.191,416.8826315587796,102
2024-09-16 15:38:14.362,416.8840653121841,100
2024-09-16 15:38:14.381,416.88057264911583,1004
2024-09-16 15:38:14.645,416.907654820092,996
2024-09-16 15:38:14.667,416.87185897246906,996
2024-09-16 15:38:15.048,416.95871646111465,15
2024-09-16 15:38:15.068,416.9587793979409,97
2024-09-16 15:38:15.093,416.9100806610959,96
2024-09-16 15:38:15.124,416.9403753924149,997
2024-09-16 15:38:15.164,416.8838449573376,13
2024-09-16 15:38:15.182,416.8886590197748,997
2024-09-16 15:38:15.244,416.9393350412745,1000
2024-09-16 15:38:15.247,416.9531784503684,12
2024-09-16 15:38:15.361,416.9246032599524,998
2024-09-16 15:38:15.386,416.9500139891461,997
2024-09-16 15:38:15.388,416.9080064235744,1004
2024-09-16 15:38:15.557,416.9297217863508,7
2024-09-16 15:38:15.616,416.8875999136286,8
2024-09-16 15:38:15.661,416.934212429241,11
2024-09-16 15:38:15.684,,15
2024-09-16 15:38:15.766,416.9328378106703,995
2024-09-16 15:38:15.773,416.9467455105318,12
2024-09-16 15:38:15.800,416.8821686514647,998
2024-09-16 15:38:15.816,416.8885312234704,1002
2024-09-16 15:38:15.831,416.9230616600885,1005
2024-09-16 15:38:15.952,416.9422413015826,98
2024-09-16 15:38:15.962,416.9251753171123,104
2024-09-16 15:38:15.967,416.92808328101256,998
2024-09-16 15:38:16.002,416.9617180402534,95
2024-09-16 15:38:16.031,416.956314798121,1001
2024-09-16 15:38:16.340,416.963107416264,7
2024-09-16 15:38:16.349,416.9680363561897,997
2024-09-16 15:38:16.812,416.94041771049007,9
2024-09-16 15:38:16.867,416.9642125690193,999
2024-09-16 15:38:16.949,416.9432135609812,9
2024-09-16 15:38:16.954,416.75064514749886,998
2024-09-16 15:38:17.060,416.8590366258318,1004
2024-09-16 15:38:17.112,416.8641941867749,99
2024-09-16 15:38:17.122,416.8007067319143,101
2024-09-16 15:38:17.151,416.7882816884559,1000
2024-09-16 15:38:17.155,416.84526978661313,1004
2024-09-16 15:38:17.158,416.9001558155271,1005
2024-09-16 15:38:17.164,416.795022177085,103
2024-09-16 15:38:17.211,416.8519798615412,105
2024-09-16 15:38:17.284,416.9226000824976,99
2024-09-16 15:38:17.548,416.86101919709694,1000
2024-09-16 15:38:17.607,416.8784672162772,12
2024-09-16 15:38:17.685,416.91676877742,10
2024-09-16 15:38:17.804,416.8131653800703,8
2024-09-16 15:38:17.844,416.8550154351484,104
2024-09-16 15:38:17.865,416.8817945852669,13
2024-09-16 15:38:17.958,416.8206875055562,105
2024-09-16 15:38:17.978,416.82660438707353,1005
2024-09-16 15:38:18.034,416.780931135364,102
2024-09-16 15:38:18.074,416.76815467630126,7
2024-09-16 15:38:18.086,416.7489183857012,995
2024-09-16 15:38:18.211,416.7945418842301,105
2024-09-16 15:38:18.273,416.75461707593854,8
2024-09-16 15:38:18.602,416.7400514660591,996
2024-09-16 15:38:18.885,416.754693531418,8
2024-09-16 15:38:18.957,416.7937301244086,5
2024-09-16 15:38:19.377,416.7426953213755,6
2024-09-16 15:38:19.388,416.71897771679926,104
2024-09-16 15:38:19.593,416.74785902009705,9
2024-09-16 15:38:19.827,41.67415521206692,10
2024-09-16 15:38:19.974,416.7303901840244,1000
2024-09-16 15:38:20.016,416.71686221175247,996
2024-09-16 15:38:20.019,416.7127674049795,14
2024-09-16 15:38:20.022,416.7284779885972,10
2024-09-16 15:38:20.049,416.722200529774,14
2024-09-16 15:38:20.097,416.7516491994695,99
2024-09-16 15:38:20.150,416.7046087244006,997
2024-09-16 15:38:20.174,416.7289899475232,1003
2024-09-16 15:38:20.192,-416.7268883360184,103
2024-09-16 15:38:20.260,416.7226436229969,1000
2024-09-16 15:38:20.348,416.73868748359166,12
2024-09-16 15:38:20.381,416.7258554567161,99
2024-09-16 15:38:20.459,416.742272313308,8
2024-09-16 15:38:20.468,416.7247259343358,1002
2024-09-16 15:38:20.471,416.7210344351112,995
2024-09-16 15:38:20.563,416.7400336279731,95
2024-09-16 15:38:20.566,416.719214637346,104
2024-09-16 15:38:20.607,416.73175457201575,7
2024-09-16 15:38:20.672,416.7082265701351,96
2024-09-16 15:38:20.684,416.73655569175526,97
2024-09-16 15:38:20.703,416.6992448195227,96
2024-09-16 15:38:20.714,416.7293860994293,10
2024-09-16 15:38:20.796,416.7404952539669,101
2024-09-16 15:38:20.923,416.7034783370058,6
2024-09-16 15:38:20.972,416.710631345816,11
2024-09-16 15:38:20.978,416.7391208763252,98
2024-09-16 15:38:20.980,416.6952391041144,1003
2024-09-16 15:38:21.331,416.7440674764641,6
2024-09-16 15:38:21.450,416.7384278368855,99
2024-09-16 15:38:21.949,416.72865299670815,9
2024-09-16 15:38:22.200,416.7496615629898,999
2024-09-16 15:38:22.214,416.7282909999939,14
2024-09-16 15:38:22.333,416.71544665429286,8
2024-09-16 15:38:22.356,416.71970791984927,98
2024-09-16 15:38:22.532,416.70614752990406,9
2024-09-16 15:38:22.570,416.72145411351767,1005
2024-09-16 15:38:22.616,416.7057497392198,95
2024-09-16 15:38:22.626,416.7376162202123,13
2024-09-16 15:38:22.646,416.72156865975785,105
2024-09-16 15:38:22.766,416.7156599567597,998
2024-09-16 15:38:22.774,416.7257877940527,1005
2024-09-16 15:38:22.805,416.721201930008,13
2024-09-16 15:38:22.838,416.7402861688527,9
2024-09-16 15:38:22.976,416.71570389056205,7
2024-09-16 15:38:23.088,416.7494288639348,96
2024-09-16 15:38:23.488,416.7475801268219,11
2024-09-16 15:38:23.735,416.7493335969192,9
2024-09-16 15:38:23.797,416.74336575428015,995
2024-09-16 15:38:24.000,416.83312120128215,997
2024-09-16 15:38:24.019,416.84435036393376,104
2024-09-16 15:38:24.093,416.8111283372297,1002
2024-09-16 15:38:24.149,416.8169929744482,996
2024-09-16 15:38:24.253,416.7587072047167,99
2024-09-16 15:38:24.258,416.8181896411572,996
2024-09-16 15:38:24.261,416.8019060543345,102
2024-09-16 15:38:24.320,416.7654784777272,97
2024-09-16 15:38:24.364,416.7566710615092,997
2024-09-16 15:38:24.403,416.76585104259095,96
2024-09-16 15:38:24.445,416.8016437003005,995
2024-09-16 15:38:24.468,416.7944977636225,1001
2024-09-16 15:38:24.485,416.76359882918416,6
2024-09-16 15:38:24.512,416.81931317227736,1001
2024-09-16 15:38:24.634,416.8339202274439,96
2024-09-16 15:38:24.656,416.7768945480937,997
2024-09-16 15:38:24.684,416.7546302572053,99
2024-09-16 15:38:24.774,416.8103927619623,100
2024-09-16 15:38:24.775,416.79100279597657,13
2024-09-16 15:38:24.796,416.7581719941748,1002
2024-09-16 15:38:24.815,416.7739440752849,1004
2024-09-16 15:38:24.832,416.76162750586855,1000
2024-09-16 15:38:24.867,416.7486804144556,103
2024-09-16 15:38:24.892,416.756634322579,10
2024-09-16 15:38:24.939,416.77374161124186,8
2024-09-16 15:38:25.078,416.827971049462,7
2024-09-16 15:38:25.596,416.7846668122629,996
2024-09-16 15:38:25.670,416.80314506998496,995
2024-09-16 15:38:25.674,416.81332907303766,6
2024-09-16 15:38:26.034,416.77436110319286,15
2024-09-16 15:38:26.121,416.8117488919479,104
2024-09-16 15:38:26.186,416.7854009564897,5
2024-09-16 15:38:26.446,416.7663920881465,102
2024-09-16 15:38:26.523,416.8139580627323,11
2024-09-16 15:38:26.919,416.7987094678471,998
2024-09-16 15:38:27.037,416.77153458606193,8
2024-09-16 15:38:27.086,416.7893422361666,1000
2024-09-16 15:38:27.090,416.8122053446359,12
2024-09-16 15:38:27.091,416.8217025413532,998
2024-09-16 15:38:27.105,416.7600833638363,14
2024-09-16 15:38:27.126,416.7539396783772,7
2024-09-16 15:38:27.130,416.8332009445411,100
2024-09-16 15:38:27.144,416.8039454093988,99
2024-09-16 15:38:27.150,416.7570452680762,1002
2024-09-16 15:38:27.161,416.8126453410298,96
2024-09-16 15:38:27.188,416.76442835603535,1001
2024-09-16 15:38:27.250,416.7942416926036,14
2024-09-16 15:38:27.303,416.74856256217095,9
2024-09-16 15:38:27.431,416.7617732322985,995
2024-09-16 15:38:27.458,416.7680135134408,11
2024-09-16 15:38:27.499,416.7864007176192,103
2024-09-16 15:38:27.506,416.73217341519126,15
2024-09-16 15:38:27.641,416.75547434218174,10
2024-09-16 15:38:27.688,416.7649908280784,998
2024-09-16 15:38:27.754,416.7616799782352,101
2024-09-16 15:38:27.756,416.7416610238729,7
2024-09-16 15:38:27.790,416.8154425971655,11
2024-09-16 15:38:27.799,416.8073870561232,997
2024-09-16 15:38:27.805,416.7953009933218,8
2024-09-16 15:38:27.824,416.79327153572063,11
2024-09-16 15:38:27.843,416.7954465277461,10
2024-09-16 15:38:27.917,416.7495562897719,1003
2024-09-16 15:38:27.938,416.8223919108654,98
2024-09-16 15:38:27.950,416.82941389091735,6
2024-09-16 15:38:28.150,416.7998570955107,7
2024-09-16 15:38:28.349,416.785095216094,1005
2024-09-16 15:38:28.356,416.7939174396392,10
2024-09-16 15:38:28.500,416.7688010792879,1004
2024-09-16 15:38:28.534,416.7929347825935,103
2024-09-16 15:38:28.609,416.7845385469255,103
2024-09-16 15:38:28.770,416.7835555646886,104
2024-09-16 15:38:28.860,416.7914618726925,15
2024-09-16 15:38:29.087,416.7862512449783,13
2024-09-16 15:38:29.158,416.7866267205925,97
2024-09-16 15:38:29.228,416.7957839774677,995
2024-09-16 15:38:29.471,416.77498873417096,997
2024-09-16 15:38:29.668,416.8024589430381,5
2024-09-16 15:38:29.722,416.7739598708528,10
2024-09-16 15:38:30.017,416.7616545820944,6
2024-09-16 15:38:30.050,416.7448642619193,1002
2024-09-16 15:38:30.107,416.7442452357253,7
2024-09-16 15:38:30.337,416.7764964571642,101
2024-09-16 15:38:30.370,416.7756480065903,999
2024-09-16 15:38:30.460,416.7597722408587,9
2024-09-16 15:38:30.734,416.7508425739751,9
2024-09-16 15:38:30.937,416.7590044103768,98
2024-09-16 15:38:31.036,416.6687903345739,13
2024-09-16 15:38:31.038,416.7153354033401,999
2024-09-16 15:38:31.189,416.6689577113354,6
2024-09-16 15:38:31.219,416.7439641106249,1000
2024-09-16 15:38:31.432,416.7588500779077,13
2024-09-16 15:38:31.440,416.7352695384285,999
2024-09-16 15:38:31.465,416.6979917987568,1002
2024-09-16 15:38:31.488,416.7292893173892,6
2024-09-16 15:38:31.493,416.72262047939,1002
2024-09-16 15:38:31.533,416.6931558065447,7
2024-09-16 15:38:31.554,416.71883506885337,98
2024-09-16 15:38:31.615,416.7072017028573,995
2024-09-16 15:38:31.645,416.67502432722574,14
2024-09-16 15:38:31.682,416.6659644731398,998
2024-09-16 15:38:31.711,416.6948964526981,996
2024-09-16 15:38:31.748,416.7504116013391,13
2024-09-16 15:38:31.763,416.733762243146,1001
2024-09-16 15:38:31.911,416.6995559541896,104
2024-09-16 15:38:31.938,416.7573950181736,10
2024-09-16 15:38:32.044,416.740969739103,104
2024-09-16 15:38:32.081,416.747520568311,5
2024-09-16 15:38:32.086,416.74401530929936,997
2024-09-16 15:38:32.283,416.71047583158304,997
2024-09-16 15:38:32.510,416.7438879329444,98
2024-09-16 15:38:32.605,416.7465263784273,104
2024-09-16 15:38:32.641,416.74649213202144,95
2024-09-16 15:38:32.683,416.7423774399632,99
2024-09-16 15:38:32.952,416.7321445119256,104
2024-09-16 15:38:33.015,416.7420300915761,13
2024-09-16 15:38:33.069,416.71045810861807,1005
2024-09-16 15:38:33.109,416.7370795577696,9
2024-09-16 15:38:33.142,416.7049116791712,996
2024-09-16 15:38:33.167,416.7330099367108,9
2024-09-16 15:38:33.183,416.7424548472014,5
2024-09-16 15:38:33.196,416.7336777359935,999
2024-09-16 15:38:33.295,416.70440391277134,10
2024-09-16 15:38:33.352,416.7114615601041,999
2024-09-16 15:38:33.375,416.747280949369,96
2024-09-16 15:38:33.419,416.69870779887856,8
2024-09-16 15:38:33.436,416.74051159380656,12
2024-09-16 15:38:33.506,416.7393912370623,101
2024-09-16 15:38:33.616,416.6986558329017,999
2024-09-16 15:38:33.729,416.70237216481365,9
2024-09-16 15:38:33.734,416.73162384667216,6
2024-09-16 15:38:33.740,416.7680015351032,99
2024-09-16 15:38:33.783,,12
2024-09-16 15:38:33.786,416.7165922797875,12
2024-09-16 15:38:33.805,416.706302902056,103
2024-09-16 15:38:33.808,416.7475020615384,10
2024-09-16 15:38:33.825,416.701071369326,104
2024-09-16 15:38:33.833,416.744883451482,99
2024-09-16 15:38:33.837,416.7447883203579,8
2024-09-16 15:38:33.859,416.69323988625024,1002
2024-09-16 15:38:33.867,416.71403621789807,101
2024-09-16 15:38:33.887,416.7109522210935,999
2024-09-16 15:38:33.899,416.70787565157656,100
2024-09-16 15:38:33.922,416.7486600535266,105
2024-09-16 15:38:34.005,416.7592367229536,97
2024-09-16 15:38:34.008,416.7327552712816,1004
2024-09-16 15:38:34.083,416.7557812680387,6
2024-09-16 15:38:34.125,416.7324878624891,998
2024-09-16 15:38:34.151,416.7340258747832,996
2024-09-16 15:38:34.161,416.757416008596,96
2024-09-16 15:38:34.161,416.7562614123031,9
2024-09-16 15:38:34.165,416.714355888716,1001
2024-09-16 15:38:34.198,416.7350132264908,12
2024-09-16 15:38:34.224,416.7521434441017,1004
2024-09-16 15:38:34.241,416.7469558286992,5
2024-09-16 15:38:34.261,416.7377831450202,95
2024-09-16 15:38:34.295,416.7368121676232,1004
2024-09-16 15:38:34.368,416.75114244739495,1001
2024-09-16 15:38:34.377,416.7394143009,11
2024-09-16 15:38:34.404,416.72874984460486,97
2024-09-16 15:38:34.435,416.7554364657879,101
2024-09-16 15:38:34.478,416.7215003781981,7
2024-09-16 15:38:34.479,416.7271743800689,998
2024-09-16 15:38:34.479,416.7451390821966,8
2024-09-16 15:38:34.541,416.7400758185361,999
2024-09-16 15:38:34.551,416.7207081788959,102
2024-09-16 15:38:34.582,416.7536698139433,101
2024-09-16 15:38:34.883,416.7525601013639,100
2024-09-16 15:38:34.898,416.74016948663376,101
2024-09-16 15:38:35.336,416.7550944793268,96
2024-09-16 15:38:35.577,416.7490944558504,10
2024-09-16 15:38:35.927,416.756588513854,11
2024-09-16 15:38:36.207,416.79587779888885,998
2024-09-16 15:38:36.301,416.8069873526148,14
2024-09-16 15:38:36.776,416.8015205012935,5
2024-09-16 15:38:36.818,416.7888032134189,101
2024-09-16 15:38:36.949,416.7752427601059,13
2024-09-16 15:38:37.001,416.79243878910455,997
2024-09-16 15:38:37.033,416.7851604057326,97
2024-09-16 15:38:37.073,416.79621768188485,11
2024-09-16 15:38:37.167,416.7962092534313,13
2024-09-16 15:38:37.182,416.8004400188938,8
2024-09-16 15:38:37.306,416.8015907830625,105
2024-09-16 15:38:37.360,416.8051710742071,13
2024-09-16 15:38:37.366,416.789732437044,998
2024-09-16 15:38:37.370,416.79532906295697,105
2024-09-16 15:38:37.467,416.81849674775896,1005
2024-09-16 15:38:37.583,416.7759061694521,998
2024-09-16 15:38:37.650,416.7723993727272,8
2024-09-16 15:38:37.667,41.67824833559636,101
2024-09-16 15:38:37.698,416.7892862496989,98
2024-09-16 15:38:37.730,416.80181299751285,1003
2024-09-16 15:38:37.759,416.7957584503796,15
2024-09-16 15:38:37.786,416.7960493227004,98
2024-09-16 15:38:37.792,416.8134847294286,997
2024-09-16 15:38:37.856,416.7709304768468,1004
2024-09-16 15:38:37.894,416.8140797963882,1004
2024-09-16 15:38:37.938,416.7753511431783,8
2024-09-16 15:38:37.947,416.7684143802944,101
2024-09-16 15:38:37.974,416.80168575845977,997
2024-09-16 15:38:38.036,416.7705690595824,8
2024-09-16 15:38:38.083,416.779882332455,10
2024-09-16 15:38:38.091,416.80883822585054,1004
2024-09-16 15:38:38.196,416.78999877842176,105
2024-09-16 15:38:38.238,416.7917620590183,99
2024-09-16 15:38:38.240,416.8055705492495,102
2024-09-16 15:38:38.445,416.78408049590064,1004
2024-09-16 15:38:38.500,416.78857969232513,104
2024-09-16 15:38:38.521,416.78694127030747,10
2024-09-16 15:38:38.538,416.776155298246,7
2024-09-16 15:38:38.733,416.7947012959008,9
2024-09-16 15:38:38.736,417.0918462408837,11
2024-09-16 15:38:38.791,416.78501591360697,104
2024-09-16 15:38:38.992,416.7973984694927,1003
2024-09-16 15:38:39.033,416.7561812841992,99
2024-09-16 15:38:39.129,416.7734071623629,997
2024-09-16 15:38:39.206,417.1695453335109,7
2024-09-16 15:38:39.211,416.75713929128887,11
2024-09-16 15:38:39.403,416.7571336811095,996
2024-09-16 15:38:39.422,416.7808132547767,997
2024-09-16 15:38:39.718,416.76064612414,97
2024-09-16 15:38:39.832,41.6754765262869,103
2024-09-16 15:38:39.971,416.76552915162506,1003
2024-09-16 15:38:41.054,416.7843602391128,100
2024-09-16 15:38:41.061,416.75927394953686,15
2024-09-16 15:38:41.094,416.76665396622775,12
2024-09-16 15:38:41.291,416.7531390642473,13
2024-09-16 15:38:41.357,416.7407449272488,102
2024-09-16 15:38:41.364,416.76591119759166,9
2024-09-16 15:38:41.381,416.77146091728,997
2024-09-16 15:38:41.436,416.7518303729172,5
2024-09-16 15:38:41.504,416.780696919862,1005
2024-09-16 15:38:41.689,416.7328568786042,998
2024-09-16 15:38:41.712,416.8033801658689,998
2024-09-16 15:38:41.780,416.7604093407036,1003
2024-09-16 15:38:41.804,416.7221784278969,10
2024-09-16 15:38:41.881,416.7540537790735,98
2024-09-16 15:38:41.942,416.7726972214161,99
2024-09-16 15:38:41.968,416.7348409347094,998
2024-09-16 15:38:42.008,416.83813608868127,5
2024-09-16 15:38:42.131,416.8450390918226,7
2024-09-16 15:38:42.225,416.8785122641142,6
2024-09-16 15:38:42.243,416.8137995314781,8
2024-09-16 15:38:42.390,416.7928715083776,99
2024-09-16 15:38:42.466,416.800748500399,98
2024-09-16 15:38:42.686,416.8329827698312,1001
2024-09-16 15:38:42.695,416.7893588058764,7
2024-09-16 15:38:42.767,416.8607502585157,103
2024-09-16 15:38:42.790,416.82889693240486,9
2024-09-16 15:38:42.804,416.83353901190605,1000
2024-09-16 15:38:42.893,416.7907392900797,995
2024-09-16 15:38:43.018,416.88405286164567,95
2024-09-16 15:38:43.022,416.955468995604,999
2024-09-16 15:38:43.102,416.8802047791582,6
2024-09-16 15:38:43.137,416.88410438202686,5
2024-09-16 15:38:43.184,416.9145322907257,1000
2024-09-16 15:38:43.202,416.9404297528426,100
2024-09-16 15:38:43.267,416.8455421538318,6
2024-09-16 15:38:43.278,416.9592906810879,997
2024-09-16 15:38:43.280,416.8816806712901,11
2024-09-16 15:38:43.313,,997
2024-09-16 15:38:43.373,416.9011541090047,6
2024-09-16 15:38:43.430,416.8456239798976,100
2024-09-16 15:38:43.531,416.9363004397025,97
2024-09-16 15:38:43.539,416.9302759786181,102
2024-09-16 15:38:43.549,416.8914427103888,1000
2024-09-16 15:38:43.549,416.96847188751485,7
2024-09-16 15:38:43.678,416.862738156845,995
2024-09-16 15:38:43.808,416.939003519069,998
2024-09-16 15:38:43.829,416.855807647361,11
2024-09-16 15:38:43.866,416.882974316038,9
2024-09-16 15:38:43.892,416.9183895035974,996
2024-09-16 15:38:43.905,416.8957040115102,14
2024-09-16 15:38:44.071,416.9423773439128,98
2024-09-16 15:38:44.074,416.94211550044537,14
2024-09-16 15:38:44.096,416.9230920420596,100
2024-09-16 15:38:44.124,416.956484727746,1000
2024-09-16 15:38:44.145,416.9354935598449,97
2024-09-16 15:38:44.275,416.91897033978,95
2024-09-16 15:38:44.283,,7
2024-09-16 15:38:44.285,416.9250415504516,1005
2024-09-16 15:38:44.288,416.9018115227109,103
2024-09-16 15:38:44.403,416.938459287383,997
2024-09-16 15:38:44.407,416.9319525640014,102
2024-09-16 15:38:44.414,416.92461613722975,98
2024-09-16 15:38:44.453,416.894573584788,13
2024-09-16 15:38:44.560,416.9116040872228,99
2024-09-16 15:38:44.565,416.9604603305807,1004
2024-09-16 15:38:44.590,416.8887236190968,7
2024-09-16 15:38:44.663,416.8994763607518,97
2024-09-16 15:38:44.687,416.9598898456743,6
2024-09-16 15:38:44.710,416.89158996729776,11
2024-09-16 15:38:44.717,416.881030175169,96
2024-09-16 15:38:44.751,416.9715111770918,9
2024-09-16 15:38:44.757,416.8838475068296,96
2024-09-16 15:38:44.845,416.8981782902644,999
2024-09-16 15:38:44.862,416.9151530461462,15
2024-09-16 15:38:44.943,416.9164817023442,1003
2024-09-16 15:38:44.975,416.9132984624731,97
2024-09-16 15:38:45.021,416.90824031057525,8
2024-09-16 15:38:45.100,416.924124537979,1004
2024-09-16 15:38:45.446,416.92452475249314,997
2024-09-16 15:38:45.578,416.8939908581045,996
2024-09-16 15:38:45.741,416.8981460656608,98
2024-09-16 15:38:45.872,416.90599264296856,998
2024-09-16 15:38:46.183,416.9212964951022,103
2024-09-16 15:38:46.377,416.8961765175613,105
2024-09-16 15:38:46.391,416.9155180378095,13
2024-09-16 15:38:46.486,416.91209172627566,1004
2024-09-16 15:38:46.676,416.9242805605629,998
2024-09-16 15:38:46.881,416.9116790195785,11
2024-09-16 15:38:46.929,416.907313585004,12
2024-09-16 15:38:46.967,416.9194472117929,5
2024-09-16 15:38:47.136,416.8954732917341,96
2024-09-16 15:38:47.269,416.9256850099267,1001
2024-09-16 15:38:47.286,416.90000354963104,100
2024-09-16 15:38:47.423,416.89807681418927,101
2024-09-16 15:38:47.521,,1005
2024-09-16 15:38:47.568,416.9233966093982,1000
2024-09-16 15:38:47.751,416.89019862342616,997
2024-09-16 15:38:47.880,416.89823365494834,1003
2024-09-16 15:38:47.915,416.922078983632,9
2024-09-16 15:38:47.991,416.90905329416535,10
2024-09-16 15:38:48.499,,998
2024-09-16 15:38:48.971,416.871623462085,15
2024-09-16 15:38:49.021,416.8594186207823,99
2024-09-16 15:38:49.030,416.8641123429906,104
2024-09-16 15:38:49.083,416.87573824600975,105
2024-09-16 15:38:49.129,416.8504514881399,100
2024-09-16 15:38:49.196,416.8216986109522,997
2024-09-16 15:38:49.266,416.8455344496754,999
2024-09-16 15:38:49.370,416.7884527726853,8
2024-09-16 15:38:49.407,416.8844594229493,103
2024-09-16 15:38:49.417,416.8493290577616,13
2024-09-16 15:38:49.426,416.8624817884639,101
2024-09-16 15:38:49.449,416.8619800441111,15
2024-09-16 15:38:49.477,416.81435880633,100
2024-09-16 15:38:49.513,416.8710502198173,1003
2024-09-16 15:38:49.587,416.81590596646606,99
2024-09-16 15:38:49.605,416.8449221614201,98
2024-09-16 15:38:49.618,416.86953596598335,1004
2024-09-16 15:38:49.687,416.8772865019879,105
2024-09-16 15:38:49.708,416.88030382082144,1002
2024-09-16 15:38:49.752,416.8265219044063,14
2024-09-16 15:38:49.754,416.825837199298,997
2024-09-16 15:38:49.763,416.8361709770759,11
2024-09-16 15:38:49.838,416.856170743128,100
2024-09-16 15:38:49.845,416.86375957644833,100
2024-09-16 15:38:49.870,416.8819524941696,103
2024-09-16 15:38:49.939,416.8732095644672,97
2024-09-16 15:38:50.053,416.7461818646166,12
2024-09-16 15:38:50.095,416.7419384451868,995
2024-09-16 15:38:50.136,416.7196273609952,998
2024-09-16 15:38:50.175,416.7158507323904,9
2024-09-16 15:38:50.225,416.7727968844468,11
2024-09-16 15:38:50.726,416.77738067194224,996
2024-09-16 15:38:50.750,416.7444136976779,98
2024-09-16 15:38:50.803,416.7416075608288,1000
2024-09-16 15:38:50.862,416.7360708567545,9
2024-09-16 15:38:50.915,,1001
2024-09-16 15:38:50.922,416.7588499250682,15
2024-09-16 15:38:51.022,416.7071682696276,99
2024-09-16 15:38:51.082,416.70426568845966,14
2024-09-16 15:38:51.231,416.7304364120033,10
2024-09-16 15:38:51.255,416.7091518560495,101
2024-09-16 15:38:51.256,416.6912129089781,104
2024-09-16 15:38:51.272,416.70622012068833,104
2024-09-16 15:38:51.284,416.6977799943481,1002
2024-09-16 15:38:51.315,416.7311509026367,1004
2024-09-16 15:38:51.323,416.7378341217921,98
2024-09-16 15:38:51.380,416.72033316808046,13
2024-09-16 15:38:51.394,416.7086779974219,1005
2024-09-16 15:38:51.457,416.7485699369471,1002
2024-09-16 15:38:51.557,416.6980719357287,101
2024-09-16 15:38:51.581,416.6940071748793,10
2024-09-16 15:38:51.681,416.7204367945751,997
2024-09-16 15:38:51.732,416.74599984215695,14
2024-09-16 15:38:51.822,416.70471186625855,1001
2024-09-16 15:38:51.948,416.7439362185172,6
2024-09-16 15:38:51.996,416.749403893635,1002
2024-09-16 15:38:52.318,416.7207728068952,1003
2024-09-16 15:38:52.355,416.721299449114,1004
2024-09-16 15:38:53.055,416.6913442262644,995
2024-09-16 15:38:53.091,416.7086349638177,13
2024-09-16 15:38:53.184,416.67339653977007,103
2024-09-16 15:38:53.273,416.7311292760359,997
2024-09-16 15:38:53.297,416.69741770392494,11
2024-09-16 15:38:53.457,416.6822634795281,101
2024-09-16 15:38:53.506,416.7208190236341,105
2024-09-16 15:38:53.566,416.6844614126376,101
2024-09-16 15:38:53.789,416.7040411497563,999
2024-09-16 15:38:53.806,416.7085754512528,104
2024-09-16 15:38:53.810,416.695469119085,8
2024-09-16 15:38:53.821,416.7174302435808,96
2024-09-16 15:38:53.854,416.6922878095534,103
2024-09-16 15:38:53.883,416.70482406116975,11
2024-09-16 15:38:54.088,416.6828573975303,103
2024-09-16 15:38:54.107,416.6882470951567,10
2024-09-16 15:38:54.304,416.6756758063686,7
2024-09-16 15:38:54.342,416.6720956606191,997
2024-09-16 15:38:54.374,416.6749657569843,105
2024-09-16 15:38:54.379,416.6944068597181,7
2024-09-16 15:38:54.389,416.6873843636931,996
2024-09-16 15:38:54.439,416.7043378322729,9
2024-09-16 15:38:54.492,416.7043449811267,9
2024-09-16 15:38:54.532,416.66646145306,14
2024-09-16 15:38:54.615,416.6588342267008,995
2024-09-16 15:38:54.628,416.6822172144629,996
2024-09-16 15:38:54.657,416.6853078538647,98
2024-09-16 15:38:54.709,416.6881466329916,11
2024-09-16 15:38:54.715,416.69783089470616,1003
2024-09-16 15:38:54.814,416.70215258922906,10
2024-09-16 15:38:54.840,416.6847283236089,15
2024-09-16 15:38:54.882,416.69445924443846,13
2024-09-16 15:38:54.886,416.6674050976033,9
2024-09-16 15:38:54.967,416.6990019723029,14
2024-09-16 15:38:55.067,416.70276065379977,99
2024-09-16 15:38:55.074,416.6882238545365,1003
2024-09-16 15:38:55.095,416.6909687576035,999
2024-09-16 15:38:55.196,416.70712648750646,7
2024-09-16 15:38:55.222,416.68147786556665,1005
2024-09-16 15:38:55.467,416.71314187837146,997
2024-09-16 15:38:55.726,417.450062804633,12
2024-09-16 15:38:55.856,416.7092315953311,7
2024-09-16 15:38:55.920,416.6853684326954,7
2024-09-16 15:38:55.968,416.68317657756,998
2024-09-16 15:38:57.000,416.6717948165118,1005
2024-09-16 15:38:57.013,416.6477406815262,100
2024-09-16 15:38:57.040,416.7055315688109,1000
2024-09-16 15:38:57.084,416.67851568324494,1002
2024-09-16 15:38:57.099,416.64100684496447,102
2024-09-16 15:38:57.173,416.6701950554641,1001
2024-09-16 15:38:57.206,417.2589742081971,100
2024-09-16 15:38:57.236,416.66735288343216,99
2024-09-16 15:38:57.368,416.6890273079306,1000
2024-09-16 15:38:57.510,416.67028456173705,96
2024-09-16 15:38:57.568,416.714694547032,97
2024-09-16 15:38:57.881,416.7182394510128,101
2024-09-16 15:38:57.889,416.6633004121454,100
2024-09-16 15:38:57.995,416.7186562989105,100
2024-09-16 15:38:58.004,416.6975874450208,8
2024-09-16 15:38:58.018,416.7020492487183,95
2024-09-16 15:38:58.035,416.65903755992014,96
2024-09-16 15:38:58.047,416.70499713298375,1005
2024-09-16 15:38:58.114,416.6233243257792,1001
2024-09-16 15:38:58.123,416.6729770517314,5
2024-09-16 15:38:58.203,416.6331037433369,999
2024-09-16 15:38:58.311,416.640519144573,998
2024-09-16 15:38:58.315,416.6736540469781,96
2024-09-16 15:38:58.383,416.6539332465934,105
2024-09-16 15:38:58.393,416.6712573603715,10
2024-09-16 15:38:58.402,416.62125131696513,13
2024-09-16 15:38:58.410,416.6445399915305,10
2024-09-16 15:38:58.499,416.643143590892,7
2024-09-16 15:38:58.596,416.65245075392335,98
2024-09-16 15:38:58.599,416.6586338283126,96
2024-09-16 15:38:58.637,-416.6606969392616,102
2024-09-16 15:38:58.731,416.7021401908031,7
2024-09-16 15:38:58.737,416.6489860970028,5
2024-09-16 15:38:58.757,416.6768507428863,104
2024-09-16 15:38:58.809,416.6685202020778,995
2024-09-16 15:38:58.826,41.66745153336123,105
2024-09-16 15:38:58.863,416.6846358231987,995
2024-09-16 15:38:58.900,416.6741884965912,999
2024-09-16 15:38:58.908,416.6630107922941,100
2024-09-16 15:38:58.931,416.67616757740126,101
2024-09-16 15:38:59.065,416.63093705414286,11
2024-09-16 15:38:59.237,416.6497673983884,9
2024-09-16 15:38:59.260,416.6680190270458,1002
2024-09-16 15:38:59.280,416.6451836594256,1002
2024-09-16 15:38:59.323,416.6657715309436,997
2024-09-16 15:38:59.324,416.6166274582478,11
2024-09-16 15:38:59.353,416.6352524490705,995
2024-09-16 15:38:59.377,416.6669020163612,9
2024-09-16 15:38:59.443,416.6691094430393,1002
2024-09-16 15:38:59.477,416.6746643098962,5
2024-09-16 15:38:59.485,416.6801022327104,100
2024-09-16 15:38:59.501,416.6373792832952,1002
2024-09-16 15:38:59.535,416.6761547701179,95
2024-09-16 15:38:59.567,416.68078835542894,104
2024-09-16 15:38:59.622,416.63499836702,96
2024-09-16 15:38:59.646,416.63401889850337,14
2024-09-16 15:38:59.731,416.62776284589046,997
2024-09-16 15:38:59.965,416.6428343583637,13
2024-09-16 15:38:59.996,416.6655907535744,999
