Timestamp,Price,Size
2024-09-17 10:17:00.010,413.88518753960784,9
2024-09-17 10:17:00.011,413.9105162539687,995
2024-09-17 10:17:00.015,413.9028663833248,8
2024-09-17 10:17:00.048,413.9646128811456,995
2024-09-17 10:17:00.055,413.89720321587714,1003
2024-09-17 10:17:00.110,413.8616759623709,996
2024-09-17 10:17:00.166,413.9062723400641,97
2024-09-17 10:17:00.332,413.8647198926658,10
2024-09-17 10:17:00.342,413.9698447845813,1003
2024-09-17 10:17:00.393,413.87437269324914,97
2024-09-17 10:17:00.425,413.9036223717623,998
2024-09-17 10:17:00.449,413.9205323264724,100
2024-09-17 10:17:00.458,413.8404145717124,1003
2024-09-17 10:17:00.493,413.8869353435976,1005
2024-09-17 10:17:00.557,413.887994707639,999
2024-09-17 10:17:00.596,413.94607812699945,6
2024-09-17 10:17:00.638,413.9382347252423,996
2024-09-17 10:17:00.642,413.9792032630386,13
2024-09-17 10:17:00.758,413.8577805422914,100
2024-09-17 10:17:00.821,413.8855241162576,104
2024-09-17 10:17:00.847,413.9014960268078,101
2024-09-17 10:17:00.887,413.90107994138697,1001
2024-09-17 10:17:00.944,413.8621235007743,999
2024-09-17 10:17:00.945,413.88485330598206,997
2024-09-17 10:17:00.981,413.89461736797335,8
2024-09-17 10:17:01.172,413.95780182708046,99
2024-09-17 10:17:01.521,413.9843526244232,98
2024-09-17 10:17:01.757,413.9779583999244,1000
2024-09-17 10:17:02.032,413.95186978859454,996
2024-09-17 10:17:02.128,413.9607436382689,104
2024-09-17 10:17:02.213,413.9182099013045,999
2024-09-17 10:17:02.279,413.9531351957032,95
2024-09-17 10:17:02.290,413.9743217717728,5
2024-09-17 10:17:02.295,413.9580030858196,104
2024-09-17 10:17:02.306,413.9723625498496,995
2024-09-17 10:17:02.379,413.95201450395297,99
2024-09-17 10:17:02.384,413.9560017599534,999
2024-09-17 10:17:02.477,413.9139764358911,13
2024-09-17 10:17:02.500,413.969424367123,1000
2024-09-17 10:17:02.540,413.9326151600361,96
2024-09-17 10:17:02.576,413.9774658843481,102
2024-09-17 10:17:02.587,413.93221672854935,998
2024-09-17 10:17:02.616,413.95176130248245,1004
2024-09-17 10:17:02.663,413.947498868608,1004
2024-09-17 10:17:02.771,413.971652370333,105
2024-09-17 10:17:02.928,413.94928840290527,99
2024-09-17 10:17:03.001,413.9316594662524,99
2024-09-17 10:17:03.004,413.90046071912656,105
2024-09-17 10:17:03.062,413.9113755522119,1004
2024-09-17 10:17:03.085,413.92139768987664,96
2024-09-17 10:17:03.168,413.8991016289184,1004
2024-09-17 10:17:03.178,-413.9376301198609,998
2024-09-17 10:17:03.186,413.961826640939,10
2024-09-17 10:17:03.206,413.9216104041202,997
2024-09-17 10:17:03.207,413.9038300843675,97
2024-09-17 10:17:03.294,,100
2024-09-17 10:17:03.304,413.9016602100727,99
2024-09-17 10:17:03.306,413.92182923975975,997
2024-09-17 10:17:03.333,413.8966896320911,15
2024-09-17 10:17:03.367,413.938318629752,98
2024-09-17 10:17:03.378,413.93408888492985,1001
2024-09-17 10:17:03.507,413.8789984920789,96
2024-09-17 10:17:03.549,413.8709315044761,1005
2024-09-17 10:17:03.549,413.9041430120495,6
2024-09-17 10:17:03.596,413.8967094644871,105
2024-09-17 10:17:03.692,413.91853675988335,97
2024-09-17 10:17:03.701,413.9517788557899,1002
2024-09-17 10:17:03.701,413.93708567301337,104
2024-09-17 10:17:03.852,413.91289878090646,11
2024-09-17 10:17:03.946,413.88560011857777,96
2024-09-17 10:17:03.983,413.9297289639785,96
2024-09-17 10:17:03.990,413.9503535482904,11
2024-09-17 10:17:03.996,413.89050436346565,6
2024-09-17 10:17:04.089,413.8930462674458,1002
2024-09-17 10:17:04.091,413.8935274888439,14
2024-09-17 10:17:04.209,413.9020132293895,999
2024-09-17 10:17:04.235,413.8623405100415,1004
2024-09-17 10:17:04.274,413.9008220041198,10
2024-09-17 10:17:04.291,413.885361866553,996
2024-09-17 10:17:04.365,413.8684265313128,9
2024-09-17 10:17:04.490,413.89804026767456,996
2024-09-17 10:17:04.539,41.39042120546836,97
2024-09-17 10:17:04.576,413.8705302530012,95
2024-09-17 10:17:04.614,413.8809910432767,1004
2024-09-17 10:17:04.638,413.8985088316738,99
2024-09-17 10:17:04.687,413.85479641785633,1001
2024-09-17 10:17:04.830,413.9039590386065,104
2024-09-17 10:17:04.886,413.9045449131433,999
2024-09-17 10:17:04.910,413.862360463062,14
2024-09-17 10:17:04.924,413.88153252467447,98
2024-09-17 10:17:04.976,413.8716387782059,98
2024-09-17 10:17:05.047,413.890828175827,1004
2024-09-17 10:17:05.077,413.8933043301655,7
2024-09-17 10:17:05.108,413.89830614892026,1003
2024-09-17 10:17:05.199,413.8813971286927,95
2024-09-17 10:17:05.300,413.89334434328646,11
2024-09-17 10:17:05.371,413.8733290802034,98
2024-09-17 10:17:05.375,413.9030014379764,995
2024-09-17 10:17:05.506,413.90360073145126,97
2024-09-17 10:17:05.691,413.878906627092,104
2024-09-17 10:17:05.827,413.8566578003507,1003
2024-09-17 10:17:05.933,413.86062217096855,6
2024-09-17 10:17:06.038,413.8904596009732,11
2024-09-17 10:17:06.063,413.92134351671336,996
2024-09-17 10:17:06.069,413.9154585612814,102
2024-09-17 10:17:06.087,413.92047289392895,7
2024-09-17 10:17:06.119,413.8889717624038,1002
2024-09-17 10:17:06.242,413.9110842654552,13
2024-09-17 10:17:06.253,413.88533088211176,103
2024-09-17 10:17:06.308,413.8906115394912,12
2024-09-17 10:17:06.333,413.9040657907397,1002
2024-09-17 10:17:06.345,413.9316734555534,1000
2024-09-17 10:17:06.408,413.9409614772931,997
2024-09-17 10:17:06.424,413.8760656485398,105
2024-09-17 10:17:06.496,413.9116557287324,1005
2024-09-17 10:17:06.563,413.9124852745223,6
2024-09-17 10:17:06.627,413.893217492099,12
2024-09-17 10:17:06.646,413.90848334820095,102
2024-09-17 10:17:06.668,413.8828355921428,96
2024-09-17 10:17:06.730,413.9031294243153,15
2024-09-17 10:17:06.752,413.9257338778597,6
2024-09-17 10:17:06.772,413.9181031995756,102
2024-09-17 10:17:06.776,413.9339613765501,96
2024-09-17 10:17:06.786,413.90072668951547,998
2024-09-17 10:17:06.851,413.87491901574,98
2024-09-17 10:17:06.886,413.9134131343763,999
2024-09-17 10:17:06.890,413.91022595424886,100
2024-09-17 10:17:06.897,413.8555164002626,7
2024-09-17 10:17:06.905,413.88863435083465,8
2024-09-17 10:17:06.916,413.9369681201409,998
2024-09-17 10:17:06.969,413.9158543504682,103
2024-09-17 10:17:07.227,413.880322746136,12
2024-09-17 10:17:07.272,413.8754136230124,7
2024-09-17 10:17:07.441,413.8802262585068,10
2024-09-17 10:17:07.563,413.8712316340186,5
2024-09-17 10:17:07.579,413.8754305214711,98
2024-09-17 10:17:07.615,413.8567144270588,15
2024-09-17 10:17:07.626,413.88293549615855,104
2024-09-17 10:17:07.742,413.8840642395967,12
2024-09-17 10:17:07.842,413.8734826997237,104
2024-09-17 10:17:07.876,413.8434516004376,97
2024-09-17 10:17:07.890,413.8601947860555,999
2024-09-17 10:17:07.955,413.8891450268344,995
2024-09-17 10:17:08.138,413.8582618375259,15
2024-09-17 10:17:08.149,413.84649784533815,1002
2024-09-17 10:17:08.165,413.8415018080528,8
2024-09-17 10:17:08.242,413.82807013703246,103
2024-09-17 10:17:08.256,413.8769032906443,13
2024-09-17 10:17:08.285,413.8670185790545,100
2024-09-17 10:17:08.324,413.8743186940503,99
2024-09-17 10:17:08.420,413.85538005600426,102
2024-09-17 10:17:08.453,413.8623243045718,95
2024-09-17 10:17:08.457,413.8480602844732,103
2024-09-17 10:17:08.506,413.8706569215476,8
2024-09-17 10:17:08.512,413.8671518380664,9
2024-09-17 10:17:08.526,413.8462810594875,998
2024-09-17 10:17:08.634,413.83702990434006,1001
2024-09-17 10:17:08.656,413.8845215389717,1003
2024-09-17 10:17:08.678,413.8769513940859,99
2024-09-17 10:17:08.679,413.85934213091167,11
2024-09-17 10:17:08.705,413.8555704386322,8
2024-09-17 10:17:08.755,413.8352350332653,9
2024-09-17 10:17:08.766,413.8392511834623,8
2024-09-17 10:17:08.818,413.841858303426,98
2024-09-17 10:17:08.880,413.8585043773053,998
2024-09-17 10:17:08.898,413.8363618777787,95
2024-09-17 10:17:09.261,413.8583086472846,103
2024-09-17 10:17:09.756,413.87978024069446,97
2024-09-17 10:17:09.996,413.8769116649876,97
2024-09-17 10:17:10.039,413.8661460587307,12
2024-09-17 10:17:10.041,413.86704485493226,1005
2024-09-17 10:17:10.078,413.8851982106508,97
2024-09-17 10:17:10.103,413.8710035570916,998
2024-09-17 10:17:10.132,413.861409469025,98
2024-09-17 10:17:10.142,413.8633557864769,1002
2024-09-17 10:17:10.143,413.8613854158234,995
2024-09-17 10:17:10.248,413.8467027443194,1004
2024-09-17 10:17:10.258,413.8573158561972,998
2024-09-17 10:17:10.439,413.87223376963885,999
2024-09-17 10:17:10.458,413.8764837149155,99
2024-09-17 10:17:10.463,413.84296944993633,102
2024-09-17 10:17:10.475,413.8473802244512,9
2024-09-17 10:17:10.481,413.8372359725011,7
2024-09-17 10:17:10.530,413.85374362582536,99
2024-09-17 10:17:10.620,413.865176166972,999
2024-09-17 10:17:10.712,413.8771552917029,102
2024-09-17 10:17:10.721,413.87505791501945,5
2024-09-17 10:17:10.730,413.8764637831528,95
2024-09-17 10:17:10.823,413.84867333537255,10
2024-09-17 10:17:10.828,413.8745967272184,996
2024-09-17 10:17:10.870,413.8794407426184,1003
2024-09-17 10:17:10.930,413.85950689750086,105
2024-09-17 10:17:10.942,413.8588441341793,96
2024-09-17 10:17:11.036,413.8406491868501,999
2024-09-17 10:17:11.076,413.8747086435875,1002
2024-09-17 10:17:11.151,413.88664230284456,95
2024-09-17 10:17:11.173,413.8651815616665,97
2024-09-17 10:17:11.198,413.8815285035608,13
2024-09-17 10:17:11.240,413.87977525490254,11
2024-09-17 10:17:11.283,413.8622662049199,97
2024-09-17 10:17:11.310,-413.8719857208163,104
2024-09-17 10:17:11.358,413.88136914540473,15
2024-09-17 10:17:11.372,413.86689626547945,96
2024-09-17 10:17:11.378,,996
2024-09-17 10:17:11.408,413.8729015499621,102
2024-09-17 10:17:11.541,413.8237787517671,12
2024-09-17 10:17:11.608,413.76270920488673,999
2024-09-17 10:17:11.628,413.76738498051634,102
2024-09-17 10:17:11.628,413.83175888214106,95
2024-09-17 10:17:11.629,413.8314664160732,13
2024-09-17 10:17:11.639,413.7738766618209,11
2024-09-17 10:17:11.718,413.8836317577325,997
2024-09-17 10:17:11.735,413.7863881178639,103
2024-09-17 10:17:11.756,413.8810888229765,10
2024-09-17 10:17:11.774,413.808860106921,995
2024-09-17 10:17:11.794,413.8602469220307,1000
2024-09-17 10:17:11.803,413.8816246238501,100
2024-09-17 10:17:11.880,413.8894737739971,1000
2024-09-17 10:17:11.896,413.7735527101312,95
2024-09-17 10:17:11.900,413.8849522420003,103
2024-09-17 10:17:12.014,413.8023575354173,1000
2024-09-17 10:17:12.063,413.8294073309256,99
2024-09-17 10:17:12.143,413.7760356747651,1000
2024-09-17 10:17:12.154,413.7913127206844,1002
2024-09-17 10:17:12.156,413.8327385827014,102
2024-09-17 10:17:12.159,,1002
2024-09-17 10:17:12.169,413.74614859970944,7
2024-09-17 10:17:12.176,413.7850747194313,10
2024-09-17 10:17:12.198,413.8384804525963,99
2024-09-17 10:17:12.212,413.7870617460127,1005
2024-09-17 10:17:12.227,413.7918137579256,102
2024-09-17 10:17:12.267,413.7731529640751,104
2024-09-17 10:17:12.311,413.79548683328346,997
2024-09-17 10:17:12.328,413.8381512845859,12
2024-09-17 10:17:12.363,413.781145123204,102
2024-09-17 10:17:12.372,413.73788814144,98
2024-09-17 10:17:12.454,413.8194303065793,101
2024-09-17 10:17:12.460,413.79973513234415,1004
2024-09-17 10:17:12.514,413.74638887924914,10
2024-09-17 10:17:12.514,413.7889388322192,8
2024-09-17 10:17:12.589,413.7922943817492,1001
2024-09-17 10:17:12.617,413.827015134079,103
2024-09-17 10:17:12.669,413.7840992363375,14
2024-09-17 10:17:12.792,413.7691410196334,996
2024-09-17 10:17:12.800,413.8206423341179,102
2024-09-17 10:17:12.938,413.75485060454986,7
2024-09-17 10:17:12.948,413.7797555904184,104
2024-09-17 10:17:12.966,413.79087464514726,1002
2024-09-17 10:17:13.172,413.83663722490655,100
2024-09-17 10:17:13.200,413.8530403418135,1001
2024-09-17 10:17:13.345,413.84758967116414,104
2024-09-17 10:17:13.445,413.8519827951366,101
2024-09-17 10:17:13.513,,9
2024-09-17 10:17:13.870,413.85737274686585,11
2024-09-17 10:17:13.883,413.8519662079575,10
2024-09-17 10:17:13.953,413.84762246541,1002
2024-09-17 10:17:13.970,413.87869923692807,10
2024-09-17 10:17:14.004,413.8889808605997,8
2024-09-17 10:17:14.022,413.8485171698259,105
2024-09-17 10:17:14.133,413.84256941042776,1004
2024-09-17 10:17:14.184,413.8284336757606,14
2024-09-17 10:17:14.213,413.8506433633182,11
2024-09-17 10:17:14.244,413.8224316786594,97
2024-09-17 10:17:14.286,413.8778952178768,99
2024-09-17 10:17:14.346,413.8834760785312,11
2024-09-17 10:17:14.396,413.85274959174006,100
2024-09-17 10:17:14.464,413.8301206876912,104
2024-09-17 10:17:14.508,413.8218532551321,1004
2024-09-17 10:17:14.537,413.8804478693342,1002
2024-09-17 10:17:14.538,413.84390933071,102
2024-09-17 10:17:14.538,413.8499948741358,104
2024-09-17 10:17:14.729,413.8371423933018,15
2024-09-17 10:17:14.761,413.82073485500257,13
2024-09-17 10:17:14.854,413.82620503155016,11
2024-09-17 10:17:14.873,413.84636639623534,996
2024-09-17 10:17:14.962,413.8500063874692,103
2024-09-17 10:17:14.997,413.8735584553048,15
2024-09-17 10:17:15.094,413.89624533557895,13
2024-09-17 10:17:15.095,413.8848660149485,103
2024-09-17 10:17:15.341,413.8791182081402,102
2024-09-17 10:17:15.488,413.8762390960824,996
2024-09-17 10:17:15.778,413.8862645725478,996
2024-09-17 10:17:15.867,413.8886196819813,10
2024-09-17 10:17:16.024,413.87470040231824,12
2024-09-17 10:17:16.030,413.89767166584033,1004
2024-09-17 10:17:16.033,413.8573650523788,1002
2024-09-17 10:17:16.044,413.8743293431216,105
2024-09-17 10:17:16.071,413.9616530290973,13
2024-09-17 10:17:16.175,413.90884515907135,105
2024-09-17 10:17:16.220,413.9735265330213,14
2024-09-17 10:17:16.258,413.8715860565172,7
2024-09-17 10:17:16.279,-413.8765476895,14
2024-09-17 10:17:16.337,413.8550753445197,995
2024-09-17 10:17:16.368,413.8466917946871,1002
2024-09-17 10:17:16.383,413.8566905613424,96
2024-09-17 10:17:16.394,413.8622989414425,1005
2024-09-17 10:17:16.575,413.86904554866464,12
2024-09-17 10:17:16.707,413.88719153012585,6
2024-09-17 10:17:16.738,413.8686199601731,996
2024-09-17 10:17:16.757,413.84611494800254,15
2024-09-17 10:17:16.762,413.8464039265273,6
2024-09-17 10:17:16.770,413.9116035038959,98
2024-09-17 10:17:16.787,413.8803843853983,996
2024-09-17 10:17:16.825,413.9377337366837,10
2024-09-17 10:17:16.926,413.9612336054758,13
2024-09-17 10:17:16.927,413.9173547324055,10
2024-09-17 10:17:16.929,413.9164116069246,998
2024-09-17 10:17:16.950,413.9489814000967,96
2024-09-17 10:17:16.958,413.8536960247309,996
2024-09-17 10:17:16.978,413.8518967339075,1001
2024-09-17 10:17:16.981,413.8685450873844,1002
2024-09-17 10:17:16.983,413.943536292768,995
2024-09-17 10:17:17.044,413.9425617889629,997
2024-09-17 10:17:17.480,413.9500513064911,6
2024-09-17 10:17:17.520,413.95352658970194,104
2024-09-17 10:17:17.831,413.9671573674372,101
2024-09-17 10:17:18.018,413.9753177820497,10
2024-09-17 10:17:18.088,413.9760050712759,101
2024-09-17 10:17:18.165,413.9552952317931,95
2024-09-17 10:17:18.178,413.9578667551551,9
2024-09-17 10:17:18.214,-413.984054252094,8
2024-09-17 10:17:18.271,413.9844638851248,15
2024-09-17 10:17:18.294,413.9776605979854,1002
2024-09-17 10:17:18.334,413.9864122034437,10
2024-09-17 10:17:18.428,-413.9811471117808,103
2024-09-17 10:17:18.455,413.9789835085938,9
2024-09-17 10:17:18.457,413.97000268177584,6
2024-09-17 10:17:18.490,41.3982111599022,97
2024-09-17 10:17:18.544,413.9788416690429,1000
2024-09-17 10:17:18.725,413.9879552070468,996
2024-09-17 10:17:18.836,413.9926985568669,14
2024-09-17 10:17:19.194,413.9561133063217,997
2024-09-17 10:17:19.222,414.0108081191175,6
2024-09-17 10:17:19.237,414.0095089134597,1003
2024-09-17 10:17:19.272,414.0144097249593,1000
2024-09-17 10:17:19.446,414.00456164094027,997
2024-09-17 10:17:19.450,414.0060018075084,96
2024-09-17 10:17:19.473,413.9583031089949,100
2024-09-17 10:17:19.516,413.99351260534416,10
2024-09-17 10:17:19.523,413.9644901035166,1002
2024-09-17 10:17:19.598,413.96644830439976,100
2024-09-17 10:17:19.607,413.9748870009241,7
2024-09-17 10:17:19.637,413.9655941025022,97
2024-09-17 10:17:19.795,413.9914832153557,100
2024-09-17 10:17:19.808,414.0080770750806,102
2024-09-17 10:17:19.934,413.95366636002063,1005
2024-09-17 10:17:19.984,414.0201928812968,1000
2024-09-17 10:17:20.076,413.9924073304725,1001
2024-09-17 10:17:20.077,413.9961502953454,14
2024-09-17 10:17:20.123,413.976838808885,9
2024-09-17 10:17:20.143,413.98324309679066,998
2024-09-17 10:17:20.451,414.0022228108568,100
2024-09-17 10:17:20.581,413.9757030148374,15
2024-09-17 10:17:20.699,413.9720236318163,998
2024-09-17 10:17:20.757,414.00683285611575,1003
2024-09-17 10:17:20.791,413.9938063103624,95
2024-09-17 10:17:20.978,413.97672073417584,95
2024-09-17 10:17:21.071,414.02174134301646,97
2024-09-17 10:17:21.172,414.0023140427999,98
2024-09-17 10:17:21.283,414.0080538222423,6
2024-09-17 10:17:21.287,413.9847021315446,1000
2024-09-17 10:17:21.436,414.008449012342,98
2024-09-17 10:17:21.442,414.01630023889015,105
2024-09-17 10:17:21.449,414.0127247514642,95
2024-09-17 10:17:21.549,413.9996109198982,8
2024-09-17 10:17:21.564,414.0146740277999,9
2024-09-17 10:17:21.710,414.0281638473583,996
2024-09-17 10:17:21.799,414.0262614713654,13
2024-09-17 10:17:21.906,414.0046181428976,8
2024-09-17 10:17:21.919,414.0220296507597,1002
2024-09-17 10:17:21.922,414.0275866051824,997
2024-09-17 10:17:22.008,413.94654484587466,997
2024-09-17 10:17:22.038,413.9478701455247,1000
2024-09-17 10:17:22.069,413.927865796032,1004
2024-09-17 10:17:22.144,413.9436193373387,101
2024-09-17 10:17:22.288,413.977754223394,1003
2024-09-17 10:17:22.297,413.9684093438268,1003
2024-09-17 10:17:22.422,413.937790373952,105
2024-09-17 10:17:22.442,413.94421728824847,9
2024-09-17 10:17:22.447,413.9795567711954,102
2024-09-17 10:17:22.453,413.9274901051806,100
2024-09-17 10:17:22.532,413.941420212269,101
2024-09-17 10:17:22.552,413.9186407617699,95
2024-09-17 10:17:22.684,413.95542352465344,14
2024-09-17 10:17:22.699,413.9472700229747,105
2024-09-17 10:17:22.709,413.91386077614015,101
2024-09-17 10:17:22.799,413.962128452523,100
2024-09-17 10:17:22.801,413.9567096190236,104
2024-09-17 10:17:22.881,413.9512616907795,97
2024-09-17 10:17:22.904,413.90457678934735,99
2024-09-17 10:17:22.945,41.392953104281865,14
2024-09-17 10:17:23.022,413.95511406409753,999
2024-09-17 10:17:23.203,413.9456968708101,15
2024-09-17 10:17:23.272,413.93942195274747,100
2024-09-17 10:17:23.313,413.9049394813168,99
2024-09-17 10:17:23.332,413.8983630648119,8
2024-09-17 10:17:23.375,413.9118617727503,1005
2024-09-17 10:17:23.423,413.9239963766788,15
2024-09-17 10:17:23.536,413.9501636141508,1003
2024-09-17 10:17:23.538,413.94278215168833,15
2024-09-17 10:17:23.547,413.9515393770054,1003
2024-09-17 10:17:23.553,413.9322227151957,1003
2024-09-17 10:17:23.579,413.9714749434531,97
2024-09-17 10:17:23.583,413.9590837334554,13
2024-09-17 10:17:23.679,413.91928792404656,14
2024-09-17 10:17:23.792,413.9373409237514,98
2024-09-17 10:17:23.812,413.92218355690056,102
2024-09-17 10:17:23.850,413.90660202120745,996
2024-09-17 10:17:23.904,413.94506312258807,10
2024-09-17 10:17:23.934,413.9516756030105,101
2024-09-17 10:17:23.979,413.9640143049857,14
2024-09-17 10:17:23.984,413.9282605543677,15
2024-09-17 10:17:24.011,413.9600149623109,997
2024-09-17 10:17:24.047,-413.969034287721,8
2024-09-17 10:17:24.156,413.9676411480789,100
2024-09-17 10:17:24.234,413.9839610418821,995
2024-09-17 10:17:24.273,413.9688329924885,100
2024-09-17 10:17:24.740,413.938514429093,1001
2024-09-17 10:17:25.142,413.959027952305,99
2024-09-17 10:17:25.154,413.9401890671556,105
2024-09-17 10:17:25.179,413.9320508089887,10
2024-09-17 10:17:25.185,413.9741169889145,1005
2024-09-17 10:17:25.263,413.96206022406426,10
2024-09-17 10:17:25.290,413.95843301798,12
2024-09-17 10:17:25.337,413.9488501985777,6
2024-09-17 10:17:25.357,413.9448763849697,10
2024-09-17 10:17:25.395,413.9442226147179,1004
2024-09-17 10:17:25.434,413.9416379644903,104
2024-09-17 10:17:25.438,413.9389166363149,104
2024-09-17 10:17:25.445,413.9384712871748,9
2024-09-17 10:17:25.476,413.9619819487615,10
2024-09-17 10:17:25.522,413.9638214216179,999
2024-09-17 10:17:25.777,413.9448830652668,996
2024-09-17 10:17:25.923,413.9604454896185,12
2024-09-17 10:17:25.968,413.94148599762286,95
2024-09-17 10:17:26.015,413.9754876949208,101
2024-09-17 10:17:26.030,413.9775331409692,104
2024-09-17 10:17:26.046,413.9549022084887,13
2024-09-17 10:17:26.099,414.0062771529656,995
2024-09-17 10:17:26.152,413.9625217039737,102
2024-09-17 10:17:26.182,413.9900541279897,105
2024-09-17 10:17:26.203,414.00699608472354,14
2024-09-17 10:17:26.211,413.9632647225612,999
2024-09-17 10:17:26.271,413.9655069009691,998
2024-09-17 10:17:26.276,413.9978412501469,998
2024-09-17 10:17:26.314,413.9905224034361,13
2024-09-17 10:17:26.328,413.9641371412136,15
2024-09-17 10:17:26.333,413.9722561942504,6
2024-09-17 10:17:26.371,,7
2024-09-17 10:17:26.392,413.99107589555854,998
2024-09-17 10:17:26.396,413.9603996198359,104
2024-09-17 10:17:26.510,413.9823071696073,8
2024-09-17 10:17:26.571,413.9934968626436,1003
2024-09-17 10:17:26.664,413.9758949492886,9
2024-09-17 10:17:26.763,413.9470174975109,96
2024-09-17 10:17:26.780,413.9657805037679,10
2024-09-17 10:17:26.810,413.96083174221496,11
2024-09-17 10:17:26.816,413.9713759597892,1003
2024-09-17 10:17:26.833,413.9710158580888,995
2024-09-17 10:17:26.850,413.9582250739925,97
2024-09-17 10:17:27.076,413.8851896082086,104
2024-09-17 10:17:27.085,413.891560106122,1005
2024-09-17 10:17:27.109,413.9096804113273,1000
2024-09-17 10:17:27.118,413.91959533986216,104
2024-09-17 10:17:27.124,413.9112555510444,6
2024-09-17 10:17:27.225,413.91700123980695,7
2024-09-17 10:17:27.260,413.904498486684,1003
2024-09-17 10:17:27.328,413.8964418648177,10
2024-09-17 10:17:27.353,413.9125171005804,11
2024-09-17 10:17:27.383,413.90765727651416,9
2024-09-17 10:17:27.395,413.9336525436054,8
2024-09-17 10:17:27.399,413.8832544876529,15
2024-09-17 10:17:27.453,413.894809429726,5
2024-09-17 10:17:27.641,413.9189398847223,8
2024-09-17 10:17:27.645,413.9175384462188,9
2024-09-17 10:17:27.684,413.910615847387,1002
2024-09-17 10:17:27.697,413.9272002949533,999
2024-09-17 10:17:27.713,413.9699065573424,999
2024-09-17 10:17:27.785,413.9357554562025,995
2024-09-17 10:17:27.815,413.93197862077005,6
2024-09-17 10:17:27.873,413.9059116776186,8
2024-09-17 10:17:27.922,413.9290761465842,5
2024-09-17 10:17:27.931,413.8811260044977,1000
2024-09-17 10:17:27.936,413.9341114628082,15
2024-09-17 10:17:28.168,413.9128430336975,10
2024-09-17 10:17:28.186,413.919292431461,996
2024-09-17 10:17:28.274,413.9031725414379,15
2024-09-17 10:17:28.661,413.91019639998143,100
2024-09-17 10:17:28.964,413.9255267911385,1004
2024-09-17 10:17:29.029,413.88605916328646,101
2024-09-17 10:17:29.072,413.8874611732394,100
2024-09-17 10:17:29.189,413.9174305268243,13
2024-09-17 10:17:29.204,413.87194816954906,98
2024-09-17 10:17:29.215,413.8774251618514,105
2024-09-17 10:17:29.218,413.8872697612071,9
2024-09-17 10:17:29.241,413.8883014627708,6
2024-09-17 10:17:29.244,413.8834162959892,997
2024-09-17 10:17:29.274,413.880949477877,6
2024-09-17 10:17:29.379,413.8658546474946,8
2024-09-17 10:17:29.425,413.86807216806267,1004
2024-09-17 10:17:29.543,413.8881464551473,999
2024-09-17 10:17:29.557,413.8728770914824,1004
2024-09-17 10:17:29.617,413.9084030330978,9
2024-09-17 10:17:29.629,413.9000640846637,103
2024-09-17 10:17:29.642,413.87894162837154,11
2024-09-17 10:17:29.917,413.8884263665283,1001
2024-09-17 10:17:30.007,413.838690057824,100
2024-09-17 10:17:30.046,413.8532955160904,103
2024-09-17 10:17:30.103,413.8448917820397,9
2024-09-17 10:17:30.111,413.8376213931601,995
2024-09-17 10:17:30.296,413.8482862744948,11
2024-09-17 10:17:30.318,413.8460598027136,1005
2024-09-17 10:17:30.319,413.86409843036336,101
2024-09-17 10:17:30.351,413.84455829898,105
2024-09-17 10:17:30.391,413.84533382791705,7
2024-09-17 10:17:30.421,-413.8564239475585,1003
2024-09-17 10:17:30.427,413.8453050221636,8
2024-09-17 10:17:30.698,413.8533266507748,97
2024-09-17 10:17:30.755,413.8357963314738,101
2024-09-17 10:17:30.893,413.8613573269953,11
2024-09-17 10:17:30.992,413.8470673007911,5
2024-09-17 10:17:31.756,413.8709109027194,102
2024-09-17 10:17:32.028,413.8748156254289,15
2024-09-17 10:17:32.034,413.9148974492177,7
2024-09-17 10:17:32.034,413.9586006292808,14
2024-09-17 10:17:32.077,413.9530875211321,97
2024-09-17 10:17:32.170,-413.9622242039592,7
2024-09-17 10:17:32.216,413.9403557949111,101
2024-09-17 10:17:32.242,413.97880250494495,96
2024-09-17 10:17:32.244,413.9146606795834,998
2024-09-17 10:17:32.332,413.9576781504483,15
2024-09-17 10:17:32.340,413.8818898311288,999
2024-09-17 10:17:32.359,413.9769061068416,9
2024-09-17 10:17:32.379,413.9649331619547,7
2024-09-17 10:17:32.525,413.8813176208336,15
2024-09-17 10:17:32.546,413.8827694775257,10
2024-09-17 10:17:32.665,413.9036857557149,997
2024-09-17 10:17:32.803,413.8726051412455,96
2024-09-17 10:17:32.827,413.9381718151317,7
2024-09-17 10:17:32.887,413.8883119124305,95
2024-09-17 10:17:34.030,413.9508346447836,1002
2024-09-17 10:17:34.050,413.93978062106703,97
2024-09-17 10:17:34.066,413.9415577890521,1004
2024-09-17 10:17:34.125,413.9467170770112,13
2024-09-17 10:17:34.172,413.946096647036,14
2024-09-17 10:17:34.212,413.9389119799405,998
2024-09-17 10:17:34.230,413.980064145957,1003
2024-09-17 10:17:34.246,413.976654312502,11
2024-09-17 10:17:34.373,413.9609870709814,997
2024-09-17 10:17:34.502,413.9355636500183,1004
2024-09-17 10:17:34.567,413.93440502085,997
2024-09-17 10:17:34.573,413.93748973952097,13
2024-09-17 10:17:34.595,413.9364811724262,10
2024-09-17 10:17:34.671,413.9435160077402,1001
2024-09-17 10:17:34.705,413.9439230057316,11
2024-09-17 10:17:34.838,413.9623819421478,95
2024-09-17 10:17:34.859,413.979698323353,995
2024-09-17 10:17:34.865,413.95487961049855,6
2024-09-17 10:17:34.929,413.9449366600398,102
2024-09-17 10:17:34.931,413.9299656860779,101
2024-09-17 10:17:34.938,41.392414778829306,996
2024-09-17 10:17:34.942,413.9238787263112,102
2024-09-17 10:17:34.967,413.9383352828707,6
2024-09-17 10:17:35.193,414.0446695040185,998
2024-09-17 10:17:35.199,413.9891585719452,97
2024-09-17 10:17:35.213,414.03016152439903,995
2024-09-17 10:17:35.235,413.98597013514535,12
2024-09-17 10:17:35.266,413.978480894319,15
2024-09-17 10:17:35.271,414.0376815475114,95
2024-09-17 10:17:35.285,414.0404491576569,104
2024-09-17 10:17:35.310,414.049624585,1004
2024-09-17 10:17:35.389,413.9767825330471,12
2024-09-17 10:17:35.426,414.0411736039136,997
2024-09-17 10:17:35.473,414.0521325369418,10
2024-09-17 10:17:35.485,414.0272883878709,97
2024-09-17 10:17:35.569,413.96765698050353,995
2024-09-17 10:17:35.572,414.0670476188511,105
2024-09-17 10:17:35.598,414.0422038470758,95
2024-09-17 10:17:35.610,413.9631442496257,998
2024-09-17 10:17:35.614,413.9786353793037,13
2024-09-17 10:17:35.695,414.00015814791374,10
2024-09-17 10:17:35.731,413.9938713268909,1002
2024-09-17 10:17:35.751,414.0389314188881,999
2024-09-17 10:17:35.792,414.0305763583083,1003
2024-09-17 10:17:35.866,414.0609172240016,1001
2024-09-17 10:17:35.876,414.023929786644,98
2024-09-17 10:17:35.888,413.9734895344885,1000
2024-09-17 10:17:35.900,414.0396413471095,97
2024-09-17 10:17:35.946,413.9652136779978,101
2024-09-17 10:17:35.990,414.0365134991528,103
2024-09-17 10:17:35.992,413.9718525425721,100
2024-09-17 10:17:35.997,414.0371501145608,103
2024-09-17 10:17:36.112,414.1339122985282,101
2024-09-17 10:17:36.130,414.109396100113,99
2024-09-17 10:17:36.165,414.1153313123253,1004
2024-09-17 10:17:36.176,414.0957239907461,98
2024-09-17 10:17:36.227,414.10720981853393,99
2024-09-17 10:17:36.232,414.0578943021076,98
2024-09-17 10:17:36.251,414.13426149930814,97
2024-09-17 10:17:36.311,-414.08915288943007,999
2024-09-17 10:17:36.404,414.1501181281629,102
2024-09-17 10:17:36.429,414.0991487150232,999
2024-09-17 10:17:36.485,414.07356789012096,8
2024-09-17 10:17:36.498,414.11425636525934,95
2024-09-17 10:17:36.530,414.1440817384346,103
2024-09-17 10:17:36.568,414.14397973310406,104
2024-09-17 10:17:36.584,414.119545113989,1004
2024-09-17 10:17:36.634,414.1251601307828,96
2024-09-17 10:17:36.635,414.0991476343626,998
2024-09-17 10:17:36.654,41.40924331406657,1002
2024-09-17 10:17:36.767,414.0800908574293,95
2024-09-17 10:17:36.812,414.0770594676211,995
2024-09-17 10:17:36.866,414.0759275576322,13
2024-09-17 10:17:36.881,414.1467228924299,105
2024-09-17 10:17:36.895,414.15572684768216,9
2024-09-17 10:17:36.963,414.1477976450574,103
2024-09-17 10:17:36.987,414.06319723072943,7
2024-09-17 10:17:37.127,414.13297609828174,995
2024-09-17 10:17:37.197,414.16805937989216,1002
2024-09-17 10:17:37.244,414.1113431014849,1004
2024-09-17 10:17:37.554,414.1356135125833,103
2024-09-17 10:17:37.757,414.1245688907552,8
2024-09-17 10:17:37.820,414.164746999318,998
2024-09-17 10:17:37.881,414.1580999476053,13
2024-09-17 10:17:37.883,414.130309383458,97
2024-09-17 10:17:37.922,414.1369403715712,1004
2024-09-17 10:17:37.992,414.1876692212642,12
2024-09-17 10:17:38.016,414.2013487112502,95
2024-09-17 10:17:38.043,414.1698474839285,101
2024-09-17 10:17:38.086,414.20160540960507,12
2024-09-17 10:17:38.167,414.1655206267317,995
2024-09-17 10:17:38.168,414.1984305451892,12
2024-09-17 10:17:38.304,414.1731452765111,1003
2024-09-17 10:17:38.333,414.1966585178142,97
2024-09-17 10:17:38.392,414.20062303384,103
2024-09-17 10:17:38.401,414.2042442673748,1005
2024-09-17 10:17:38.422,414.17354383047103,98
2024-09-17 10:17:38.521,414.2018500839186,1005
2024-09-17 10:17:38.531,414.19338950576827,11
2024-09-17 10:17:38.546,414.1917369938606,1004
2024-09-17 10:17:38.657,414.1776647803106,11
2024-09-17 10:17:38.685,414.191683810345,99
2024-09-17 10:17:38.804,414.1935900442113,95
2024-09-17 10:17:38.892,414.1978620349301,15
2024-09-17 10:17:38.939,414.1816370060825,10
2024-09-17 10:17:38.941,414.208352662512,102
2024-09-17 10:17:39.277,414.21222207840674,1001
2024-09-17 10:17:39.363,414.20320029172746,15
2024-09-17 10:17:39.898,414.2035939241855,105
2024-09-17 10:17:39.945,414.19127900924445,99
2024-09-17 10:17:40.094,414.1839598576017,11
2024-09-17 10:17:40.112,414.1675952684071,996
2024-09-17 10:17:40.126,414.2049380556418,5
2024-09-17 10:17:40.250,414.1892332213583,5
2024-09-17 10:17:40.259,414.1616719309315,997
2024-09-17 10:17:40.407,414.19012800147146,1004
2024-09-17 10:17:40.448,414.161928198678,9
2024-09-17 10:17:40.492,414.1871779682151,12
2024-09-17 10:17:40.752,414.1387075204048,10
2024-09-17 10:17:40.838,414.1363425828736,1001
2024-09-17 10:17:40.869,414.17767424354633,103
2024-09-17 10:17:40.871,414.1648415766427,1005
2024-09-17 10:17:40.962,414.1589393313457,99
2024-09-17 10:17:40.975,414.1459107167383,105
2024-09-17 10:17:41.028,414.1106771836664,1000
2024-09-17 10:17:41.029,414.1452410308508,1001
2024-09-17 10:17:41.039,414.118621672356,104
2024-09-17 10:17:41.048,,8
2024-09-17 10:17:41.105,414.1277286516468,1000
2024-09-17 10:17:41.146,414.1328058604212,996
2024-09-17 10:17:41.190,414.12128811552486,97
2024-09-17 10:17:41.229,414.12657538657686,12
2024-09-17 10:17:41.268,414.13421231090166,8
2024-09-17 10:17:41.326,414.1431106216496,996
2024-09-17 10:17:41.329,414.1147146501295,99
2024-09-17 10:17:41.378,414.1257960536612,996
2024-09-17 10:17:41.390,414.1479359891542,99
2024-09-17 10:17:41.455,414.1547956304077,14
2024-09-17 10:17:41.522,414.1148830761428,996
2024-09-17 10:17:41.756,414.1644452941127,6
2024-09-17 10:17:41.858,414.1261988532541,997
2024-09-17 10:17:41.891,414.140787301661,101
2024-09-17 10:17:41.915,414.1008745612819,997
2024-09-17 10:17:41.961,414.13608147137785,1005
2024-09-17 10:17:41.970,414.1403310880755,1001
2024-09-17 10:17:43.048,414.19014091610063,1002
2024-09-17 10:17:43.068,414.1630478913156,13
2024-09-17 10:17:43.131,414.1811384468965,8
2024-09-17 10:17:43.157,414.1178631613444,5
2024-09-17 10:17:43.289,414.17946726594266,100
2024-09-17 10:17:43.289,414.13521694271066,1002
2024-09-17 10:17:43.368,41.41664669868691,105
2024-09-17 10:17:43.510,414.1922737166684,10
2024-09-17 10:17:43.545,414.2225819177044,1004
2024-09-17 10:17:43.606,414.1869413624569,8
2024-09-17 10:17:43.608,414.1013300982802,98
2024-09-17 10:17:43.641,414.1780329707143,996
2024-09-17 10:17:43.704,414.12883084235233,101
2024-09-17 10:17:43.706,414.14913890972576,1004
2024-09-17 10:17:43.712,414.2157620825813,98
2024-09-17 10:17:43.769,414.213616971116,1003
2024-09-17 10:17:43.873,414.222868404934,97
2024-09-17 10:17:43.995,414.1113787689613,99
2024-09-17 10:17:44.015,414.24078774617465,999
2024-09-17 10:17:44.129,414.2561522144292,105
2024-09-17 10:17:44.150,414.2201703446784,15
2024-09-17 10:17:44.176,414.2412476311621,102
2024-09-17 10:17:44.270,414.2371638010027,999
2024-09-17 10:17:44.360,414.2254224613243,105
2024-09-17 10:17:44.424,414.2542117780212,15
2024-09-17 10:17:44.649,41.42446936001721,8
2024-09-17 10:17:44.699,414.2366410278871,12
2024-09-17 10:17:44.747,414.2326961509257,96
2024-09-17 10:17:44.809,414.2023560653936,5
2024-09-17 10:17:44.813,414.2452038490146,96
2024-09-17 10:17:44.991,414.2217497155154,100
2024-09-17 10:17:45.262,414.18697566918,104
2024-09-17 10:17:45.797,414.1885852071496,104
2024-09-17 10:17:46.325,414.1848579407456,996
2024-09-17 10:17:47.045,414.1992720626245,9
2024-09-17 10:17:47.174,414.1717441745103,8
2024-09-17 10:17:47.281,414.18429765542095,99
2024-09-17 10:17:47.305,414.14726634054426,8
2024-09-17 10:17:47.312,414.1631358550104,5
2024-09-17 10:17:47.368,414.1526094641882,14
2024-09-17 10:17:47.400,414.14582724233605,1002
2024-09-17 10:17:47.438,414.1741500155758,1002
2024-09-17 10:17:47.497,414.1657252161856,1005
2024-09-17 10:17:47.501,414.17677951158186,996
2024-09-17 10:17:47.517,414.164794477138,995
2024-09-17 10:17:47.567,414.15930951850856,1004
2024-09-17 10:17:47.664,414.1424260889615,104
2024-09-17 10:17:47.701,414.1814355252294,5
2024-09-17 10:17:47.718,414.16397855020966,8
2024-09-17 10:17:47.731,414.1743204239692,102
2024-09-17 10:17:47.759,414.1625147395702,1004
2024-09-17 10:17:47.816,414.1633106777862,1003
2024-09-17 10:17:47.824,414.1784887283202,12
2024-09-17 10:17:47.867,414.1836247283862,103
2024-09-17 10:17:47.890,414.1667193110353,8
2024-09-17 10:17:47.927,-414.1570962900892,7
2024-09-17 10:17:47.975,414.1639417101432,103
2024-09-17 10:17:48.060,414.1662454664436,9
2024-09-17 10:17:48.196,414.1528104918421,9
2024-09-17 10:17:48.256,414.1528761875248,102
2024-09-17 10:17:48.412,414.12796525016734,1004
2024-09-17 10:17:49.006,414.1570196534156,996
2024-09-17 10:17:49.018,414.15495197102535,998
2024-09-17 10:17:49.021,414.1586897957472,15
2024-09-17 10:17:49.023,-414.1574546446895,102
2024-09-17 10:17:49.201,414.1517372674028,104
2024-09-17 10:17:49.229,414.1419302168084,11
2024-09-17 10:17:49.238,414.1495398007317,12
2024-09-17 10:17:49.293,414.1723803431536,7
2024-09-17 10:17:49.480,414.16498079775647,96
2024-09-17 10:17:49.595,414.1589218122107,13
2024-09-17 10:17:49.613,414.1591294044602,5
2024-09-17 10:17:49.690,414.1540244618935,105
2024-09-17 10:17:49.728,414.1591086846613,14
2024-09-17 10:17:49.870,414.14946889426113,9
2024-09-17 10:17:49.930,41.41449875796717,997
2024-09-17 10:17:49.943,,5
2024-09-17 10:17:50.027,414.2242337574632,95
2024-09-17 10:17:50.065,414.2305973827537,12
2024-09-17 10:17:50.093,414.2623463179247,105
2024-09-17 10:17:50.124,414.200967560841,11
2024-09-17 10:17:50.185,41.42274339898577,102
2024-09-17 10:17:50.196,414.1599697274378,98
2024-09-17 10:17:50.282,414.1820827237862,11
2024-09-17 10:17:50.288,414.2406877271171,999
2024-09-17 10:17:50.322,414.2223995510418,99
2024-09-17 10:17:50.399,414.2399352787588,6
2024-09-17 10:17:50.400,414.2390362452166,105
2024-09-17 10:17:50.545,414.24568737722575,7
2024-09-17 10:17:50.691,414.2723513252296,998
2024-09-17 10:17:50.692,414.2426450421849,97
2024-09-17 10:17:50.712,414.2207922712596,6
2024-09-17 10:17:50.722,414.2413697447634,10
2024-09-17 10:17:50.724,414.1711145577588,9
2024-09-17 10:17:50.766,414.2481933326872,1003
2024-09-17 10:17:50.787,414.2392945306253,13
2024-09-17 10:17:50.790,414.2616518592322,98
2024-09-17 10:17:50.806,414.2159830443108,6
2024-09-17 10:17:50.834,414.2254611290532,100
2024-09-17 10:17:50.856,414.2439699275926,998
2024-09-17 10:17:50.893,414.2276879983205,105
2024-09-17 10:17:50.913,414.26747790174016,101
2024-09-17 10:17:50.988,414.2549453705988,15
2024-09-17 10:17:51.010,414.2817477545758,996
2024-09-17 10:17:51.019,414.29816626304097,1002
2024-09-17 10:17:51.142,414.30509369083154,98
2024-09-17 10:17:51.168,414.2962036009119,1001
2024-09-17 10:17:51.179,414.2756421622088,6
2024-09-17 10:17:51.250,414.2877472384619,998
2024-09-17 10:17:51.303,414.2825975425415,98
2024-09-17 10:17:51.308,414.2832684104698,997
2024-09-17 10:17:51.379,414.2912937068,1004
2024-09-17 10:17:51.432,414.3028526052197,9
2024-09-17 10:17:51.437,414.26985483965024,105
2024-09-17 10:17:51.547,-414.28935542927815,1000
2024-09-17 10:17:51.652,414.28483694542433,7
2024-09-17 10:17:51.779,414.2648649022165,97
2024-09-17 10:17:51.979,414.2781035812847,98
2024-09-17 10:17:51.989,414.264856910906,1005
2024-09-17 10:17:51.990,414.2955236669695,15
2024-09-17 10:17:53.186,414.2654450948417,98
2024-09-17 10:17:53.211,41.4296975992538,104
2024-09-17 10:17:53.265,414.2889703885184,8
2024-09-17 10:17:53.273,414.2797131987388,995
2024-09-17 10:17:53.289,414.2884110851567,15
2024-09-17 10:17:53.341,414.2779058461528,7
2024-09-17 10:17:53.451,414.2950861337272,8
2024-09-17 10:17:53.606,414.2669710012711,97
2024-09-17 10:17:53.620,-414.26730539323006,105
2024-09-17 10:17:53.623,-414.3027846271861,98
2024-09-17 10:17:53.767,414.28863961486593,996
2024-09-17 10:17:53.952,414.2614123755871,5
2024-09-17 10:17:53.966,414.2694064900184,104
2024-09-17 10:17:53.991,414.2791462779824,100
2024-09-17 10:17:54.145,414.2972183294583,97
2024-09-17 10:17:54.153,414.285729584574,8
2024-09-17 10:17:54.154,414.2749280538145,1003
2024-09-17 10:17:54.166,414.2804106618151,6
2024-09-17 10:17:54.314,414.2943617006216,15
2024-09-17 10:17:54.407,414.3000683903042,98
2024-09-17 10:17:54.415,414.3086091043082,9
2024-09-17 10:17:54.496,414.284767798133,11
2024-09-17 10:17:54.526,414.3263643512779,1001
2024-09-17 10:17:54.560,414.2454383392628,13
2024-09-17 10:17:54.566,414.2708215154884,999
2024-09-17 10:17:54.700,414.2718374596424,96
2024-09-17 10:17:54.704,414.2500393981857,10
2024-09-17 10:17:54.761,414.3060709424095,95
2024-09-17 10:17:54.815,414.27002546745854,8
2024-09-17 10:17:54.835,414.2703593123354,103
2024-09-17 10:17:54.847,414.3226397463491,5
2024-09-17 10:17:54.867,414.28345921127567,96
2024-09-17 10:17:54.891,414.26551326970014,101
2024-09-17 10:17:54.908,414.24457344791495,99
2024-09-17 10:17:54.919,414.2576306717496,100
2024-09-17 10:17:55.197,414.272065496019,13
2024-09-17 10:17:55.222,414.2682616207347,7
2024-09-17 10:17:55.237,414.2715905867921,999
2024-09-17 10:17:55.308,414.2376111320245,12
2024-09-17 10:17:55.350,414.2504588208511,1001
2024-09-17 10:17:55.513,414.2682747547282,9
2024-09-17 10:17:55.784,414.25021635099927,98
2024-09-17 10:17:55.843,414.26230094366775,996
2024-09-17 10:17:56.024,414.2097936139143,100
2024-09-17 10:17:56.100,414.2237723216416,13
2024-09-17 10:17:56.201,414.1832727352014,6
2024-09-17 10:17:56.236,414.2125711743356,97
2024-09-17 10:17:56.412,414.1843782510704,997
2024-09-17 10:17:56.436,414.2400291544161,1001
2024-09-17 10:17:56.448,414.21045507928096,1005
2024-09-17 10:17:56.482,414.1943897243879,98
2024-09-17 10:17:56.498,414.22702330332856,99
2024-09-17 10:17:56.507,414.23610210620814,10
2024-09-17 10:17:56.545,414.232377107444,1005
2024-09-17 10:17:56.572,414.23693364240336,105
2024-09-17 10:17:56.688,414.214808943505,1003
2024-09-17 10:17:56.707,414.24942992586847,101
2024-09-17 10:17:56.733,414.21461747360814,95
2024-09-17 10:17:56.766,414.2294401456989,6
2024-09-17 10:17:56.788,414.24209448798615,13
2024-09-17 10:17:56.829,414.23255509038665,1005
2024-09-17 10:17:56.850,414.1820816995126,5
2024-09-17 10:17:56.853,414.2226585496137,1005
2024-09-17 10:17:56.857,414.2374695273514,99
2024-09-17 10:17:56.880,414.2321214509088,1003
2024-09-17 10:17:56.919,414.23459888681714,95
2024-09-17 10:17:56.970,414.2062762019664,102
2024-09-17 10:17:56.974,414.2298993013332,101
2024-09-17 10:17:56.995,414.20000969552206,95
2024-09-17 10:17:57.035,414.1806032673048,104
2024-09-17 10:17:57.035,414.1593920113304,9
2024-09-17 10:17:57.057,414.1819840836707,996
2024-09-17 10:17:57.110,414.1515845469456,13
2024-09-17 10:17:57.113,414.160510026614,96
2024-09-17 10:17:57.117,414.18373147482015,102
2024-09-17 10:17:57.152,414.16412159801774,100
2024-09-17 10:17:57.169,414.1700168195175,95
2024-09-17 10:17:57.245,414.150100989712,999
2024-09-17 10:17:57.309,414.1894280630434,15
2024-09-17 10:17:57.399,414.1540056716264,1005
2024-09-17 10:17:57.400,414.2097185612376,98
2024-09-17 10:17:57.527,414.2088664917049,1002
2024-09-17 10:17:57.662,414.14919994095095,998
2024-09-17 10:17:57.732,414.16518090314565,1000
2024-09-17 10:17:57.814,414.1610877906597,1004
2024-09-17 10:17:57.842,414.20080070040734,15
2024-09-17 10:17:57.847,414.1571945883374,1004
2024-09-17 10:17:57.860,414.1660494829728,1001
2024-09-17 10:17:57.881,414.1604390898787,5
2024-09-17 10:17:57.929,414.15768593941056,12
2024-09-17 10:17:57.980,414.1572014632425,8
2024-09-17 10:17:58.209,414.1983404513014,15
2024-09-17 10:17:58.344,414.2034465381825,5
2024-09-17 10:17:58.497,414.1861554737677,105
2024-09-17 10:17:58.566,414.1785125316983,13
2024-09-17 10:17:59.051,414.17933219575394,101
2024-09-17 10:17:59.100,414.1968176498484,1000
2024-09-17 10:17:59.128,-414.20157970874106,5
2024-09-17 10:17:59.129,414.2012675711304,8
2024-09-17 10:17:59.152,414.18749411076567,104
2024-09-17 10:17:59.171,414.1387235377089,1001
2024-09-17 10:17:59.174,41.41598651406586,104
2024-09-17 10:17:59.194,414.159217220938,95
2024-09-17 10:17:59.261,414.16198612629256,14
2024-09-17 10:17:59.295,414.1701299948014,99
2024-09-17 10:17:59.334,414.1569477282604,100
2024-09-17 10:17:59.346,414.1518211972996,6
2024-09-17 10:17:59.370,414.1851241468784,102
2024-09-17 10:17:59.383,414.2009480333354,104
2024-09-17 10:17:59.451,414.1899082207999,96
2024-09-17 10:17:59.465,414.1923870430712,102
2024-09-17 10:17:59.549,414.160852410753,7
2024-09-17 10:17:59.556,414.1616185868145,13
2024-09-17 10:17:59.623,414.17801890954905,8
2024-09-17 10:17:59.722,414.17653870862654,12
2024-09-17 10:17:59.731,414.14779057604005,104
2024-09-17 10:17:59.739,414.2048581947011,1003
2024-09-17 10:17:59.760,414.1751650685106,13
2024-09-17 10:17:59.883,414.1813130440755,5
2024-09-17 10:17:59.884,414.1861943267195,999
2024-09-17 10:17:59.922,414.1948849755851,1002
2024-09-17 10:17:59.930,414.1813270984062,1002
