Timestamp,Price,Size
2024-09-18 15:55:00.156,416.0319297728776,8
2024-09-18 15:55:00.168,416.06347289055776,6
2024-09-18 15:55:00.350,416.0562365012272,96
2024-09-18 15:55:00.389,416.0832247004377,104
2024-09-18 15:55:00.450,41.60667848784461,101
2024-09-18 15:55:00.558,416.06250487242346,98
2024-09-18 15:55:00.635,416.03510355774335,105
2024-09-18 15:55:00.698,416.0960578065011,103
2024-09-18 15:55:00.772,416.0373968758028,998
2024-09-18 15:55:01.054,416.0679293755817,100
2024-09-18 15:55:01.098,416.0207896668272,996
2024-09-18 15:55:01.232,416.0457257727402,103
2024-09-18 15:55:01.264,416.0246812461051,8
2024-09-18 15:55:01.429,416.0353027739613,105
2024-09-18 15:55:01.439,41.604026034607024,8
2024-09-18 15:55:01.562,416.0625056966761,100
2024-09-18 15:55:01.623,415.9911977582309,1003
2024-09-18 15:55:01.808,416.02282677390986,998
2024-09-18 15:55:01.861,416.0338994846836,104
2024-09-18 15:55:01.927,416.0281254697111,1000
2024-09-18 15:55:01.955,415.9775195512568,998
2024-09-18 15:55:01.956,416.0190076986526,7
2024-09-18 15:55:02.033,415.9698969841475,105
2024-09-18 15:55:02.220,415.9688122758674,5
2024-09-18 15:55:02.382,415.9887318682636,11
2024-09-18 15:55:02.477,415.98462706062895,997
2024-09-18 15:55:03.002,415.9999884316988,98
2024-09-18 15:55:03.008,415.9881327358184,1001
2024-09-18 15:55:03.038,416.0261039894779,13
2024-09-18 15:55:03.165,415.9892956086486,998
2024-09-18 15:55:03.170,415.98924199010105,1001
2024-09-18 15:55:03.213,416.0384625374813,1005
2024-09-18 15:55:03.328,415.95106186416905,101
2024-09-18 15:55:03.360,415.9893380701178,98
2024-09-18 15:55:03.390,416.0307786452629,105
2024-09-18 15:55:03.417,415.9661872927085,100
2024-09-18 15:55:03.438,415.979176373961,6
2024-09-18 15:55:03.458,415.99198749867867,997
2024-09-18 15:55:03.477,415.9961246981037,101
2024-09-18 15:55:03.485,415.98616853321977,1003
2024-09-18 15:55:03.531,41.59920305387243,1002
2024-09-18 15:55:03.567,415.9993469528372,999
2024-09-18 15:55:03.576,416.0024694979263,99
2024-09-18 15:55:03.593,416.020335206412,13
2024-09-18 15:55:03.611,415.9866892352453,9
2024-09-18 15:55:03.616,412.1964575848557,105
2024-09-18 15:55:03.626,415.9675333483764,1002
2024-09-18 15:55:03.745,416.00853554497456,998
2024-09-18 15:55:03.781,416.0437914064121,97
2024-09-18 15:55:03.814,416.04067189710366,14
2024-09-18 15:55:03.841,415.97809978229697,997
2024-09-18 15:55:04.037,416.0069129006249,1003
2024-09-18 15:55:04.068,416.0386268282506,100
2024-09-18 15:55:04.116,416.0093092194884,1000
2024-09-18 15:55:04.120,415.9992437524439,100
2024-09-18 15:55:04.131,416.0041410711577,9
2024-09-18 15:55:04.143,415.994119379484,997
2024-09-18 15:55:04.188,416.036037526728,100
2024-09-18 15:55:04.265,415.9935101175417,97
2024-09-18 15:55:04.406,416.0169920615409,15
2024-09-18 15:55:04.511,416.0070670287084,1000
2024-09-18 15:55:04.611,416.0160389999493,95
2024-09-18 15:55:04.617,416.010024779819,104
2024-09-18 15:55:04.645,416.00596045916495,102
2024-09-18 15:55:04.655,416.01579522934935,99
2024-09-18 15:55:04.711,416.0011326758329,6
2024-09-18 15:55:04.714,416.005942428754,14
2024-09-18 15:55:04.743,415.9994626220646,103
2024-09-18 15:55:04.835,416.0038256970434,103
2024-09-18 15:55:04.852,416.0202907904352,103
2024-09-18 15:55:04.964,416.0006758473576,8
2024-09-18 15:55:04.974,415.9974968220557,99
2024-09-18 15:55:05.020,416.033721549182,996
2024-09-18 15:55:05.176,416.0164722441042,12
2024-09-18 15:55:05.349,416.0129442652403,1001
2024-09-18 15:55:05.359,416.0195002168352,1000
2024-09-18 15:55:05.384,416.0168674118992,103
2024-09-18 15:55:05.442,416.0325584227698,1000
2024-09-18 15:55:05.517,416.0243881621205,8
2024-09-18 15:55:05.672,416.014487023346,995
2024-09-18 15:55:05.886,416.0310820526296,15
2024-09-18 15:55:05.898,416.0173728725478,9
2024-09-18 15:55:06.012,416.0293725999894,104
2024-09-18 15:55:06.087,416.00558856324375,995
2024-09-18 15:55:06.089,416.0561403228476,6
2024-09-18 15:55:06.114,416.049929475872,997
2024-09-18 15:55:06.131,416.0547481758893,98
2024-09-18 15:55:06.133,416.0532195230982,100
2024-09-18 15:55:06.164,416.00110568032005,97
2024-09-18 15:55:06.213,416.0358337284785,13
2024-09-18 15:55:06.267,416.0559930490959,10
2024-09-18 15:55:06.308,416.04666338702873,101
2024-09-18 15:55:06.342,415.99887006884313,1004
2024-09-18 15:55:06.546,416.0559436826391,15
2024-09-18 15:55:06.570,416.04486973191314,101
2024-09-18 15:55:06.586,416.0268863363565,1003
2024-09-18 15:55:06.588,416.00682881967737,1004
2024-09-18 15:55:06.628,416.0595563413203,10
2024-09-18 15:55:06.733,416.0296192122236,8
2024-09-18 15:55:06.736,416.0056933075418,13
2024-09-18 15:55:06.736,416.038967307848,1003
2024-09-18 15:55:06.772,416.05380324973726,7
2024-09-18 15:55:06.785,416.0409534896879,7
2024-09-18 15:55:06.882,416.0207866167783,7
2024-09-18 15:55:06.893,416.0264535111068,105
2024-09-18 15:55:06.908,415.9862458486215,5
2024-09-18 15:55:06.924,416.0019361513836,1005
2024-09-18 15:55:06.961,416.0135452230912,1005
2024-09-18 15:55:06.978,416.0264644299521,1004
2024-09-18 15:55:06.979,416.0261999923545,9
2024-09-18 15:55:07.114,416.0374691530653,7
2024-09-18 15:55:07.253,416.0474189808552,97
2024-09-18 15:55:07.287,416.0556063609675,9
2024-09-18 15:55:07.421,416.042675611656,8
2024-09-18 15:55:07.446,416.0469543969503,5
2024-09-18 15:55:07.827,416.0442983706377,100
2024-09-18 15:55:08.071,416.0991550664628,6
2024-09-18 15:55:08.113,416.1204073226778,1002
2024-09-18 15:55:08.156,416.1065161380215,11
2024-09-18 15:55:08.211,416.1136869434866,998
2024-09-18 15:55:08.277,416.1012111626103,15
2024-09-18 15:55:08.361,416.0960064934279,5
2024-09-18 15:55:08.365,416.1275067776784,5
2024-09-18 15:55:08.430,416.1194868744276,101
2024-09-18 15:55:08.463,416.0775411343098,96
2024-09-18 15:55:08.494,416.0810611294099,1001
2024-09-18 15:55:08.520,416.0970778875896,8
2024-09-18 15:55:08.534,416.12186381831793,1005
2024-09-18 15:55:08.560,416.0875437551688,7
2024-09-18 15:55:08.621,416.1301983616386,98
2024-09-18 15:55:08.674,41.612486420622375,1001
2024-09-18 15:55:08.678,416.1049078093855,999
2024-09-18 15:55:08.798,416.1209956594381,9
2024-09-18 15:55:08.841,416.0855275957716,1000
2024-09-18 15:55:08.933,416.0860266062179,98
2024-09-18 15:55:09.002,416.0941758181664,996
2024-09-18 15:55:09.062,416.1008302111717,998
2024-09-18 15:55:09.189,416.090696462427,15
2024-09-18 15:55:09.228,416.09986509338,1001
2024-09-18 15:55:09.230,416.1047855627848,100
2024-09-18 15:55:09.283,416.0960222070484,1004
2024-09-18 15:55:09.312,416.09091785695614,12
2024-09-18 15:55:09.330,416.1096105247744,101
2024-09-18 15:55:09.350,416.0929093574893,998
2024-09-18 15:55:09.372,416.0889633091652,103
2024-09-18 15:55:09.516,416.0925917731126,7
2024-09-18 15:55:09.665,416.1018721932347,12
2024-09-18 15:55:09.805,416.11166133324014,105
2024-09-18 15:55:09.830,416.0797537423769,997
2024-09-18 15:55:09.914,416.0964502201365,12
2024-09-18 15:55:09.966,416.0843405497866,12
2024-09-18 15:55:09.975,416.10025546158994,998
2024-09-18 15:55:10.020,416.1815377413824,12
2024-09-18 15:55:10.045,416.2071145246575,13
2024-09-18 15:55:10.092,416.1588755220565,995
2024-09-18 15:55:10.142,416.1562516790886,996
2024-09-18 15:55:10.192,416.07859414267074,998
2024-09-18 15:55:10.208,416.1578076903496,97
2024-09-18 15:55:10.221,416.1057544287126,11
2024-09-18 15:55:10.250,416.18568936168,996
2024-09-18 15:55:10.250,416.1584837954276,99
2024-09-18 15:55:10.276,416.2285106496999,13
2024-09-18 15:55:10.290,416.17175802261227,96
2024-09-18 15:55:10.346,416.1544564032032,6
2024-09-18 15:55:10.418,416.10846638299,104
2024-09-18 15:55:10.426,416.122848223617,1001
2024-09-18 15:55:10.438,416.13608808040925,9
2024-09-18 15:55:10.513,416.16080600782834,1003
2024-09-18 15:55:10.521,-416.12326402105657,14
2024-09-18 15:55:10.532,416.1474990896151,103
2024-09-18 15:55:10.551,416.1474019362212,95
2024-09-18 15:55:10.574,416.13753763860905,101
2024-09-18 15:55:10.599,416.1132361041183,10
2024-09-18 15:55:10.625,416.1463130454926,14
2024-09-18 15:55:10.652,416.1267696356732,104
2024-09-18 15:55:10.699,416.1173443683974,1002
2024-09-18 15:55:10.759,416.19203783312594,1004
2024-09-18 15:55:10.798,416.1857299278794,96
2024-09-18 15:55:10.853,-416.1449759274512,7
2024-09-18 15:55:10.856,416.1537235292631,13
2024-09-18 15:55:10.922,416.2031980092556,9
2024-09-18 15:55:10.989,416.13586821606617,5
2024-09-18 15:55:11.030,416.23838611634255,7
2024-09-18 15:55:11.250,416.1682269860143,998
2024-09-18 15:55:11.344,416.1746817147807,1002
2024-09-18 15:55:11.527,416.2287702554335,100
2024-09-18 15:55:11.539,416.1895620827411,9
2024-09-18 15:55:11.634,416.1844034447644,998
2024-09-18 15:55:11.723,416.1767366306956,96
2024-09-18 15:55:11.835,416.17273737368834,998
2024-09-18 15:55:11.854,416.1982582323392,104
2024-09-18 15:55:11.934,416.22113179542646,12
2024-09-18 15:55:12.227,416.2097449416058,10
2024-09-18 15:55:12.237,416.1973779257784,101
2024-09-18 15:55:12.260,416.1915600656062,1002
2024-09-18 15:55:12.310,-416.1806720559471,104
2024-09-18 15:55:12.418,416.2087647038972,5
2024-09-18 15:55:12.456,416.2217895294013,995
2024-09-18 15:55:12.581,416.2083343528602,995
2024-09-18 15:55:12.606,416.2049247047645,101
2024-09-18 15:55:12.629,416.19570015074186,100
2024-09-18 15:55:12.678,416.2091569457006,105
2024-09-18 15:55:12.704,416.1953864457085,105
2024-09-18 15:55:12.751,416.2108525594172,997
2024-09-18 15:55:12.766,416.2043639433609,998
2024-09-18 15:55:12.827,416.224821285995,996
2024-09-18 15:55:12.852,416.1961237433795,1004
2024-09-18 15:55:12.859,416.1982037498335,7
2024-09-18 15:55:12.870,416.2205327559206,995
2024-09-18 15:55:12.901,416.2113912266345,1005
2024-09-18 15:55:13.115,416.2396144794242,98
2024-09-18 15:55:13.162,416.2098414423442,7
2024-09-18 15:55:13.178,416.1999227990554,104
2024-09-18 15:55:13.189,416.22430603961766,998
2024-09-18 15:55:13.250,416.22594660294754,15
2024-09-18 15:55:13.260,416.2187491700146,97
2024-09-18 15:55:13.269,-416.234771345634,8
2024-09-18 15:55:13.361,416.1875069537028,8
2024-09-18 15:55:13.370,416.1923015551724,9
2024-09-18 15:55:13.412,,100
2024-09-18 15:55:13.422,416.2352755852948,6
2024-09-18 15:55:13.462,416.2431312224021,10
2024-09-18 15:55:13.530,416.2183334540504,97
2024-09-18 15:55:13.540,416.2405009523409,96
2024-09-18 15:55:13.544,416.2145301896592,95
2024-09-18 15:55:13.609,416.1995500005694,104
2024-09-18 15:55:13.639,416.24227332633,999
2024-09-18 15:55:13.649,416.2197308297448,14
2024-09-18 15:55:13.752,416.2263125409265,999
2024-09-18 15:55:13.767,416.1998239197172,1001
2024-09-18 15:55:13.937,416.21224150969687,13
2024-09-18 15:55:13.941,416.2060688575877,5
2024-09-18 15:55:13.968,416.2044995990352,14
2024-09-18 15:55:13.996,416.2294174303115,1004
2024-09-18 15:55:14.398,416.2248104429834,999
2024-09-18 15:55:14.759,416.24778188031695,95
2024-09-18 15:55:15.131,416.2774970691581,9
2024-09-18 15:55:15.138,416.2584843620917,13
2024-09-18 15:55:15.158,416.26228301135103,7
2024-09-18 15:55:15.295,412.0544073083392,1002
2024-09-18 15:55:15.393,416.250616909952,7
2024-09-18 15:55:15.490,416.2770485411508,999
2024-09-18 15:55:15.761,416.29789972476686,13
2024-09-18 15:55:16.018,416.3392841746999,10
2024-09-18 15:55:16.037,416.3777559935165,100
2024-09-18 15:55:16.045,416.3801413176181,15
2024-09-18 15:55:16.045,416.4088163752365,5
2024-09-18 15:55:16.062,416.3472320824372,11
2024-09-18 15:55:16.067,416.36706216221023,996
2024-09-18 15:55:16.160,416.3818931521503,103
2024-09-18 15:55:16.188,416.38190023252696,100
2024-09-18 15:55:16.284,,105
2024-09-18 15:55:16.339,416.37147371418433,11
2024-09-18 15:55:16.352,416.39520298642185,15
2024-09-18 15:55:16.356,416.4198962760245,999
2024-09-18 15:55:16.375,416.3588960092356,999
2024-09-18 15:55:16.439,416.3351681590464,99
2024-09-18 15:55:16.490,416.39761007119824,995
2024-09-18 15:55:16.496,416.3086234553771,1003
2024-09-18 15:55:16.590,416.3660803784104,96
2024-09-18 15:55:16.590,416.3649763504703,13
2024-09-18 15:55:16.683,416.3078018087728,5
2024-09-18 15:55:16.779,416.3340909384622,995
2024-09-18 15:55:16.817,416.360071008838,104
2024-09-18 15:55:16.824,416.3130122646929,15
2024-09-18 15:55:16.826,416.301470858085,15
2024-09-18 15:55:16.831,416.32906861437175,103
2024-09-18 15:55:16.838,416.33142266914587,7
2024-09-18 15:55:16.929,416.4017599208224,1003
2024-09-18 15:55:16.964,416.3651493360888,12
2024-09-18 15:55:16.991,416.31861053665097,1000
2024-09-18 15:55:16.996,412.1236751344235,998
2024-09-18 15:55:17.004,416.366901971901,6
2024-09-18 15:55:17.029,416.426607696439,98
2024-09-18 15:55:17.041,416.3332620380782,11
2024-09-18 15:55:17.116,416.3961891205142,6
2024-09-18 15:55:17.135,416.3286969690682,995
2024-09-18 15:55:17.137,416.4133724673672,97
2024-09-18 15:55:17.162,416.3438599944114,97
2024-09-18 15:55:17.241,416.346125095368,998
2024-09-18 15:55:17.248,416.3631582096498,10
2024-09-18 15:55:17.249,416.3353973564119,11
2024-09-18 15:55:17.277,416.4078332061335,96
2024-09-18 15:55:17.288,416.4176513086161,97
2024-09-18 15:55:17.292,416.34509010891287,8
2024-09-18 15:55:17.298,416.34344095671577,11
2024-09-18 15:55:17.386,416.3418355172989,97
2024-09-18 15:55:17.481,416.3633149748751,8
2024-09-18 15:55:17.504,416.3558670146529,104
2024-09-18 15:55:17.565,416.36106979625566,99
2024-09-18 15:55:17.639,416.338336816512,7
2024-09-18 15:55:17.684,416.359277774693,13
2024-09-18 15:55:17.687,416.3537509384993,97
2024-09-18 15:55:17.710,416.34621226103735,996
2024-09-18 15:55:17.724,416.3211898319056,995
2024-09-18 15:55:17.730,416.3366073969397,8
2024-09-18 15:55:17.758,416.32206373651866,103
2024-09-18 15:55:17.760,412.08549778920576,11
2024-09-18 15:55:17.871,416.3456126622409,7
2024-09-18 15:55:17.899,416.4148185071484,6
2024-09-18 15:55:17.927,416.3280385415397,101
2024-09-18 15:55:17.929,416.3445377700076,98
2024-09-18 15:55:18.085,416.3239842309149,9
2024-09-18 15:55:18.156,416.3142199600233,999
2024-09-18 15:55:18.259,416.3308047714321,98
2024-09-18 15:55:18.530,-412.06351932122254,1003
2024-09-18 15:55:19.143,416.348694789405,1003
2024-09-18 15:55:19.292,416.3214290545967,101
2024-09-18 15:55:19.361,416.3282366086712,10
2024-09-18 15:55:19.430,416.30952347519184,101
2024-09-18 15:55:19.432,416.3198238795402,5
2024-09-18 15:55:19.453,416.3302584959759,9
2024-09-18 15:55:19.471,416.3150881362941,1002
2024-09-18 15:55:19.490,416.3258554823532,95
2024-09-18 15:55:19.531,416.3338082450568,1000
2024-09-18 15:55:19.570,416.3159387740194,998
2024-09-18 15:55:19.577,416.3208240104983,9
2024-09-18 15:55:19.602,416.3224825203337,5
2024-09-18 15:55:19.650,416.3348642025599,999
2024-09-18 15:55:19.714,416.31764826577233,1000
2024-09-18 15:55:19.717,416.3319830786343,1005
2024-09-18 15:55:19.891,416.3266753926533,998
2024-09-18 15:55:19.973,416.3060122348305,15
2024-09-18 15:55:19.999,416.3219976594638,97
2024-09-18 15:55:20.001,416.3177148385357,1005
2024-09-18 15:55:20.187,416.2662438479201,96
2024-09-18 15:55:20.241,416.2623840853123,102
2024-09-18 15:55:20.243,416.2869947265996,11
2024-09-18 15:55:20.252,416.2693140673032,12
2024-09-18 15:55:20.269,416.26162593617136,5
2024-09-18 15:55:20.317,416.2779456462598,103
2024-09-18 15:55:20.368,416.2560268809757,998
2024-09-18 15:55:20.412,416.2736495382569,12
2024-09-18 15:55:20.419,416.2322226010056,1000
2024-09-18 15:55:20.428,416.28159154070937,10
2024-09-18 15:55:20.452,416.28794078853423,11
2024-09-18 15:55:20.476,416.2611143614472,11
2024-09-18 15:55:20.498,416.2781524063524,9
2024-09-18 15:55:20.511,416.2714115822691,6
2024-09-18 15:55:20.554,416.28367697606205,7
2024-09-18 15:55:20.638,416.2400464246298,105
2024-09-18 15:55:20.653,416.2230418283667,101
2024-09-18 15:55:20.669,416.2695975446493,12
2024-09-18 15:55:20.685,416.242250588524,14
2024-09-18 15:55:20.702,416.2385525574826,13
2024-09-18 15:55:20.702,416.2480319352565,996
2024-09-18 15:55:20.703,416.2701175269006,10
2024-09-18 15:55:20.724,416.267511918653,98
2024-09-18 15:55:20.794,416.2827562749342,11
2024-09-18 15:55:20.832,416.2713162543538,996
2024-09-18 15:55:20.931,416.2940014936968,13
2024-09-18 15:55:20.937,416.26647090283655,101
2024-09-18 15:55:20.993,416.2617722094116,102
2024-09-18 15:55:21.006,416.2593831900914,1005
2024-09-18 15:55:21.033,416.3291832955482,101
2024-09-18 15:55:21.072,416.33309795606056,101
2024-09-18 15:55:21.074,416.3253862269168,103
2024-09-18 15:55:21.083,416.2700299755857,103
2024-09-18 15:55:21.193,416.3240579872392,5
2024-09-18 15:55:21.211,416.3363582934648,13
2024-09-18 15:55:21.272,416.33520986965897,98
2024-09-18 15:55:21.278,416.34409092771006,996
2024-09-18 15:55:21.314,416.2572679559328,96
2024-09-18 15:55:21.376,416.3306112049189,9
2024-09-18 15:55:21.388,416.29684765350703,102
2024-09-18 15:55:21.395,416.3309728470927,1000
2024-09-18 15:55:21.424,416.2854071312461,1000
2024-09-18 15:55:21.470,416.2619869925848,14
2024-09-18 15:55:21.552,416.305626256886,995
2024-09-18 15:55:21.569,416.3077127698232,104
2024-09-18 15:55:21.569,412.1167944978168,1005
2024-09-18 15:55:21.613,416.2959418954359,996
2024-09-18 15:55:21.619,416.2809877849317,14
2024-09-18 15:55:21.631,416.2610435856719,100
2024-09-18 15:55:21.655,,5
2024-09-18 15:55:21.691,416.2624316787793,6
2024-09-18 15:55:21.693,416.30501268609765,11
2024-09-18 15:55:21.772,416.316774003814,6
2024-09-18 15:55:21.803,416.32673872253787,998
2024-09-18 15:55:21.891,416.2647879730153,1003
2024-09-18 15:55:21.892,416.3068143582731,104
2024-09-18 15:55:21.973,416.3046598014437,12
2024-09-18 15:55:21.996,416.3203800289737,98
2024-09-18 15:55:22.006,416.3906325449671,12
2024-09-18 15:55:22.071,416.38291026323145,1000
2024-09-18 15:55:22.086,416.3758295200296,5
2024-09-18 15:55:22.110,416.3760751762868,97
2024-09-18 15:55:22.130,416.3714700326336,99
2024-09-18 15:55:22.205,416.3007946153848,13
2024-09-18 15:55:22.216,416.3874536093454,100
2024-09-18 15:55:22.421,416.3816889988949,95
2024-09-18 15:55:22.439,416.35361311314296,995
2024-09-18 15:55:22.441,416.3643454246338,6
2024-09-18 15:55:22.453,416.3831706411009,7
2024-09-18 15:55:22.509,416.3886674803102,96
2024-09-18 15:55:22.571,416.3828205704026,13
2024-09-18 15:55:22.587,416.3678341146134,1000
2024-09-18 15:55:22.654,416.3777887279163,104
2024-09-18 15:55:22.658,416.35429783399366,1002
2024-09-18 15:55:22.697,416.3278880811303,995
2024-09-18 15:55:22.699,416.3950077053176,1000
2024-09-18 15:55:22.700,416.3680643970725,6
2024-09-18 15:55:22.772,416.3612590236059,7
2024-09-18 15:55:22.775,416.3519428906893,5
2024-09-18 15:55:22.823,416.3683678628992,1005
2024-09-18 15:55:22.826,416.3660545440832,1003
2024-09-18 15:55:22.829,416.31270565042206,995
2024-09-18 15:55:22.863,416.36818223240994,9
2024-09-18 15:55:22.925,416.3713168727062,11
2024-09-18 15:55:22.947,416.383625533002,95
2024-09-18 15:55:22.983,416.3007701367475,95
2024-09-18 15:55:22.996,416.3588428009769,1002
2024-09-18 15:55:23.057,,5
2024-09-18 15:55:23.085,416.3837485454689,14
2024-09-18 15:55:23.124,416.3516830464377,12
2024-09-18 15:55:23.182,416.3363838166176,998
2024-09-18 15:55:23.254,416.3758645570657,97
2024-09-18 15:55:23.350,416.3884131487044,6
2024-09-18 15:55:23.423,416.3250441880175,14
2024-09-18 15:55:23.453,416.3316518555221,96
2024-09-18 15:55:23.477,416.34391418055526,99
2024-09-18 15:55:23.501,416.3370261339139,998
2024-09-18 15:55:23.536,416.3617835442785,8
2024-09-18 15:55:23.593,416.3534430721895,104
2024-09-18 15:55:23.704,416.3449538881343,1002
2024-09-18 15:55:23.797,416.4018331318223,15
2024-09-18 15:55:23.810,416.3817257399325,96
2024-09-18 15:55:23.811,416.3483914356641,15
2024-09-18 15:55:23.877,416.37416384488654,98
2024-09-18 15:55:23.911,416.3434490572513,99
2024-09-18 15:55:23.940,416.37675157289056,1000
2024-09-18 15:55:23.993,416.3577652123035,999
2024-09-18 15:55:23.995,412.1415958844522,102
2024-09-18 15:55:24.036,416.42099255838224,7
2024-09-18 15:55:24.041,416.419285489345,1003
2024-09-18 15:55:24.075,41.64131554597532,1002
2024-09-18 15:55:24.121,-416.3538398799736,999
2024-09-18 15:55:24.144,41.6414720059436,103
2024-09-18 15:55:24.252,416.36897771566265,99
2024-09-18 15:55:24.334,416.3742275824089,98
2024-09-18 15:55:24.351,416.38824351150765,13
2024-09-18 15:55:24.353,416.3728124086505,104
2024-09-18 15:55:24.358,416.4233580868592,98
2024-09-18 15:55:24.418,416.3546534782472,101
2024-09-18 15:55:24.426,412.119146328366,101
2024-09-18 15:55:24.441,416.3995471291608,14
2024-09-18 15:55:24.512,416.3536541179801,5
2024-09-18 15:55:24.678,416.354595085268,6
2024-09-18 15:55:24.681,416.406269877076,8
2024-09-18 15:55:24.778,416.3499124913642,104
2024-09-18 15:55:24.905,416.3559576094256,12
2024-09-18 15:55:25.050,416.409644354754,13
2024-09-18 15:55:25.095,416.40604861536497,1005
2024-09-18 15:55:25.159,416.39285081296697,97
2024-09-18 15:55:25.619,416.3845769709733,9
2024-09-18 15:55:25.668,416.373556685666,7
2024-09-18 15:55:25.733,416.410685608816,103
2024-09-18 15:55:25.739,412.1148326097249,15
2024-09-18 15:55:25.757,416.4051531543533,12
2024-09-18 15:55:25.780,416.3913487945844,12
2024-09-18 15:55:25.838,416.3701517728202,5
2024-09-18 15:55:25.870,416.3948384051412,101
2024-09-18 15:55:26.067,-416.4422433365734,97
2024-09-18 15:55:26.284,416.4138915332503,999
2024-09-18 15:55:26.391,416.41132644193647,99
2024-09-18 15:55:26.464,416.3961038662885,14
2024-09-18 15:55:26.479,416.4338843901155,102
2024-09-18 15:55:26.523,416.4341532075807,99
2024-09-18 15:55:26.598,416.4116852149581,998
2024-09-18 15:55:26.701,416.4363582654527,97
2024-09-18 15:55:26.738,416.41391434159726,101
2024-09-18 15:55:26.851,416.4096088508397,6
2024-09-18 15:55:26.891,416.45757114071256,7
2024-09-18 15:55:26.979,416.442703954858,12
2024-09-18 15:55:26.989,416.43066824743545,1000
2024-09-18 15:55:27.051,416.39008417888505,5
2024-09-18 15:55:27.051,416.3906865212254,14
2024-09-18 15:55:27.099,416.3913689956095,996
2024-09-18 15:55:27.106,416.3814357057903,12
2024-09-18 15:55:27.331,416.3988984498835,10
2024-09-18 15:55:27.357,416.384474136396,1001
2024-09-18 15:55:27.453,416.386395203334,996
2024-09-18 15:55:27.472,412.0618264573829,103
2024-09-18 15:55:27.532,416.3870231824376,1001
2024-09-18 15:55:27.735,412.0053944993762,995
2024-09-18 15:55:27.921,416.3780826085272,103
2024-09-18 15:55:28.002,416.4293182886019,8
2024-09-18 15:55:28.035,416.4918470897801,9
2024-09-18 15:55:28.052,416.4412846891445,1003
2024-09-18 15:55:28.129,416.4722678548896,100
2024-09-18 15:55:28.273,416.49749233484414,1005
2024-09-18 15:55:28.377,416.4656726460272,1001
2024-09-18 15:55:28.424,416.5000012068903,1001
2024-09-18 15:55:28.455,416.39998158930655,98
2024-09-18 15:55:28.482,416.4712400080334,7
2024-09-18 15:55:28.604,416.4918145834165,1003
2024-09-18 15:55:28.653,416.50154696864666,1000
2024-09-18 15:55:28.743,416.4260376399684,11
2024-09-18 15:55:28.875,416.4110649576865,100
2024-09-18 15:55:29.411,416.48959559201694,15
2024-09-18 15:55:29.478,416.47431715388217,97
2024-09-18 15:55:29.716,416.47301866740526,1005
2024-09-18 15:55:30.035,416.4399495853776,98
2024-09-18 15:55:30.082,416.4537444465638,15
2024-09-18 15:55:30.098,416.4600496141317,8
2024-09-18 15:55:30.141,416.4570655981215,105
2024-09-18 15:55:30.153,416.4423139811401,5
2024-09-18 15:55:30.158,416.4891682418253,15
2024-09-18 15:55:30.166,416.48629205179685,104
2024-09-18 15:55:30.361,416.48635916601984,105
2024-09-18 15:55:30.406,416.4540092017334,99
2024-09-18 15:55:30.444,416.4380110842223,103
2024-09-18 15:55:30.481,416.43081085398416,15
2024-09-18 15:55:30.504,416.4424846510546,8
2024-09-18 15:55:30.521,416.4746328701759,997
2024-09-18 15:55:30.557,416.4536253050391,95
2024-09-18 15:55:30.573,416.4508211768343,998
2024-09-18 15:55:30.597,416.4505431619186,1005
2024-09-18 15:55:30.615,416.4345063943071,10
2024-09-18 15:55:30.641,416.4695945339335,98
2024-09-18 15:55:30.734,416.4265798609385,13
2024-09-18 15:55:30.808,416.45775651151655,999
2024-09-18 15:55:30.852,416.430033356014,5
2024-09-18 15:55:30.946,416.4524725547623,102
2024-09-18 15:55:31.068,416.42157742197134,12
2024-09-18 15:55:31.207,416.4110707829864,103
2024-09-18 15:55:31.252,416.4173447573753,10
2024-09-18 15:55:31.311,416.3889518067228,98
2024-09-18 15:55:31.361,416.3838872074808,1001
2024-09-18 15:55:31.470,416.4183909498079,8
2024-09-18 15:55:31.489,416.3721305978025,996
2024-09-18 15:55:31.538,-416.39823496103867,996
2024-09-18 15:55:31.547,416.40715236908136,95
2024-09-18 15:55:31.730,416.4129137575951,103
2024-09-18 15:55:31.890,416.4097957420453,6
2024-09-18 15:55:32.058,416.4147732876007,103
2024-09-18 15:55:32.283,416.4075184182591,12
2024-09-18 15:55:32.350,416.3975537799956,98
2024-09-18 15:55:32.463,416.4322714436189,102
2024-09-18 15:55:32.518,416.4212719687424,101
2024-09-18 15:55:32.592,416.4205879737581,13
2024-09-18 15:55:32.710,416.41538779464446,15
2024-09-18 15:55:32.839,416.4320723289424,1005
2024-09-18 15:55:32.848,416.4448882109937,14
2024-09-18 15:55:32.910,416.4077807582267,13
2024-09-18 15:55:32.987,416.405403694704,12
2024-09-18 15:55:33.397,412.0422930977575,998
2024-09-18 15:55:33.941,416.4134527559065,100
2024-09-18 15:55:34.008,416.3843383077537,104
2024-09-18 15:55:34.026,416.3846514027924,102
2024-09-18 15:55:34.038,416.3897520270427,996
2024-09-18 15:55:34.047,416.3861459985904,95
2024-09-18 15:55:34.052,416.4021820927016,998
2024-09-18 15:55:34.054,416.3946377030906,1001
2024-09-18 15:55:34.075,416.3799472115968,102
2024-09-18 15:55:34.128,416.4017583608712,1001
2024-09-18 15:55:34.227,416.409018578235,99
2024-09-18 15:55:34.240,416.3635107358071,10
2024-09-18 15:55:34.258,416.4181168807882,7
2024-09-18 15:55:34.270,416.403639545452,101
2024-09-18 15:55:34.291,416.37228141346526,5
2024-09-18 15:55:34.421,416.3853518626391,1004
2024-09-18 15:55:34.438,416.37035270122834,95
2024-09-18 15:55:34.461,416.3880770456443,5
2024-09-18 15:55:34.464,416.4109650338816,1001
2024-09-18 15:55:34.475,416.4200215766936,96
2024-09-18 15:55:34.548,416.40908519078135,103
2024-09-18 15:55:34.598,416.4111544226823,11
2024-09-18 15:55:34.600,,15
2024-09-18 15:55:34.818,416.3789931602128,97
2024-09-18 15:55:34.886,416.38635185445946,1002
2024-09-18 15:55:34.969,416.3971673369399,997
2024-09-18 15:55:34.998,416.4019217893566,95
2024-09-18 15:55:35.227,416.3719846257458,995
2024-09-18 15:55:35.413,416.3763849819464,105
2024-09-18 15:55:35.789,416.3739198445269,996
2024-09-18 15:55:35.800,416.3638695952498,8
2024-09-18 15:55:35.902,416.3785347626797,101
2024-09-18 15:55:36.244,416.3739956698464,98
2024-09-18 15:55:36.366,416.3718809205882,1001
2024-09-18 15:55:36.378,416.3737738347058,995
2024-09-18 15:55:36.391,416.3721071913212,1003
2024-09-18 15:55:37.023,416.32548438945815,7
2024-09-18 15:55:37.075,416.2827788142407,98
2024-09-18 15:55:37.117,416.36366140904136,1003
2024-09-18 15:55:37.251,416.3796329007059,996
2024-09-18 15:55:37.292,416.307264377006,99
2024-09-18 15:55:37.297,416.3027893428393,102
2024-09-18 15:55:37.323,416.3001256165588,10
2024-09-18 15:55:37.384,416.3463293432644,14
2024-09-18 15:55:37.476,416.37239373852987,10
2024-09-18 15:55:37.607,416.26341652044187,102
2024-09-18 15:55:37.725,416.34485409722464,96
2024-09-18 15:55:37.819,416.2747409963619,997
2024-09-18 15:55:37.847,416.3312604990068,9
2024-09-18 15:55:37.865,416.29050588443,95
2024-09-18 15:55:37.958,416.31808983485325,1003
2024-09-18 15:55:37.959,416.2667921993754,998
2024-09-18 15:55:37.964,416.38229205628727,8
2024-09-18 15:55:37.994,,15
2024-09-18 15:55:38.026,416.3153230181883,95
2024-09-18 15:55:38.027,416.3169704098576,99
2024-09-18 15:55:38.215,416.2959282206269,1003
2024-09-18 15:55:38.351,416.26419367150834,8
2024-09-18 15:55:38.384,416.2789440451312,105
2024-09-18 15:55:38.413,416.3270359951942,96
2024-09-18 15:55:38.424,416.3051026780237,1000
2024-09-18 15:55:38.435,416.3095899989996,97
2024-09-18 15:55:38.437,416.316895942405,996
2024-09-18 15:55:38.448,416.3073714319752,102
2024-09-18 15:55:38.455,416.3451956699004,96
2024-09-18 15:55:38.496,-416.3479191045878,1005
2024-09-18 15:55:38.505,416.333804182778,5
2024-09-18 15:55:38.616,416.30294569942106,100
2024-09-18 15:55:38.636,416.2958365385098,12
2024-09-18 15:55:38.650,416.3279365636616,12
2024-09-18 15:55:38.788,416.2941553199536,995
2024-09-18 15:55:38.793,416.33878058573447,5
2024-09-18 15:55:38.822,416.2924117467096,998
2024-09-18 15:55:38.923,416.36088110291416,97
2024-09-18 15:55:39.048,416.34865194799033,13
2024-09-18 15:55:39.049,416.3229250337893,1004
2024-09-18 15:55:39.053,416.3558973414056,15
2024-09-18 15:55:39.062,416.3739051451496,1005
2024-09-18 15:55:39.065,412.126055645998,997
2024-09-18 15:55:39.329,416.32795673851984,98
2024-09-18 15:55:39.383,416.3099491822087,98
2024-09-18 15:55:39.471,416.3358752411668,101
2024-09-18 15:55:39.607,416.36025489651496,101
2024-09-18 15:55:39.671,416.3591586032325,15
2024-09-18 15:55:39.688,416.3516619602502,1002
2024-09-18 15:55:39.709,416.3149250635637,1001
2024-09-18 15:55:39.762,416.37257134812944,5
2024-09-18 15:55:39.851,416.29761167655,104
2024-09-18 15:55:39.856,416.3432031226983,6
2024-09-18 15:55:40.202,416.283751354862,6
2024-09-18 15:55:40.208,416.3073974235237,11
2024-09-18 15:55:40.246,416.30729815334,98
2024-09-18 15:55:40.315,416.3465016501374,100
2024-09-18 15:55:40.423,416.3326789340697,101
2024-09-18 15:55:40.520,416.3415245742056,105
2024-09-18 15:55:40.608,416.33202267378215,1005
2024-09-18 15:55:40.694,416.3432484580422,5
2024-09-18 15:55:40.790,416.3041892673318,101
2024-09-18 15:55:41.015,416.29844627637885,1004
2024-09-18 15:55:41.022,416.2938013322744,13
2024-09-18 15:55:41.187,416.2670404285613,96
2024-09-18 15:55:41.399,416.2685703888863,1002
2024-09-18 15:55:41.742,416.28268961642686,999
2024-09-18 15:55:41.963,416.3062035192878,104
2024-09-18 15:55:42.019,416.24113581782734,95
2024-09-18 15:55:42.071,416.26113805581593,13
2024-09-18 15:55:42.081,416.24211110944697,1002
2024-09-18 15:55:42.087,416.2426110187,1002
2024-09-18 15:55:42.197,416.22630501674615,1005
2024-09-18 15:55:42.200,416.26252698533256,12
2024-09-18 15:55:42.263,416.26743751421606,100
2024-09-18 15:55:42.435,416.2543936464121,996
2024-09-18 15:55:42.437,416.2463267802696,11
2024-09-18 15:55:42.449,416.2655003348928,6
2024-09-18 15:55:42.503,416.2078055351927,1003
2024-09-18 15:55:42.636,416.2285215769202,14
2024-09-18 15:55:42.719,416.2385226233012,11
2024-09-18 15:55:42.723,416.2254057009662,9
2024-09-18 15:55:42.859,416.2332127226514,12
2024-09-18 15:55:42.883,416.2555654175405,15
2024-09-18 15:55:42.952,416.24279073304666,1002
2024-09-18 15:55:42.993,416.2501527462956,11
2024-09-18 15:55:43.404,416.2195662359289,105
2024-09-18 15:55:43.544,-416.2206966517494,96
2024-09-18 15:55:43.546,416.2330128240424,1005
2024-09-18 15:55:43.592,416.2320452148033,1002
2024-09-18 15:55:43.623,416.2327872162865,15
2024-09-18 15:55:43.728,416.2198214460182,102
2024-09-18 15:55:43.883,,5
2024-09-18 15:55:44.201,416.1967795875668,96
2024-09-18 15:55:44.216,416.2068916609183,99
2024-09-18 15:55:44.295,416.2086699534657,101
2024-09-18 15:55:44.334,416.20098241484055,96
2024-09-18 15:55:44.352,416.16123226505727,996
2024-09-18 15:55:44.490,416.2082125848858,1000
2024-09-18 15:55:44.554,416.1886722514981,9
2024-09-18 15:55:44.576,416.20009210691023,1001
2024-09-18 15:55:44.585,416.16132334416295,105
2024-09-18 15:55:44.692,416.20414754873485,12
2024-09-18 15:55:44.711,416.173170600549,9
2024-09-18 15:55:44.728,416.1857258568842,6
2024-09-18 15:55:44.770,416.1970496395195,997
2024-09-18 15:55:44.959,416.2018982868724,14
2024-09-18 15:55:45.000,416.1584632010012,995
2024-09-18 15:55:45.023,416.18475159594186,7
2024-09-18 15:55:45.056,416.13819912799295,1003
2024-09-18 15:55:45.075,416.1881840701464,13
2024-09-18 15:55:45.087,416.16003603841,11
2024-09-18 15:55:45.088,416.15958366850936,997
2024-09-18 15:55:45.100,416.163265689232,102
2024-09-18 15:55:45.190,416.15089580248696,103
2024-09-18 15:55:45.224,416.1378854904403,6
2024-09-18 15:55:45.483,416.1768415205374,997
2024-09-18 15:55:45.561,416.14275091447024,6
2024-09-18 15:55:45.616,416.1513722479492,1003
2024-09-18 15:55:45.666,416.1368704831924,1002
2024-09-18 15:55:45.697,416.1609679522558,103
2024-09-18 15:55:45.748,416.1374504387195,1001
2024-09-18 15:55:45.805,416.1545450939673,11
2024-09-18 15:55:45.810,416.1691866233739,995
2024-09-18 15:55:45.818,416.1868748097065,103
2024-09-18 15:55:45.830,416.1821286595037,7
2024-09-18 15:55:45.841,416.1567643187861,11
2024-09-18 15:55:45.898,416.1648638104692,1005
2024-09-18 15:55:45.939,416.1766377713006,13
2024-09-18 15:55:46.426,416.1987811671714,1000
2024-09-18 15:55:46.495,416.2075393634687,5
2024-09-18 15:55:46.562,416.2034177768999,998
2024-09-18 15:55:47.033,416.2266514916148,15
2024-09-18 15:55:47.117,416.2425436374724,5
2024-09-18 15:55:47.122,416.2339517187536,100
2024-09-18 15:55:47.152,416.2259960881487,98
2024-09-18 15:55:47.337,416.247923057763,9
2024-09-18 15:55:47.351,416.24315735932873,8
2024-09-18 15:55:47.555,416.2313344919479,14
2024-09-18 15:55:47.603,416.23866743041657,995
2024-09-18 15:55:47.682,416.241272304612,101
2024-09-18 15:55:47.786,416.2439329355743,103
2024-09-18 15:55:47.799,416.23948417334987,102
2024-09-18 15:55:47.801,416.250020402376,103
2024-09-18 15:55:48.003,416.1481737784456,1002
2024-09-18 15:55:48.008,416.1155465341,999
2024-09-18 15:55:48.039,416.1195618875846,95
2024-09-18 15:55:48.041,416.256212324916,104
2024-09-18 15:55:48.049,416.106158435845,9
2024-09-18 15:55:48.050,416.2160795493889,12
2024-09-18 15:55:48.154,416.1518961157252,102
2024-09-18 15:55:48.335,416.2260877456229,103
2024-09-18 15:55:48.380,416.2173986238459,9
2024-09-18 15:55:48.396,416.2435062770194,100
2024-09-18 15:55:48.408,,7
2024-09-18 15:55:48.419,416.1591772148214,98
2024-09-18 15:55:48.424,416.1266359249621,6
2024-09-18 15:55:48.486,416.2418730516845,105
2024-09-18 15:55:48.492,,14
2024-09-18 15:55:48.501,416.2427619947693,97
2024-09-18 15:55:48.519,416.12905992053214,96
2024-09-18 15:55:48.521,416.1774238514162,11
2024-09-18 15:55:48.524,416.2289279234987,101
2024-09-18 15:55:48.535,416.2240222756499,7
2024-09-18 15:55:48.541,416.2380777175944,5
2024-09-18 15:55:48.568,416.1285449772194,1005
2024-09-18 15:55:48.574,416.2440812004372,101
2024-09-18 15:55:48.648,416.2223250824762,1003
2024-09-18 15:55:48.665,416.1124403947987,5
2024-09-18 15:55:48.719,416.2226157649715,1003
2024-09-18 15:55:48.837,416.1609657509708,1003
2024-09-18 15:55:48.917,416.2479517887563,996
2024-09-18 15:55:48.936,416.2228858550772,15
2024-09-18 15:55:48.961,416.2192984720789,103
2024-09-18 15:55:49.015,416.1184521812759,11
2024-09-18 15:55:49.047,416.1307835242211,5
2024-09-18 15:55:49.067,,999
2024-09-18 15:55:49.079,416.0706190793406,95
2024-09-18 15:55:49.095,416.1115496817904,10
2024-09-18 15:55:49.158,416.1049720858359,999
2024-09-18 15:55:49.181,416.05052190389006,5
2024-09-18 15:55:49.202,416.0863514761716,15
2024-09-18 15:55:49.219,416.151802960472,9
2024-09-18 15:55:49.270,416.0900258338278,5
2024-09-18 15:55:49.275,412.1780011021469,1003
2024-09-18 15:55:49.291,416.096529001768,103
2024-09-18 15:55:49.297,416.05805387442064,1000
2024-09-18 15:55:49.369,416.0773686090736,999
2024-09-18 15:55:49.375,416.14038347078815,103
2024-09-18 15:55:49.407,416.0726876777611,100
2024-09-18 15:55:49.439,416.0417320525515,103
2024-09-18 15:55:49.452,416.0566277861535,95
2024-09-18 15:55:49.487,416.0747139802115,995
2024-09-18 15:55:49.489,416.0761534434113,1001
2024-09-18 15:55:49.492,416.11926259094497,7
2024-09-18 15:55:49.609,416.1318198426398,102
2024-09-18 15:55:49.701,416.1371975622508,1004
2024-09-18 15:55:49.775,416.1350652818352,5
2024-09-18 15:55:49.781,416.127704974362,9
2024-09-18 15:55:49.888,416.070653202097,998
2024-09-18 15:55:49.893,416.0530123647718,98
2024-09-18 15:55:49.917,416.14478985427866,997
2024-09-18 15:55:49.938,416.070891182706,998
2024-09-18 15:55:50.343,416.0373999037721,5
2024-09-18 15:55:50.570,416.0621521861105,14
2024-09-18 15:55:50.618,412.18056045916353,14
2024-09-18 15:55:50.739,-416.06246054349646,101
2024-09-18 15:55:50.779,412.1873578056311,100
2024-09-18 15:55:50.842,416.0386209515225,1004
2024-09-18 15:55:51.094,415.984814951043,101
2024-09-18 15:55:51.145,41.604596682627445,1000
2024-09-18 15:55:51.157,416.0661947131799,98
2024-09-18 15:55:51.211,416.0338845528274,12
2024-09-18 15:55:51.277,416.0052867305018,996
2024-09-18 15:55:51.284,416.029309877696,99
2024-09-18 15:55:51.381,415.9943287009696,1004
2024-09-18 15:55:51.395,415.98814982530496,101
2024-09-18 15:55:51.452,415.9859717501795,997
2024-09-18 15:55:51.463,-415.9938489367789,99
2024-09-18 15:55:51.517,416.000221761786,999
2024-09-18 15:55:51.548,415.9945760325728,14
2024-09-18 15:55:51.593,416.0389653437724,97
2024-09-18 15:55:51.605,416.0039083800099,1004
2024-09-18 15:55:51.689,416.0112800008551,1001
2024-09-18 15:55:51.725,416.0366348761469,104
2024-09-18 15:55:51.737,416.0402181864381,1003
2024-09-18 15:55:51.739,416.02374224259336,13
2024-09-18 15:55:51.750,416.0191319477639,13
2024-09-18 15:55:51.773,416.04680169754994,1003
2024-09-18 15:55:51.779,416.0341925027906,8
2024-09-18 15:55:51.786,416.050510249168,5
2024-09-18 15:55:51.819,416.0444483610498,995
2024-09-18 15:55:51.866,416.02068709401806,1005
2024-09-18 15:55:52.168,415.9647830089713,104
2024-09-18 15:55:52.426,415.9686266341813,13
2024-09-18 15:55:52.563,415.95738324721066,5
2024-09-18 15:55:52.629,415.98329618544886,99
2024-09-18 15:55:52.656,415.97884735626366,101
2024-09-18 15:55:52.691,416.0017815758984,11
2024-09-18 15:55:52.767,415.964125594848,13
2024-09-18 15:55:52.839,415.9311257502056,15
2024-09-18 15:55:52.928,415.93864727587584,105
2024-09-18 15:55:52.942,415.96303320704175,997
2024-09-18 15:55:53.026,415.93709347370526,1004
2024-09-18 15:55:53.041,415.9247705270648,999
2024-09-18 15:55:53.102,415.91747299708254,8
2024-09-18 15:55:53.135,415.97062556495285,98
2024-09-18 15:55:53.139,-415.9143766971093,13
2024-09-18 15:55:53.176,415.9350430146959,105
2024-09-18 15:55:53.367,415.9018030993008,95
2024-09-18 15:55:53.510,415.9555019276358,97
2024-09-18 15:55:53.539,415.9641191740502,1001
2024-09-18 15:55:53.575,415.9243325074125,95
2024-09-18 15:55:53.681,415.8906910024102,12
2024-09-18 15:55:53.707,415.9296888019668,1004
2024-09-18 15:55:53.753,415.90091413225184,105
2024-09-18 15:55:53.767,-415.9240366525368,11
2024-09-18 15:55:53.958,415.9371863812588,997
2024-09-18 15:55:54.065,415.8345396146418,1004
2024-09-18 15:55:54.087,415.8768783825969,995
2024-09-18 15:55:54.103,415.88115643122654,101
2024-09-18 15:55:54.105,415.8520154704348,998
2024-09-18 15:55:54.119,415.8135638195005,1003
2024-09-18 15:55:54.161,415.7352682150556,1005
2024-09-18 15:55:54.233,415.7232290101463,996
2024-09-18 15:55:54.244,415.7280629425242,1001
2024-09-18 15:55:54.470,415.8864558783589,1000
2024-09-18 15:55:54.555,415.8214699175622,1002
2024-09-18 15:55:54.558,415.7822842998448,100
2024-09-18 15:55:54.578,415.7279335824455,103
2024-09-18 15:55:54.590,415.8880980589051,1003
2024-09-18 15:55:54.667,415.8142104661119,96
2024-09-18 15:55:54.696,415.88200134054193,6
2024-09-18 15:55:54.837,415.8290985212894,95
2024-09-18 15:55:54.900,415.8770780349829,96
2024-09-18 15:55:54.987,415.854462149975,102
2024-09-18 15:55:55.074,415.6850979635023,1003
2024-09-18 15:55:55.080,415.69446205493017,10
2024-09-18 15:55:55.082,415.7474022631688,96
2024-09-18 15:55:55.132,415.6842162570865,998
2024-09-18 15:55:55.428,415.7349246059437,11
2024-09-18 15:55:55.457,415.709004444608,99
2024-09-18 15:55:55.552,415.70514991614186,10
2024-09-18 15:55:55.553,415.7111063594076,10
2024-09-18 15:55:55.622,415.7157816541934,15
2024-09-18 15:55:55.698,415.6949532813732,104
2024-09-18 15:55:55.764,415.7361648250137,1001
2024-09-18 15:55:55.766,415.70987943584527,11
2024-09-18 15:55:55.857,415.6897460042567,99
2024-09-18 15:55:55.939,415.71322725501705,104
2024-09-18 15:55:55.950,415.7361401544824,5
2024-09-18 15:55:55.967,415.6806461766584,99
2024-09-18 15:55:55.975,415.7166877335527,95
2024-09-18 15:55:56.010,415.7616335073547,1002
2024-09-18 15:55:56.060,415.6798798984445,11
2024-09-18 15:55:56.084,415.7640653054856,999
2024-09-18 15:55:56.104,415.7216780509011,1000
2024-09-18 15:55:56.197,415.75290771500096,1001
2024-09-18 15:55:56.218,415.7031578439103,15
2024-09-18 15:55:56.225,415.7126879978627,98
2024-09-18 15:55:56.242,415.7467124419934,105
2024-09-18 15:55:56.254,415.7226243735325,13
2024-09-18 15:55:56.283,415.7171135200593,100
2024-09-18 15:55:56.329,415.7077372438855,9
2024-09-18 15:55:56.331,415.7046052811683,12
2024-09-18 15:55:56.343,415.7181872737816,10
2024-09-18 15:55:56.400,415.7312616175328,104
2024-09-18 15:55:56.421,415.7107209108625,8
2024-09-18 15:55:56.507,415.7236340205026,995
2024-09-18 15:55:56.510,415.7155850437785,998
2024-09-18 15:55:56.514,415.716065126644,8
2024-09-18 15:55:56.600,415.72753897218735,100
2024-09-18 15:55:56.647,415.7173567546643,98
2024-09-18 15:55:56.680,415.7100547374543,998
2024-09-18 15:55:56.710,415.71487898546553,996
2024-09-18 15:55:56.723,415.7264426733925,5
2024-09-18 15:55:56.752,415.6895996210832,104
2024-09-18 15:55:56.816,415.729745763888,96
2024-09-18 15:55:56.864,415.7102933859041,102
2024-09-18 15:55:56.923,415.7119855856521,95
2024-09-18 15:55:57.067,415.7970632325314,100
2024-09-18 15:55:57.190,,5
2024-09-18 15:55:57.208,415.7955875810511,8
2024-09-18 15:55:57.294,415.79820091135866,999
2024-09-18 15:55:57.347,415.7881741143258,6
2024-09-18 15:55:57.524,415.8033364374033,1000
2024-09-18 15:55:57.617,415.7900170696275,15
2024-09-18 15:55:57.714,415.7786481455922,1005
2024-09-18 15:55:57.743,415.7698284271354,7
2024-09-18 15:55:57.767,415.78645254035285,1005
2024-09-18 15:55:57.880,415.79636876153216,13
2024-09-18 15:55:57.939,415.7733234114289,1001
2024-09-18 15:55:57.942,415.7903681254781,9
2024-09-18 15:55:57.942,415.782973562097,995
2024-09-18 15:55:58.055,415.81013342270114,13
2024-09-18 15:55:58.072,415.81247301617,999
2024-09-18 15:55:58.096,415.7987060258057,102
2024-09-18 15:55:58.126,415.7834422522761,101
2024-09-18 15:55:58.169,415.7444764507133,996
2024-09-18 15:55:58.207,415.8190711194407,5
2024-09-18 15:55:58.248,415.74980862477,95
2024-09-18 15:55:58.267,415.79940474586186,10
2024-09-18 15:55:58.317,415.7968572191997,102
2024-09-18 15:55:58.349,415.7827573996989,11
2024-09-18 15:55:58.372,415.80433478463993,96
2024-09-18 15:55:58.396,415.764094396062,1000
2024-09-18 15:55:58.408,415.7705634725095,102
2024-09-18 15:55:58.459,415.7914805561868,96
2024-09-18 15:55:58.498,415.7641272585089,101
2024-09-18 15:55:58.532,415.8099312087504,11
2024-09-18 15:55:58.566,415.816975815643,105
2024-09-18 15:55:58.594,415.7796026038432,995
2024-09-18 15:55:58.613,415.75885595715664,14
2024-09-18 15:55:58.757,415.8188703061492,13
2024-09-18 15:55:58.861,415.779956113437,13
2024-09-18 15:55:58.957,415.80773332001417,15
2024-09-18 15:55:58.964,415.77602264047965,95
2024-09-18 15:55:58.992,415.768790272597,10
