Timestamp,Price,Size
2024-09-20 09:40:00.134,422.1893699573764,10
2024-09-20 09:40:00.146,422.1709311565712,15
2024-09-20 09:40:00.294,422.16543774811,97
2024-09-20 09:40:00.500,422.16054378245474,999
2024-09-20 09:40:00.567,422.1744123142956,1005
2024-09-20 09:40:00.602,422.1645341579719,6
2024-09-20 09:40:00.938,422.2119500791756,1005
2024-09-20 09:40:00.939,422.1778707661133,1004
2024-09-20 09:40:00.961,422.18964123349787,103
2024-09-20 09:40:01.090,422.1862969623012,96
2024-09-20 09:40:01.097,422.1733513531773,998
2024-09-20 09:40:01.123,422.16450828810537,97
2024-09-20 09:40:01.124,422.1303571291681,999
2024-09-20 09:40:01.167,422.187513850536,8
2024-09-20 09:40:01.173,422.1684266748067,96
2024-09-20 09:40:01.299,422.1813542718238,98
2024-09-20 09:40:01.398,422.16528398677264,998
2024-09-20 09:40:01.429,422.1212160283367,105
2024-09-20 09:40:01.586,422.1545515318792,15
2024-09-20 09:40:01.631,422.1093617071272,9
2024-09-20 09:40:01.661,422.1774520752638,97
2024-09-20 09:40:01.771,422.1793775202645,1001
2024-09-20 09:40:01.777,422.154295944309,8
2024-09-20 09:40:01.826,422.1840990970072,104
2024-09-20 09:40:01.915,422.16284411731306,101
2024-09-20 09:40:01.961,422.1716395150688,101
2024-09-20 09:40:01.961,422.17110166101264,13
2024-09-20 09:40:01.962,422.1775328738044,9
2024-09-20 09:40:01.968,422.1490961301568,8
2024-09-20 09:40:02.011,422.0724780065922,1005
2024-09-20 09:40:02.036,422.0708860652924,1001
2024-09-20 09:40:02.166,422.0825111706012,15
2024-09-20 09:40:02.242,422.07917575662896,1005
2024-09-20 09:40:02.247,422.08029219437685,103
2024-09-20 09:40:02.262,422.0906198710634,997
2024-09-20 09:40:02.264,422.1197870334256,100
2024-09-20 09:40:02.274,422.0727190220377,997
2024-09-20 09:40:02.280,422.08356255737954,15
2024-09-20 09:40:02.307,422.0941145416424,1004
2024-09-20 09:40:02.397,422.1027207091069,1003
2024-09-20 09:40:02.513,422.110807127957,105
2024-09-20 09:40:02.564,422.1069566951224,7
2024-09-20 09:40:02.665,422.0622153754898,7
2024-09-20 09:40:02.836,422.0878514753831,1000
2024-09-20 09:40:02.945,422.08430957482,100
2024-09-20 09:40:03.033,422.1395600126207,104
2024-09-20 09:40:03.229,422.12716354645374,103
2024-09-20 09:40:03.270,422.1203809752944,8
2024-09-20 09:40:04.107,422.1929147147784,98
2024-09-20 09:40:04.145,422.1889419682726,15
2024-09-20 09:40:04.227,422.1640763040504,105
2024-09-20 09:40:04.244,422.1431198158122,101
2024-09-20 09:40:04.275,422.1747930363797,1000
2024-09-20 09:40:04.296,422.1752483490451,100
2024-09-20 09:40:04.328,422.1924930420429,1000
2024-09-20 09:40:04.337,422.1635419563872,98
2024-09-20 09:40:04.404,422.176325953363,100
2024-09-20 09:40:04.460,422.16534309099416,995
2024-09-20 09:40:04.472,422.179340923303,104
2024-09-20 09:40:04.509,422.1659116317151,995
2024-09-20 09:40:04.588,422.1798653198496,1005
2024-09-20 09:40:04.603,422.1522045365437,7
2024-09-20 09:40:04.698,422.171375203411,996
2024-09-20 09:40:04.848,422.17267861811416,105
2024-09-20 09:40:04.856,422.170286975921,999
2024-09-20 09:40:04.896,422.1823695360329,1004
2024-09-20 09:40:04.911,422.16453404675593,999
2024-09-20 09:40:04.931,422.18495471874695,96
2024-09-20 09:40:04.966,422.18374513093255,1004
2024-09-20 09:40:05.057,422.2453704116546,997
2024-09-20 09:40:05.159,422.2411855297312,100
2024-09-20 09:40:05.217,422.2341577256892,1003
2024-09-20 09:40:05.223,422.24853868652,105
2024-09-20 09:40:05.248,422.246879305058,6
2024-09-20 09:40:05.305,422.2380680510992,11
2024-09-20 09:40:05.473,422.2682386288765,997
2024-09-20 09:40:05.509,422.2452957338636,6
2024-09-20 09:40:05.515,422.2573157810735,95
2024-09-20 09:40:05.737,422.2481694932937,7
2024-09-20 09:40:05.777,42.225921953677954,102
2024-09-20 09:40:05.797,422.26226767054266,9
2024-09-20 09:40:05.835,422.2470767825861,96
2024-09-20 09:40:05.894,422.2412953063232,95
2024-09-20 09:40:05.955,422.24306885795664,1004
2024-09-20 09:40:05.984,422.1972334041434,15
2024-09-20 09:40:05.989,422.22743338933054,100
2024-09-20 09:40:06.022,422.2628287132943,998
2024-09-20 09:40:06.036,422.2572864801999,98
2024-09-20 09:40:06.116,422.2606549862054,997
2024-09-20 09:40:06.137,422.2824372247061,995
2024-09-20 09:40:06.151,422.2703184220282,1002
2024-09-20 09:40:06.229,422.2309022566649,101
2024-09-20 09:40:06.290,422.2794354107714,9
2024-09-20 09:40:06.326,422.277852910042,9
2024-09-20 09:40:06.337,422.2625467296529,11
2024-09-20 09:40:06.386,422.2660312405612,5
2024-09-20 09:40:06.419,422.266781548676,10
2024-09-20 09:40:06.460,422.2682926461127,15
2024-09-20 09:40:06.492,422.27937949692944,95
2024-09-20 09:40:06.498,422.28123348657857,995
2024-09-20 09:40:06.628,422.2685520385171,5
2024-09-20 09:40:06.677,422.25382312993486,13
2024-09-20 09:40:06.731,,7
2024-09-20 09:40:06.742,422.2642922167795,1002
2024-09-20 09:40:06.798,422.2576593581982,95
2024-09-20 09:40:06.909,422.2443557139593,98
2024-09-20 09:40:06.913,422.2714905127485,100
2024-09-20 09:40:07.096,422.31755916550514,15
2024-09-20 09:40:07.185,422.2965196965306,996
2024-09-20 09:40:07.263,422.3413917393831,100
2024-09-20 09:40:07.457,422.28457849078393,15
2024-09-20 09:40:07.463,422.2695487301417,8
2024-09-20 09:40:07.622,422.3119215939771,1004
2024-09-20 09:40:07.631,422.3033675566813,10
2024-09-20 09:40:07.724,422.2926098723007,103
2024-09-20 09:40:07.933,-422.329103166265,104
2024-09-20 09:40:08.067,422.29845582496506,1003
2024-09-20 09:40:08.099,422.3191994117884,100
2024-09-20 09:40:08.312,422.3036897875039,101
2024-09-20 09:40:08.345,422.3249054805005,11
2024-09-20 09:40:08.379,422.31267892789685,97
2024-09-20 09:40:08.427,422.3157233142658,998
2024-09-20 09:40:08.471,422.3072415719639,998
2024-09-20 09:40:08.477,422.30885049716215,7
2024-09-20 09:40:08.492,422.3081434642218,995
2024-09-20 09:40:08.493,422.3313178540026,102
2024-09-20 09:40:08.568,422.3083982653272,1001
2024-09-20 09:40:08.647,422.3192201970234,102
2024-09-20 09:40:08.722,422.3154047204826,97
2024-09-20 09:40:08.775,422.31215269862895,95
2024-09-20 09:40:08.806,422.3113379196739,1003
2024-09-20 09:40:08.845,422.32408653329935,11
2024-09-20 09:40:08.886,422.3249380967446,6
2024-09-20 09:40:08.917,422.3155655242281,996
2024-09-20 09:40:08.921,422.3026634931023,7
2024-09-20 09:40:08.964,422.31259199582826,105
2024-09-20 09:40:08.980,422.3054830904934,98
2024-09-20 09:40:09.084,422.3723084455162,98
2024-09-20 09:40:09.261,422.30194165829255,104
2024-09-20 09:40:09.378,422.34016717773216,98
2024-09-20 09:40:09.429,422.3196491978677,997
2024-09-20 09:40:09.480,422.3130968474135,997
2024-09-20 09:40:09.514,422.3565983859536,101
2024-09-20 09:40:09.524,422.3832968121715,102
2024-09-20 09:40:09.532,422.32124846009015,15
2024-09-20 09:40:09.541,422.3155450190063,995
2024-09-20 09:40:09.588,422.3080927601983,102
2024-09-20 09:40:09.602,422.380444367618,995
2024-09-20 09:40:09.620,422.3675669287877,103
2024-09-20 09:40:09.679,422.312640839447,996
2024-09-20 09:40:09.800,422.3297479142272,103
2024-09-20 09:40:09.930,422.2952385385889,8
2024-09-20 09:40:10.019,422.28169671530327,100
2024-09-20 09:40:10.057,422.336934082203,10
2024-09-20 09:40:10.082,422.34942968901726,14
2024-09-20 09:40:10.131,422.3331732191252,102
2024-09-20 09:40:10.201,422.2583696233524,1002
2024-09-20 09:40:10.202,422.3057237944623,96
2024-09-20 09:40:10.207,422.2990241414164,11
2024-09-20 09:40:10.241,422.30943015163945,995
2024-09-20 09:40:10.264,422.36127565185046,996
2024-09-20 09:40:10.309,422.3346987045854,10
2024-09-20 09:40:10.321,422.3438987990775,1000
2024-09-20 09:40:10.332,422.3851687333647,996
2024-09-20 09:40:10.341,422.3220469064374,96
2024-09-20 09:40:10.410,422.3409484831609,14
2024-09-20 09:40:10.421,422.3805638773787,103
2024-09-20 09:40:10.472,422.31982388784985,1005
2024-09-20 09:40:10.557,422.3655666819628,11
2024-09-20 09:40:10.571,422.3039044465259,1001
2024-09-20 09:40:10.583,422.2996916543727,102
2024-09-20 09:40:10.749,422.2908783578391,15
2024-09-20 09:40:10.771,422.326725372924,1003
2024-09-20 09:40:10.808,422.2998567056953,97
2024-09-20 09:40:10.937,422.3046203938626,12
2024-09-20 09:40:11.701,422.2588992754184,1002
2024-09-20 09:40:11.727,422.26772456926665,95
2024-09-20 09:40:12.188,422.24602056792816,9
2024-09-20 09:40:12.192,422.2423522207024,95
2024-09-20 09:40:12.341,422.2576877654242,1000
2024-09-20 09:40:12.483,422.2467083608041,996
2024-09-20 09:40:12.636,422.27122743428106,14
2024-09-20 09:40:12.799,422.27651960264177,101
2024-09-20 09:40:12.844,422.24061046975856,1002
2024-09-20 09:40:12.858,422.2569859912638,1000
2024-09-20 09:40:12.976,422.244993309381,8
2024-09-20 09:40:13.068,422.2167525127469,102
2024-09-20 09:40:13.084,422.2605773859064,1003
2024-09-20 09:40:13.171,422.2955506561378,1004
2024-09-20 09:40:13.187,422.2241935336308,995
2024-09-20 09:40:13.229,422.2869417172501,99
2024-09-20 09:40:13.244,422.2533438930439,5
2024-09-20 09:40:13.255,422.29012710892965,10
2024-09-20 09:40:13.288,422.2778498146976,996
2024-09-20 09:40:13.301,422.234326222508,103
2024-09-20 09:40:13.336,422.2849323327213,1001
2024-09-20 09:40:13.372,422.22293230634574,97
2024-09-20 09:40:13.372,422.28279208067113,996
2024-09-20 09:40:13.474,422.2612210996769,96
2024-09-20 09:40:13.493,422.2530936588013,1004
2024-09-20 09:40:13.522,422.27467133709416,102
2024-09-20 09:40:13.605,422.23330165483776,1002
2024-09-20 09:40:13.639,422.277740336596,996
2024-09-20 09:40:13.683,422.2899277428781,105
2024-09-20 09:40:13.717,422.2782919661109,8
2024-09-20 09:40:13.834,422.2765308162288,1004
2024-09-20 09:40:13.860,422.2810320421895,95
2024-09-20 09:40:13.861,422.2882297967597,997
2024-09-20 09:40:13.874,422.277289783748,1001
2024-09-20 09:40:13.904,422.2643964294388,96
2024-09-20 09:40:13.959,422.276410567789,103
2024-09-20 09:40:14.000,422.3477742759992,103
2024-09-20 09:40:14.062,-422.3115860215754,95
2024-09-20 09:40:14.127,422.3434270683445,98
2024-09-20 09:40:14.144,422.3077225304216,12
2024-09-20 09:40:14.148,422.2718555796817,7
2024-09-20 09:40:14.156,422.30382722106646,1002
2024-09-20 09:40:14.222,422.2847344814063,998
2024-09-20 09:40:14.274,422.2985664064104,96
2024-09-20 09:40:14.299,422.3273484812311,1003
2024-09-20 09:40:14.303,422.3730163306858,12
2024-09-20 09:40:14.307,422.3700868775504,8
2024-09-20 09:40:14.343,422.34824784068167,105
2024-09-20 09:40:14.388,422.3823705531168,15
2024-09-20 09:40:14.439,422.37163847930685,98
2024-09-20 09:40:14.518,422.3059024235926,995
2024-09-20 09:40:14.604,422.3296802164589,101
2024-09-20 09:40:14.618,422.3506763954103,998
2024-09-20 09:40:14.648,422.3305334176172,1001
2024-09-20 09:40:14.657,422.3568736173547,100
2024-09-20 09:40:14.742,422.3580689939709,1005
2024-09-20 09:40:14.756,422.3669191516984,101
2024-09-20 09:40:14.788,422.35788805604494,95
2024-09-20 09:40:14.812,422.2809576466706,995
2024-09-20 09:40:14.831,422.26878105193936,5
2024-09-20 09:40:14.946,422.316066554032,6
2024-09-20 09:40:14.980,422.3599219369144,6
2024-09-20 09:40:15.096,422.3916955001605,6
2024-09-20 09:40:15.107,422.3917092791725,12
2024-09-20 09:40:15.122,422.333386928928,998
2024-09-20 09:40:15.173,422.35120266403794,15
2024-09-20 09:40:15.191,422.3808566998451,1000
2024-09-20 09:40:15.289,422.3777350902757,9
2024-09-20 09:40:15.296,422.3980657373225,96
2024-09-20 09:40:15.297,422.449481762606,999
2024-09-20 09:40:15.320,422.4038417559379,105
2024-09-20 09:40:15.442,422.4689896205502,15
2024-09-20 09:40:15.540,422.3436992130243,1004
2024-09-20 09:40:15.595,422.4425326270975,95
2024-09-20 09:40:15.598,422.4256515357128,1001
2024-09-20 09:40:15.605,422.4447289930639,996
2024-09-20 09:40:15.639,422.34151218276776,999
2024-09-20 09:40:15.808,422.35747349597386,8
2024-09-20 09:40:15.838,422.44051094202143,97
2024-09-20 09:40:15.854,422.35946353031096,97
2024-09-20 09:40:16.017,422.4519119316928,100
2024-09-20 09:40:16.054,422.45076841580897,100
2024-09-20 09:40:16.068,422.4579642989773,96
2024-09-20 09:40:16.125,422.4406026269987,95
2024-09-20 09:40:16.149,422.45753670428127,95
2024-09-20 09:40:16.182,422.4643748722343,98
2024-09-20 09:40:16.225,422.4342461540178,1001
2024-09-20 09:40:16.275,422.4850152309459,1005
2024-09-20 09:40:16.282,422.4366837965467,6
2024-09-20 09:40:16.393,422.429921729504,998
2024-09-20 09:40:16.409,422.4746422722585,10
2024-09-20 09:40:16.411,422.426982261667,5
2024-09-20 09:40:16.435,422.4542289896842,1001
2024-09-20 09:40:16.603,422.41269364893617,96
2024-09-20 09:40:16.608,422.44704742933146,1000
2024-09-20 09:40:16.694,422.4281830325029,8
2024-09-20 09:40:16.734,422.4530894221431,95
2024-09-20 09:40:16.830,422.4499848307201,1003
2024-09-20 09:40:16.890,422.4361716588448,13
2024-09-20 09:40:16.990,422.4477361835007,1003
2024-09-20 09:40:17.638,422.4272473168152,1001
2024-09-20 09:40:17.933,42.24199713408108,6
2024-09-20 09:40:18.426,422.4483614002437,10
2024-09-20 09:40:18.493,422.4718930714591,996
2024-09-20 09:40:18.501,422.4300703698469,996
2024-09-20 09:40:18.510,422.476739903988,7
2024-09-20 09:40:18.539,422.4454903820666,1004
2024-09-20 09:40:18.681,422.43427157785015,102
2024-09-20 09:40:18.919,422.42676992045335,1002
2024-09-20 09:40:18.922,422.463446731646,102
2024-09-20 09:40:19.002,422.4661276214391,6
2024-09-20 09:40:19.129,422.4601339827616,12
2024-09-20 09:40:19.225,422.4764478807213,102
2024-09-20 09:40:19.472,422.4657271971342,10
2024-09-20 09:40:19.678,422.4557266508304,100
2024-09-20 09:40:19.953,422.4580843652103,97
2024-09-20 09:40:20.046,422.4539133248291,11
2024-09-20 09:40:20.175,422.4718374580124,997
2024-09-20 09:40:20.184,42.25321753645419,1003
2024-09-20 09:40:20.365,,100
2024-09-20 09:40:20.398,422.50056909281375,12
2024-09-20 09:40:20.560,422.5215490003412,97
2024-09-20 09:40:20.652,422.5233379844482,103
2024-09-20 09:40:20.662,-422.4616185873604,100
2024-09-20 09:40:20.664,422.4599705492664,995
2024-09-20 09:40:20.696,422.521462845014,1004
2024-09-20 09:40:20.708,422.5083157043271,1005
2024-09-20 09:40:20.757,422.48736374170574,99
2024-09-20 09:40:20.780,422.5161529858081,7
2024-09-20 09:40:20.900,422.5023495437109,1001
2024-09-20 09:40:20.941,422.5014172831442,1002
2024-09-20 09:40:21.035,422.5027357372695,995
2024-09-20 09:40:21.049,422.5490295580379,1005
2024-09-20 09:40:21.122,422.5063448244006,98
2024-09-20 09:40:21.139,422.4988687669485,99
2024-09-20 09:40:21.204,422.5305684712509,8
2024-09-20 09:40:21.303,422.56279193131815,11
2024-09-20 09:40:21.308,422.5181032348045,10
2024-09-20 09:40:21.314,422.48720797364433,104
2024-09-20 09:40:21.469,422.5599526838224,1002
2024-09-20 09:40:21.555,422.515104098748,1001
2024-09-20 09:40:21.562,422.5317203958922,6
2024-09-20 09:40:21.615,422.4927958115469,997
2024-09-20 09:40:21.655,422.4994824361078,6
2024-09-20 09:40:21.701,422.5193771144579,13
2024-09-20 09:40:21.727,422.5339477429815,13
2024-09-20 09:40:21.762,422.5569610020379,995
2024-09-20 09:40:21.833,422.53179032538736,8
2024-09-20 09:40:21.942,422.50958083685896,13
2024-09-20 09:40:22.037,422.6251406130184,998
2024-09-20 09:40:22.075,422.59519020092057,6
2024-09-20 09:40:22.082,422.6329624913921,999
2024-09-20 09:40:22.109,422.6398398514533,99
2024-09-20 09:40:22.125,42.26304413702327,11
2024-09-20 09:40:22.135,422.5964859954495,96
2024-09-20 09:40:22.155,422.6152457118722,7
2024-09-20 09:40:22.162,422.6217417253497,1003
2024-09-20 09:40:22.173,-422.5722156964694,8
2024-09-20 09:40:22.228,422.6154693806189,5
2024-09-20 09:40:22.242,422.6200870715348,10
2024-09-20 09:40:22.254,422.6251052900081,96
2024-09-20 09:40:22.556,422.6302704948092,997
2024-09-20 09:40:22.726,422.6268620634527,1000
2024-09-20 09:40:22.793,422.5987777496549,97
2024-09-20 09:40:22.863,422.6132377966431,1002
2024-09-20 09:40:22.880,422.6010203440346,10
2024-09-20 09:40:22.891,422.6259448962993,1001
2024-09-20 09:40:22.969,422.57837758410784,995
2024-09-20 09:40:22.997,422.6130345046398,96
2024-09-20 09:40:24.013,422.7426121605353,995
2024-09-20 09:40:24.025,422.6481077926141,104
2024-09-20 09:40:24.034,422.65421797678056,102
2024-09-20 09:40:24.178,422.6948430624924,11
2024-09-20 09:40:24.254,422.7145070269593,11
2024-09-20 09:40:24.264,422.6318365550053,1002
2024-09-20 09:40:24.335,422.7163511970344,1005
2024-09-20 09:40:24.435,422.6603276173909,997
2024-09-20 09:40:24.469,422.758134182914,100
2024-09-20 09:40:24.485,422.71408189055927,998
2024-09-20 09:40:24.495,422.73320336786935,13
2024-09-20 09:40:24.517,422.74932689757617,96
2024-09-20 09:40:24.544,422.63267740011753,105
2024-09-20 09:40:24.593,422.61899703047726,99
2024-09-20 09:40:24.661,422.7257922789442,8
2024-09-20 09:40:24.690,422.7198377617568,1005
2024-09-20 09:40:24.716,422.6477307087217,998
2024-09-20 09:40:24.736,422.74196411830366,95
2024-09-20 09:40:24.809,422.7420266826575,11
2024-09-20 09:40:24.820,422.6494430929004,998
2024-09-20 09:40:24.825,422.6495130333276,1000
2024-09-20 09:40:24.855,422.632776688389,97
2024-09-20 09:40:24.869,422.67258430332015,12
2024-09-20 09:40:24.993,422.71634360952856,1005
2024-09-20 09:40:25.024,422.78728360308935,5
2024-09-20 09:40:25.052,422.7849547167393,101
2024-09-20 09:40:25.111,422.7654385878511,996
2024-09-20 09:40:25.153,422.7667163180036,14
2024-09-20 09:40:25.163,422.755068637421,100
2024-09-20 09:40:25.173,422.7428159064714,99
2024-09-20 09:40:25.182,422.7564353017362,1004
2024-09-20 09:40:25.259,422.8186764655825,1004
2024-09-20 09:40:25.264,422.7604947843325,104
2024-09-20 09:40:25.276,422.77894601912857,10
2024-09-20 09:40:25.287,422.7473546069506,98
2024-09-20 09:40:25.349,422.7853047445751,100
2024-09-20 09:40:25.379,422.76473820912935,7
2024-09-20 09:40:25.401,422.8133181681893,101
2024-09-20 09:40:25.427,422.78250028409184,100
2024-09-20 09:40:25.500,422.76241557914886,999
2024-09-20 09:40:25.546,422.8027614282237,12
2024-09-20 09:40:25.638,-422.8286178102955,103
2024-09-20 09:40:25.675,422.8054454052533,11
2024-09-20 09:40:25.690,422.8020310180097,997
2024-09-20 09:40:25.695,422.7894375091993,999
2024-09-20 09:40:25.713,422.7769407971915,98
2024-09-20 09:40:25.720,422.83016051302224,96
2024-09-20 09:40:25.772,422.76546202656056,104
2024-09-20 09:40:25.811,422.7805749515378,14
2024-09-20 09:40:25.827,422.7778436836285,15
2024-09-20 09:40:25.859,422.7912996925538,1001
2024-09-20 09:40:25.870,422.8180328524904,1000
2024-09-20 09:40:25.916,422.7669492010324,101
2024-09-20 09:40:26.052,422.7913795840544,102
2024-09-20 09:40:26.074,422.8111250552508,102
2024-09-20 09:40:26.132,,96
2024-09-20 09:40:26.188,422.7808905431347,105
2024-09-20 09:40:26.200,422.7777184219231,10
2024-09-20 09:40:26.269,422.8013469082001,96
2024-09-20 09:40:26.350,422.7888313357509,1005
2024-09-20 09:40:26.390,422.80804234489307,7
2024-09-20 09:40:26.416,422.8308389949103,998
2024-09-20 09:40:26.525,422.794948206542,98
2024-09-20 09:40:26.614,422.7999162998595,999
2024-09-20 09:40:26.744,422.7999135595108,15
2024-09-20 09:40:26.844,422.83872379015776,14
2024-09-20 09:40:26.976,422.7964909703184,996
2024-09-20 09:40:27.058,422.7790041223835,1000
2024-09-20 09:40:28.089,422.74863250527136,12
2024-09-20 09:40:28.138,422.7371582647764,1005
2024-09-20 09:40:28.139,422.75077479241145,8
2024-09-20 09:40:28.145,422.7564969745492,15
2024-09-20 09:40:28.209,422.7499956188808,9
2024-09-20 09:40:28.280,422.751211200385,99
2024-09-20 09:40:28.455,422.7185198772204,10
2024-09-20 09:40:28.476,422.7876929123338,102
2024-09-20 09:40:28.593,422.72368657477045,102
2024-09-20 09:40:28.597,,999
2024-09-20 09:40:28.633,422.73872259182,999
2024-09-20 09:40:28.670,422.7702123825249,1003
2024-09-20 09:40:28.739,-422.7833331322457,5
2024-09-20 09:40:28.748,422.7275776709618,1002
2024-09-20 09:40:28.855,422.7920032405185,1002
2024-09-20 09:40:29.073,422.7708274423026,101
2024-09-20 09:40:29.196,422.7532202652829,15
2024-09-20 09:40:29.338,-422.7252235875434,15
2024-09-20 09:40:29.420,422.7328019779808,7
2024-09-20 09:40:29.519,422.76009478176354,9
2024-09-20 09:40:29.661,422.75347124294393,6
2024-09-20 09:40:30.044,422.7553118407076,1002
2024-09-20 09:40:30.088,422.7583275829468,1005
2024-09-20 09:40:30.126,422.76778613650646,996
2024-09-20 09:40:30.144,422.7560877699565,101
2024-09-20 09:40:30.189,422.7836487399755,998
2024-09-20 09:40:30.227,422.7558118834977,1005
2024-09-20 09:40:30.240,422.7503350229107,11
2024-09-20 09:40:30.318,422.7704877841342,7
2024-09-20 09:40:30.615,422.76354406439305,99
2024-09-20 09:40:30.640,422.747264123527,14
2024-09-20 09:40:30.885,422.7798023749179,14
2024-09-20 09:40:30.914,422.75165930309504,95
2024-09-20 09:40:30.980,422.7540040650852,998
2024-09-20 09:40:31.002,422.7775793616685,98
2024-09-20 09:40:31.078,422.78692171297337,1002
2024-09-20 09:40:31.117,422.7672708767072,1004
2024-09-20 09:40:31.126,422.7860604871048,13
2024-09-20 09:40:31.190,422.7799923297597,9
2024-09-20 09:40:31.216,422.78418403162925,10
2024-09-20 09:40:31.247,42.2738621437674,100
2024-09-20 09:40:31.312,422.7742903075661,101
2024-09-20 09:40:31.319,422.7491558197599,98
2024-09-20 09:40:31.459,422.763235790496,1001
2024-09-20 09:40:31.548,422.7596580049523,102
2024-09-20 09:40:31.556,422.759405717784,96
2024-09-20 09:40:31.571,422.7663246666039,101
2024-09-20 09:40:31.601,422.79834755636927,1004
2024-09-20 09:40:31.744,422.7586325192606,101
2024-09-20 09:40:31.746,422.7576285703157,1002
2024-09-20 09:40:31.766,422.7404966095745,102
2024-09-20 09:40:31.817,422.7284836752023,95
2024-09-20 09:40:31.841,422.7672500526465,999
2024-09-20 09:40:31.942,422.78365726559696,7
2024-09-20 09:40:31.986,422.7715892252898,1003
2024-09-20 09:40:31.996,,13
2024-09-20 09:40:32.856,422.76629722680906,1002
2024-09-20 09:40:33.009,422.7722954739728,6
2024-09-20 09:40:33.147,422.783130332888,999
2024-09-20 09:40:33.176,422.7998048455574,995
2024-09-20 09:40:33.187,422.7915284102132,10
2024-09-20 09:40:33.225,422.7760430756992,13
2024-09-20 09:40:33.299,422.8421671236448,98
2024-09-20 09:40:33.317,422.8077326438844,12
2024-09-20 09:40:33.340,422.8384788232996,997
2024-09-20 09:40:33.357,422.8429228543289,1001
2024-09-20 09:40:33.357,422.7790335404847,99
2024-09-20 09:40:33.385,422.7896796969603,101
2024-09-20 09:40:33.469,422.7928344780422,1000
2024-09-20 09:40:33.519,422.8075960920694,98
2024-09-20 09:40:33.542,422.8156232135493,97
2024-09-20 09:40:33.594,422.8198257307701,999
2024-09-20 09:40:33.641,422.764151096155,1001
2024-09-20 09:40:33.783,422.77775547022816,9
2024-09-20 09:40:33.811,422.7706370170175,101
2024-09-20 09:40:33.845,422.8502895400992,102
2024-09-20 09:40:33.869,422.7722375532962,15
2024-09-20 09:40:33.891,422.8176308680521,11
2024-09-20 09:40:33.943,422.8110734497073,103
2024-09-20 09:40:33.950,422.8158312399486,14
2024-09-20 09:40:34.065,422.8309107484544,11
2024-09-20 09:40:34.169,422.8391491928279,5
2024-09-20 09:40:34.208,422.8238652659989,11
2024-09-20 09:40:34.256,422.8000380129954,14
2024-09-20 09:40:34.262,422.8223478329021,995
2024-09-20 09:40:34.355,422.8191359635235,9
2024-09-20 09:40:34.422,422.82867617168097,5
2024-09-20 09:40:34.425,422.8309936664714,995
2024-09-20 09:40:34.448,422.84775519451705,98
2024-09-20 09:40:34.487,422.7814466031906,98
2024-09-20 09:40:34.495,422.8129566963222,15
2024-09-20 09:40:34.514,422.84891510035607,95
2024-09-20 09:40:34.524,422.7824815731641,7
2024-09-20 09:40:34.528,422.8386690412167,14
2024-09-20 09:40:34.528,422.8252597493369,1003
2024-09-20 09:40:34.544,422.7998421801869,98
2024-09-20 09:40:34.625,,100
2024-09-20 09:40:34.735,422.8433558770414,101
2024-09-20 09:40:34.771,422.8275622221026,9
2024-09-20 09:40:34.773,422.8279738928686,7
2024-09-20 09:40:34.779,422.8071071618325,100
2024-09-20 09:40:34.820,422.8211758616624,1003
2024-09-20 09:40:34.829,422.8132838589094,102
2024-09-20 09:40:34.853,422.8113617176649,95
2024-09-20 09:40:34.872,422.8046561280724,996
2024-09-20 09:40:34.877,42.28253601603407,13
2024-09-20 09:40:34.905,422.79915720949015,8
2024-09-20 09:40:34.910,42.2815052953939,10
2024-09-20 09:40:34.961,422.8228074204401,1002
2024-09-20 09:40:35.017,422.6963093996407,13
2024-09-20 09:40:35.023,422.6849296358471,7
2024-09-20 09:40:35.050,422.6857404743562,995
2024-09-20 09:40:35.064,422.76427002206674,998
2024-09-20 09:40:35.122,422.6845336192464,14
2024-09-20 09:40:35.147,422.6875705035566,96
2024-09-20 09:40:35.223,422.7014138014808,98
2024-09-20 09:40:35.271,422.79349902880006,98
2024-09-20 09:40:35.288,422.6776583168353,9
2024-09-20 09:40:35.366,422.70317704388685,103
2024-09-20 09:40:35.392,422.7124725634577,100
2024-09-20 09:40:35.473,422.7778774683765,11
2024-09-20 09:40:35.478,422.72617379965885,1002
2024-09-20 09:40:35.500,422.73118435045615,5
2024-09-20 09:40:35.539,422.6985292954885,12
2024-09-20 09:40:35.680,422.7113878791577,105
2024-09-20 09:40:35.750,422.7983057044824,1005
2024-09-20 09:40:35.773,422.6749151880345,100
2024-09-20 09:40:35.788,422.7064789417788,97
2024-09-20 09:40:35.795,422.7466005682438,7
2024-09-20 09:40:35.845,422.71296600631456,101
2024-09-20 09:40:35.880,422.71018730826216,101
2024-09-20 09:40:35.886,422.72646570634936,1000
2024-09-20 09:40:36.174,422.6701846090261,15
2024-09-20 09:40:36.212,422.6994141176367,998
2024-09-20 09:40:36.240,422.6912524746728,1005
2024-09-20 09:40:36.257,422.6909072755004,5
2024-09-20 09:40:36.258,422.6935576068845,11
2024-09-20 09:40:36.261,422.6943735517866,5
2024-09-20 09:40:36.263,422.7331327953112,101
2024-09-20 09:40:36.336,422.7029320203226,103
2024-09-20 09:40:36.353,422.7036755308526,999
2024-09-20 09:40:36.374,422.6889475985142,8
2024-09-20 09:40:36.423,422.6995029829556,10
2024-09-20 09:40:36.486,422.72928072237687,15
2024-09-20 09:40:36.487,422.69424849717336,97
2024-09-20 09:40:36.488,422.7085276804832,14
2024-09-20 09:40:36.498,422.7337780038513,103
2024-09-20 09:40:36.516,422.7019993627611,13
2024-09-20 09:40:36.582,42.26979261632088,997
2024-09-20 09:40:36.694,422.69715519402,999
2024-09-20 09:40:36.713,422.68966217315176,9
2024-09-20 09:40:36.739,422.6919771613306,104
2024-09-20 09:40:36.822,422.6915112738789,1003
2024-09-20 09:40:36.833,422.7047943419278,14
2024-09-20 09:40:36.841,422.66567844384247,14
2024-09-20 09:40:36.998,422.6764250025937,97
2024-09-20 09:40:37.011,422.6751721888497,1005
2024-09-20 09:40:37.122,422.67050727427903,103
2024-09-20 09:40:37.154,422.6593902693873,103
2024-09-20 09:40:37.193,422.6661262132951,104
2024-09-20 09:40:37.233,422.67947215246,99
2024-09-20 09:40:37.274,,98
2024-09-20 09:40:37.286,422.6979216851763,9
2024-09-20 09:40:37.443,422.6638591100311,1001
2024-09-20 09:40:37.509,422.7007477802936,100
2024-09-20 09:40:37.570,422.69285456008186,7
2024-09-20 09:40:37.657,422.7127498444574,103
2024-09-20 09:40:37.721,422.680192584452,98
2024-09-20 09:40:37.733,422.7086122351562,995
2024-09-20 09:40:37.792,422.6977167203411,98
2024-09-20 09:40:37.865,422.6544497871371,7
2024-09-20 09:40:37.879,422.6941658665989,13
2024-09-20 09:40:37.898,422.6713343018063,8
2024-09-20 09:40:39.160,422.6965332913784,995
2024-09-20 09:40:39.283,422.7414501159128,12
2024-09-20 09:40:39.325,422.686770581563,102
2024-09-20 09:40:39.372,422.6982818026278,101
2024-09-20 09:40:39.423,422.6908148742916,15
2024-09-20 09:40:39.440,422.7326592646363,15
2024-09-20 09:40:39.465,422.7063613975147,102
2024-09-20 09:40:39.575,422.6882874598567,7
2024-09-20 09:40:39.636,422.72568564268215,15
2024-09-20 09:40:39.670,422.701616103504,12
2024-09-20 09:40:39.671,422.6845239968437,999
2024-09-20 09:40:39.768,422.7259333213232,102
2024-09-20 09:40:39.781,422.741910480961,103
2024-09-20 09:40:39.948,422.7024052605296,5
2024-09-20 09:40:39.955,422.6994390734724,7
2024-09-20 09:40:40.001,422.73752545706594,105
2024-09-20 09:40:40.206,422.7457608504876,11
2024-09-20 09:40:40.665,422.759313086205,995
2024-09-20 09:40:40.685,422.7359960995502,99
2024-09-20 09:40:40.722,422.76488560531294,9
2024-09-20 09:40:40.756,422.7479779079075,105
2024-09-20 09:40:40.899,422.71725464724136,95
2024-09-20 09:40:40.975,422.7557236851849,8
2024-09-20 09:40:41.036,422.6641745550722,1005
2024-09-20 09:40:41.053,422.70976900586896,998
2024-09-20 09:40:41.061,422.7308468554624,995
2024-09-20 09:40:41.066,422.7239575879009,999
2024-09-20 09:40:41.075,422.72235791635006,97
2024-09-20 09:40:41.088,422.67521658432617,997
2024-09-20 09:40:41.114,422.6690399442903,999
2024-09-20 09:40:41.146,422.6926644739828,100
2024-09-20 09:40:41.151,422.72835652361806,5
2024-09-20 09:40:41.152,422.708517012296,104
2024-09-20 09:40:41.237,422.7504072120842,1001
2024-09-20 09:40:41.248,422.70795083674034,996
2024-09-20 09:40:41.248,422.6735414580025,996
2024-09-20 09:40:41.361,422.7342400050904,103
2024-09-20 09:40:41.498,422.693437032899,105
2024-09-20 09:40:41.509,422.7141732640407,1004
2024-09-20 09:40:41.548,422.7294774694072,105
2024-09-20 09:40:41.559,-422.6735498185164,97
2024-09-20 09:40:41.590,422.6551145755489,1002
2024-09-20 09:40:41.636,422.7332647195405,100
2024-09-20 09:40:41.663,422.6578532916871,7
2024-09-20 09:40:41.729,422.67577788638647,100
2024-09-20 09:40:41.741,422.6659091223369,1004
2024-09-20 09:40:41.774,,13
2024-09-20 09:40:41.811,422.6766845002143,8
2024-09-20 09:40:41.888,422.70437142755287,99
2024-09-20 09:40:41.920,422.6786463974147,9
2024-09-20 09:40:41.921,422.65967006414,998
2024-09-20 09:40:41.977,422.6874193882205,9
2024-09-20 09:40:42.699,-422.6853511430876,15
2024-09-20 09:40:42.805,422.657347262757,995
2024-09-20 09:40:43.022,422.7062557407413,998
2024-09-20 09:40:43.032,422.72254154706974,9
2024-09-20 09:40:43.083,422.6896406769095,103
2024-09-20 09:40:43.148,422.7336815827187,1005
2024-09-20 09:40:43.182,422.69897802874334,995
2024-09-20 09:40:43.191,422.7142452992242,15
2024-09-20 09:40:43.233,422.7281285239285,105
2024-09-20 09:40:43.244,422.7290484566119,1000
2024-09-20 09:40:43.278,422.6992521637848,101
2024-09-20 09:40:43.285,422.6957410733272,101
2024-09-20 09:40:43.432,422.6987384760197,999
2024-09-20 09:40:43.435,422.7150703891402,11
2024-09-20 09:40:43.442,422.7172324995946,101
2024-09-20 09:40:43.444,422.7090003142137,8
2024-09-20 09:40:43.516,422.7132282096149,98
2024-09-20 09:40:43.551,422.6902443905086,7
2024-09-20 09:40:43.593,422.7116865264008,102
2024-09-20 09:40:43.601,-422.6758639428406,1002
2024-09-20 09:40:43.693,422.724333753528,5
2024-09-20 09:40:43.741,422.7003871423843,102
2024-09-20 09:40:43.767,422.70491410158144,13
2024-09-20 09:40:43.805,422.72387996762194,996
2024-09-20 09:40:43.807,422.7023450502594,101
2024-09-20 09:40:43.883,422.68446561153576,6
2024-09-20 09:40:43.970,,102
2024-09-20 09:40:44.080,422.71982570147935,996
2024-09-20 09:40:44.099,422.76613963285695,97
2024-09-20 09:40:44.206,422.7256159363506,1002
2024-09-20 09:40:44.322,422.7382083483317,100
2024-09-20 09:40:44.407,422.6954749121916,15
2024-09-20 09:40:44.513,422.6964377111747,999
2024-09-20 09:40:44.527,422.7417031272382,997
2024-09-20 09:40:44.582,422.7078531781586,998
2024-09-20 09:40:44.607,422.72081440415855,101
2024-09-20 09:40:44.740,422.7213232279707,101
2024-09-20 09:40:44.790,422.7231772996693,14
2024-09-20 09:40:44.808,422.71840434896336,1001
2024-09-20 09:40:45.104,422.79507390018375,99
2024-09-20 09:40:45.119,422.7939755321749,102
2024-09-20 09:40:45.178,422.7924005290951,9
2024-09-20 09:40:45.185,422.82209177691794,998
2024-09-20 09:40:45.198,422.8342961965848,13
2024-09-20 09:40:45.340,422.8110243715197,12
2024-09-20 09:40:45.349,422.7882252902973,15
2024-09-20 09:40:45.354,422.8607520576484,11
2024-09-20 09:40:45.378,422.8094063405118,101
2024-09-20 09:40:45.417,422.82168158534296,999
2024-09-20 09:40:45.446,422.7910441365229,998
2024-09-20 09:40:45.510,422.8379793362616,103
2024-09-20 09:40:45.531,422.83172356007896,1005
2024-09-20 09:40:45.632,422.7904432892487,997
2024-09-20 09:40:45.639,422.83223630009405,998
2024-09-20 09:40:45.688,422.8493171295602,1000
2024-09-20 09:40:45.716,422.8305937991595,997
2024-09-20 09:40:45.734,422.8287763513686,101
2024-09-20 09:40:45.747,422.8128097276808,1002
2024-09-20 09:40:45.780,422.8416685770271,105
2024-09-20 09:40:45.793,422.8394198197769,15
2024-09-20 09:40:45.831,422.83871878494045,5
2024-09-20 09:40:45.858,422.82536943780593,6
2024-09-20 09:40:45.863,422.82733876905,1000
2024-09-20 09:40:45.875,422.84924525306553,1000
2024-09-20 09:40:45.892,422.8209034670705,999
2024-09-20 09:40:45.959,422.8276893744529,100
2024-09-20 09:40:45.988,422.8025099574185,1001
2024-09-20 09:40:46.280,422.83255200729934,15
2024-09-20 09:40:47.080,422.8176201527321,1000
2024-09-20 09:40:47.084,422.80870728133954,9
2024-09-20 09:40:47.109,422.8470974298708,96
2024-09-20 09:40:47.120,422.838352011286,5
2024-09-20 09:40:47.122,422.8469500455009,5
2024-09-20 09:40:47.205,422.8275372253305,5
2024-09-20 09:40:47.307,422.8242646503159,995
2024-09-20 09:40:47.323,422.8126097756245,998
2024-09-20 09:40:47.331,422.8128258153458,996
2024-09-20 09:40:47.401,422.83026400585067,1001
2024-09-20 09:40:47.408,422.8388144722687,12
2024-09-20 09:40:47.426,422.8180037973748,1002
2024-09-20 09:40:47.566,422.8337990993063,998
2024-09-20 09:40:47.587,422.8202611990736,999
2024-09-20 09:40:47.591,422.81788615784217,103
2024-09-20 09:40:47.604,422.8038646202707,997
2024-09-20 09:40:47.693,422.8259690516232,99
2024-09-20 09:40:47.738,422.8473624427958,995
2024-09-20 09:40:47.814,422.8424485223201,104
2024-09-20 09:40:47.826,422.80320783654753,10
2024-09-20 09:40:47.827,422.8457273414535,99
2024-09-20 09:40:47.858,422.8507665032771,105
2024-09-20 09:40:47.900,422.85351313790414,98
2024-09-20 09:40:47.996,422.83105269129527,104
2024-09-20 09:40:47.999,422.8431793475988,8
2024-09-20 09:40:48.069,422.8867746321236,5
2024-09-20 09:40:48.097,422.9144261078927,100
2024-09-20 09:40:48.105,422.8798544487936,1001
2024-09-20 09:40:48.198,422.9232876106484,999
2024-09-20 09:40:48.262,422.9282614002713,1003
2024-09-20 09:40:48.331,422.8814910482899,15
2024-09-20 09:40:48.346,422.8538288954269,96
2024-09-20 09:40:48.371,422.8780324116682,1002
2024-09-20 09:40:48.380,422.86582617549607,15
2024-09-20 09:40:48.522,422.8528256756545,96
2024-09-20 09:40:48.558,422.91516267267593,97
2024-09-20 09:40:48.594,422.8755466064387,7
2024-09-20 09:40:48.670,422.93044321536905,8
2024-09-20 09:40:48.738,422.9008776257753,10
2024-09-20 09:40:48.791,422.8910231501499,97
2024-09-20 09:40:48.908,422.931167368745,7
2024-09-20 09:40:48.934,422.9242812549276,8
2024-09-20 09:40:49.130,422.9306954733114,997
2024-09-20 09:40:50.115,422.9324965063151,995
2024-09-20 09:40:50.144,-422.9388897370844,8
2024-09-20 09:40:50.229,423.0025196246162,99
2024-09-20 09:40:50.540,422.933718124048,103
2024-09-20 09:40:50.639,422.9806844569619,102
2024-09-20 09:40:50.833,422.928823720977,99
2024-09-20 09:40:50.976,422.9647399127301,1005
2024-09-20 09:40:51.683,423.0271614817904,101
2024-09-20 09:40:51.692,423.0117370037934,999
2024-09-20 09:40:52.199,423.0006346676933,100
2024-09-20 09:40:52.240,422.9552458391349,998
2024-09-20 09:40:52.369,422.9868394721678,97
2024-09-20 09:40:52.479,422.9951930399566,997
2024-09-20 09:40:52.482,423.0249188223933,12
2024-09-20 09:40:52.487,422.96509210588914,95
2024-09-20 09:40:52.506,422.983577124612,105
2024-09-20 09:40:52.602,423.012395485937,99
2024-09-20 09:40:52.683,422.9982095233563,998
2024-09-20 09:40:52.699,422.97197339901976,7
2024-09-20 09:40:52.759,422.9948800989864,101
2024-09-20 09:40:52.901,423.0341195080965,104
2024-09-20 09:40:52.903,423.00200545798526,96
2024-09-20 09:40:52.962,423.0152944493553,9
2024-09-20 09:40:52.966,422.9941708165261,95
2024-09-20 09:40:52.975,422.9731368608987,103
2024-09-20 09:40:53.017,422.9427052942325,5
2024-09-20 09:40:53.029,422.9572401486734,9
2024-09-20 09:40:53.071,422.954701943361,10
2024-09-20 09:40:53.077,422.97457069072897,96
2024-09-20 09:40:53.118,422.963676527794,104
2024-09-20 09:40:53.144,422.9445263161844,103
2024-09-20 09:40:53.157,422.9493290073406,10
2024-09-20 09:40:53.173,422.9678173204587,10
2024-09-20 09:40:53.173,422.9558226705461,10
2024-09-20 09:40:53.211,422.9802325463271,11
2024-09-20 09:40:53.226,422.95488469941216,96
2024-09-20 09:40:53.256,422.9296956072124,10
2024-09-20 09:40:53.365,422.9994005717144,1004
2024-09-20 09:40:53.463,422.9685418731565,13
2024-09-20 09:40:53.605,422.9610764794049,1004
2024-09-20 09:40:53.627,422.9656012664823,6
2024-09-20 09:40:53.643,422.9644979442018,997
2024-09-20 09:40:53.659,422.94293920531993,7
2024-09-20 09:40:53.687,422.9816720623817,11
2024-09-20 09:40:53.822,422.9485746082654,103
2024-09-20 09:40:53.857,422.9427053030272,15
2024-09-20 09:40:53.883,422.94950064515353,11
2024-09-20 09:40:53.918,422.95843468925966,95
2024-09-20 09:40:54.783,423.0183671616296,95
2024-09-20 09:40:55.119,423.0351503784811,997
2024-09-20 09:40:55.317,423.0366093574629,98
2024-09-20 09:40:55.464,423.03600518049296,105
2024-09-20 09:40:55.621,423.0245022883229,997
2024-09-20 09:40:55.699,423.02006610280887,11
2024-09-20 09:40:56.008,422.9954532527488,96
2024-09-20 09:40:56.343,422.9993650051972,5
2024-09-20 09:40:56.463,422.97617163542367,1004
2024-09-20 09:40:56.816,423.03507346492063,105
2024-09-20 09:40:56.892,422.9879871991458,15
2024-09-20 09:40:56.941,422.9928046158767,1003
2024-09-20 09:40:56.994,423.01605950403774,97
2024-09-20 09:40:57.037,422.95785003636666,97
2024-09-20 09:40:57.101,422.96116635760376,96
2024-09-20 09:40:57.188,422.9970126823282,97
2024-09-20 09:40:57.198,422.9957117350429,10
2024-09-20 09:40:57.241,422.979232799635,104
2024-09-20 09:40:57.243,422.96782590300415,13
2024-09-20 09:40:57.297,-422.9742549943066,1000
2024-09-20 09:40:57.322,422.9865526111643,105
2024-09-20 09:40:57.333,,1005
2024-09-20 09:40:57.341,422.995794621901,103
2024-09-20 09:40:57.346,-422.9632175288284,998
2024-09-20 09:40:57.351,423.021681909392,102
2024-09-20 09:40:57.536,422.9627052938153,997
2024-09-20 09:40:57.562,422.9840710500378,1000
2024-09-20 09:40:57.694,422.9385040997353,999
2024-09-20 09:40:57.705,423.02352116986737,104
2024-09-20 09:40:57.706,422.941772141223,99
2024-09-20 09:40:57.757,422.9547602351242,98
2024-09-20 09:40:57.759,422.9828084320581,98
2024-09-20 09:40:57.835,423.00195672693536,12
2024-09-20 09:40:57.855,422.9860142042912,101
2024-09-20 09:40:57.898,422.9689578748541,1004
2024-09-20 09:40:57.922,-42.299403977749904,10
2024-09-20 09:40:57.953,422.95809705069496,98
2024-09-20 09:40:57.972,422.9847930098382,101
2024-09-20 09:40:58.045,423.0043112093277,1003
2024-09-20 09:40:58.097,-423.0352862907045,1003
2024-09-20 09:40:58.117,423.0356936199655,997
2024-09-20 09:40:58.147,423.0241896755381,100
2024-09-20 09:40:58.183,422.9926217110556,9
2024-09-20 09:40:58.194,423.0060769589508,6
2024-09-20 09:40:58.209,422.9892630146672,105
2024-09-20 09:40:58.221,423.03137168188175,995
2024-09-20 09:40:58.372,422.99471897989713,99
2024-09-20 09:40:58.391,422.992867303869,8
2024-09-20 09:40:58.435,423.0092367938677,1002
2024-09-20 09:40:58.524,423.0324163604657,104
2024-09-20 09:40:58.566,423.047856673563,7
2024-09-20 09:40:58.578,423.0383348219334,96
2024-09-20 09:40:58.605,423.015788074176,1003
2024-09-20 09:40:58.663,423.0474474829642,102
2024-09-20 09:40:58.690,423.0196133220336,8
2024-09-20 09:40:58.712,423.0381035961446,96
2024-09-20 09:40:58.712,423.0514540157737,1005
2024-09-20 09:40:58.738,423.0048179914564,11
2024-09-20 09:40:58.796,423.04554313182535,103
2024-09-20 09:40:58.810,423.0580464253773,11
2024-09-20 09:40:58.900,423.0301366211235,8
2024-09-20 09:40:58.985,423.03874281732897,10
2024-09-20 09:40:59.053,423.0542963734184,99
2024-09-20 09:40:59.279,423.0648010490273,999
2024-09-20 09:40:59.312,423.0826200549621,9
2024-09-20 09:40:59.313,423.0848845107329,998
2024-09-20 09:40:59.347,-423.0681917115709,11
2024-09-20 09:40:59.480,423.0799561714186,1001
2024-09-20 09:40:59.490,423.07578869064696,8
2024-09-20 09:40:59.498,423.0486160891382,14
2024-09-20 09:40:59.517,423.046907761867,7
2024-09-20 09:40:59.604,423.0253571085103,11
2024-09-20 09:40:59.682,423.042911252724,103
2024-09-20 09:40:59.735,-423.0813982087093,997
2024-09-20 09:40:59.757,423.0763957583287,97
2024-09-20 09:40:59.762,423.0348018814636,998
2024-09-20 09:40:59.767,423.0417916998575,98
2024-09-20 09:40:59.819,423.0301196701241,99
