Timestamp,Price,Size
2024-09-18 09:53:00.068,407.24314430370544,98
2024-09-18 09:53:00.114,407.2185531797408,8
2024-09-18 09:53:00.325,407.262135984207,13
2024-09-18 09:53:00.511,407.2280756464645,101
2024-09-18 09:53:00.628,407.2074119571746,5
2024-09-18 09:53:00.695,407.2225545808599,98
2024-09-18 09:53:00.809,407.212832573069,95
2024-09-18 09:53:00.877,407.2375932454355,102
2024-09-18 09:53:01.501,407.25220277552967,1005
2024-09-18 09:53:01.844,40.727471431528365,96
2024-09-18 09:53:02.089,407.2724203470304,999
2024-09-18 09:53:02.367,407.2772931737636,104
2024-09-18 09:53:02.423,407.2742869314175,995
2024-09-18 09:53:02.648,407.29429870831297,1004
2024-09-18 09:53:02.658,407.2543157562852,12
2024-09-18 09:53:02.718,407.27510199381015,10
2024-09-18 09:53:02.738,407.30481509630926,6
2024-09-18 09:53:02.856,407.27704892795225,12
2024-09-18 09:53:02.887,407.2779241189771,995
2024-09-18 09:53:03.088,407.2552431002978,996
2024-09-18 09:53:03.178,407.2471117253416,8
2024-09-18 09:53:03.221,407.265644418229,8
2024-09-18 09:53:03.239,407.2805635821288,1002
2024-09-18 09:53:03.311,407.2554177201266,8
2024-09-18 09:53:03.328,407.23117922882113,1002
2024-09-18 09:53:03.366,407.23025525333816,998
2024-09-18 09:53:03.518,407.23401420052153,1003
2024-09-18 09:53:03.569,407.2832800267138,5
2024-09-18 09:53:03.611,407.276660749848,1000
2024-09-18 09:53:03.695,407.2455535584471,101
2024-09-18 09:53:03.797,407.26897247536726,14
2024-09-18 09:53:03.875,407.2518577014208,11
2024-09-18 09:53:03.949,407.2550238532045,12
2024-09-18 09:53:04.051,,10
2024-09-18 09:53:04.070,407.2460141350096,995
2024-09-18 09:53:04.192,407.217409985814,97
2024-09-18 09:53:04.223,407.2543346252895,14
2024-09-18 09:53:04.242,407.21626487263154,997
2024-09-18 09:53:04.242,407.2047099843085,98
2024-09-18 09:53:04.252,407.2235837279475,95
2024-09-18 09:53:04.264,407.2655635456989,5
2024-09-18 09:53:04.265,407.2250767999954,98
2024-09-18 09:53:04.341,407.2166817499541,8
2024-09-18 09:53:04.379,407.244045065119,995
2024-09-18 09:53:04.417,407.2456775469461,1003
2024-09-18 09:53:04.426,407.2017658425768,98
2024-09-18 09:53:04.428,407.2311585352231,105
2024-09-18 09:53:04.454,407.2193354647745,100
2024-09-18 09:53:04.475,407.2438306287954,103
2024-09-18 09:53:04.566,407.25306756585707,13
2024-09-18 09:53:04.576,407.2172529419658,996
2024-09-18 09:53:04.580,407.21752175058776,99
2024-09-18 09:53:04.786,407.2412857834206,100
2024-09-18 09:53:04.843,407.2362563548554,996
2024-09-18 09:53:04.885,407.21474451965287,102
2024-09-18 09:53:04.887,407.2529788611017,96
2024-09-18 09:53:05.028,407.30745040953445,1001
2024-09-18 09:53:05.043,407.2493263832227,5
2024-09-18 09:53:05.091,407.2153243791697,6
2024-09-18 09:53:05.097,407.2417276879013,6
2024-09-18 09:53:05.117,407.2904923713966,101
2024-09-18 09:53:05.198,407.2935556453033,96
2024-09-18 09:53:05.201,407.24270392068286,13
2024-09-18 09:53:05.221,407.2817485944691,999
2024-09-18 09:53:05.235,407.2941071791015,997
2024-09-18 09:53:05.264,407.23204657028754,997
2024-09-18 09:53:05.267,407.2913491085389,99
2024-09-18 09:53:05.274,407.2830321379501,7
2024-09-18 09:53:05.356,407.22793264955874,101
2024-09-18 09:53:05.403,407.24214392664777,95
2024-09-18 09:53:05.468,407.2641132703489,9
2024-09-18 09:53:05.538,407.2481762920965,99
2024-09-18 09:53:05.603,407.3125225019565,1003
2024-09-18 09:53:05.605,407.2206966566418,12
2024-09-18 09:53:05.650,407.259967042481,104
2024-09-18 09:53:05.669,407.2527593296942,104
2024-09-18 09:53:05.707,407.2613071880815,103
2024-09-18 09:53:05.708,407.3018143687868,13
2024-09-18 09:53:05.780,407.2666182167258,1004
2024-09-18 09:53:05.795,407.273216365112,97
2024-09-18 09:53:05.814,407.265317989956,101
2024-09-18 09:53:05.818,407.2858544115504,15
2024-09-18 09:53:05.920,407.2949696443999,5
2024-09-18 09:53:05.945,407.2387622824483,12
2024-09-18 09:53:05.998,407.2601419727176,1004
2024-09-18 09:53:06.015,407.2251375575908,999
2024-09-18 09:53:06.061,407.24666098001217,998
2024-09-18 09:53:06.124,407.2404490307146,1000
2024-09-18 09:53:06.236,407.2590191482405,1003
2024-09-18 09:53:06.265,407.231083458954,1004
2024-09-18 09:53:06.331,407.2230495674416,1001
2024-09-18 09:53:06.388,407.2324089732333,1005
2024-09-18 09:53:06.412,407.22777018196246,6
2024-09-18 09:53:06.519,407.2513853799029,100
2024-09-18 09:53:06.540,407.2307090796554,103
2024-09-18 09:53:06.554,407.25214701835154,95
2024-09-18 09:53:06.582,407.23286755058666,1003
2024-09-18 09:53:06.592,407.2258703818152,999
2024-09-18 09:53:06.612,407.2561305084419,96
2024-09-18 09:53:06.658,407.23114353158553,97
2024-09-18 09:53:06.658,407.2301900072757,998
2024-09-18 09:53:06.926,407.2259887423822,102
2024-09-18 09:53:06.999,407.2464155562487,8
2024-09-18 09:53:07.069,407.2196513121613,10
2024-09-18 09:53:08.737,407.2148069457653,1005
2024-09-18 09:53:09.006,407.2252278582641,101
2024-09-18 09:53:09.216,-407.2282896213424,95
2024-09-18 09:53:09.359,407.23202814587,1005
2024-09-18 09:53:09.438,407.2323407236313,105
2024-09-18 09:53:09.587,407.2125401473456,105
2024-09-18 09:53:09.725,407.2120688755312,104
2024-09-18 09:53:09.741,407.2334637448309,104
2024-09-18 09:53:10.174,407.2204643540123,9
2024-09-18 09:53:10.292,407.2485954470464,9
2024-09-18 09:53:10.665,407.2451847481682,12
2024-09-18 09:53:11.078,407.2847074995348,10
2024-09-18 09:53:11.096,407.2756565628972,10
2024-09-18 09:53:11.325,407.30375612841766,103
2024-09-18 09:53:11.370,407.249782957911,98
2024-09-18 09:53:12.567,407.3088933996019,97
2024-09-18 09:53:13.032,407.3550178723791,10
2024-09-18 09:53:13.050,407.3212254170773,1000
2024-09-18 09:53:13.053,407.3060092726965,1000
2024-09-18 09:53:13.068,407.36031098789294,997
2024-09-18 09:53:13.106,407.32081481330647,98
2024-09-18 09:53:13.126,407.3294601609541,95
2024-09-18 09:53:13.190,407.3431733229863,996
2024-09-18 09:53:13.207,407.3173154630753,96
2024-09-18 09:53:13.234,407.32061157809807,1002
2024-09-18 09:53:13.269,407.36234140423306,96
2024-09-18 09:53:13.383,407.3446437561364,996
2024-09-18 09:53:13.384,407.34316649021713,104
2024-09-18 09:53:13.398,407.3032263944212,95
2024-09-18 09:53:13.458,407.3658648407613,997
2024-09-18 09:53:13.506,407.3633178947947,995
2024-09-18 09:53:13.567,407.2968361597861,98
2024-09-18 09:53:13.570,407.34292708055335,14
2024-09-18 09:53:13.570,407.2925037222969,13
2024-09-18 09:53:13.757,407.3374587841713,102
2024-09-18 09:53:13.762,407.308026100404,998
2024-09-18 09:53:13.825,407.3699316878661,1001
2024-09-18 09:53:13.864,407.32136873927504,999
2024-09-18 09:53:13.971,407.3030943054581,8
2024-09-18 09:53:13.979,407.3471635549329,1001
2024-09-18 09:53:14.187,407.3286858965964,102
2024-09-18 09:53:14.459,407.3386012827858,96
2024-09-18 09:53:14.473,407.3323245368677,13
2024-09-18 09:53:14.605,407.309373781096,105
2024-09-18 09:53:14.759,407.2903323800383,96
2024-09-18 09:53:14.848,407.2791934695993,1003
2024-09-18 09:53:15.026,407.3526872391964,98
2024-09-18 09:53:15.125,407.357647140414,997
2024-09-18 09:53:15.211,407.3694726205613,997
2024-09-18 09:53:15.323,407.3957127574053,1005
2024-09-18 09:53:15.329,407.3433568702422,997
2024-09-18 09:53:15.471,407.3411077922569,997
2024-09-18 09:53:15.587,407.3093094359765,5
2024-09-18 09:53:15.623,407.3228400640971,1004
2024-09-18 09:53:15.691,407.3528239337188,105
2024-09-18 09:53:15.717,407.4007065721108,999
2024-09-18 09:53:15.727,407.37564862288895,15
2024-09-18 09:53:15.777,407.387669675806,104
2024-09-18 09:53:15.789,407.3343224317156,996
2024-09-18 09:53:15.819,407.3535201107362,98
2024-09-18 09:53:15.836,407.344694390647,1000
2024-09-18 09:53:15.839,407.3477232054684,9
2024-09-18 09:53:15.891,407.3277445635222,6
2024-09-18 09:53:15.925,407.3493031413112,12
2024-09-18 09:53:16.090,407.37156598453225,11
2024-09-18 09:53:16.335,407.4244901728741,997
2024-09-18 09:53:16.723,407.399759094233,13
2024-09-18 09:53:16.820,407.3918007311837,1004
2024-09-18 09:53:16.948,407.3859482356235,997
2024-09-18 09:53:17.108,407.3720172420004,102
2024-09-18 09:53:17.167,407.4181919699297,96
2024-09-18 09:53:17.216,407.4577842009045,95
2024-09-18 09:53:17.245,407.48591632715824,996
2024-09-18 09:53:17.313,407.4701127431982,1001
2024-09-18 09:53:17.321,407.428253404076,996
2024-09-18 09:53:17.421,407.4783876482605,998
2024-09-18 09:53:17.425,407.4222008858683,13
2024-09-18 09:53:17.467,407.46779738305895,9
2024-09-18 09:53:17.482,407.4108858370979,999
2024-09-18 09:53:17.493,407.4497432374418,1005
2024-09-18 09:53:17.503,407.4916047829887,97
2024-09-18 09:53:17.540,407.4920909397846,11
2024-09-18 09:53:17.613,407.4452011228465,103
2024-09-18 09:53:17.640,407.4735421505987,105
2024-09-18 09:53:17.684,407.3667765385223,103
2024-09-18 09:53:17.721,407.3887352905839,100
2024-09-18 09:53:17.849,407.49265736851487,96
2024-09-18 09:53:17.858,-407.4789305983696,10
2024-09-18 09:53:17.887,407.4315912205536,99
2024-09-18 09:53:17.899,407.4141247962622,1000
2024-09-18 09:53:18.027,407.5483349235395,102
2024-09-18 09:53:18.278,407.4918481300159,8
2024-09-18 09:53:18.298,407.6037813099418,1004
2024-09-18 09:53:18.349,407.4852392679339,9
2024-09-18 09:53:18.352,407.4945197736957,5
2024-09-18 09:53:18.385,407.5914434601764,95
2024-09-18 09:53:18.398,407.5004861172167,12
2024-09-18 09:53:18.416,407.59898383960143,996
2024-09-18 09:53:18.448,407.5917845034261,97
2024-09-18 09:53:18.575,407.59036850824265,96
2024-09-18 09:53:18.722,407.5036150923986,103
2024-09-18 09:53:18.729,407.5270377465535,1004
2024-09-18 09:53:18.810,407.6011955334569,101
2024-09-18 09:53:18.879,407.5612419487561,95
2024-09-18 09:53:18.999,407.6033110471973,95
2024-09-18 09:53:19.122,407.5868360655447,104
2024-09-18 09:53:19.154,407.5813279816503,98
2024-09-18 09:53:19.277,407.5952074302711,8
2024-09-18 09:53:19.329,407.5666491307237,96
2024-09-18 09:53:19.550,407.58091068952615,12
2024-09-18 09:53:19.558,407.5795524609573,1005
2024-09-18 09:53:19.584,407.57275533281233,8
2024-09-18 09:53:19.608,407.5995407615015,8
2024-09-18 09:53:19.621,407.5845983554415,103
2024-09-18 09:53:19.734,407.5608627000185,1000
2024-09-18 09:53:19.746,407.5894358000307,98
2024-09-18 09:53:19.925,407.589809804188,1004
2024-09-18 09:53:19.965,407.5847920084496,999
2024-09-18 09:53:20.014,407.534569886555,1005
2024-09-18 09:53:20.035,407.52236552032497,8
2024-09-18 09:53:20.061,407.53924224095744,996
2024-09-18 09:53:20.189,407.5534061281383,8
2024-09-18 09:53:20.598,407.521852852147,101
2024-09-18 09:53:20.714,407.5488476808793,995
2024-09-18 09:53:20.733,,1002
2024-09-18 09:53:20.791,407.51772027039215,1005
2024-09-18 09:53:20.793,407.5370128460278,1000
2024-09-18 09:53:20.809,407.53309617841785,1005
2024-09-18 09:53:20.976,407.53932211591456,1003
2024-09-18 09:53:21.015,407.5814970328907,99
2024-09-18 09:53:21.190,407.5647693901674,96
2024-09-18 09:53:21.329,407.5677294819062,1004
2024-09-18 09:53:21.528,407.564580046845,97
2024-09-18 09:53:21.743,407.5828775275461,9
2024-09-18 09:53:22.014,407.67253246814425,1002
2024-09-18 09:53:22.109,407.65407472793726,998
2024-09-18 09:53:22.116,407.635647177852,13
2024-09-18 09:53:22.170,407.582380035605,7
2024-09-18 09:53:22.277,407.6570952341845,102
2024-09-18 09:53:22.282,407.6225899400136,100
2024-09-18 09:53:22.291,,101
2024-09-18 09:53:22.371,407.606500681683,96
2024-09-18 09:53:22.379,407.6725799371768,104
2024-09-18 09:53:22.461,407.608625117246,8
2024-09-18 09:53:22.636,407.575179001622,10
2024-09-18 09:53:22.653,407.6075412084144,95
2024-09-18 09:53:22.657,407.61391035080754,12
2024-09-18 09:53:22.739,407.6404578250426,15
2024-09-18 09:53:22.759,407.6064811529898,11
2024-09-18 09:53:22.773,407.5944597476934,104
2024-09-18 09:53:22.776,407.6587352253966,104
2024-09-18 09:53:22.795,407.59452158075504,7
2024-09-18 09:53:22.818,407.5771406929792,996
2024-09-18 09:53:22.831,407.6547401006694,6
2024-09-18 09:53:22.873,407.58988060429095,102
2024-09-18 09:53:22.875,407.6716197363481,103
2024-09-18 09:53:22.886,407.6277515801272,8
2024-09-18 09:53:22.948,407.6043969941229,7
2024-09-18 09:53:22.960,407.653454335336,996
2024-09-18 09:53:23.007,,10
2024-09-18 09:53:23.030,407.6204991591869,11
2024-09-18 09:53:23.042,407.6234176834544,8
2024-09-18 09:53:23.063,407.6312291529932,9
2024-09-18 09:53:23.063,407.6214744726996,97
2024-09-18 09:53:23.115,407.6347934133937,97
2024-09-18 09:53:23.208,407.63965033903816,1005
2024-09-18 09:53:23.233,407.6243992665604,99
2024-09-18 09:53:23.308,407.6172650785053,1003
2024-09-18 09:53:23.355,407.6166407102027,102
2024-09-18 09:53:23.379,407.6172965400208,103
2024-09-18 09:53:23.397,407.6317751054817,12
2024-09-18 09:53:23.483,407.6381441340688,1000
2024-09-18 09:53:23.510,407.6130062846112,102
2024-09-18 09:53:23.553,407.632131211982,997
2024-09-18 09:53:23.557,407.6116233211568,1000
2024-09-18 09:53:23.590,407.63654003384784,102
2024-09-18 09:53:23.713,407.6370698829177,104
2024-09-18 09:53:23.748,407.6323190403336,1000
2024-09-18 09:53:23.749,407.6283021894426,103
2024-09-18 09:53:23.812,407.63835302547415,13
2024-09-18 09:53:23.817,407.6263354158866,14
2024-09-18 09:53:23.913,407.6229252305287,13
2024-09-18 09:53:23.932,407.6161194406945,103
2024-09-18 09:53:23.959,407.6184402306086,98
2024-09-18 09:53:23.990,407.6111176181843,101
2024-09-18 09:53:24.030,407.7094179458896,95
2024-09-18 09:53:24.046,407.6918729067076,999
2024-09-18 09:53:24.052,407.72135452900585,1000
2024-09-18 09:53:24.253,407.7294019425301,996
2024-09-18 09:53:24.319,407.68448873551154,13
2024-09-18 09:53:24.343,407.73950833848414,995
2024-09-18 09:53:24.551,407.6939484805093,1002
2024-09-18 09:53:24.559,407.6726853155631,97
2024-09-18 09:53:24.600,407.7037192708757,6
2024-09-18 09:53:24.691,407.7363201430995,1005
2024-09-18 09:53:24.789,407.70605209278807,14
2024-09-18 09:53:24.799,407.6830817949772,1003
2024-09-18 09:53:24.845,407.7176855268352,10
2024-09-18 09:53:24.851,407.68423535199327,105
2024-09-18 09:53:24.862,407.6729226639905,1005
2024-09-18 09:53:24.880,407.68943582568033,15
2024-09-18 09:53:24.889,407.6919347819716,6
2024-09-18 09:53:24.891,407.6937404258754,99
2024-09-18 09:53:24.903,40.765768084072086,13
2024-09-18 09:53:24.917,407.6776161066311,5
2024-09-18 09:53:24.937,407.6559881301288,1000
2024-09-18 09:53:24.950,407.7171855401405,12
2024-09-18 09:53:24.952,407.71716401324375,10
2024-09-18 09:53:24.953,407.7374369442291,14
2024-09-18 09:53:24.983,-407.7163688992714,99
2024-09-18 09:53:25.082,407.7011041413068,998
2024-09-18 09:53:25.167,407.65508103229183,103
2024-09-18 09:53:25.400,407.712377830321,5
2024-09-18 09:53:25.415,407.698311213472,101
2024-09-18 09:53:25.435,407.618602908093,14
2024-09-18 09:53:25.459,407.6968785537459,997
2024-09-18 09:53:25.543,407.601139129382,996
2024-09-18 09:53:25.565,407.65753283127145,14
2024-09-18 09:53:25.579,407.6123045879958,1004
2024-09-18 09:53:25.587,407.6548075397089,1002
2024-09-18 09:53:25.610,407.67014145447416,15
2024-09-18 09:53:25.612,407.6757887950346,998
2024-09-18 09:53:25.617,407.64345695448185,98
2024-09-18 09:53:25.688,407.6420919931635,1003
2024-09-18 09:53:25.693,407.70601721844287,98
2024-09-18 09:53:25.724,407.6360380370173,1003
2024-09-18 09:53:25.770,407.6424336883609,1005
2024-09-18 09:53:25.788,407.61121079749006,15
2024-09-18 09:53:25.893,407.6778148650445,99
2024-09-18 09:53:25.920,407.7014618422669,95
2024-09-18 09:53:26.005,407.67712290859066,995
2024-09-18 09:53:26.042,407.6529131763854,95
2024-09-18 09:53:26.063,407.6220572478037,13
2024-09-18 09:53:26.134,407.6019075510685,1002
2024-09-18 09:53:26.341,407.64245284349215,5
2024-09-18 09:53:26.468,407.64052273481536,8
2024-09-18 09:53:26.531,407.6319910680076,997
2024-09-18 09:53:26.553,407.5992255445165,96
2024-09-18 09:53:26.674,407.6484449881419,5
2024-09-18 09:53:26.747,407.6519855486411,999
2024-09-18 09:53:26.874,407.6448795186526,11
2024-09-18 09:53:26.984,407.6562968738468,12
2024-09-18 09:53:27.032,407.6343003469728,996
2024-09-18 09:53:27.039,407.61934400836384,995
2024-09-18 09:53:27.117,407.63389882447626,96
2024-09-18 09:53:27.160,407.55718373829177,105
2024-09-18 09:53:27.287,407.6332414240892,99
2024-09-18 09:53:27.357,407.5369582122834,103
2024-09-18 09:53:27.418,407.5642384727933,13
2024-09-18 09:53:27.568,407.5426601679698,15
2024-09-18 09:53:27.616,407.6299501566278,998
2024-09-18 09:53:27.733,407.5809439367079,8
2024-09-18 09:53:27.789,407.6146593525552,102
2024-09-18 09:53:27.850,407.6498532475349,998
2024-09-18 09:53:27.926,407.5192676815205,96
2024-09-18 09:53:27.976,407.5856668627037,1005
2024-09-18 09:53:28.058,407.5295814125468,7
2024-09-18 09:53:28.066,407.5574129540539,96
2024-09-18 09:53:28.144,407.5237356774612,1001
2024-09-18 09:53:28.145,407.5333219498659,102
2024-09-18 09:53:28.192,407.5271624634355,1001
2024-09-18 09:53:28.206,407.5378271444093,14
2024-09-18 09:53:28.239,407.539243439596,995
2024-09-18 09:53:28.267,407.5584384969856,1005
2024-09-18 09:53:28.302,407.54316048554193,999
2024-09-18 09:53:28.420,407.5143990618072,102
2024-09-18 09:53:28.445,407.5547037717644,13
2024-09-18 09:53:28.449,407.542155212852,105
2024-09-18 09:53:28.491,407.5174421367816,15
2024-09-18 09:53:28.553,407.54264869998025,12
2024-09-18 09:53:28.566,407.53856865348695,105
2024-09-18 09:53:28.630,407.5369012674028,97
2024-09-18 09:53:28.671,407.54244488785815,100
2024-09-18 09:53:28.676,407.520305421568,999
2024-09-18 09:53:28.819,407.5247265333847,1003
2024-09-18 09:53:28.866,407.5097654815549,12
2024-09-18 09:53:28.874,407.5451515847806,101
2024-09-18 09:53:28.913,40.75376141199496,1004
2024-09-18 09:53:28.960,407.5391835050233,14
2024-09-18 09:53:29.159,407.51203601104055,1000
2024-09-18 09:53:29.301,407.495978794416,97
2024-09-18 09:53:29.337,407.543324285124,102
2024-09-18 09:53:29.376,407.5024044305736,10
2024-09-18 09:53:29.438,407.53307714871136,97
2024-09-18 09:53:29.511,407.5254943768349,7
2024-09-18 09:53:29.564,407.528145474276,1005
2024-09-18 09:53:29.656,407.5212877654412,99
2024-09-18 09:53:29.781,407.4986626443145,95
2024-09-18 09:53:29.785,407.5401146549904,12
2024-09-18 09:53:29.800,407.5123402451442,1002
2024-09-18 09:53:29.819,407.5373791639199,998
2024-09-18 09:53:29.882,407.5294231209565,9
2024-09-18 09:53:30.209,407.52885181366713,105
2024-09-18 09:53:30.420,407.5216024741118,104
2024-09-18 09:53:30.473,407.5130072398606,996
2024-09-18 09:53:30.561,407.5074354416942,1003
2024-09-18 09:53:30.661,407.51448953445225,15
2024-09-18 09:53:30.815,407.52307572202943,100
2024-09-18 09:53:30.987,407.5017844582389,100
2024-09-18 09:53:31.034,407.5827009030432,1001
2024-09-18 09:53:31.097,407.5682587031605,1000
2024-09-18 09:53:31.144,407.5380864830458,998
2024-09-18 09:53:31.167,407.538536149461,101
2024-09-18 09:53:31.180,407.5844680497519,997
2024-09-18 09:53:31.304,407.5434068675476,10
2024-09-18 09:53:31.311,407.56831356719294,14
2024-09-18 09:53:31.329,407.57723236279327,15
2024-09-18 09:53:31.429,407.5511129360169,11
2024-09-18 09:53:31.477,407.5456791597267,1003
2024-09-18 09:53:31.512,407.5812481022835,105
2024-09-18 09:53:31.630,407.56480740323167,96
2024-09-18 09:53:31.702,407.5716248496012,995
2024-09-18 09:53:31.704,407.5706455781258,12
2024-09-18 09:53:31.728,407.5727824503919,8
2024-09-18 09:53:31.802,407.5865921326187,7
2024-09-18 09:53:31.874,-407.5781665253039,1000
2024-09-18 09:53:31.892,407.56314757720736,96
2024-09-18 09:53:31.893,407.58481866346864,1003
2024-09-18 09:53:31.980,407.5858826678471,104
2024-09-18 09:53:32.025,407.5992990376064,6
2024-09-18 09:53:32.042,407.541959945985,999
2024-09-18 09:53:32.203,407.5593180451559,12
2024-09-18 09:53:32.204,407.5798720207034,5
2024-09-18 09:53:32.248,407.5870499548486,14
2024-09-18 09:53:32.257,407.5351975488061,1000
2024-09-18 09:53:32.296,407.6037061129679,998
2024-09-18 09:53:32.296,407.5809652979953,95
2024-09-18 09:53:32.297,407.57872603696336,1002
2024-09-18 09:53:32.360,407.5432349193814,102
2024-09-18 09:53:32.481,407.57800964901793,14
2024-09-18 09:53:32.516,407.5368775043924,1002
2024-09-18 09:53:32.627,407.58658397540864,8
2024-09-18 09:53:32.639,407.5599069544898,12
2024-09-18 09:53:32.642,407.5358853833145,101
2024-09-18 09:53:32.648,407.5519422853025,15
2024-09-18 09:53:32.672,407.55212011149575,101
2024-09-18 09:53:32.677,407.5947371999076,998
2024-09-18 09:53:32.689,407.5585315788041,5
2024-09-18 09:53:32.720,407.5641286950122,13
2024-09-18 09:53:32.723,407.58197784427904,98
2024-09-18 09:53:32.759,407.5470030638893,995
2024-09-18 09:53:32.762,407.5585612666106,99
2024-09-18 09:53:32.808,407.5685055259031,10
2024-09-18 09:53:32.843,407.5808003235891,1003
2024-09-18 09:53:32.886,407.5562256643062,995
2024-09-18 09:53:32.913,407.5511212824901,6
2024-09-18 09:53:32.914,407.54856946835554,103
2024-09-18 09:53:32.952,407.5444271610433,103
2024-09-18 09:53:33.088,,99
2024-09-18 09:53:33.102,407.5416909855661,1001
2024-09-18 09:53:33.138,407.5503580204935,1000
2024-09-18 09:53:33.153,407.533490946126,1003
2024-09-18 09:53:33.176,407.563067898751,996
2024-09-18 09:53:33.243,407.51452507667824,105
2024-09-18 09:53:33.391,407.5332025332048,1000
2024-09-18 09:53:33.446,407.5225894352537,96
2024-09-18 09:53:33.507,407.5442118006716,5
2024-09-18 09:53:33.510,407.5430241153552,104
2024-09-18 09:53:33.777,407.54751721644567,95
2024-09-18 09:53:33.802,407.5101996057875,996
2024-09-18 09:53:33.803,-407.52513040777126,1003
2024-09-18 09:53:33.892,407.5455018597493,995
2024-09-18 09:53:33.905,407.53293205797615,7
2024-09-18 09:53:33.944,407.52141964325824,104
2024-09-18 09:53:33.947,407.5303661190173,96
2024-09-18 09:53:33.989,407.5297387843456,7
2024-09-18 09:53:33.992,407.5656429887389,1004
2024-09-18 09:53:34.110,407.5686492495149,8
2024-09-18 09:53:34.235,407.5485571978175,1003
2024-09-18 09:53:34.304,407.5774154040599,102
2024-09-18 09:53:34.384,407.5657381178121,1005
2024-09-18 09:53:34.523,407.55999811894753,102
2024-09-18 09:53:34.695,407.57532158831,1000
2024-09-18 09:53:34.750,407.5682932493987,8
2024-09-18 09:53:34.934,-407.56113350962846,1000
2024-09-18 09:53:34.935,407.5833473217218,103
2024-09-18 09:53:35.012,407.5101361141264,996
2024-09-18 09:53:35.219,407.5029605790514,104
2024-09-18 09:53:35.246,407.5300223553088,15
2024-09-18 09:53:35.255,407.5559883717223,1002
2024-09-18 09:53:35.259,407.4955126377175,9
2024-09-18 09:53:35.282,407.5056986201882,999
2024-09-18 09:53:35.304,40.75784363010775,11
2024-09-18 09:53:35.306,407.48745046558207,14
2024-09-18 09:53:35.470,407.50528386121744,999
2024-09-18 09:53:35.521,407.491128377406,7
2024-09-18 09:53:35.561,407.53898618393066,9
2024-09-18 09:53:35.575,407.48840386814777,97
2024-09-18 09:53:35.600,407.4695525081253,101
2024-09-18 09:53:35.658,407.5513844109215,101
2024-09-18 09:53:35.705,407.5524808831009,99
2024-09-18 09:53:35.822,407.5654324985509,13
2024-09-18 09:53:35.862,407.5561598251201,10
2024-09-18 09:53:35.869,407.48391531548407,95
2024-09-18 09:53:35.969,407.51747476039975,99
2024-09-18 09:53:36.050,407.5141295937872,15
2024-09-18 09:53:36.063,407.5026445524569,8
2024-09-18 09:53:36.086,407.5009204551049,96
2024-09-18 09:53:36.138,407.5050606143137,998
2024-09-18 09:53:36.194,407.490635278286,1002
2024-09-18 09:53:36.241,407.485673686452,105
2024-09-18 09:53:36.348,407.51257825864457,996
2024-09-18 09:53:36.647,407.4897375281858,101
2024-09-18 09:53:37.000,407.476576676572,97
2024-09-18 09:53:37.167,407.4860893392509,1004
2024-09-18 09:53:37.195,407.4741071636467,100
2024-09-18 09:53:37.313,407.4704749854142,10
2024-09-18 09:53:37.365,407.4845673529889,5
2024-09-18 09:53:37.431,407.4750470920564,1000
2024-09-18 09:53:37.528,407.5039303320578,8
2024-09-18 09:53:37.550,407.4646514607099,105
2024-09-18 09:53:37.745,407.4857663126216,105
2024-09-18 09:53:37.894,407.5004466638839,102
2024-09-18 09:53:37.903,407.49090886169336,104
2024-09-18 09:53:38.044,407.4867489126253,1002
2024-09-18 09:53:38.071,-407.4813543912304,11
2024-09-18 09:53:38.077,407.46791703667503,999
2024-09-18 09:53:38.160,407.4709388581821,997
2024-09-18 09:53:38.177,407.483390817688,7
2024-09-18 09:53:38.179,407.4911160781875,104
2024-09-18 09:53:38.202,407.49195932397146,1002
2024-09-18 09:53:38.223,407.47670926505685,10
2024-09-18 09:53:38.278,-407.480793026173,103
2024-09-18 09:53:38.315,407.4916638630157,104
2024-09-18 09:53:38.340,407.4964574295061,101
2024-09-18 09:53:38.386,407.49353118145314,14
2024-09-18 09:53:38.398,407.4764503177893,999
2024-09-18 09:53:38.481,407.464843702966,14
2024-09-18 09:53:38.605,407.4827880474718,1002
2024-09-18 09:53:38.687,407.4717551456663,995
2024-09-18 09:53:38.714,407.4813043957736,99
2024-09-18 09:53:38.767,407.47516410934463,998
2024-09-18 09:53:38.838,407.4679625760485,98
2024-09-18 09:53:38.853,407.4931565331543,100
2024-09-18 09:53:38.909,407.48754040021095,1005
2024-09-18 09:53:38.931,407.4691829945861,995
2024-09-18 09:53:38.948,407.4719841051461,6
2024-09-18 09:53:39.089,407.5000169394477,96
2024-09-18 09:53:39.580,407.4865953286686,1000
2024-09-18 09:53:39.669,407.4953534998954,1001
2024-09-18 09:53:39.735,407.4819341473048,102
2024-09-18 09:53:39.890,407.49924967154607,12
2024-09-18 09:53:40.009,407.5037785722939,999
2024-09-18 09:53:40.191,407.5162129320066,15
2024-09-18 09:53:40.203,407.5284463181847,1004
2024-09-18 09:53:40.230,407.5101284287351,1005
2024-09-18 09:53:40.248,407.5273153250749,1003
2024-09-18 09:53:40.252,407.5192265548703,1000
2024-09-18 09:53:40.380,407.53005151844405,6
2024-09-18 09:53:40.393,40.74964817720198,13
2024-09-18 09:53:40.447,407.5242146305643,998
2024-09-18 09:53:40.480,407.51993680258,97
2024-09-18 09:53:40.502,407.5305882311739,7
2024-09-18 09:53:40.613,407.52607221178056,103
2024-09-18 09:53:40.637,407.5273300094663,1003
2024-09-18 09:53:40.699,407.5396854072245,1000
2024-09-18 09:53:40.718,407.47795589927375,1000
2024-09-18 09:53:40.792,407.4841921412201,105
2024-09-18 09:53:40.892,407.479978602304,9
2024-09-18 09:53:40.918,407.5434043092042,15
2024-09-18 09:53:41.064,407.5333899893828,999
2024-09-18 09:53:41.606,407.52082365661744,998
2024-09-18 09:53:42.046,407.51878047408746,96
2024-09-18 09:53:42.112,407.5273038096807,13
2024-09-18 09:53:42.168,407.4944991789752,101
2024-09-18 09:53:42.225,407.5173160390494,98
2024-09-18 09:53:42.233,407.5405146000268,102
2024-09-18 09:53:42.258,407.51445361706567,13
2024-09-18 09:53:42.292,407.5215346797288,996
2024-09-18 09:53:42.326,407.5230449949468,1004
2024-09-18 09:53:42.359,407.5065908670106,11
2024-09-18 09:53:42.376,407.5149131015095,10
2024-09-18 09:53:42.385,407.528185743681,997
2024-09-18 09:53:42.399,407.5115456827329,9
2024-09-18 09:53:42.498,407.5229294351446,104
2024-09-18 09:53:42.511,407.5174485871416,999
2024-09-18 09:53:42.536,407.5102098232234,104
2024-09-18 09:53:42.591,407.50939225025553,999
2024-09-18 09:53:42.594,407.5313049567408,8
2024-09-18 09:53:42.617,407.5186616532581,11
2024-09-18 09:53:42.618,407.5146357919184,7
2024-09-18 09:53:42.688,407.5383949066265,15
2024-09-18 09:53:42.715,407.5034660169426,104
2024-09-18 09:53:42.727,407.515818718799,12
2024-09-18 09:53:42.734,407.5373276916631,14
2024-09-18 09:53:42.773,407.52394699705815,99
2024-09-18 09:53:42.799,407.51188796902295,1002
2024-09-18 09:53:42.901,407.5130162195416,1001
2024-09-18 09:53:42.915,407.52190133199,9
2024-09-18 09:53:42.965,407.5141146777205,103
2024-09-18 09:53:42.989,407.50479871831135,996
2024-09-18 09:53:44.093,407.5035994238609,7
2024-09-18 09:53:44.094,407.5263896383337,102
2024-09-18 09:53:44.189,407.5261674315155,1003
2024-09-18 09:53:44.205,407.50271413134,95
2024-09-18 09:53:44.211,407.5168557303285,101
2024-09-18 09:53:44.391,407.5242094701276,105
2024-09-18 09:53:44.505,407.5025029204755,1003
2024-09-18 09:53:44.629,407.4981403054399,15
2024-09-18 09:53:44.701,407.5100226812165,95
2024-09-18 09:53:44.787,407.49254542284586,1004
2024-09-18 09:53:44.957,407.506182284608,999
2024-09-18 09:53:44.972,407.5079197423778,105
2024-09-18 09:53:44.986,407.4795198859856,998
2024-09-18 09:53:45.009,407.4990620425836,104
2024-09-18 09:53:45.069,407.4948021090124,5
2024-09-18 09:53:45.106,407.5106635784116,10
2024-09-18 09:53:45.136,407.5194304372149,11
2024-09-18 09:53:45.223,407.49323673297147,13
2024-09-18 09:53:45.381,407.479428812842,97
2024-09-18 09:53:45.404,407.4807465653173,9
2024-09-18 09:53:45.419,407.4893607127797,6
2024-09-18 09:53:45.485,-407.50774309714166,95
2024-09-18 09:53:45.505,407.4804816842743,1005
2024-09-18 09:53:45.599,407.4809063305608,10
2024-09-18 09:53:45.623,40.75124115917826,997
2024-09-18 09:53:45.825,407.4991328948933,995
2024-09-18 09:53:46.188,407.5368491249425,102
2024-09-18 09:53:46.231,407.517563626155,95
2024-09-18 09:53:46.272,407.533352173889,1002
2024-09-18 09:53:46.685,407.5308970732339,998
2024-09-18 09:53:47.007,407.5811023550304,99
2024-09-18 09:53:47.013,407.538235481062,105
2024-09-18 09:53:47.052,407.6168470823478,14
2024-09-18 09:53:47.095,407.5488088090451,97
2024-09-18 09:53:47.109,407.57448209457874,5
2024-09-18 09:53:47.132,407.5761356952368,99
2024-09-18 09:53:47.240,407.5864803776021,99
2024-09-18 09:53:47.278,407.6000133080427,6
2024-09-18 09:53:47.401,407.5807895121792,105
2024-09-18 09:53:47.515,407.5904163790633,97
2024-09-18 09:53:47.516,407.60771878645306,7
2024-09-18 09:53:47.593,407.61473034283046,998
2024-09-18 09:53:47.619,407.5943062754593,98
2024-09-18 09:53:47.715,407.5999951930936,7
2024-09-18 09:53:47.724,407.614104338746,99
2024-09-18 09:53:47.737,407.60505696226994,8
2024-09-18 09:53:47.775,407.5891911353764,1002
2024-09-18 09:53:47.782,407.6156648844839,95
2024-09-18 09:53:47.863,407.6177257198352,997
2024-09-18 09:53:47.889,407.5341685256133,100
2024-09-18 09:53:47.927,407.5773422067555,1002
2024-09-18 09:53:48.001,407.5893372392149,14
2024-09-18 09:53:48.023,407.610417897291,104
2024-09-18 09:53:48.073,407.5777441320082,996
2024-09-18 09:53:48.113,407.59835608683903,14
2024-09-18 09:53:48.114,407.60398629987145,96
2024-09-18 09:53:48.173,407.6029237847478,13
2024-09-18 09:53:48.208,-407.595399599628,6
2024-09-18 09:53:48.263,407.5969850202063,100
2024-09-18 09:53:48.324,407.596654616513,15
2024-09-18 09:53:48.330,407.57997087402055,1003
2024-09-18 09:53:48.339,407.598992809386,105
2024-09-18 09:53:48.376,40.7596912831611,1001
2024-09-18 09:53:48.409,407.61413814600553,1002
2024-09-18 09:53:48.463,407.6066627982936,15
2024-09-18 09:53:48.476,-407.605189382147,995
2024-09-18 09:53:48.540,407.6140563754475,97
2024-09-18 09:53:48.597,407.5946037237103,999
2024-09-18 09:53:48.597,40.75951796020548,15
2024-09-18 09:53:48.650,407.5913375235918,1004
2024-09-18 09:53:48.933,407.59572624752974,12
2024-09-18 09:53:48.976,407.6136960329949,1004
2024-09-18 09:53:48.995,407.6070261548993,102
2024-09-18 09:53:48.996,407.6079288336696,996
2024-09-18 09:53:49.046,407.5867179666887,996
2024-09-18 09:53:49.159,407.5355941003405,14
2024-09-18 09:53:49.223,407.5663628164062,105
2024-09-18 09:53:49.244,407.5204926022932,105
2024-09-18 09:53:49.492,407.5685021383416,1001
2024-09-18 09:53:49.585,407.6119660503531,100
2024-09-18 09:53:49.736,407.5599234335454,98
2024-09-18 09:53:49.849,407.5324701328713,103
2024-09-18 09:53:49.942,407.56836138886206,101
2024-09-18 09:53:49.954,407.5861381254217,995
2024-09-18 09:53:50.045,407.4938730726876,97
2024-09-18 09:53:50.127,407.5227726767022,999
2024-09-18 09:53:50.171,407.4711760688165,998
2024-09-18 09:53:50.204,407.4896046674703,95
2024-09-18 09:53:50.242,407.5412798044049,97
2024-09-18 09:53:50.284,407.4862322583981,14
2024-09-18 09:53:50.293,407.49267879884457,100
2024-09-18 09:53:50.368,407.4960756732205,1004
2024-09-18 09:53:50.376,407.4950079751614,12
2024-09-18 09:53:50.399,-407.5213961756664,98
2024-09-18 09:53:50.463,407.5154749327861,999
2024-09-18 09:53:50.499,407.4743239324701,97
2024-09-18 09:53:50.553,407.4971019573999,11
2024-09-18 09:53:50.576,407.5042231121506,10
2024-09-18 09:53:50.585,407.4879024887049,1004
2024-09-18 09:53:50.639,407.4837976662408,101
2024-09-18 09:53:50.687,407.4769785467942,1004
2024-09-18 09:53:50.840,407.5259420410911,95
2024-09-18 09:53:50.873,407.48216184407073,1000
2024-09-18 09:53:50.888,407.5118367861437,1001
2024-09-18 09:53:50.892,407.4933457238223,101
2024-09-18 09:53:50.919,407.4924582640387,9
2024-09-18 09:53:50.973,407.5168512267659,1004
2024-09-18 09:53:50.998,407.47754316228384,96
2024-09-18 09:53:51.051,407.4666945919367,105
2024-09-18 09:53:51.079,407.4715400346405,15
2024-09-18 09:53:51.083,407.46687311460033,97
2024-09-18 09:53:51.088,407.4678053588782,15
2024-09-18 09:53:51.099,407.4678617794012,6
2024-09-18 09:53:51.144,407.4642065869311,99
2024-09-18 09:53:51.173,407.4730286723307,11
2024-09-18 09:53:51.230,407.467274484785,14
2024-09-18 09:53:51.232,407.4460943264562,997
2024-09-18 09:53:51.290,407.4758605463986,104
2024-09-18 09:53:51.390,407.42085214204405,10
2024-09-18 09:53:51.415,407.4490499058512,1002
2024-09-18 09:53:51.428,407.455487210118,100
2024-09-18 09:53:51.489,407.4604263653266,1002
2024-09-18 09:53:51.591,407.44102563640575,15
2024-09-18 09:53:51.598,407.4666233396328,1000
2024-09-18 09:53:51.642,407.4732668515035,98
2024-09-18 09:53:51.669,407.44685921504816,997
2024-09-18 09:53:51.705,407.46608724046143,99
2024-09-18 09:53:51.737,407.4828646418276,14
2024-09-18 09:53:51.750,407.4700930548931,1005
2024-09-18 09:53:51.752,407.4442711054305,14
2024-09-18 09:53:53.090,407.4141558487261,998
2024-09-18 09:53:53.122,407.3993620719535,99
2024-09-18 09:53:53.135,407.399021593477,1002
2024-09-18 09:53:53.145,407.3969696206552,999
2024-09-18 09:53:53.194,407.4043291962743,1003
2024-09-18 09:53:53.237,407.4035884023618,7
2024-09-18 09:53:53.238,407.3816228047151,99
2024-09-18 09:53:53.285,-407.408672934016,5
2024-09-18 09:53:53.317,407.4003268856998,102
2024-09-18 09:53:53.321,407.4079588835875,8
2024-09-18 09:53:53.370,407.40592178551657,13
2024-09-18 09:53:53.442,407.40042460715136,995
2024-09-18 09:53:53.443,407.37863424158,8
2024-09-18 09:53:53.526,407.3813409394096,6
2024-09-18 09:53:53.629,407.39898923302303,105
2024-09-18 09:53:53.657,407.3781603852029,1000
2024-09-18 09:53:53.662,407.3960054910778,98
2024-09-18 09:53:53.699,407.3990409899116,8
2024-09-18 09:53:53.808,407.4150393390898,996
2024-09-18 09:53:53.860,407.4343217141987,998
2024-09-18 09:53:53.875,407.40473138516006,101
2024-09-18 09:53:53.916,407.3820011291922,101
2024-09-18 09:53:54.196,407.3758666082712,100
2024-09-18 09:53:54.247,407.4042205092223,104
2024-09-18 09:53:54.323,407.40018351890507,1000
2024-09-18 09:53:54.323,407.40410999973113,7
2024-09-18 09:53:54.362,407.3945058520035,12
2024-09-18 09:53:54.620,407.4053516474168,1000
2024-09-18 09:53:54.671,407.3719207339547,1004
2024-09-18 09:53:54.703,407.4030782696986,12
2024-09-18 09:53:54.729,407.4006353108541,6
2024-09-18 09:53:55.047,407.3532137981156,95
2024-09-18 09:53:55.073,407.3197817915312,102
2024-09-18 09:53:55.091,407.326047803386,97
2024-09-18 09:53:55.098,407.3919383312516,1002
2024-09-18 09:53:55.123,407.3096294187703,5
2024-09-18 09:53:55.173,407.3497511341822,1002
2024-09-18 09:53:55.261,407.3210709361321,1002
2024-09-18 09:53:55.352,407.3332441081918,104
2024-09-18 09:53:55.415,407.3642177274585,1002
2024-09-18 09:53:55.428,407.3233697784805,11
2024-09-18 09:53:55.452,407.3135171308677,998
2024-09-18 09:53:55.474,407.3539345013989,1000
2024-09-18 09:53:55.498,407.366172466157,96
2024-09-18 09:53:55.507,407.3154537332438,1001
2024-09-18 09:53:55.580,407.30021141326665,102
2024-09-18 09:53:55.716,407.33338639249246,11
2024-09-18 09:53:55.728,407.3094416906862,100
2024-09-18 09:53:55.827,407.3288755609343,102
2024-09-18 09:53:55.879,407.333266609183,1002
2024-09-18 09:53:55.930,407.3880996585821,996
2024-09-18 09:53:55.934,407.3366744433168,1001
2024-09-18 09:53:55.952,407.3109826890592,13
2024-09-18 09:53:55.994,407.3418299681189,104
2024-09-18 09:53:56.034,407.350687680141,9
2024-09-18 09:53:56.047,407.3409589196039,15
2024-09-18 09:53:56.061,407.33811528667655,11
2024-09-18 09:53:56.186,407.29727994700414,98
2024-09-18 09:53:56.238,407.3267830219187,14
2024-09-18 09:53:56.243,407.33946423485577,12
2024-09-18 09:53:56.275,407.296046440716,103
2024-09-18 09:53:56.282,407.3400213840664,1000
2024-09-18 09:53:56.283,407.3448125456202,1003
2024-09-18 09:53:56.403,407.3359815985097,102
2024-09-18 09:53:56.464,407.3173979883527,1000
2024-09-18 09:53:56.529,407.31825243100405,998
2024-09-18 09:53:56.635,407.31931457944296,100
2024-09-18 09:53:56.697,407.3023267938722,11
2024-09-18 09:53:56.698,407.3371776727284,999
2024-09-18 09:53:56.709,407.3243895588829,996
2024-09-18 09:53:56.789,407.32858199378296,1001
2024-09-18 09:53:56.897,407.3130293509828,997
2024-09-18 09:53:56.942,407.3254941558109,8
2024-09-18 09:53:57.007,407.2933827882219,1003
2024-09-18 09:53:57.039,407.3184411840178,99
2024-09-18 09:53:57.049,407.2871217631693,13
2024-09-18 09:53:57.150,-407.32946304263805,999
2024-09-18 09:53:57.280,407.2962336104494,99
2024-09-18 09:53:57.446,407.2795262805852,100
2024-09-18 09:53:57.495,407.3099143550997,97
2024-09-18 09:53:57.680,407.3039210923301,7
2024-09-18 09:53:57.786,407.29373190464287,997
2024-09-18 09:53:57.918,407.303754375155,1004
2024-09-18 09:53:58.045,,1003
2024-09-18 09:53:58.131,407.3004886879044,15
2024-09-18 09:53:58.182,407.4464534776706,104
2024-09-18 09:53:58.184,407.410536463936,105
2024-09-18 09:53:58.240,407.3226949772486,103
2024-09-18 09:53:58.276,407.3487330605653,103
2024-09-18 09:53:58.293,407.3490818454732,1004
2024-09-18 09:53:58.352,407.3161140138535,12
2024-09-18 09:53:58.397,407.3064587914621,11
2024-09-18 09:53:58.419,407.42487964639184,101
2024-09-18 09:53:58.453,407.4143405865058,6
2024-09-18 09:53:58.473,407.4230160413446,6
2024-09-18 09:53:58.487,407.3293020295015,1005
2024-09-18 09:53:58.490,407.3806335746747,103
2024-09-18 09:53:58.497,407.33341762223097,1000
2024-09-18 09:53:58.519,407.3317950254612,1001
2024-09-18 09:53:58.530,407.35296631694376,1004
2024-09-18 09:53:58.574,407.4445628648333,13
2024-09-18 09:53:58.575,407.3419034600418,99
2024-09-18 09:53:58.661,407.4038056943077,15
2024-09-18 09:53:58.666,407.3841192415702,10
2024-09-18 09:53:58.703,407.38609993284655,6
2024-09-18 09:53:58.735,407.31381924034895,7
2024-09-18 09:53:58.771,407.3276190588253,103
2024-09-18 09:53:58.844,407.4311910737154,13
2024-09-18 09:53:58.896,407.33349430529097,8
2024-09-18 09:53:58.968,407.3079106219955,96
2024-09-18 09:53:59.180,407.4648585137952,1002
2024-09-18 09:53:59.243,407.46126117787736,101
2024-09-18 09:53:59.349,407.4627106716258,97
2024-09-18 09:53:59.354,407.4569440734675,95
2024-09-18 09:53:59.382,407.46118582661273,1004
2024-09-18 09:53:59.578,407.4424600025488,101
