Timestamp,Price,Size
2024-09-16 10:48:00.012,416.7625836500091,105
2024-09-16 10:48:00.355,416.73829410670425,995
2024-09-16 10:48:00.412,416.78085913063234,95
2024-09-16 10:48:00.483,416.7703084273766,97
2024-09-16 10:48:00.509,416.76310980048095,11
2024-09-16 10:48:00.518,416.7555341326852,5
2024-09-16 10:48:00.570,416.7702982168997,102
2024-09-16 10:48:00.600,,13
2024-09-16 10:48:00.750,416.7625594169726,99
2024-09-16 10:48:00.807,416.7656532891971,102
2024-09-16 10:48:00.906,416.7458547433208,1003
2024-09-16 10:48:00.953,416.76749458765977,95
2024-09-16 10:48:01.016,416.6995238524445,97
2024-09-16 10:48:01.510,416.7044699702562,15
2024-09-16 10:48:01.924,416.7208709004141,5
2024-09-16 10:48:02.008,416.7029607193285,101
2024-09-16 10:48:02.020,416.68844870449743,103
2024-09-16 10:48:02.034,416.6711660846474,12
2024-09-16 10:48:02.054,416.683634432408,104
2024-09-16 10:48:02.088,416.6503572600079,1003
2024-09-16 10:48:02.132,416.7043017317878,95
2024-09-16 10:48:02.154,416.6703552662998,105
2024-09-16 10:48:02.412,416.6862957976426,996
2024-09-16 10:48:02.423,416.6752134268909,101
2024-09-16 10:48:02.510,416.6657185843743,14
2024-09-16 10:48:02.652,416.72220198242655,1005
2024-09-16 10:48:02.681,416.6974995502943,1005
2024-09-16 10:48:02.684,416.7468798572749,100
2024-09-16 10:48:02.685,416.7469745097218,95
2024-09-16 10:48:02.711,416.6726743824448,5
2024-09-16 10:48:02.730,416.6807820159955,999
2024-09-16 10:48:02.741,416.751087309756,100
2024-09-16 10:48:02.779,416.6492202477222,104
2024-09-16 10:48:02.813,416.7451114434021,997
2024-09-16 10:48:02.845,416.661276966607,12
2024-09-16 10:48:02.904,416.6927938740751,13
2024-09-16 10:48:02.914,416.74313660008846,7
2024-09-16 10:48:02.930,416.7412973631248,96
2024-09-16 10:48:02.955,416.7268399210704,7
2024-09-16 10:48:02.989,416.7049204080752,10
2024-09-16 10:48:03.044,416.7857547038805,5
2024-09-16 10:48:03.086,416.7544499628832,98
2024-09-16 10:48:03.157,416.7653110040814,103
2024-09-16 10:48:03.168,416.7870656024599,1002
2024-09-16 10:48:03.186,416.74378160509445,104
2024-09-16 10:48:03.273,416.7613222231164,5
2024-09-16 10:48:03.322,416.7666258990891,96
2024-09-16 10:48:03.360,416.7817340709403,997
2024-09-16 10:48:03.366,416.75000660047306,5
2024-09-16 10:48:03.366,416.7477714596212,1005
2024-09-16 10:48:03.424,416.750032387041,1002
2024-09-16 10:48:03.442,416.77387245427576,103
2024-09-16 10:48:03.467,416.791947135264,1004
2024-09-16 10:48:03.487,416.7698114852014,10
2024-09-16 10:48:03.528,416.7652230776586,96
2024-09-16 10:48:03.550,416.7594318531071,8
2024-09-16 10:48:03.602,416.7833391685383,105
2024-09-16 10:48:03.724,416.7913689589433,1005
2024-09-16 10:48:03.764,416.7607092824256,100
2024-09-16 10:48:03.822,416.7783868246228,8
2024-09-16 10:48:03.832,416.77553458033833,105
2024-09-16 10:48:03.849,416.7674409231069,996
2024-09-16 10:48:03.851,416.7779116644574,14
2024-09-16 10:48:03.856,416.7473482980199,5
2024-09-16 10:48:03.985,416.8059847671364,1005
2024-09-16 10:48:03.998,416.7813326345876,998
2024-09-16 10:48:04.059,416.7768519212872,104
2024-09-16 10:48:04.150,416.7812819968676,105
2024-09-16 10:48:04.155,416.7959320816621,97
2024-09-16 10:48:04.191,416.780671355456,95
2024-09-16 10:48:04.201,-416.8029836624094,999
2024-09-16 10:48:04.275,416.795836941604,1002
2024-09-16 10:48:04.373,416.77528852707735,1003
2024-09-16 10:48:04.391,416.7931881280234,998
2024-09-16 10:48:04.448,416.7752684482516,12
2024-09-16 10:48:04.518,-416.7770553491494,1000
2024-09-16 10:48:04.614,416.7826482745749,1000
2024-09-16 10:48:04.643,416.7858459799562,13
2024-09-16 10:48:04.740,416.78717846225607,96
2024-09-16 10:48:05.115,416.75717187628186,13
2024-09-16 10:48:05.240,416.7796637847087,102
2024-09-16 10:48:05.317,416.7360758018209,10
2024-09-16 10:48:05.373,416.7963081446727,1003
2024-09-16 10:48:05.400,416.7505498842396,996
2024-09-16 10:48:05.402,416.7950168915247,11
2024-09-16 10:48:05.488,416.7326975714143,97
2024-09-16 10:48:05.516,416.7610369041727,100
2024-09-16 10:48:05.530,416.7905350119212,5
2024-09-16 10:48:05.537,416.77955870954,7
2024-09-16 10:48:05.604,416.7827782243736,105
2024-09-16 10:48:05.645,416.79315995273816,995
2024-09-16 10:48:05.660,416.7710153046981,1003
2024-09-16 10:48:05.666,416.74692779884623,1004
2024-09-16 10:48:05.679,416.74042442339896,1003
2024-09-16 10:48:05.774,416.74312272897055,997
2024-09-16 10:48:05.807,416.7932715883247,1003
2024-09-16 10:48:05.889,416.7923908783562,8
2024-09-16 10:48:05.933,416.75565470651367,5
2024-09-16 10:48:05.976,416.7860537472826,11
2024-09-16 10:48:05.996,416.7946997126046,95
2024-09-16 10:48:06.011,416.76215627589374,8
2024-09-16 10:48:06.158,416.72306335022574,1000
2024-09-16 10:48:06.453,41.6752760223306,97
2024-09-16 10:48:06.537,416.7443548127607,995
2024-09-16 10:48:06.542,416.7549992632632,8
2024-09-16 10:48:06.629,416.7372543160087,99
2024-09-16 10:48:06.701,416.718391890191,102
2024-09-16 10:48:06.765,416.7950719385993,96
2024-09-16 10:48:06.865,416.73306556039137,96
2024-09-16 10:48:06.910,416.79438768135833,5
2024-09-16 10:48:07.010,416.76943904209526,97
2024-09-16 10:48:07.016,416.7726836574358,13
2024-09-16 10:48:07.036,416.8174231792336,95
2024-09-16 10:48:07.046,416.8113088990847,102
2024-09-16 10:48:07.058,416.82686355097377,7
2024-09-16 10:48:07.079,416.7980236035647,12
2024-09-16 10:48:07.082,416.7997841282737,8
2024-09-16 10:48:07.121,416.7983098887515,998
2024-09-16 10:48:07.217,416.8247306399625,10
2024-09-16 10:48:07.311,416.805201693108,13
2024-09-16 10:48:07.377,416.7283181392775,1000
2024-09-16 10:48:07.392,416.7354604578224,1004
2024-09-16 10:48:07.445,416.80403876399646,995
2024-09-16 10:48:07.491,416.7890587870805,1000
2024-09-16 10:48:07.504,416.7883804576101,996
2024-09-16 10:48:07.535,416.8144109679696,96
2024-09-16 10:48:07.547,416.78121706023086,14
2024-09-16 10:48:07.591,416.7336657990632,104
2024-09-16 10:48:07.771,416.7286880294554,5
2024-09-16 10:48:07.773,416.82996647537016,104
2024-09-16 10:48:07.825,416.8064693241623,98
2024-09-16 10:48:07.849,416.8127715255951,999
2024-09-16 10:48:07.896,416.8068010059315,6
2024-09-16 10:48:07.959,416.8063182327877,95
2024-09-16 10:48:07.982,416.7460956927087,105
2024-09-16 10:48:08.073,416.7314985445056,10
2024-09-16 10:48:08.080,416.76009957292433,103
2024-09-16 10:48:08.166,416.75433543710346,999
2024-09-16 10:48:08.483,416.7136463658784,1005
2024-09-16 10:48:08.493,416.732176185926,8
2024-09-16 10:48:08.620,416.7221938512282,99
2024-09-16 10:48:08.729,416.7276798463422,104
2024-09-16 10:48:08.834,416.7421640002112,7
2024-09-16 10:48:08.851,416.7423368711397,1004
2024-09-16 10:48:09.027,416.7266940819237,1001
2024-09-16 10:48:09.109,416.73400143546,11
2024-09-16 10:48:09.127,416.6638810238749,101
2024-09-16 10:48:09.150,416.65170564479786,13
2024-09-16 10:48:09.332,416.6502156229259,104
2024-09-16 10:48:09.340,416.6469308125862,14
2024-09-16 10:48:09.352,416.6812354581986,15
2024-09-16 10:48:09.430,416.7244315321352,1000
2024-09-16 10:48:09.547,416.6959455907593,1004
2024-09-16 10:48:09.561,416.6689093905028,102
2024-09-16 10:48:09.639,416.6526091579713,1005
2024-09-16 10:48:09.689,416.6528195188212,98
2024-09-16 10:48:09.692,416.6420738157344,6
2024-09-16 10:48:09.733,416.65240438979714,1000
2024-09-16 10:48:09.896,416.7118149821238,102
2024-09-16 10:48:09.901,416.65190235982527,995
2024-09-16 10:48:09.934,416.6550159752256,12
2024-09-16 10:48:09.984,,9
2024-09-16 10:48:10.021,416.6902553634159,1003
2024-09-16 10:48:10.089,416.7143879421075,1005
2024-09-16 10:48:10.260,416.7350841415341,11
2024-09-16 10:48:10.348,416.734976012308,10
2024-09-16 10:48:10.402,416.7391334443452,103
2024-09-16 10:48:10.420,416.7422790606216,1001
2024-09-16 10:48:10.425,416.7118553034483,99
2024-09-16 10:48:10.434,416.7505482283837,1002
2024-09-16 10:48:10.465,416.7345338439728,1004
2024-09-16 10:48:10.597,416.7350017107176,998
2024-09-16 10:48:10.649,416.65263420214177,103
2024-09-16 10:48:10.716,416.6652895416468,103
2024-09-16 10:48:10.722,416.63679858373297,6
2024-09-16 10:48:10.733,416.7449898020377,999
2024-09-16 10:48:10.771,416.7371012121902,12
2024-09-16 10:48:10.783,416.6551908368077,95
2024-09-16 10:48:10.833,416.6958290287525,5
2024-09-16 10:48:11.282,416.7604020618658,95
2024-09-16 10:48:11.455,416.75962482888826,1001
2024-09-16 10:48:11.491,416.757379203427,10
2024-09-16 10:48:11.822,416.7675298845898,9
2024-09-16 10:48:11.860,416.7622312848887,100
2024-09-16 10:48:12.025,416.78895427085934,100
2024-09-16 10:48:12.033,416.7767583289567,14
2024-09-16 10:48:12.058,416.7962733672616,8
2024-09-16 10:48:12.067,416.7918506486622,1001
2024-09-16 10:48:12.076,416.773402301472,1005
2024-09-16 10:48:12.084,416.732870122556,1005
2024-09-16 10:48:12.188,416.7870450696957,102
2024-09-16 10:48:12.193,416.7358207055525,8
2024-09-16 10:48:12.202,,995
2024-09-16 10:48:12.216,416.743973469446,12
2024-09-16 10:48:12.293,416.7162005792439,7
2024-09-16 10:48:12.294,416.7735380082301,7
2024-09-16 10:48:12.341,416.7033295603108,10
2024-09-16 10:48:12.351,416.73872563794464,1002
2024-09-16 10:48:12.352,416.7015060054948,6
2024-09-16 10:48:12.389,416.7257866515131,995
2024-09-16 10:48:12.536,416.7608851443655,12
2024-09-16 10:48:12.608,416.762738281842,97
2024-09-16 10:48:12.634,416.748283708556,1000
2024-09-16 10:48:12.656,416.73294959887306,100
2024-09-16 10:48:12.774,41.67718345058771,101
2024-09-16 10:48:12.847,416.7284866354552,995
2024-09-16 10:48:12.908,416.7179339747266,999
2024-09-16 10:48:12.931,416.7412940904084,98
2024-09-16 10:48:12.960,416.72321040731424,99
2024-09-16 10:48:12.994,416.7694754486683,1002
2024-09-16 10:48:13.018,416.7285439812175,995
2024-09-16 10:48:13.033,416.7336489693768,1003
2024-09-16 10:48:13.076,,998
2024-09-16 10:48:13.181,416.786628285977,995
2024-09-16 10:48:13.199,416.73707400419073,102
2024-09-16 10:48:13.224,416.78102679247263,7
2024-09-16 10:48:13.296,416.7010345444416,995
2024-09-16 10:48:13.323,416.7408238720246,5
2024-09-16 10:48:13.406,416.78779532653095,998
2024-09-16 10:48:13.415,416.7877208345579,15
2024-09-16 10:48:13.453,416.7488257791994,105
2024-09-16 10:48:13.454,-416.7215749929082,99
2024-09-16 10:48:13.473,416.7492550494986,1000
2024-09-16 10:48:13.476,416.7684149199231,9
2024-09-16 10:48:13.641,416.7902776043173,8
2024-09-16 10:48:13.655,416.7343210048034,10
2024-09-16 10:48:13.657,416.7651953140482,103
2024-09-16 10:48:13.659,416.7701184319898,13
2024-09-16 10:48:13.688,416.77500339822353,15
2024-09-16 10:48:13.713,416.7321808620784,996
2024-09-16 10:48:13.732,416.7382182917969,1004
2024-09-16 10:48:13.737,416.7721781251136,11
2024-09-16 10:48:13.769,416.7117702874885,1000
2024-09-16 10:48:13.778,416.736600636407,997
2024-09-16 10:48:13.896,416.7201342651272,99
2024-09-16 10:48:13.938,416.69493957276416,99
2024-09-16 10:48:13.946,416.7468627314192,9
2024-09-16 10:48:13.962,416.78332193914974,8
2024-09-16 10:48:14.075,416.7560959371288,8
2024-09-16 10:48:14.089,416.7746116174293,995
2024-09-16 10:48:14.133,416.7653208853832,998
2024-09-16 10:48:14.165,,8
2024-09-16 10:48:14.188,416.7489893332944,8
2024-09-16 10:48:14.269,416.7540108947032,1000
2024-09-16 10:48:14.371,416.7439628323234,12
2024-09-16 10:48:14.638,416.7622915494912,1003
2024-09-16 10:48:14.741,416.7650447943359,12
2024-09-16 10:48:14.760,416.761969753034,995
2024-09-16 10:48:14.825,416.7417601396077,1001
2024-09-16 10:48:14.835,416.7487147113837,14
2024-09-16 10:48:14.936,416.7604280350308,1000
2024-09-16 10:48:14.987,416.75508929036704,8
2024-09-16 10:48:15.018,416.7124775026013,13
2024-09-16 10:48:15.094,416.79452773592135,1001
2024-09-16 10:48:15.130,416.7288760462868,996
2024-09-16 10:48:15.134,416.77640373512776,15
2024-09-16 10:48:15.171,416.7816688651829,8
2024-09-16 10:48:15.223,416.7804308494088,1005
2024-09-16 10:48:15.224,416.7626360909718,10
2024-09-16 10:48:15.235,416.7669418877522,11
2024-09-16 10:48:15.476,416.75025541200864,100
2024-09-16 10:48:15.539,416.7810444977136,13
2024-09-16 10:48:15.648,416.775900161175,95
2024-09-16 10:48:15.655,416.7069233082252,105
2024-09-16 10:48:15.771,416.7926003445637,98
2024-09-16 10:48:15.773,416.7331233226748,5
2024-09-16 10:48:15.820,416.77389440784,1002
2024-09-16 10:48:15.839,416.7776408034787,96
2024-09-16 10:48:15.899,416.77144056071467,8
2024-09-16 10:48:15.915,416.7409384089779,6
2024-09-16 10:48:15.962,416.7706357038862,12
2024-09-16 10:48:16.005,416.75824475430886,996
2024-09-16 10:48:16.033,416.721901837013,9
2024-09-16 10:48:16.097,416.7660811620388,97
2024-09-16 10:48:16.108,416.7751246258255,105
2024-09-16 10:48:16.110,416.73795714753504,7
2024-09-16 10:48:16.264,416.73088534510566,999
2024-09-16 10:48:16.278,416.7630343158988,100
2024-09-16 10:48:16.281,416.7639395759262,99
2024-09-16 10:48:16.294,416.7718350845228,1005
2024-09-16 10:48:16.309,416.7705657607392,999
2024-09-16 10:48:16.333,416.719075966319,104
2024-09-16 10:48:16.402,416.75982899064127,1001
2024-09-16 10:48:16.416,416.7461742572348,14
2024-09-16 10:48:16.451,416.7301511290741,103
2024-09-16 10:48:16.461,416.7505832197373,999
2024-09-16 10:48:16.568,416.7676752777432,8
2024-09-16 10:48:16.635,416.7315141305471,8
2024-09-16 10:48:16.648,416.7679763245539,105
2024-09-16 10:48:16.694,416.7309898829516,997
2024-09-16 10:48:16.760,416.7123917424864,98
2024-09-16 10:48:16.777,416.69571885082735,11
2024-09-16 10:48:16.781,416.74075033262847,98
2024-09-16 10:48:16.784,416.7210691626958,97
2024-09-16 10:48:16.827,416.7510066996776,1003
2024-09-16 10:48:16.837,416.7131863848654,104
2024-09-16 10:48:16.881,416.7459612063802,7
2024-09-16 10:48:16.887,416.7422895719213,1004
2024-09-16 10:48:16.968,416.7673360075537,1000
2024-09-16 10:48:16.985,416.7261245276059,11
2024-09-16 10:48:17.023,416.7133147812728,998
2024-09-16 10:48:17.037,416.7634759703585,11
2024-09-16 10:48:17.192,416.75306257859455,102
2024-09-16 10:48:17.524,416.7294505022006,1003
2024-09-16 10:48:17.656,416.745727062393,97
2024-09-16 10:48:17.766,416.7519344109829,102
2024-09-16 10:48:17.864,416.7507941801935,995
2024-09-16 10:48:18.143,416.7832637813258,13
2024-09-16 10:48:18.464,416.75956492309615,105
2024-09-16 10:48:18.653,416.7633253210989,9
2024-09-16 10:48:18.941,416.7710865805728,1003
2024-09-16 10:48:19.022,416.77381034377305,12
2024-09-16 10:48:19.029,416.7950170065727,997
2024-09-16 10:48:19.075,416.77187908596943,95
2024-09-16 10:48:19.099,416.8322688113271,996
2024-09-16 10:48:19.123,416.8173643024799,103
2024-09-16 10:48:19.249,416.7782851068068,105
2024-09-16 10:48:19.364,416.8497698684251,104
2024-09-16 10:48:19.389,416.7762395920835,11
2024-09-16 10:48:19.430,416.77044515610174,103
2024-09-16 10:48:19.450,416.82067649407657,998
2024-09-16 10:48:19.484,416.8469909840554,997
2024-09-16 10:48:19.487,416.77141573791954,101
2024-09-16 10:48:19.497,416.824321692363,101
2024-09-16 10:48:19.512,41.682660798561294,99
2024-09-16 10:48:19.533,416.8066324556826,15
2024-09-16 10:48:19.551,416.8240343051089,101
2024-09-16 10:48:19.582,416.7761745724595,997
2024-09-16 10:48:19.613,416.84674424911145,999
2024-09-16 10:48:19.623,416.7647782157271,7
2024-09-16 10:48:19.746,416.7816027160055,10
2024-09-16 10:48:19.768,416.843899916563,101
2024-09-16 10:48:19.933,416.77693924140266,995
2024-09-16 10:48:19.992,416.81944307864,15
2024-09-16 10:48:20.010,416.84908039554864,999
2024-09-16 10:48:20.018,416.8733158042443,103
2024-09-16 10:48:20.018,416.8897899267188,6
2024-09-16 10:48:20.074,416.8984333999538,7
2024-09-16 10:48:20.250,416.8729564507706,100
2024-09-16 10:48:20.260,416.8981027045283,13
2024-09-16 10:48:20.276,416.8620119214991,98
2024-09-16 10:48:20.294,416.8359129465024,99
2024-09-16 10:48:20.304,416.86073897732985,9
2024-09-16 10:48:20.381,416.8626422238718,103
2024-09-16 10:48:20.492,416.8837700192977,95
2024-09-16 10:48:20.523,416.8791647649642,996
2024-09-16 10:48:20.534,416.8724607885504,998
2024-09-16 10:48:20.623,416.8684235386437,8
2024-09-16 10:48:20.654,416.9163345078987,101
2024-09-16 10:48:20.667,416.9077715079114,104
2024-09-16 10:48:20.688,416.84638512115816,999
2024-09-16 10:48:20.693,416.8626497041891,1005
2024-09-16 10:48:20.735,416.8753934835448,99
2024-09-16 10:48:20.786,416.9275677526379,998
2024-09-16 10:48:20.811,416.8359408032578,96
2024-09-16 10:48:20.828,416.8582024533484,997
2024-09-16 10:48:20.842,416.85382695005785,7
2024-09-16 10:48:20.848,416.8630857110607,12
2024-09-16 10:48:20.857,416.9439490181084,14
2024-09-16 10:48:20.877,416.8651797904427,105
2024-09-16 10:48:20.981,416.88407367816666,11
2024-09-16 10:48:20.991,416.9271243997257,11
2024-09-16 10:48:21.057,416.8614072072222,105
2024-09-16 10:48:21.094,416.8639926158723,95
2024-09-16 10:48:21.508,416.8740246360872,96
2024-09-16 10:48:21.808,416.8711435490308,101
2024-09-16 10:48:22.111,416.8885193406482,10
2024-09-16 10:48:22.178,416.92440345295824,101
2024-09-16 10:48:22.265,416.9063009399869,6
2024-09-16 10:48:22.423,416.9073705732892,998
2024-09-16 10:48:22.607,416.9192900291078,1000
2024-09-16 10:48:22.613,416.9078765554624,97
2024-09-16 10:48:22.917,416.91715083662245,1005
2024-09-16 10:48:22.934,416.91527645116633,14
2024-09-16 10:48:22.967,416.892153159865,7
2024-09-16 10:48:23.040,416.8935667743023,10
2024-09-16 10:48:23.084,416.891183831964,13
2024-09-16 10:48:23.105,416.8746651477159,97
2024-09-16 10:48:23.196,416.9033682602191,95
2024-09-16 10:48:23.204,416.89769933582096,997
2024-09-16 10:48:23.246,416.883302004952,100
2024-09-16 10:48:23.408,416.8939657392036,7
2024-09-16 10:48:23.447,416.8914135658772,998
2024-09-16 10:48:23.458,416.8589257999472,11
2024-09-16 10:48:23.458,416.9409764235903,8
2024-09-16 10:48:23.483,416.88310187414976,14
2024-09-16 10:48:23.556,,98
2024-09-16 10:48:23.557,416.9166466138095,9
2024-09-16 10:48:23.558,416.88763589368665,1001
2024-09-16 10:48:23.569,416.8723205890427,101
2024-09-16 10:48:23.581,416.9544534157211,99
2024-09-16 10:48:23.614,416.91214848568205,1002
2024-09-16 10:48:23.692,416.9026575420394,12
2024-09-16 10:48:23.736,416.9113293117847,1001
2024-09-16 10:48:23.738,416.9437400690201,995
2024-09-16 10:48:23.744,416.8455744109497,999
2024-09-16 10:48:23.785,416.9150720618002,995
2024-09-16 10:48:23.791,416.8776289771989,1003
2024-09-16 10:48:23.796,416.8711778065013,1001
2024-09-16 10:48:23.835,416.89689744544177,6
2024-09-16 10:48:23.886,416.91376816609096,1005
2024-09-16 10:48:23.886,-416.9419255937248,8
2024-09-16 10:48:24.296,416.82890691387263,996
2024-09-16 10:48:24.303,416.8499902617587,997
2024-09-16 10:48:24.740,416.8434431640999,101
2024-09-16 10:48:24.794,416.8553180516362,102
2024-09-16 10:48:25.329,416.8336599558986,1003
2024-09-16 10:48:25.906,416.83877576477727,1001
2024-09-16 10:48:26.150,416.8006536503246,97
2024-09-16 10:48:26.170,416.8274806616488,1002
2024-09-16 10:48:26.176,416.8410230070796,99
2024-09-16 10:48:26.177,416.85316181893256,9
2024-09-16 10:48:26.203,416.8056828883227,95
2024-09-16 10:48:26.213,416.853871841782,99
2024-09-16 10:48:26.254,416.8540366604779,997
2024-09-16 10:48:26.341,416.8170154772227,101
2024-09-16 10:48:26.389,416.82326488183975,15
2024-09-16 10:48:26.489,416.817430067053,96
2024-09-16 10:48:26.560,416.82588529835374,9
2024-09-16 10:48:26.577,416.7913041520507,5
2024-09-16 10:48:26.582,416.8538834119458,102
2024-09-16 10:48:26.605,416.81768659581655,5
2024-09-16 10:48:26.632,416.85595729469327,11
2024-09-16 10:48:26.666,416.8726836964747,998
2024-09-16 10:48:26.712,416.8113158227021,1001
2024-09-16 10:48:26.815,416.8444457069015,15
2024-09-16 10:48:26.850,416.8289080597522,1004
2024-09-16 10:48:26.898,416.81981115721936,1002
2024-09-16 10:48:26.939,416.84103105902113,995
2024-09-16 10:48:26.984,416.8403915722693,997
2024-09-16 10:48:27.108,416.81643144636587,1001
2024-09-16 10:48:27.269,416.8247891675431,1002
2024-09-16 10:48:27.328,416.8227031171513,1005
2024-09-16 10:48:27.732,416.802860450305,999
2024-09-16 10:48:27.796,416.7973989952893,995
2024-09-16 10:48:28.233,416.7929198307343,6
2024-09-16 10:48:28.345,416.7870283107073,10
2024-09-16 10:48:28.506,416.7720285983796,104
2024-09-16 10:48:29.070,416.8086565268929,104
2024-09-16 10:48:29.076,416.7784494093294,97
2024-09-16 10:48:29.145,416.7953728225089,1004
2024-09-16 10:48:29.186,416.7780530079294,98
2024-09-16 10:48:29.188,416.8026093252584,8
2024-09-16 10:48:29.219,,104
2024-09-16 10:48:29.284,416.7658823106263,1000
2024-09-16 10:48:29.364,416.8132555586997,1000
2024-09-16 10:48:29.367,416.7983892772433,15
2024-09-16 10:48:29.460,416.8047979480399,97
2024-09-16 10:48:29.644,416.7709477930391,1005
2024-09-16 10:48:29.725,416.7662358718183,98
2024-09-16 10:48:29.811,,12
2024-09-16 10:48:29.815,416.7997416243838,7
2024-09-16 10:48:29.852,416.8002957862118,103
2024-09-16 10:48:29.860,416.78666542760783,100
2024-09-16 10:48:29.995,416.7960551372095,15
2024-09-16 10:48:30.007,416.6129843562992,97
2024-09-16 10:48:30.106,416.6539254186586,998
2024-09-16 10:48:30.117,416.7224963651715,98
2024-09-16 10:48:30.155,416.72049157421344,12
2024-09-16 10:48:30.227,416.6153688950886,13
2024-09-16 10:48:30.231,416.6126869425325,8
2024-09-16 10:48:30.236,416.6384075872579,104
2024-09-16 10:48:30.300,416.6906344021052,1002
2024-09-16 10:48:30.416,416.6476967245442,14
2024-09-16 10:48:30.421,416.7880960462309,1005
2024-09-16 10:48:30.426,416.6467702005024,15
2024-09-16 10:48:30.437,416.7124642353604,14
2024-09-16 10:48:30.440,416.6535008761853,997
2024-09-16 10:48:30.504,41.66706622177253,12
2024-09-16 10:48:30.508,416.71316966174334,1003
2024-09-16 10:48:30.509,416.7069277231304,15
2024-09-16 10:48:30.642,416.7336121414714,99
2024-09-16 10:48:30.644,416.62293054173495,1003
2024-09-16 10:48:30.652,416.678279453826,11
2024-09-16 10:48:30.756,416.75333854650273,14
2024-09-16 10:48:30.762,416.6263466203877,12
2024-09-16 10:48:30.808,416.6809811648602,98
2024-09-16 10:48:30.853,416.6686715121907,101
2024-09-16 10:48:30.868,416.62774831056447,103
2024-09-16 10:48:30.881,416.6731557936556,996
2024-09-16 10:48:30.886,-416.77495560412666,104
2024-09-16 10:48:30.961,416.6432103442903,14
2024-09-16 10:48:31.018,416.63853020736616,1002
2024-09-16 10:48:31.131,416.65084832433206,995
2024-09-16 10:48:31.189,416.660706103974,12
2024-09-16 10:48:31.299,416.64206377229567,101
2024-09-16 10:48:31.336,416.6386111939311,102
2024-09-16 10:48:31.426,416.6465191376714,104
2024-09-16 10:48:31.673,416.6515379299135,1001
2024-09-16 10:48:31.872,416.6417516487895,1002
2024-09-16 10:48:32.057,416.6405654317284,13
2024-09-16 10:48:32.079,416.6423872003999,102
2024-09-16 10:48:32.138,416.6521883394496,996
2024-09-16 10:48:32.230,416.65566160458025,1005
2024-09-16 10:48:32.237,416.6425362817648,1000
2024-09-16 10:48:32.336,416.66283444993576,9
2024-09-16 10:48:32.344,416.6855072417481,97
2024-09-16 10:48:32.592,416.6748755468191,103
2024-09-16 10:48:32.593,416.6615249271127,101
2024-09-16 10:48:32.627,416.66901964348233,12
2024-09-16 10:48:32.629,416.6699277443742,98
2024-09-16 10:48:32.644,416.67425365125047,1002
2024-09-16 10:48:32.741,416.6503243008545,1000
2024-09-16 10:48:32.758,416.6568884323347,995
2024-09-16 10:48:32.965,416.646197628885,998
2024-09-16 10:48:33.002,416.6819564086344,998
2024-09-16 10:48:33.016,416.7410454242189,14
2024-09-16 10:48:33.077,416.70126071399216,11
2024-09-16 10:48:33.115,416.6683923722493,10
2024-09-16 10:48:33.124,416.79203211987306,1004
2024-09-16 10:48:33.154,416.7350456476925,10
2024-09-16 10:48:33.202,416.6857306122131,1000
2024-09-16 10:48:33.277,416.7094578718745,5
2024-09-16 10:48:33.279,416.719572659908,8
2024-09-16 10:48:33.302,416.675568843725,5
2024-09-16 10:48:33.326,416.7781787034041,15
2024-09-16 10:48:33.377,416.84057817141615,13
2024-09-16 10:48:33.384,416.8091217777525,13
2024-09-16 10:48:33.505,416.69620239450967,9
2024-09-16 10:48:33.534,416.6916734437381,1000
2024-09-16 10:48:33.573,416.6885764736892,98
2024-09-16 10:48:33.621,416.69400901836406,6
2024-09-16 10:48:33.639,416.7731127888646,101
2024-09-16 10:48:33.646,416.69513275991415,96
2024-09-16 10:48:33.654,416.68499532454223,96
2024-09-16 10:48:33.656,416.7118930826935,1004
2024-09-16 10:48:33.662,416.7656529699128,14
2024-09-16 10:48:33.675,41.67014416947613,104
2024-09-16 10:48:33.689,416.8239530016683,1005
2024-09-16 10:48:33.785,416.6670746865181,7
2024-09-16 10:48:33.817,416.8073624387257,996
2024-09-16 10:48:33.830,416.8517879933567,10
2024-09-16 10:48:33.868,416.6750158988685,7
2024-09-16 10:48:34.055,416.78078585694345,6
2024-09-16 10:48:34.109,416.76933461256766,96
2024-09-16 10:48:34.243,416.8114924495797,98
2024-09-16 10:48:34.353,416.7967031811799,100
2024-09-16 10:48:34.364,416.8032480126552,995
2024-09-16 10:48:34.398,416.8038586719076,12
2024-09-16 10:48:34.420,416.8164150013994,96
2024-09-16 10:48:34.602,416.81175895187255,995
2024-09-16 10:48:34.638,416.81563094391777,5
2024-09-16 10:48:34.823,416.7658802249,6
2024-09-16 10:48:34.894,416.7947348535558,1000
2024-09-16 10:48:34.977,416.7643536276461,998
2024-09-16 10:48:35.008,416.8079731729877,997
2024-09-16 10:48:35.042,416.7350873728184,1002
2024-09-16 10:48:35.099,416.8138609263373,1004
2024-09-16 10:48:35.188,416.8249546998092,102
2024-09-16 10:48:35.215,41.678625543999246,1004
2024-09-16 10:48:35.226,416.73886696222536,105
2024-09-16 10:48:35.235,416.8127317447152,14
2024-09-16 10:48:35.269,416.771939117152,10
2024-09-16 10:48:35.352,416.8035930821398,95
2024-09-16 10:48:35.379,416.7280358276579,7
2024-09-16 10:48:35.407,416.79716548011817,97
2024-09-16 10:48:35.444,416.77865402188297,102
2024-09-16 10:48:35.587,416.8239389048797,997
2024-09-16 10:48:35.597,416.742948526802,1005
2024-09-16 10:48:35.636,416.78940993250256,100
2024-09-16 10:48:35.659,416.7287449153845,14
2024-09-16 10:48:35.725,416.7410170742101,102
2024-09-16 10:48:35.729,416.7530988508123,7
2024-09-16 10:48:35.766,416.8296219723771,105
2024-09-16 10:48:35.779,416.7407071578946,999
2024-09-16 10:48:35.796,416.7793520773093,1005
2024-09-16 10:48:35.876,416.7358804436449,7
2024-09-16 10:48:35.963,416.7587294325443,15
2024-09-16 10:48:35.968,416.79106862227263,15
2024-09-16 10:48:35.982,416.74694608865457,13
2024-09-16 10:48:36.196,416.8392002090478,14
2024-09-16 10:48:36.223,416.8180654083488,8
2024-09-16 10:48:36.275,416.7960582269657,101
2024-09-16 10:48:36.357,416.81849158516354,99
2024-09-16 10:48:36.428,416.8021263620029,10
2024-09-16 10:48:36.581,416.8241387909462,105
2024-09-16 10:48:36.590,416.81815650347903,10
2024-09-16 10:48:36.725,416.82720805479073,6
2024-09-16 10:48:36.733,416.8059345610023,7
2024-09-16 10:48:36.758,416.7966317778306,105
2024-09-16 10:48:36.825,416.7902920157685,1005
2024-09-16 10:48:36.846,416.7938649063156,99
2024-09-16 10:48:36.903,416.8362005287957,996
2024-09-16 10:48:36.948,416.8040073188283,6
2024-09-16 10:48:37.010,416.7851196598833,11
2024-09-16 10:48:37.066,416.7665088907352,7
2024-09-16 10:48:37.131,,102
2024-09-16 10:48:37.234,41.682737534668114,15
2024-09-16 10:48:37.287,416.81513999447554,1003
2024-09-16 10:48:37.304,416.8021596128247,8
2024-09-16 10:48:37.353,416.8385760158863,9
2024-09-16 10:48:37.364,416.7823360205002,7
2024-09-16 10:48:37.366,416.8104187706982,99
2024-09-16 10:48:37.375,416.7826371661968,100
2024-09-16 10:48:37.435,416.829079693288,6
2024-09-16 10:48:37.444,416.79588944946255,95
2024-09-16 10:48:37.475,416.7875815944819,1005
2024-09-16 10:48:37.561,416.7890333319123,995
2024-09-16 10:48:37.605,416.8369765688251,998
2024-09-16 10:48:37.618,416.783412943253,99
2024-09-16 10:48:37.642,416.7795224440342,1004
2024-09-16 10:48:37.650,416.7894488301337,8
2024-09-16 10:48:37.654,416.79714051875055,13
2024-09-16 10:48:37.668,416.7841262112551,1004
2024-09-16 10:48:37.694,416.7592242438094,6
2024-09-16 10:48:37.713,416.8455878863237,8
2024-09-16 10:48:37.763,416.7721250630077,10
2024-09-16 10:48:37.829,416.8234204788691,995
2024-09-16 10:48:37.868,416.7856382824663,999
2024-09-16 10:48:37.877,416.7837541919777,1005
2024-09-16 10:48:37.928,416.797685793352,14
2024-09-16 10:48:37.952,416.7838766649155,997
2024-09-16 10:48:37.991,416.78956849985497,96
2024-09-16 10:48:38.038,416.7531005039367,1002
2024-09-16 10:48:38.040,416.8348908244661,1002
2024-09-16 10:48:38.080,416.7459739453788,997
2024-09-16 10:48:38.177,416.7385634751608,8
2024-09-16 10:48:38.209,416.82737605379936,12
2024-09-16 10:48:38.324,416.7737277769394,13
2024-09-16 10:48:38.327,416.7964113950269,102
2024-09-16 10:48:38.381,416.7755595513249,9
2024-09-16 10:48:38.486,416.7555347003676,1000
2024-09-16 10:48:38.644,416.8086904011019,1004
2024-09-16 10:48:38.743,416.7801648233764,99
2024-09-16 10:48:38.745,416.76244306344057,11
2024-09-16 10:48:38.749,416.77031846361047,105
2024-09-16 10:48:38.799,416.7373059894587,1000
2024-09-16 10:48:38.843,416.738015529503,1004
2024-09-16 10:48:38.853,416.7352870641973,12
2024-09-16 10:48:38.902,416.7360542798784,97
2024-09-16 10:48:38.912,416.8154809320569,6
2024-09-16 10:48:38.986,416.7441747434144,1002
2024-09-16 10:48:39.087,416.7289173061728,13
2024-09-16 10:48:39.123,416.7313167878015,1001
2024-09-16 10:48:39.244,416.7415887460435,998
2024-09-16 10:48:39.275,416.7123045617056,11
2024-09-16 10:48:39.300,416.7426785675066,101
2024-09-16 10:48:39.304,416.7218532650554,6
2024-09-16 10:48:39.454,416.7259935766288,7
2024-09-16 10:48:39.457,416.7305593524861,99
2024-09-16 10:48:39.464,416.7024820374787,1004
2024-09-16 10:48:39.474,416.7294759745157,98
2024-09-16 10:48:39.495,416.720641983304,100
2024-09-16 10:48:39.656,416.7349004167404,15
2024-09-16 10:48:39.927,416.7328036983165,99
2024-09-16 10:48:39.938,416.70496618764514,101
2024-09-16 10:48:39.943,416.7095529127217,996
2024-09-16 10:48:39.965,416.7201034071132,1003
2024-09-16 10:48:40.043,416.7185032460941,8
2024-09-16 10:48:40.082,416.7257608757899,103
2024-09-16 10:48:40.107,416.7444308116871,14
2024-09-16 10:48:40.135,416.7255448361992,97
2024-09-16 10:48:40.250,416.71746035266665,1004
2024-09-16 10:48:40.261,416.693565165871,9
2024-09-16 10:48:40.317,416.7373201533609,105
2024-09-16 10:48:40.338,416.7485281839329,99
2024-09-16 10:48:40.411,416.71217347931616,1001
2024-09-16 10:48:40.418,416.72533290650944,995
2024-09-16 10:48:40.672,416.6946096993525,101
2024-09-16 10:48:40.789,416.7306920612736,13
2024-09-16 10:48:41.060,416.68946058621367,103
2024-09-16 10:48:41.075,416.6856037329172,9
2024-09-16 10:48:41.096,416.6871900464041,96
2024-09-16 10:48:41.227,416.7162257315889,995
2024-09-16 10:48:41.230,416.6664176360456,96
2024-09-16 10:48:41.371,416.7068545932055,1005
2024-09-16 10:48:41.561,416.7032023821699,103
2024-09-16 10:48:41.676,416.6823185363027,15
2024-09-16 10:48:41.706,416.7075918092352,8
2024-09-16 10:48:41.817,416.6796568235127,103
2024-09-16 10:48:41.867,416.6783717702713,15
2024-09-16 10:48:41.888,416.68651185937273,104
2024-09-16 10:48:41.889,416.6994441913374,99
2024-09-16 10:48:41.907,416.7072028038205,99
2024-09-16 10:48:41.993,416.6930515535621,95
2024-09-16 10:48:42.028,416.7010717271896,95
2024-09-16 10:48:42.057,416.6708821923235,98
2024-09-16 10:48:42.066,416.6482525502893,14
2024-09-16 10:48:42.141,416.71281615492376,10
2024-09-16 10:48:42.195,416.6574236959596,14
2024-09-16 10:48:42.211,416.6847654521085,998
2024-09-16 10:48:42.335,416.638679547771,104
2024-09-16 10:48:42.348,416.6687609742655,100
2024-09-16 10:48:42.354,416.68648090974506,99
2024-09-16 10:48:42.384,416.6994755916252,1002
2024-09-16 10:48:42.426,416.66707307169264,1002
2024-09-16 10:48:42.437,416.6334688667394,10
2024-09-16 10:48:42.469,416.6804050382288,998
2024-09-16 10:48:42.572,416.67418333880096,996
2024-09-16 10:48:42.595,416.6814220292904,1003
2024-09-16 10:48:42.778,416.66387132819017,1003
2024-09-16 10:48:42.785,416.68648702887646,97
2024-09-16 10:48:42.816,416.6680162398944,99
2024-09-16 10:48:42.859,416.66627406412186,103
2024-09-16 10:48:42.974,416.6619044782641,98
2024-09-16 10:48:43.115,416.7172260603431,99
2024-09-16 10:48:43.208,416.6984118606895,102
2024-09-16 10:48:43.270,416.7051726308025,8
2024-09-16 10:48:44.088,416.6896051142634,1003
2024-09-16 10:48:44.268,416.672610045304,95
2024-09-16 10:48:44.480,416.6754712012199,9
2024-09-16 10:48:44.631,416.6721946626,100
2024-09-16 10:48:45.394,416.6855718719178,103
2024-09-16 10:48:45.417,416.6587305141278,10
2024-09-16 10:48:45.484,416.6947321764495,997
2024-09-16 10:48:45.535,416.66952595736126,1003
2024-09-16 10:48:46.024,416.67978097484513,98
2024-09-16 10:48:46.028,416.6976126099245,7
2024-09-16 10:48:46.064,416.7026278396294,5
2024-09-16 10:48:46.104,416.6917816413396,105
2024-09-16 10:48:46.415,416.7010639658282,11
2024-09-16 10:48:46.558,416.70248605956846,99
2024-09-16 10:48:46.680,416.7147397687396,8
2024-09-16 10:48:46.701,416.7087024213576,97
2024-09-16 10:48:47.015,416.6694885331637,97
2024-09-16 10:48:47.021,416.6946549719266,5
2024-09-16 10:48:47.226,416.69420934204175,8
2024-09-16 10:48:47.227,416.6671730994189,996
2024-09-16 10:48:47.230,416.6784177238593,12
2024-09-16 10:48:47.356,416.6761580381294,999
2024-09-16 10:48:47.435,416.69124724465695,15
2024-09-16 10:48:47.514,416.6904712258017,105
2024-09-16 10:48:47.587,416.68576632453386,1002
2024-09-16 10:48:47.605,416.668918664171,102
2024-09-16 10:48:47.640,416.6678044248178,997
2024-09-16 10:48:47.642,416.6860736553906,996
2024-09-16 10:48:47.763,416.6727961554543,7
2024-09-16 10:48:47.764,416.6698748070255,5
2024-09-16 10:48:47.911,416.67850677235833,1002
2024-09-16 10:48:48.064,416.6869624281367,100
2024-09-16 10:48:48.117,416.6885296847683,998
2024-09-16 10:48:48.203,416.6755177268893,99
2024-09-16 10:48:48.286,416.6985028420997,15
2024-09-16 10:48:48.368,416.6810265224997,5
2024-09-16 10:48:48.433,416.6962495549555,6
2024-09-16 10:48:48.534,416.7102989165247,95
2024-09-16 10:48:48.546,416.6767978400434,998
2024-09-16 10:48:48.592,416.6918748310361,8
2024-09-16 10:48:48.743,416.6969094771381,1002
2024-09-16 10:48:48.984,416.7108302413527,105
2024-09-16 10:48:49.720,416.67884851687904,15
2024-09-16 10:48:50.009,416.67619199198816,100
2024-09-16 10:48:50.046,416.67655521382494,1003
2024-09-16 10:48:50.062,416.675705007738,997
2024-09-16 10:48:50.108,416.6503977141688,13
2024-09-16 10:48:50.122,416.68708912626704,98
2024-09-16 10:48:50.254,416.6603476073336,99
2024-09-16 10:48:50.418,416.6689404303826,11
2024-09-16 10:48:50.488,416.6588364161912,1001
2024-09-16 10:48:50.657,416.67439302195686,100
2024-09-16 10:48:50.746,416.6482910048216,998
2024-09-16 10:48:50.826,416.64262493159765,9
2024-09-16 10:48:50.885,416.678021404908,13
2024-09-16 10:48:51.005,416.6606159758029,100
2024-09-16 10:48:51.032,416.6340500416074,1003
2024-09-16 10:48:51.032,416.653393693134,14
2024-09-16 10:48:51.075,416.6388501360047,1002
2024-09-16 10:48:51.172,,100
2024-09-16 10:48:51.369,416.6941779409379,98
2024-09-16 10:48:51.373,416.6716515056957,998
2024-09-16 10:48:51.378,416.6829270358836,1002
2024-09-16 10:48:51.386,416.6356398145728,12
2024-09-16 10:48:51.413,416.7152526495376,1004
2024-09-16 10:48:51.473,416.7225615271264,997
2024-09-16 10:48:51.532,416.7168258759826,14
2024-09-16 10:48:51.532,416.6872798871666,102
2024-09-16 10:48:51.608,-416.68227716922365,8
2024-09-16 10:48:51.622,416.7068601986619,103
2024-09-16 10:48:51.764,416.709326787661,999
2024-09-16 10:48:51.814,416.69375048443135,105
2024-09-16 10:48:51.945,416.65150692316735,1000
2024-09-16 10:48:51.966,416.7156604779455,97
2024-09-16 10:48:51.983,416.6270488138807,96
2024-09-16 10:48:51.997,416.7277821083482,99
2024-09-16 10:48:52.071,416.64441833910126,14
2024-09-16 10:48:52.142,416.72906912887953,97
2024-09-16 10:48:52.181,,97
2024-09-16 10:48:52.202,416.7230740393837,11
2024-09-16 10:48:52.248,416.7112551029832,103
2024-09-16 10:48:52.259,416.6942783055399,96
2024-09-16 10:48:52.290,416.6476768128518,103
2024-09-16 10:48:52.302,416.6498468570976,997
2024-09-16 10:48:52.518,416.6705953633871,102
2024-09-16 10:48:52.569,416.63737098336975,95
2024-09-16 10:48:52.574,416.6583961370662,13
2024-09-16 10:48:52.582,416.6180227652072,101
2024-09-16 10:48:52.617,416.715962125779,998
2024-09-16 10:48:52.725,416.68969383180905,8
2024-09-16 10:48:52.800,416.69161755962585,999
2024-09-16 10:48:52.801,416.69219721717184,104
2024-09-16 10:48:52.804,416.63856860294095,8
2024-09-16 10:48:52.806,416.6780652648882,99
2024-09-16 10:48:52.882,416.7325870509529,1002
2024-09-16 10:48:53.014,416.7290233523784,1002
2024-09-16 10:48:53.091,416.7210910553065,98
2024-09-16 10:48:53.132,416.757912122685,1002
2024-09-16 10:48:53.172,416.701593625784,103
2024-09-16 10:48:53.227,416.6929726792819,8
2024-09-16 10:48:53.251,416.68817121952407,995
2024-09-16 10:48:53.278,416.72263597603313,15
2024-09-16 10:48:53.285,416.73981708985593,7
2024-09-16 10:48:53.299,416.7286597771245,6
2024-09-16 10:48:53.323,416.7156578893152,8
2024-09-16 10:48:53.368,416.7200409505567,98
2024-09-16 10:48:53.428,416.7085308020003,12
2024-09-16 10:48:53.445,,103
2024-09-16 10:48:53.461,416.708586105944,9
2024-09-16 10:48:53.471,416.7116041006499,104
2024-09-16 10:48:53.560,416.7094474165904,8
2024-09-16 10:48:53.568,416.7196259560108,102
2024-09-16 10:48:53.611,,103
2024-09-16 10:48:53.616,416.755360400119,7
2024-09-16 10:48:53.618,416.69993555372713,1002
2024-09-16 10:48:53.633,416.7636345984234,995
2024-09-16 10:48:53.686,416.73432489747006,8
2024-09-16 10:48:53.710,416.679158291298,1001
2024-09-16 10:48:53.722,416.7035181667267,99
2024-09-16 10:48:53.752,416.7380208778482,999
2024-09-16 10:48:53.785,416.704045711728,95
2024-09-16 10:48:54.086,416.80386996970793,1005
2024-09-16 10:48:54.151,416.83273677876406,103
2024-09-16 10:48:54.329,416.7862132520048,14
2024-09-16 10:48:54.353,416.8023838080546,996
2024-09-16 10:48:54.413,416.8179049092707,1000
2024-09-16 10:48:54.416,416.7966584163526,1000
2024-09-16 10:48:54.417,416.79704580342974,1000
2024-09-16 10:48:54.467,416.76515852528127,1003
2024-09-16 10:48:54.481,416.787852322637,13
2024-09-16 10:48:54.527,416.8521871090848,102
2024-09-16 10:48:54.568,416.78796552444777,1002
2024-09-16 10:48:54.591,416.7887611169036,103
2024-09-16 10:48:54.605,416.78423041213705,96
2024-09-16 10:48:54.646,416.7770865180343,104
2024-09-16 10:48:54.704,416.81277315315657,5
2024-09-16 10:48:54.803,416.8328268431984,103
2024-09-16 10:48:54.825,416.8675672348149,103
2024-09-16 10:48:54.850,416.818608436938,7
2024-09-16 10:48:54.850,416.8571908788782,6
2024-09-16 10:48:54.935,416.8050130126818,100
2024-09-16 10:48:54.991,416.8260186687328,6
2024-09-16 10:48:54.999,416.8467879336013,100
2024-09-16 10:48:55.002,416.858256545488,105
2024-09-16 10:48:55.139,416.8844202004784,15
2024-09-16 10:48:55.165,416.8840882492693,1002
2024-09-16 10:48:55.173,416.8766259238839,1000
2024-09-16 10:48:55.286,416.8633767948826,996
2024-09-16 10:48:55.289,416.86446955870815,1001
2024-09-16 10:48:55.308,416.8566756953185,12
2024-09-16 10:48:55.325,416.851137491948,1005
2024-09-16 10:48:55.368,416.8621894466744,11
2024-09-16 10:48:55.445,416.8561452370879,1002
2024-09-16 10:48:55.487,416.8584627080203,996
2024-09-16 10:48:55.644,416.8734564697884,7
2024-09-16 10:48:55.770,416.8842945594576,1003
2024-09-16 10:48:55.844,416.870534266705,6
2024-09-16 10:48:55.853,416.8639199853053,95
2024-09-16 10:48:55.861,416.8618223223787,102
2024-09-16 10:48:55.887,416.8777994668757,998
2024-09-16 10:48:55.976,416.85617436476537,1002
2024-09-16 10:48:56.456,416.8798124955368,6
2024-09-16 10:48:56.800,416.8658686668912,100
2024-09-16 10:48:57.026,416.8565133052406,102
2024-09-16 10:48:57.169,416.87635882320006,97
2024-09-16 10:48:57.285,41.68495371361976,101
2024-09-16 10:48:57.367,416.883381215998,11
2024-09-16 10:48:57.395,416.87886937404073,15
2024-09-16 10:48:57.529,416.8905229577322,997
2024-09-16 10:48:57.686,416.8706851195269,103
2024-09-16 10:48:57.856,416.842549696723,97
2024-09-16 10:48:57.968,416.8492321084936,999
2024-09-16 10:48:58.036,416.8684979571413,97
2024-09-16 10:48:59.016,416.95876308811086,98
2024-09-16 10:48:59.026,416.8954499740508,9
2024-09-16 10:48:59.105,416.9332161680459,1002
2024-09-16 10:48:59.154,416.9492035990411,12
2024-09-16 10:48:59.297,416.8654981322458,1000
2024-09-16 10:48:59.511,416.9426713455175,1004
2024-09-16 10:48:59.589,416.9587438163552,1001
2024-09-16 10:48:59.709,416.9354574151519,998
2024-09-16 10:48:59.746,416.950699360716,997
2024-09-16 10:48:59.783,416.8753398998762,1003
2024-09-16 10:48:59.862,416.9337281727881,999
2024-09-16 10:48:59.918,416.9046576672053,1002
