Timestamp,Price,Size
2024-09-20 14:42:00.022,430.5941610058259,12
2024-09-20 14:42:00.037,430.5892000775894,95
2024-09-20 14:42:00.057,430.60341232398736,11
2024-09-20 14:42:00.317,430.5998044056048,98
2024-09-20 14:42:00.676,430.6011219351649,9
2024-09-20 14:42:00.901,430.5751492800405,98
2024-09-20 14:42:00.911,430.5802361513401,998
2024-09-20 14:42:01.018,430.7591351395236,5
2024-09-20 14:42:01.029,430.6689697128287,998
2024-09-20 14:42:01.033,430.67008632862695,996
2024-09-20 14:42:01.085,430.6844887753287,1001
2024-09-20 14:42:01.246,430.6088668508074,12
2024-09-20 14:42:01.297,430.6323358180175,8
2024-09-20 14:42:01.477,430.7071597278531,104
2024-09-20 14:42:01.479,430.6713331296211,995
2024-09-20 14:42:01.500,430.5880013961501,5
2024-09-20 14:42:01.574,430.7218681569855,997
2024-09-20 14:42:01.587,430.68459421387377,98
2024-09-20 14:42:01.620,430.7789510657313,15
2024-09-20 14:42:01.654,430.6997970489291,15
2024-09-20 14:42:01.659,430.68129730288655,98
2024-09-20 14:42:01.731,430.770250857505,8
2024-09-20 14:42:01.733,430.7015482086949,99
2024-09-20 14:42:01.805,430.60506525958016,103
2024-09-20 14:42:01.811,43.067247813219126,100
2024-09-20 14:42:01.844,430.6648365059465,1000
2024-09-20 14:42:01.856,,11
2024-09-20 14:42:01.872,430.7267637623693,104
2024-09-20 14:42:01.884,430.67500998875096,8
2024-09-20 14:42:01.893,430.5887370050265,1004
2024-09-20 14:42:01.900,430.6606230959675,15
2024-09-20 14:42:01.965,430.668958068412,95
2024-09-20 14:42:02.061,430.7951787224795,1002
2024-09-20 14:42:02.100,430.82452139688,996
2024-09-20 14:42:02.174,430.8290852897048,7
2024-09-20 14:42:02.270,430.843164877297,97
2024-09-20 14:42:02.327,430.7936339585786,1003
2024-09-20 14:42:02.358,430.8082555447416,1005
2024-09-20 14:42:02.368,430.8121602038764,6
2024-09-20 14:42:02.419,430.7824462700236,101
2024-09-20 14:42:02.593,430.7813475180608,14
2024-09-20 14:42:02.636,430.80763485930254,997
2024-09-20 14:42:02.751,430.8400059613478,99
2024-09-20 14:42:02.997,430.7922884980761,9
2024-09-20 14:42:03.072,430.79774016098094,8
2024-09-20 14:42:03.427,,6
2024-09-20 14:42:03.446,430.7996103025481,9
2024-09-20 14:42:03.543,430.7880613739071,998
2024-09-20 14:42:03.623,422.7804436114856,96
2024-09-20 14:42:03.755,430.8024877505741,15
2024-09-20 14:42:03.793,430.7986108667886,14
2024-09-20 14:42:03.841,430.801529619474,7
2024-09-20 14:42:04.050,430.8067464637207,9
2024-09-20 14:42:04.108,430.78119221475936,6
2024-09-20 14:42:04.187,430.8269563957136,1002
2024-09-20 14:42:04.188,430.78708922480416,96
2024-09-20 14:42:04.276,430.77516908366607,95
2024-09-20 14:42:04.479,430.82938632499616,1003
2024-09-20 14:42:04.632,430.8149380544588,997
2024-09-20 14:42:04.658,430.84553506275074,7
2024-09-20 14:42:04.667,430.8010968492686,1000
2024-09-20 14:42:04.710,430.8864734970894,98
2024-09-20 14:42:04.833,430.81307300446855,98
2024-09-20 14:42:04.844,430.8750925710743,1004
2024-09-20 14:42:04.890,430.7968634485978,1002
2024-09-20 14:42:04.908,430.7887480565796,15
2024-09-20 14:42:04.914,430.7630215293348,104
2024-09-20 14:42:04.939,430.8533480896052,15
2024-09-20 14:42:04.961,430.7760545625932,98
2024-09-20 14:42:05.095,430.8836474256465,998
2024-09-20 14:42:05.099,430.8667697366923,996
2024-09-20 14:42:05.146,430.8917798277711,103
2024-09-20 14:42:05.215,430.8514199371928,998
2024-09-20 14:42:05.267,430.8676682001746,14
2024-09-20 14:42:05.339,430.8873515342963,995
2024-09-20 14:42:05.357,430.8517915204929,12
2024-09-20 14:42:05.398,430.8464598879317,1003
2024-09-20 14:42:05.473,430.8705232107933,996
2024-09-20 14:42:05.820,430.8487247890227,1003
2024-09-20 14:42:05.847,430.85043221522426,7
2024-09-20 14:42:06.068,430.889198287669,98
2024-09-20 14:42:06.089,430.8904678485196,95
2024-09-20 14:42:06.137,430.90976787412455,10
2024-09-20 14:42:06.213,430.9269686050159,996
2024-09-20 14:42:06.234,430.9184466855291,97
2024-09-20 14:42:06.282,430.9426043078772,997
2024-09-20 14:42:06.285,430.8877152421443,10
2024-09-20 14:42:06.313,430.8765031592365,1001
2024-09-20 14:42:06.327,430.8797017027154,999
2024-09-20 14:42:06.385,430.8465460112564,99
2024-09-20 14:42:06.408,430.869858660693,96
2024-09-20 14:42:06.414,430.9434908658226,12
2024-09-20 14:42:06.438,430.8891275116796,97
2024-09-20 14:42:06.504,430.913429973496,99
2024-09-20 14:42:06.512,430.8989485266407,1002
2024-09-20 14:42:06.578,430.9096136375625,95
2024-09-20 14:42:06.592,430.9095610559576,11
2024-09-20 14:42:06.798,430.8929371757467,98
2024-09-20 14:42:06.836,,998
2024-09-20 14:42:06.893,430.8654837450622,103
2024-09-20 14:42:06.911,430.9007915267129,997
2024-09-20 14:42:06.960,430.9350170849001,5
2024-09-20 14:42:07.044,430.8166030891664,999
2024-09-20 14:42:07.055,430.82658365492415,15
2024-09-20 14:42:07.460,430.816222451612,998
2024-09-20 14:42:07.489,430.8250801136354,13
2024-09-20 14:42:07.784,430.8383305636857,96
2024-09-20 14:42:07.939,430.8322675519957,10
2024-09-20 14:42:07.957,430.826627268553,98
2024-09-20 14:42:08.011,430.7923095640792,12
2024-09-20 14:42:08.164,430.8129709517212,102
2024-09-20 14:42:08.238,430.81082709363534,100
2024-09-20 14:42:08.284,430.7425534248617,6
2024-09-20 14:42:08.405,430.7964723852276,104
2024-09-20 14:42:08.425,430.7717930438821,1003
2024-09-20 14:42:08.472,430.8061953579833,14
2024-09-20 14:42:08.596,430.8045589271753,100
2024-09-20 14:42:08.681,430.8098824980361,105
2024-09-20 14:42:08.692,430.8078145851812,12
2024-09-20 14:42:08.752,430.7392803837104,96
2024-09-20 14:42:08.788,430.7802942323914,97
2024-09-20 14:42:08.798,430.818057276816,999
2024-09-20 14:42:08.952,430.7361365652214,1005
2024-09-20 14:42:08.977,430.7723588740085,8
2024-09-20 14:42:09.027,430.7261914935805,10
2024-09-20 14:42:09.076,430.7138986795349,1002
2024-09-20 14:42:09.084,430.71204326762006,1004
2024-09-20 14:42:09.191,430.7278771961391,15
2024-09-20 14:42:09.231,430.7197505152326,101
2024-09-20 14:42:09.259,430.7446260467639,997
2024-09-20 14:42:09.291,423.0582540694443,999
2024-09-20 14:42:09.487,430.7261744960292,8
2024-09-20 14:42:09.535,430.7262290872605,1001
2024-09-20 14:42:09.544,430.7098040882428,11
2024-09-20 14:42:09.614,430.7231214403456,996
2024-09-20 14:42:09.641,430.7359456702606,7
2024-09-20 14:42:09.682,430.7125371595111,13
2024-09-20 14:42:09.718,430.7240131617399,102
2024-09-20 14:42:09.811,430.7138669772619,99
2024-09-20 14:42:09.830,430.7254020325813,10
2024-09-20 14:42:09.853,430.7230977996506,5
2024-09-20 14:42:09.875,430.7129593700456,1001
2024-09-20 14:42:09.946,430.732118144955,101
2024-09-20 14:42:09.980,430.72147066710687,102
2024-09-20 14:42:10.877,430.7206798686502,104
2024-09-20 14:42:10.885,430.7278054623951,8
2024-09-20 14:42:11.058,430.76353063989103,13
2024-09-20 14:42:11.080,430.73242988586713,1001
2024-09-20 14:42:11.139,430.7398369970099,105
2024-09-20 14:42:11.168,430.75821401954767,8
2024-09-20 14:42:11.178,43.07591194653687,14
2024-09-20 14:42:11.393,430.7644753158915,1001
2024-09-20 14:42:11.518,430.7466807895825,8
2024-09-20 14:42:11.668,430.750113665125,12
2024-09-20 14:42:11.723,430.76019854892,1005
2024-09-20 14:42:11.858,430.7460711484612,1001
2024-09-20 14:42:11.864,430.7632774898375,996
2024-09-20 14:42:11.948,430.7505505452346,1002
2024-09-20 14:42:11.981,430.77753829853833,1002
2024-09-20 14:42:12.073,430.7145572708666,1001
2024-09-20 14:42:12.141,430.7317755928849,1003
2024-09-20 14:42:12.227,430.7418197343355,14
2024-09-20 14:42:12.351,430.69473699206014,14
2024-09-20 14:42:12.488,430.7382799534992,104
2024-09-20 14:42:12.761,43.07094140645981,104
2024-09-20 14:42:12.935,430.7158409196345,1005
2024-09-20 14:42:12.940,430.7038149321336,12
2024-09-20 14:42:12.993,430.7101136450733,997
2024-09-20 14:42:13.137,430.7410667385256,8
2024-09-20 14:42:13.146,430.714430296036,998
2024-09-20 14:42:13.178,430.7445223987191,11
2024-09-20 14:42:13.289,430.7383501441286,96
2024-09-20 14:42:13.295,430.7277368416054,997
2024-09-20 14:42:13.339,430.7417702591486,996
2024-09-20 14:42:13.464,430.774893946771,5
2024-09-20 14:42:13.483,430.7657071932371,105
2024-09-20 14:42:13.492,430.7486335092297,13
2024-09-20 14:42:13.590,430.7649511739991,97
2024-09-20 14:42:13.617,430.75139607430623,6
2024-09-20 14:42:13.626,430.7594277652795,7
2024-09-20 14:42:13.643,430.7380781233276,100
2024-09-20 14:42:13.650,430.7201969137207,1000
2024-09-20 14:42:13.675,430.75579356048047,1002
2024-09-20 14:42:13.689,430.73123573523,15
2024-09-20 14:42:13.691,430.7465100663772,103
2024-09-20 14:42:13.779,430.7331716577275,98
2024-09-20 14:42:13.827,430.76343217412807,15
2024-09-20 14:42:13.838,430.7378895648881,1002
2024-09-20 14:42:13.861,430.7551192448725,98
2024-09-20 14:42:13.904,430.75751219215965,15
2024-09-20 14:42:13.907,430.751425225009,95
2024-09-20 14:42:13.956,430.7419760251607,7
2024-09-20 14:42:14.060,430.7388862214929,99
2024-09-20 14:42:14.061,430.78283586147694,9
2024-09-20 14:42:14.091,430.8212229780492,12
2024-09-20 14:42:14.324,430.8067279136276,995
2024-09-20 14:42:14.424,430.752100847311,105
2024-09-20 14:42:14.446,430.82815322989376,14
2024-09-20 14:42:14.452,430.7889153587429,5
2024-09-20 14:42:14.487,430.819283391573,1005
2024-09-20 14:42:14.506,430.8195334090683,5
2024-09-20 14:42:14.523,430.7967081143511,13
2024-09-20 14:42:14.631,430.7293298302363,101
2024-09-20 14:42:14.648,430.806585548079,105
2024-09-20 14:42:14.669,430.715539483757,1002
2024-09-20 14:42:14.742,430.8057654116772,1005
2024-09-20 14:42:14.765,430.76545412419057,105
2024-09-20 14:42:14.963,430.73337607736175,6
2024-09-20 14:42:14.979,430.79894851298906,996
2024-09-20 14:42:15.033,430.7663181099445,98
2024-09-20 14:42:15.049,,11
2024-09-20 14:42:15.078,430.73273997998086,15
2024-09-20 14:42:15.141,430.71026632903767,11
2024-09-20 14:42:15.198,430.7176925808853,998
2024-09-20 14:42:15.285,430.7162959703762,1004
2024-09-20 14:42:15.314,430.71443180032577,1005
2024-09-20 14:42:15.320,430.66816891491067,102
2024-09-20 14:42:15.340,430.8037480774504,99
2024-09-20 14:42:15.386,430.6806711845362,14
2024-09-20 14:42:15.386,430.69192237749473,102
2024-09-20 14:42:15.501,430.7841166467944,14
2024-09-20 14:42:15.526,430.81179898475256,1002
2024-09-20 14:42:15.614,430.6848522215216,95
2024-09-20 14:42:15.630,430.6960525515922,8
2024-09-20 14:42:15.643,430.71497091451255,9
2024-09-20 14:42:15.644,430.6815230264439,6
2024-09-20 14:42:15.684,430.6890270381581,9
2024-09-20 14:42:15.701,430.8236702235615,997
2024-09-20 14:42:15.743,430.7371847767184,15
2024-09-20 14:42:15.744,430.68170752711535,96
2024-09-20 14:42:15.774,430.8134440842205,98
2024-09-20 14:42:15.798,430.70350223833645,1005
2024-09-20 14:42:15.815,430.6848798368785,99
2024-09-20 14:42:15.824,430.700232668186,98
2024-09-20 14:42:15.898,430.7159147482925,1000
2024-09-20 14:42:15.899,430.8176839080869,99
2024-09-20 14:42:15.967,430.7606591527073,997
2024-09-20 14:42:15.972,430.6968026859073,1005
2024-09-20 14:42:16.185,430.68794224187616,10
2024-09-20 14:42:16.268,430.7244469758885,1001
2024-09-20 14:42:16.278,430.7053070343813,98
2024-09-20 14:42:16.380,430.7204021363617,101
2024-09-20 14:42:16.380,430.7406733501287,1001
2024-09-20 14:42:16.392,430.7320963917281,1002
2024-09-20 14:42:16.410,430.7106099918482,98
2024-09-20 14:42:16.489,430.6774732936224,13
2024-09-20 14:42:16.595,430.6931750322137,96
2024-09-20 14:42:16.637,423.0675510212999,10
2024-09-20 14:42:16.645,430.7342756713033,9
2024-09-20 14:42:16.700,430.7228680672607,103
2024-09-20 14:42:16.765,430.6805350804152,96
2024-09-20 14:42:16.772,430.69787265712137,10
2024-09-20 14:42:16.809,430.70507090000007,15
2024-09-20 14:42:16.880,430.7270966021924,97
2024-09-20 14:42:16.927,430.7150430355143,1005
2024-09-20 14:42:16.942,430.7291557770887,997
2024-09-20 14:42:16.993,430.7219370885691,995
2024-09-20 14:42:17.026,430.7296530350533,97
2024-09-20 14:42:17.128,430.8143029373043,8
2024-09-20 14:42:17.141,430.7606326463128,104
2024-09-20 14:42:17.155,430.7541010938973,7
2024-09-20 14:42:17.257,430.7506924661436,97
2024-09-20 14:42:17.272,430.7416181826222,999
2024-09-20 14:42:17.273,430.76087086509256,103
2024-09-20 14:42:17.325,430.8437676203537,999
2024-09-20 14:42:17.391,430.7579397240682,12
2024-09-20 14:42:17.458,430.7482942009631,1004
2024-09-20 14:42:17.568,430.7677358469639,14
2024-09-20 14:42:17.601,430.7466370812166,14
2024-09-20 14:42:17.647,430.7514197417472,5
2024-09-20 14:42:17.657,430.7729333104873,96
2024-09-20 14:42:17.799,430.7432243238624,98
2024-09-20 14:42:17.808,430.7403781999519,1000
2024-09-20 14:42:17.839,430.7363985253523,10
2024-09-20 14:42:17.856,430.7908235448146,995
2024-09-20 14:42:17.918,430.76568197375457,7
2024-09-20 14:42:17.937,430.75324532360776,96
2024-09-20 14:42:17.965,430.7361492296701,102
2024-09-20 14:42:17.983,430.7549992901697,14
2024-09-20 14:42:17.993,430.7537414493706,1001
2024-09-20 14:42:18.828,430.8568765098364,999
2024-09-20 14:42:19.121,430.8878194803885,10
2024-09-20 14:42:19.153,430.8652145410029,10
2024-09-20 14:42:19.372,430.8780252771501,95
2024-09-20 14:42:19.453,430.8288838862424,99
2024-09-20 14:42:19.464,430.8457740756163,1004
2024-09-20 14:42:19.480,430.85382786251336,1002
2024-09-20 14:42:19.507,430.869024555996,105
2024-09-20 14:42:19.536,430.8530752558555,14
2024-09-20 14:42:19.555,430.8295289574772,13
2024-09-20 14:42:19.569,430.8447579389043,104
2024-09-20 14:42:19.665,430.876344913105,995
2024-09-20 14:42:19.669,430.8793943601544,10
2024-09-20 14:42:19.680,430.86738251917615,96
2024-09-20 14:42:19.691,430.8278603929462,14
2024-09-20 14:42:19.707,430.8816582336123,13
2024-09-20 14:42:19.827,430.83809297379145,95
2024-09-20 14:42:19.848,430.8712363477334,102
2024-09-20 14:42:19.951,430.8703007365374,995
2024-09-20 14:42:19.964,430.8729559351745,997
2024-09-20 14:42:19.974,430.8428107339339,1002
2024-09-20 14:42:20.173,430.876162661992,12
2024-09-20 14:42:20.188,430.86740617405735,1001
2024-09-20 14:42:20.409,423.1561060695857,9
2024-09-20 14:42:20.490,430.8778911426018,9
2024-09-20 14:42:20.560,430.8724011767968,101
2024-09-20 14:42:20.597,430.8659423541343,1005
2024-09-20 14:42:20.836,430.87572623664187,105
2024-09-20 14:42:20.853,430.8696843909968,95
2024-09-20 14:42:20.876,430.874004045993,1001
2024-09-20 14:42:20.963,430.8699469179458,105
2024-09-20 14:42:21.006,430.9447758880582,1000
2024-09-20 14:42:21.021,430.9323930347495,1005
2024-09-20 14:42:21.057,430.9190985545703,15
2024-09-20 14:42:21.148,430.94652730536336,96
2024-09-20 14:42:21.194,430.9454712935389,102
2024-09-20 14:42:21.201,430.9568700748032,7
2024-09-20 14:42:21.261,430.92898178461536,1002
2024-09-20 14:42:21.323,430.9132402550893,996
2024-09-20 14:42:21.345,430.9419812135752,1003
2024-09-20 14:42:21.405,430.9192007331745,15
2024-09-20 14:42:21.432,430.9261865759189,105
2024-09-20 14:42:21.456,430.9360495372842,102
2024-09-20 14:42:21.477,430.88683952217247,995
2024-09-20 14:42:21.478,430.9348951260054,105
2024-09-20 14:42:21.487,430.8994653854332,1005
2024-09-20 14:42:21.605,430.8597060025056,105
2024-09-20 14:42:21.664,430.94226667386266,997
2024-09-20 14:42:21.665,430.9430351788687,99
2024-09-20 14:42:21.684,430.925460236062,100
2024-09-20 14:42:21.705,430.9322986836692,15
2024-09-20 14:42:21.714,430.9366267474958,14
2024-09-20 14:42:21.789,430.9401563995217,99
2024-09-20 14:42:21.806,430.9447556838963,103
2024-09-20 14:42:21.843,430.8737115293067,7
2024-09-20 14:42:21.860,430.9341512279496,101
2024-09-20 14:42:21.923,430.8850672039183,996
2024-09-20 14:42:21.973,430.9281208681193,13
2024-09-20 14:42:22.165,430.97716052382674,997
2024-09-20 14:42:22.230,430.9495439166339,996
2024-09-20 14:42:22.231,430.9371297776574,7
2024-09-20 14:42:22.241,430.9681087500504,1002
2024-09-20 14:42:22.245,423.055867519222,96
2024-09-20 14:42:22.254,430.950961864651,999
2024-09-20 14:42:22.277,430.9487081175412,1003
2024-09-20 14:42:22.288,430.9305766085412,1000
2024-09-20 14:42:22.309,430.9450317599152,999
2024-09-20 14:42:22.341,430.95193614819885,5
2024-09-20 14:42:22.634,430.96253698816776,1002
2024-09-20 14:42:22.721,430.95169547608697,10
2024-09-20 14:42:22.865,430.95651092528857,1002
2024-09-20 14:42:22.969,430.95669181274553,997
2024-09-20 14:42:22.999,430.9907273539257,11
2024-09-20 14:42:23.024,430.9648613079854,96
2024-09-20 14:42:23.070,430.9601348304203,11
2024-09-20 14:42:23.083,430.9506909940985,97
2024-09-20 14:42:23.133,430.9672029970985,1000
2024-09-20 14:42:23.510,430.9672809873968,97
2024-09-20 14:42:23.779,430.9639644859524,13
2024-09-20 14:42:23.865,430.9631726740108,11
2024-09-20 14:42:24.179,430.94982425001456,999
2024-09-20 14:42:24.195,430.9486675146993,105
2024-09-20 14:42:24.442,430.9472069958409,1001
2024-09-20 14:42:24.579,430.95980087941695,997
2024-09-20 14:42:24.642,430.9779756472371,11
2024-09-20 14:42:24.662,430.9819934546744,1004
2024-09-20 14:42:25.132,430.9662219778305,14
2024-09-20 14:42:25.304,430.95398067897867,995
2024-09-20 14:42:25.529,430.9610265309625,101
2024-09-20 14:42:25.573,423.0859318394681,1004
2024-09-20 14:42:26.010,430.8440918876244,1005
2024-09-20 14:42:26.025,430.8536642734587,1002
2024-09-20 14:42:26.107,430.8534985108241,1000
2024-09-20 14:42:26.118,430.881121633586,104
2024-09-20 14:42:26.119,430.8815717541723,14
2024-09-20 14:42:26.161,430.873092670744,102
2024-09-20 14:42:26.206,430.829096448521,8
2024-09-20 14:42:26.255,430.8661275922683,1005
2024-09-20 14:42:26.267,430.8571335514553,5
2024-09-20 14:42:26.338,430.8602209724493,1005
2024-09-20 14:42:26.419,430.8825736529079,102
2024-09-20 14:42:26.441,430.8686692055596,103
2024-09-20 14:42:26.499,430.9208220554589,102
2024-09-20 14:42:26.507,430.872918977219,6
2024-09-20 14:42:26.561,430.8568952898148,97
2024-09-20 14:42:26.628,430.86637249387655,10
2024-09-20 14:42:26.644,430.9452061081801,7
2024-09-20 14:42:26.680,430.8629223233794,1000
2024-09-20 14:42:26.695,430.882496634608,1000
2024-09-20 14:42:26.746,430.875289862786,99
2024-09-20 14:42:26.764,430.867631418506,5
2024-09-20 14:42:26.838,430.89519431747374,103
2024-09-20 14:42:26.849,430.8822443272374,97
2024-09-20 14:42:26.978,430.893561031044,1002
2024-09-20 14:42:26.998,430.8673079439283,99
2024-09-20 14:42:27.039,430.9308186507402,99
2024-09-20 14:42:27.112,430.92461395297937,8
2024-09-20 14:42:27.230,430.9246154282728,99
2024-09-20 14:42:27.386,430.9138430639069,95
2024-09-20 14:42:27.799,430.9265842993099,1002
2024-09-20 14:42:27.809,430.87616163245855,1002
2024-09-20 14:42:27.812,430.9303162401555,996
2024-09-20 14:42:27.824,430.92469239402106,101
2024-09-20 14:42:28.890,430.9406108086507,10
2024-09-20 14:42:29.031,430.9563585116037,12
2024-09-20 14:42:29.032,430.9762735833093,95
2024-09-20 14:42:29.043,430.95909614806936,104
2024-09-20 14:42:29.064,430.9621861381531,11
2024-09-20 14:42:29.113,430.9464900308405,13
2024-09-20 14:42:29.127,430.9332185596181,10
2024-09-20 14:42:29.269,430.9463057330949,99
2024-09-20 14:42:29.297,430.93255410283854,99
2024-09-20 14:42:29.305,430.9512122041534,996
2024-09-20 14:42:29.313,430.95696470234833,9
2024-09-20 14:42:29.362,430.926458068271,1003
2024-09-20 14:42:29.385,430.9534847631467,100
2024-09-20 14:42:29.393,430.97282334694864,98
2024-09-20 14:42:29.459,430.96139327302126,1000
2024-09-20 14:42:29.474,430.9863350034346,999
2024-09-20 14:42:29.486,430.942143455132,1005
2024-09-20 14:42:29.564,430.9533516168562,1000
2024-09-20 14:42:29.582,430.9429077288886,1002
2024-09-20 14:42:29.609,430.95765622200537,10
2024-09-20 14:42:29.703,430.96609796154496,1002
2024-09-20 14:42:29.707,430.9858270952945,98
2024-09-20 14:42:29.722,-430.9195850137785,103
2024-09-20 14:42:29.729,430.9498420478336,105
2024-09-20 14:42:29.756,430.9299877458485,101
2024-09-20 14:42:29.817,430.9332020642031,1003
2024-09-20 14:42:29.881,,95
2024-09-20 14:42:29.959,430.94406995676326,14
2024-09-20 14:42:30.043,431.0355491790095,7
2024-09-20 14:42:30.124,431.05973517060414,8
2024-09-20 14:42:30.129,430.99384973744696,14
2024-09-20 14:42:30.135,431.0670290243726,1003
2024-09-20 14:42:30.209,430.9927635476105,104
2024-09-20 14:42:30.227,430.9846249254965,1001
2024-09-20 14:42:30.307,430.9654546612163,995
2024-09-20 14:42:30.395,430.9858355396042,996
2024-09-20 14:42:30.418,430.9958939210009,7
2024-09-20 14:42:30.462,431.0019783010102,1000
2024-09-20 14:42:30.679,430.9974517617555,1005
2024-09-20 14:42:30.713,431.0467859843842,104
2024-09-20 14:42:30.827,430.9759018477994,995
2024-09-20 14:42:30.897,430.9863145383986,6
2024-09-20 14:42:30.923,430.9864820803501,102
2024-09-20 14:42:31.005,431.03800075126617,13
2024-09-20 14:42:31.041,431.0436865743737,96
2024-09-20 14:42:31.046,431.0694643341533,7
2024-09-20 14:42:31.121,431.0495062727523,1004
2024-09-20 14:42:31.179,431.0827343011289,7
2024-09-20 14:42:31.187,-431.07245796742814,12
2024-09-20 14:42:31.244,431.0764180095597,996
2024-09-20 14:42:31.265,431.0986981458353,103
2024-09-20 14:42:31.287,431.1403381707244,104
2024-09-20 14:42:31.311,431.0461611142369,8
2024-09-20 14:42:31.329,431.0814775987678,12
2024-09-20 14:42:31.357,43.111828279307176,103
2024-09-20 14:42:31.419,431.044396376515,998
2024-09-20 14:42:31.439,431.0922002213391,999
2024-09-20 14:42:31.475,431.0763606669109,999
2024-09-20 14:42:31.486,431.0600911144825,1001
2024-09-20 14:42:31.496,431.0879149473232,9
2024-09-20 14:42:31.509,431.10240932586186,13
2024-09-20 14:42:31.589,431.0430213608984,995
2024-09-20 14:42:31.670,422.9270353182874,9
2024-09-20 14:42:31.670,-422.9453966284396,1005
2024-09-20 14:42:31.706,431.07658707818393,97
2024-09-20 14:42:31.741,431.109807072141,95
2024-09-20 14:42:31.773,431.06627425935073,100
2024-09-20 14:42:31.791,431.1266138231711,99
2024-09-20 14:42:31.791,-431.08223552233295,12
2024-09-20 14:42:31.828,431.0380239337493,97
2024-09-20 14:42:31.870,431.02598402401,6
2024-09-20 14:42:31.886,431.1283839418167,103
2024-09-20 14:42:31.941,431.1224372648598,98
2024-09-20 14:42:32.266,431.0934546037048,998
2024-09-20 14:42:32.278,431.06471894384384,14
2024-09-20 14:42:32.358,431.1115120588213,11
2024-09-20 14:42:32.449,431.07496190710674,13
2024-09-20 14:42:32.532,431.08199700616194,998
2024-09-20 14:42:32.717,431.073266969541,1005
2024-09-20 14:42:33.066,431.1548761368688,10
2024-09-20 14:42:33.086,431.1766279750132,101
2024-09-20 14:42:33.103,431.1650199315839,1003
2024-09-20 14:42:33.105,431.1315308594497,103
2024-09-20 14:42:33.178,431.1074489325263,12
2024-09-20 14:42:33.269,431.14264415587263,1000
2024-09-20 14:42:33.352,431.0988441638605,997
2024-09-20 14:42:33.374,431.1146254071816,1003
2024-09-20 14:42:33.402,431.1509724396699,1003
2024-09-20 14:42:33.411,431.1569235631897,13
2024-09-20 14:42:33.426,431.1482590313807,1003
2024-09-20 14:42:33.487,431.15760660447165,1002
2024-09-20 14:42:33.499,431.1213223578996,1000
2024-09-20 14:42:33.514,431.10760778924737,1001
2024-09-20 14:42:33.516,431.1487812832553,97
2024-09-20 14:42:33.567,431.13176107878513,103
2024-09-20 14:42:33.654,431.1691449664424,9
2024-09-20 14:42:33.743,431.11993407122895,997
2024-09-20 14:42:33.795,431.1608674114739,104
2024-09-20 14:42:33.802,431.122420663299,8
2024-09-20 14:42:33.877,431.10419412324217,98
2024-09-20 14:42:33.879,431.15942399513216,104
2024-09-20 14:42:34.049,431.15787373273184,14
2024-09-20 14:42:34.096,431.1781952593501,105
2024-09-20 14:42:34.195,431.141364110093,998
2024-09-20 14:42:34.325,431.1845600276781,105
2024-09-20 14:42:34.435,431.2060049941994,995
2024-09-20 14:42:34.455,431.1824788773083,11
2024-09-20 14:42:34.456,431.1816667077947,100
2024-09-20 14:42:34.497,431.1742229291304,98
2024-09-20 14:42:34.687,431.1518175688468,1004
2024-09-20 14:42:34.800,431.1310954965172,104
2024-09-20 14:42:34.879,431.1408553874395,6
2024-09-20 14:42:34.962,431.14930366401575,996
2024-09-20 14:42:34.986,431.19579420637984,13
2024-09-20 14:42:34.992,431.1890052867445,996
2024-09-20 14:42:35.005,431.1430704439488,102
2024-09-20 14:42:35.033,431.1549553219327,7
2024-09-20 14:42:35.041,431.1660255016496,14
2024-09-20 14:42:35.068,431.1259209637692,95
2024-09-20 14:42:35.071,431.1422671994371,96
2024-09-20 14:42:35.075,431.1884384812326,99
2024-09-20 14:42:35.127,431.1408142803856,104
2024-09-20 14:42:35.205,431.1760741352373,6
2024-09-20 14:42:35.250,431.1533070462213,1004
2024-09-20 14:42:35.275,422.7672738199482,98
2024-09-20 14:42:35.364,431.152876034601,12
2024-09-20 14:42:35.458,431.1816313458551,98
2024-09-20 14:42:35.565,431.1457929929599,6
2024-09-20 14:42:35.576,431.1380479170886,10
2024-09-20 14:42:35.582,431.1600369720147,1005
2024-09-20 14:42:35.583,431.1401385559919,13
2024-09-20 14:42:35.591,431.1414396317688,1003
2024-09-20 14:42:35.617,431.1644733501872,997
2024-09-20 14:42:35.686,431.1626643960338,995
2024-09-20 14:42:35.712,431.128770595419,8
2024-09-20 14:42:35.734,431.16866768649606,998
2024-09-20 14:42:35.775,431.1471951512444,8
2024-09-20 14:42:35.970,431.114236659887,100
2024-09-20 14:42:36.044,431.1268559485508,12
2024-09-20 14:42:36.119,431.1327720732826,8
2024-09-20 14:42:36.157,431.1318147241297,14
2024-09-20 14:42:36.168,431.1418700228995,8
2024-09-20 14:42:36.206,431.12661227701255,97
2024-09-20 14:42:36.346,431.1172046715245,14
2024-09-20 14:42:36.500,431.1331376309165,1002
2024-09-20 14:42:36.572,431.12362073444825,5
2024-09-20 14:42:36.574,431.1354327397414,7
2024-09-20 14:42:36.632,431.1211963767448,102
2024-09-20 14:42:36.638,431.1561931187969,99
2024-09-20 14:42:36.646,431.1407885199561,9
2024-09-20 14:42:36.677,431.1309563023319,999
2024-09-20 14:42:36.686,431.1317071521426,96
2024-09-20 14:42:36.708,431.1313705904213,97
2024-09-20 14:42:36.739,431.1560195405178,14
2024-09-20 14:42:36.861,431.1575507387696,9
2024-09-20 14:42:36.864,431.1395976025618,103
2024-09-20 14:42:36.876,431.1651049376465,997
2024-09-20 14:42:36.883,431.1512051959704,11
2024-09-20 14:42:36.977,431.1401891671057,14
2024-09-20 14:42:37.754,431.1753870787096,95
2024-09-20 14:42:37.913,431.1671965878011,5
2024-09-20 14:42:37.957,431.1525631190453,11
2024-09-20 14:42:37.957,431.1462514089876,99
2024-09-20 14:42:39.014,431.1691895784084,11
2024-09-20 14:42:39.054,431.1283041510561,96
2024-09-20 14:42:39.081,431.16136994695216,1005
2024-09-20 14:42:39.096,431.1080953364639,13
2024-09-20 14:42:39.137,431.12619700454735,104
2024-09-20 14:42:39.193,431.166508578755,996
2024-09-20 14:42:39.280,431.1227598679304,998
2024-09-20 14:42:39.297,43.11552657555576,95
2024-09-20 14:42:39.361,431.1648334565884,996
2024-09-20 14:42:39.450,431.0885286850189,7
2024-09-20 14:42:39.599,431.1117364925817,8
2024-09-20 14:42:39.618,431.1070743080441,7
2024-09-20 14:42:39.623,431.0984916530569,15
2024-09-20 14:42:39.632,431.1162771354863,998
2024-09-20 14:42:39.656,431.1644564675364,102
2024-09-20 14:42:39.780,431.0730789074496,6
2024-09-20 14:42:39.879,431.1022408879257,11
2024-09-20 14:42:39.902,431.101027809526,13
2024-09-20 14:42:39.921,431.11245478136,9
2024-09-20 14:42:40.078,431.1081957365144,5
2024-09-20 14:42:40.447,431.1103442202156,9
2024-09-20 14:42:40.650,431.1150782885292,10
2024-09-20 14:42:40.935,431.1044341297813,12
2024-09-20 14:42:41.080,431.1190531350285,96
2024-09-20 14:42:41.118,431.08392127641787,11
2024-09-20 14:42:41.208,431.0918482364597,97
2024-09-20 14:42:41.223,431.1311267463856,1003
2024-09-20 14:42:41.325,431.1040596185962,11
2024-09-20 14:42:41.433,-431.07652646242855,12
2024-09-20 14:42:41.528,431.1206007746264,1000
2024-09-20 14:42:41.559,431.124285457147,96
2024-09-20 14:42:41.680,431.1183549451971,1003
2024-09-20 14:42:41.777,431.1104277853316,995
2024-09-20 14:42:41.783,431.1194272287925,1001
2024-09-20 14:42:41.798,431.13041821793627,10
2024-09-20 14:42:42.053,431.0929323795887,104
2024-09-20 14:42:42.055,431.11668506874616,8
2024-09-20 14:42:42.092,431.08915811117726,11
2024-09-20 14:42:42.200,431.0973431103471,101
2024-09-20 14:42:42.212,431.1240321433117,97
2024-09-20 14:42:42.213,431.1171344660441,6
2024-09-20 14:42:42.227,431.1375007343101,102
2024-09-20 14:42:42.250,431.1066035281746,13
2024-09-20 14:42:42.269,431.11245652986696,998
2024-09-20 14:42:42.299,431.12066277482376,15
2024-09-20 14:42:42.340,431.1345478039754,104
2024-09-20 14:42:42.341,431.1093428093528,9
2024-09-20 14:42:42.423,422.912221168944,999
2024-09-20 14:42:42.550,431.0979224041601,1004
2024-09-20 14:42:42.607,431.0556376644144,995
2024-09-20 14:42:42.618,431.1235089521096,12
2024-09-20 14:42:42.646,431.1200071231244,8
2024-09-20 14:42:42.647,431.1352576390468,1003
2024-09-20 14:42:42.698,431.10589889190834,1004
2024-09-20 14:42:42.712,431.1154862376519,1000
2024-09-20 14:42:42.725,431.1104752358573,100
2024-09-20 14:42:42.749,431.11478129938126,1002
2024-09-20 14:42:42.750,431.12896244431386,1002
2024-09-20 14:42:42.906,431.1238288142098,995
2024-09-20 14:42:42.966,431.1263114585074,997
2024-09-20 14:42:43.009,431.0820987436561,105
2024-09-20 14:42:43.085,431.1105530575773,1005
2024-09-20 14:42:43.182,431.0850807058949,999
2024-09-20 14:42:43.200,431.105941029597,1000
2024-09-20 14:42:43.222,431.1175410791595,1001
2024-09-20 14:42:43.328,431.0896405841089,7
2024-09-20 14:42:43.443,431.1097345328948,8
2024-09-20 14:42:43.501,431.1217084228851,996
2024-09-20 14:42:43.617,431.1008418961197,1005
2024-09-20 14:42:43.621,431.1143037563485,95
2024-09-20 14:42:43.658,431.0786329080066,8
2024-09-20 14:42:43.682,431.1249779729685,1000
2024-09-20 14:42:43.699,431.0833701000603,1004
2024-09-20 14:42:43.763,431.0864682226391,11
2024-09-20 14:42:43.776,431.0964607692396,95
2024-09-20 14:42:43.824,431.1014727562507,105
2024-09-20 14:42:43.934,431.10498439506296,1005
2024-09-20 14:42:43.968,431.1035357611185,1001
2024-09-20 14:42:43.995,431.10799222978034,996
2024-09-20 14:42:44.011,431.11769537132113,1005
2024-09-20 14:42:44.073,431.1476940692185,999
2024-09-20 14:42:44.081,431.1341710990592,1001
2024-09-20 14:42:44.115,431.13845489270153,6
2024-09-20 14:42:44.125,431.1495514431952,997
2024-09-20 14:42:44.197,431.139272840824,1002
2024-09-20 14:42:44.241,431.1221885915447,1000
2024-09-20 14:42:44.253,431.1558933415719,1000
2024-09-20 14:42:44.291,431.1323874717127,998
2024-09-20 14:42:44.650,431.1332409204722,100
2024-09-20 14:42:44.834,431.1309195232426,13
2024-09-20 14:42:44.888,431.1268959325072,13
2024-09-20 14:42:45.006,431.19192074901713,998
2024-09-20 14:42:45.144,431.17797916150096,7
2024-09-20 14:42:45.195,431.1793882657337,15
2024-09-20 14:42:45.213,431.17701862496926,15
2024-09-20 14:42:45.248,431.1923019009092,97
2024-09-20 14:42:45.263,431.1874377503164,102
2024-09-20 14:42:45.297,431.2009681623389,99
2024-09-20 14:42:45.314,431.1931315859873,995
2024-09-20 14:42:45.315,431.2146808594491,1002
2024-09-20 14:42:45.385,431.178897688232,10
2024-09-20 14:42:45.474,431.2048063546943,96
2024-09-20 14:42:45.533,431.19081211228746,998
2024-09-20 14:42:45.547,431.2063074556576,98
2024-09-20 14:42:45.548,431.17160875623154,98
2024-09-20 14:42:45.556,431.2141014304548,10
2024-09-20 14:42:45.561,431.2046811686496,96
2024-09-20 14:42:45.601,431.2038647698205,997
2024-09-20 14:42:45.639,431.2206705052278,105
2024-09-20 14:42:45.691,431.2231656825326,996
2024-09-20 14:42:45.740,-431.1975591915391,1002
2024-09-20 14:42:45.845,431.2011498536312,1004
2024-09-20 14:42:45.995,431.17015575311166,8
2024-09-20 14:42:46.018,431.0779855231184,98
2024-09-20 14:42:46.033,431.0903618956749,10
2024-09-20 14:42:46.079,431.1290516730912,1002
2024-09-20 14:42:46.158,431.18393306664007,99
2024-09-20 14:42:46.170,431.1755403893162,102
2024-09-20 14:42:46.173,431.1698448301901,1004
2024-09-20 14:42:46.206,431.16425021074633,9
2024-09-20 14:42:46.233,431.1077127423534,105
2024-09-20 14:42:46.264,431.1178260069439,5
2024-09-20 14:42:46.276,431.0563045781129,15
2024-09-20 14:42:46.359,431.0123266242995,9
2024-09-20 14:42:46.361,431.0126097311456,95
2024-09-20 14:42:46.461,431.1251883584831,7
2024-09-20 14:42:46.478,431.1354931284253,96
2024-09-20 14:42:46.494,431.0688359251427,1005
2024-09-20 14:42:46.525,431.1269099831852,6
2024-09-20 14:42:46.660,431.116554583073,1005
2024-09-20 14:42:46.691,431.0354269930157,6
2024-09-20 14:42:46.699,431.0755098863708,1003
2024-09-20 14:42:46.703,431.1221927724351,98
2024-09-20 14:42:46.703,431.1252601097819,998
2024-09-20 14:42:46.758,431.1205795899171,15
2024-09-20 14:42:46.881,431.133304760124,103
2024-09-20 14:42:46.899,431.14321568317087,999
2024-09-20 14:42:46.929,431.0725822804572,7
2024-09-20 14:42:46.943,431.1695337388168,1000
2024-09-20 14:42:46.987,431.093434322196,7
2024-09-20 14:42:46.991,431.09096527767775,101
2024-09-20 14:42:47.066,430.9979529018912,1004
2024-09-20 14:42:47.109,430.995301323078,11
2024-09-20 14:42:47.161,430.9784615363329,9
2024-09-20 14:42:47.310,431.0096853675847,102
2024-09-20 14:42:47.403,431.01530154597697,95
2024-09-20 14:42:47.604,431.01257768081393,1003
2024-09-20 14:42:47.609,431.01178722016977,1001
2024-09-20 14:42:47.621,430.9885237421607,999
2024-09-20 14:42:47.703,431.0197210273937,1004
2024-09-20 14:42:47.720,430.9591989769165,995
2024-09-20 14:42:47.740,431.0048850060459,1002
2024-09-20 14:42:47.768,430.9777494351727,97
2024-09-20 14:42:47.799,431.0108958205327,100
2024-09-20 14:42:47.818,431.0068759226917,995
2024-09-20 14:42:47.910,430.9732922290342,7
2024-09-20 14:42:47.924,430.98688734179296,1005
2024-09-20 14:42:47.988,430.98552892487686,1000
2024-09-20 14:42:48.607,431.0047557713726,14
2024-09-20 14:42:49.018,431.07415061176175,95
2024-09-20 14:42:49.083,431.0735758644963,101
2024-09-20 14:42:49.140,431.04817301812994,97
2024-09-20 14:42:49.219,431.0475483615557,103
2024-09-20 14:42:49.223,431.0800886442518,1004
2024-09-20 14:42:49.238,422.8406698353253,997
2024-09-20 14:42:49.313,431.0894545092439,1000
2024-09-20 14:42:49.358,431.05091325134606,14
2024-09-20 14:42:49.373,431.03988523398016,10
2024-09-20 14:42:49.389,431.0686739658482,14
2024-09-20 14:42:49.403,431.0612199408201,6
2024-09-20 14:42:49.433,431.0232604400353,98
2024-09-20 14:42:49.470,431.0894120582132,98
2024-09-20 14:42:49.484,431.0447673012868,1001
2024-09-20 14:42:49.499,431.0808205566219,998
2024-09-20 14:42:49.559,431.04514325588434,13
2024-09-20 14:42:49.605,431.0746776231487,102
2024-09-20 14:42:49.756,431.0694340561207,99
2024-09-20 14:42:49.797,431.07968674255386,13
2024-09-20 14:42:49.804,431.0654876760739,1005
2024-09-20 14:42:49.821,431.0509057939688,1002
2024-09-20 14:42:49.907,431.0629525476103,1001
2024-09-20 14:42:49.917,431.0483000760586,1003
2024-09-20 14:42:49.944,431.066123055256,1003
2024-09-20 14:42:49.975,431.07375085421353,1005
2024-09-20 14:42:49.978,,8
2024-09-20 14:42:49.999,431.0452070579418,1000
2024-09-20 14:42:50.048,431.04811443127136,101
2024-09-20 14:42:50.072,431.0440782820961,10
2024-09-20 14:42:50.194,431.0349366423332,96
2024-09-20 14:42:50.245,431.0472155265737,1000
2024-09-20 14:42:50.279,431.0525342328267,14
2024-09-20 14:42:50.450,431.0495986671559,8
2024-09-20 14:42:50.496,431.0250554485632,1003
2024-09-20 14:42:50.661,431.03086978435175,99
2024-09-20 14:42:50.731,431.02759361188566,995
2024-09-20 14:42:50.811,431.0488780629165,99
2024-09-20 14:42:50.818,431.0142593729405,105
2024-09-20 14:42:50.820,431.0562215461889,5
2024-09-20 14:42:50.909,431.0595948572028,6
2024-09-20 14:42:50.928,431.0515538497113,1000
2024-09-20 14:42:50.962,431.0248843074425,14
2024-09-20 14:42:50.977,431.0512420661312,9
2024-09-20 14:42:50.996,431.0523572411698,1000
2024-09-20 14:42:51.203,431.0390011292562,5
2024-09-20 14:42:51.272,431.0375464401896,1000
2024-09-20 14:42:51.304,431.04466555351024,1004
2024-09-20 14:42:51.458,431.0365303349299,9
2024-09-20 14:42:51.622,431.0407232023495,6
2024-09-20 14:42:51.714,431.0355841737345,15
2024-09-20 14:42:51.732,431.0236489779542,14
2024-09-20 14:42:51.767,431.0293178015109,997
2024-09-20 14:42:51.822,431.0308191607596,1002
2024-09-20 14:42:52.199,431.031842146975,9
2024-09-20 14:42:52.282,430.9956227425224,10
2024-09-20 14:42:53.045,431.01707945878553,9
2024-09-20 14:42:53.059,430.984227475742,997
2024-09-20 14:42:53.090,430.97795071904727,15
2024-09-20 14:42:53.092,43.10219901207381,11
2024-09-20 14:42:53.126,430.9916385017848,1005
2024-09-20 14:42:53.131,431.02645013758166,1002
2024-09-20 14:42:53.275,431.0156391756138,13
2024-09-20 14:42:53.388,431.022938246384,10
2024-09-20 14:42:53.521,423.01520185619273,1005
2024-09-20 14:42:53.533,431.005228620797,6
2024-09-20 14:42:53.549,431.0137578505149,8
2024-09-20 14:42:53.587,430.9925157414861,101
2024-09-20 14:42:53.622,431.0068113372904,998
2024-09-20 14:42:53.661,431.0191990525387,11
2024-09-20 14:42:53.685,430.98108581638553,95
2024-09-20 14:42:53.750,431.0080495051276,104
2024-09-20 14:42:53.769,431.02134293118166,12
2024-09-20 14:42:53.813,431.0252523105671,11
2024-09-20 14:42:53.848,431.02809982658505,10
2024-09-20 14:42:53.876,430.9933077347191,1002
2024-09-20 14:42:53.964,430.9913746670556,100
2024-09-20 14:42:54.012,431.0169601183662,15
2024-09-20 14:42:54.050,431.0532040232712,95
2024-09-20 14:42:54.057,431.043110342756,105
2024-09-20 14:42:54.061,431.02124735915567,95
2024-09-20 14:42:54.074,431.02252795218266,5
2024-09-20 14:42:54.091,431.0562336569272,95
2024-09-20 14:42:54.174,431.028145766691,14
2024-09-20 14:42:54.182,431.05060173704607,6
2024-09-20 14:42:54.222,431.0097490628059,99
2024-09-20 14:42:54.228,431.01430864733146,97
2024-09-20 14:42:54.283,431.0112385607138,9
2024-09-20 14:42:54.456,431.0197422769074,97
2024-09-20 14:42:54.601,431.0223174892939,1004
2024-09-20 14:42:54.602,-431.00012237426057,12
2024-09-20 14:42:54.616,431.0441318922464,104
2024-09-20 14:42:54.649,431.023884944044,105
2024-09-20 14:42:54.665,431.0509484356046,1002
2024-09-20 14:42:54.703,431.00878633064406,996
2024-09-20 14:42:54.781,431.015000044108,7
2024-09-20 14:42:54.788,431.0658715707021,96
2024-09-20 14:42:54.791,430.98783989126224,1000
2024-09-20 14:42:54.796,431.049798180304,1004
2024-09-20 14:42:54.809,431.0352885192064,1002
2024-09-20 14:42:54.864,430.9931703806284,95
2024-09-20 14:42:54.897,431.0168429269518,1005
2024-09-20 14:42:54.920,431.0230023801468,997
2024-09-20 14:42:54.923,431.0144757559112,104
2024-09-20 14:42:54.948,431.02269571278913,11
2024-09-20 14:42:54.958,431.0204926801328,98
2024-09-20 14:42:55.167,430.9927491549169,1003
2024-09-20 14:42:55.181,431.00115391610433,999
2024-09-20 14:42:55.260,430.9915707247905,1002
2024-09-20 14:42:55.440,430.9899097468677,1001
2024-09-20 14:42:55.443,430.9859959928053,15
2024-09-20 14:42:55.808,430.9967108074429,1003
2024-09-20 14:42:55.838,430.98208244526006,104
2024-09-20 14:42:55.907,430.9855091002757,1001
2024-09-20 14:42:55.909,430.9915408830989,14
2024-09-20 14:42:56.075,431.0433376288341,14
2024-09-20 14:42:56.082,431.0427109027608,1001
2024-09-20 14:42:56.130,430.983177396507,104
2024-09-20 14:42:56.262,431.04675006194,5
2024-09-20 14:42:56.468,431.0317816351128,1005
2024-09-20 14:42:56.571,431.0193596124736,995
2024-09-20 14:42:56.743,430.96701584063936,8
2024-09-20 14:42:56.928,431.0231456308536,997
2024-09-20 14:42:57.408,431.0241130874653,5
2024-09-20 14:42:57.656,431.0189339213164,98
2024-09-20 14:42:58.080,431.0549019301197,103
2024-09-20 14:42:58.102,431.04845291990057,999
2024-09-20 14:42:58.183,431.0968116658197,13
2024-09-20 14:42:58.195,431.0646329307827,96
2024-09-20 14:42:58.214,431.0735945567228,12
2024-09-20 14:42:58.350,431.09109524374384,999
2024-09-20 14:42:58.383,431.08810794623713,9
2024-09-20 14:42:58.408,431.025587052457,96
2024-09-20 14:42:58.418,431.0980342384305,15
2024-09-20 14:42:58.537,431.031018025174,103
2024-09-20 14:42:58.554,43.10646028421839,12
2024-09-20 14:42:58.569,431.0799858865145,9
2024-09-20 14:42:58.575,431.07103729989046,13
2024-09-20 14:42:58.617,431.0778108605455,995
2024-09-20 14:42:58.631,431.0406753634125,100
2024-09-20 14:42:58.689,431.0908179360947,95
2024-09-20 14:42:58.806,431.09739345109926,14
2024-09-20 14:42:58.836,431.0968365797591,12
2024-09-20 14:42:58.956,431.0649101524638,997
2024-09-20 14:42:58.964,431.04724147900976,15
2024-09-20 14:42:59.315,431.07030131086543,103
2024-09-20 14:42:59.399,431.0594453662775,1001
2024-09-20 14:42:59.688,431.077251918454,95
2024-09-20 14:42:59.888,431.07089767575945,10
