Timestamp,Price,Size
2024-09-16 13:24:00.037,415.5211767910097,15
2024-09-16 13:24:00.236,415.4777399094045,1005
2024-09-16 13:24:00.363,415.52665699866833,1001
2024-09-16 13:24:00.445,415.53793274295646,996
2024-09-16 13:24:01.323,415.4733007595983,999
2024-09-16 13:24:01.783,415.489320193528,95
2024-09-16 13:24:01.869,415.4919154918596,999
2024-09-16 13:24:01.935,415.47379889436667,96
2024-09-16 13:24:01.990,415.4962343694432,10
2024-09-16 13:24:02.003,415.4704933754676,103
2024-09-16 13:24:02.062,415.507301311774,1005
2024-09-16 13:24:02.084,415.528940328782,999
2024-09-16 13:24:02.117,415.48408678436687,98
2024-09-16 13:24:02.126,415.4737679715534,14
2024-09-16 13:24:02.131,415.5074078553779,996
2024-09-16 13:24:02.133,415.4797354499144,97
2024-09-16 13:24:02.246,415.4960680417586,13
2024-09-16 13:24:02.257,415.4889876579061,104
2024-09-16 13:24:02.280,415.4997818087546,13
2024-09-16 13:24:02.311,415.51030783392014,103
2024-09-16 13:24:02.361,415.4959759615684,98
2024-09-16 13:24:02.370,415.5261689772918,103
2024-09-16 13:24:02.373,415.4755142707916,98
2024-09-16 13:24:02.383,415.53963150901546,1004
2024-09-16 13:24:02.397,415.51397872960575,105
2024-09-16 13:24:02.499,415.4848054336352,11
2024-09-16 13:24:02.524,415.4817257829724,7
2024-09-16 13:24:02.598,415.5149894981786,98
2024-09-16 13:24:02.652,415.5232275593288,1001
2024-09-16 13:24:02.659,415.5341460503063,15
2024-09-16 13:24:02.684,415.4599929403378,105
2024-09-16 13:24:02.826,415.5370709983122,100
2024-09-16 13:24:02.837,415.5175002817049,8
2024-09-16 13:24:02.896,415.4800233263122,995
2024-09-16 13:24:02.901,415.5372001851899,10
2024-09-16 13:24:02.938,415.469365434752,11
2024-09-16 13:24:02.983,415.5055110632738,15
2024-09-16 13:24:03.024,415.5247816963252,100
2024-09-16 13:24:03.033,415.500725443153,7
2024-09-16 13:24:03.059,415.5011324668956,1003
2024-09-16 13:24:03.100,415.5234686054168,6
2024-09-16 13:24:03.115,415.50310268171927,8
2024-09-16 13:24:03.116,415.5292476183882,14
2024-09-16 13:24:03.151,415.51151495861154,103
2024-09-16 13:24:03.185,415.5450737553095,12
2024-09-16 13:24:03.191,415.52043386920536,1001
2024-09-16 13:24:03.211,415.515589754685,11
2024-09-16 13:24:03.213,415.500169994051,14
2024-09-16 13:24:03.215,415.5453954829887,105
2024-09-16 13:24:03.284,415.50897980948633,9
2024-09-16 13:24:03.316,415.5208856958493,1002
2024-09-16 13:24:03.353,415.518752583875,998
2024-09-16 13:24:03.452,415.5081846822619,97
2024-09-16 13:24:03.460,415.5097729086252,97
2024-09-16 13:24:03.582,415.5057677598133,95
2024-09-16 13:24:03.659,415.535935558682,13
2024-09-16 13:24:03.722,415.5481856271618,1005
2024-09-16 13:24:03.752,415.5024047200615,1004
2024-09-16 13:24:03.804,415.5382276966658,12
2024-09-16 13:24:03.806,415.53011560982304,13
2024-09-16 13:24:03.907,415.500273816224,995
2024-09-16 13:24:03.983,415.499095068574,11
2024-09-16 13:24:03.990,415.5214159497699,98
2024-09-16 13:24:04.281,415.5308993058735,1004
2024-09-16 13:24:04.371,415.5395257775469,97
2024-09-16 13:24:04.375,415.5529276000608,95
2024-09-16 13:24:04.395,415.5277945780503,14
2024-09-16 13:24:04.575,415.5381746465292,97
2024-09-16 13:24:04.666,415.5427654807184,14
2024-09-16 13:24:05.000,415.4398676620115,96
2024-09-16 13:24:05.008,415.45331886044187,1003
2024-09-16 13:24:05.015,415.45288495416094,1003
2024-09-16 13:24:05.126,415.4702189279299,999
2024-09-16 13:24:05.135,415.4405276916374,101
2024-09-16 13:24:05.151,415.4469373756811,1004
2024-09-16 13:24:05.155,415.4689738423524,97
2024-09-16 13:24:05.210,415.5032280402591,998
2024-09-16 13:24:05.300,415.449505818428,99
2024-09-16 13:24:05.315,415.446260057207,9
2024-09-16 13:24:05.316,415.5137349512913,5
2024-09-16 13:24:05.352,415.4618065456824,9
2024-09-16 13:24:05.406,415.5190970304413,12
2024-09-16 13:24:05.412,415.433115171784,99
2024-09-16 13:24:05.415,415.4896027107523,15
2024-09-16 13:24:05.472,415.4512461034058,101
2024-09-16 13:24:05.494,415.4547240283721,1002
2024-09-16 13:24:05.530,415.4686797366754,105
2024-09-16 13:24:05.593,415.4462487188024,1000
2024-09-16 13:24:05.612,415.47829704127,97
2024-09-16 13:24:05.645,415.453838974446,997
2024-09-16 13:24:05.679,415.5116243716356,102
2024-09-16 13:24:05.691,415.4949252018236,7
2024-09-16 13:24:05.755,415.4899917366775,97
2024-09-16 13:24:05.835,415.47956506653946,1004
2024-09-16 13:24:05.850,415.4826651494079,13
2024-09-16 13:24:05.901,-415.4410926192376,100
2024-09-16 13:24:05.921,415.4478082888453,97
2024-09-16 13:24:05.943,415.4690258650692,95
2024-09-16 13:24:05.946,415.4867031161296,100
2024-09-16 13:24:06.082,415.4146521468372,13
2024-09-16 13:24:06.130,415.42417082098285,996
2024-09-16 13:24:06.141,415.3881972792621,13
2024-09-16 13:24:06.161,415.42028362173545,13
2024-09-16 13:24:06.180,415.3962217661206,1005
2024-09-16 13:24:06.443,415.42146090326287,1000
2024-09-16 13:24:06.462,415.42549344141565,6
2024-09-16 13:24:06.497,415.43580288216623,1003
2024-09-16 13:24:06.623,415.39622864598334,14
2024-09-16 13:24:06.715,415.4073438537664,104
2024-09-16 13:24:06.753,415.42728867553,995
2024-09-16 13:24:06.789,415.4349861510437,1000
2024-09-16 13:24:06.909,415.4117473864972,7
2024-09-16 13:24:06.943,415.4375782088077,98
2024-09-16 13:24:07.053,415.44760872285934,96
2024-09-16 13:24:07.091,415.393482786795,6
2024-09-16 13:24:07.099,415.416755186473,997
2024-09-16 13:24:07.110,415.467202691085,12
2024-09-16 13:24:07.152,415.4641778843838,1003
2024-09-16 13:24:07.159,415.4054610565946,100
2024-09-16 13:24:07.177,415.4548448817632,12
2024-09-16 13:24:07.295,415.3954090913838,1000
2024-09-16 13:24:07.395,415.3762002946483,995
2024-09-16 13:24:07.406,415.3921327435389,95
2024-09-16 13:24:07.424,415.45547024197793,101
2024-09-16 13:24:07.427,415.3969767072548,97
2024-09-16 13:24:07.509,415.4357698528246,100
2024-09-16 13:24:07.537,415.46962950015353,1003
2024-09-16 13:24:07.580,415.3887543590146,997
2024-09-16 13:24:07.642,415.4699168220436,998
2024-09-16 13:24:07.679,415.4866591545344,1000
2024-09-16 13:24:07.704,415.4780960431333,1002
2024-09-16 13:24:07.740,415.4156166746711,999
2024-09-16 13:24:07.852,,98
2024-09-16 13:24:07.885,415.3973521379912,101
2024-09-16 13:24:07.897,415.4697433053163,8
2024-09-16 13:24:07.926,415.3914953819105,10
2024-09-16 13:24:07.991,415.4730828234759,99
2024-09-16 13:24:09.023,415.4715079378527,96
2024-09-16 13:24:09.035,415.419845072567,9
2024-09-16 13:24:09.039,415.4170698783299,96
2024-09-16 13:24:09.041,415.4590332165713,99
2024-09-16 13:24:09.070,415.44117103994176,1003
2024-09-16 13:24:09.089,415.47240629181664,9
2024-09-16 13:24:09.133,415.4116552616047,1003
2024-09-16 13:24:09.175,415.4321632595221,101
2024-09-16 13:24:09.210,415.4137545535846,1001
2024-09-16 13:24:09.211,415.4143441690261,6
2024-09-16 13:24:09.289,415.4601605226503,1005
2024-09-16 13:24:09.302,415.43486290127686,12
2024-09-16 13:24:09.396,415.4412448310648,15
2024-09-16 13:24:09.522,415.4662311711826,1000
2024-09-16 13:24:09.526,415.45551500236127,10
2024-09-16 13:24:09.550,415.4154750709581,11
2024-09-16 13:24:09.550,415.4603535800247,102
2024-09-16 13:24:09.619,415.4667257912919,11
2024-09-16 13:24:09.657,415.4621165356077,105
2024-09-16 13:24:09.700,415.4688639713256,14
2024-09-16 13:24:09.731,415.472901527741,10
2024-09-16 13:24:09.844,415.43312071897617,8
2024-09-16 13:24:09.931,415.4305706903988,7
2024-09-16 13:24:10.305,415.4289834726149,10
2024-09-16 13:24:10.491,415.4098849195069,1002
2024-09-16 13:24:10.582,415.4347340257623,999
2024-09-16 13:24:11.004,415.3754768258717,1004
2024-09-16 13:24:11.060,415.4226437140927,100
2024-09-16 13:24:11.094,415.3976311208591,13
2024-09-16 13:24:11.109,415.39890405365855,999
2024-09-16 13:24:11.123,415.38245845361337,996
2024-09-16 13:24:11.124,415.4036249170995,105
2024-09-16 13:24:11.124,415.4432204705723,97
2024-09-16 13:24:11.128,415.42997159374966,997
2024-09-16 13:24:11.144,415.401336057422,15
2024-09-16 13:24:11.148,415.3858652122782,6
2024-09-16 13:24:11.300,415.378865695513,998
2024-09-16 13:24:11.338,415.4366550765823,1001
2024-09-16 13:24:11.345,415.3806148795728,97
2024-09-16 13:24:11.371,415.4553007478236,98
2024-09-16 13:24:11.377,415.36176322903736,103
2024-09-16 13:24:11.416,415.3897086044467,6
2024-09-16 13:24:11.465,415.3708645342145,8
2024-09-16 13:24:11.475,415.4120984676859,102
2024-09-16 13:24:11.490,415.37514513896576,1005
2024-09-16 13:24:11.531,415.4163724534815,14
2024-09-16 13:24:11.554,415.4146366923154,104
2024-09-16 13:24:11.717,415.3866790073064,998
2024-09-16 13:24:11.730,415.4166331498181,101
2024-09-16 13:24:11.779,415.4286289738752,96
2024-09-16 13:24:11.879,415.40957433261616,7
2024-09-16 13:24:11.915,415.4067616012776,11
2024-09-16 13:24:11.945,415.3904372948418,995
2024-09-16 13:24:11.957,415.41294517585527,1002
2024-09-16 13:24:12.158,415.4225620403864,11
2024-09-16 13:24:12.169,415.4881830997055,999
2024-09-16 13:24:12.181,415.4922328046592,104
2024-09-16 13:24:12.188,415.4795439889413,995
2024-09-16 13:24:12.203,415.38866166839176,11
2024-09-16 13:24:12.213,415.41504913618553,999
2024-09-16 13:24:12.269,415.4652082884674,13
2024-09-16 13:24:12.302,415.3892583079592,1005
2024-09-16 13:24:12.326,415.4769013591498,1001
2024-09-16 13:24:12.349,415.4297219627715,995
2024-09-16 13:24:12.378,415.5212849894301,102
2024-09-16 13:24:12.380,415.4716412905245,8
2024-09-16 13:24:12.403,,1000
2024-09-16 13:24:12.422,415.4690990539399,997
2024-09-16 13:24:12.470,415.489562056964,14
2024-09-16 13:24:12.620,415.4822441437969,14
2024-09-16 13:24:12.640,415.44974739037593,1005
2024-09-16 13:24:12.716,415.5322869157417,1000
2024-09-16 13:24:12.787,415.4892628359631,1002
2024-09-16 13:24:12.803,415.4817835152476,11
2024-09-16 13:24:12.833,415.4971366445872,7
2024-09-16 13:24:12.860,415.4273642207162,11
2024-09-16 13:24:12.886,415.3915308401809,10
2024-09-16 13:24:12.970,415.47574165377085,103
2024-09-16 13:24:14.099,415.5107201025334,105
2024-09-16 13:24:14.154,415.5236964534543,104
2024-09-16 13:24:14.268,41.55229851175038,998
2024-09-16 13:24:14.278,415.4890168925612,999
2024-09-16 13:24:14.318,415.5415902884759,102
2024-09-16 13:24:14.621,415.5146613398949,100
2024-09-16 13:24:14.689,415.5209641993916,10
2024-09-16 13:24:14.810,415.52236951237694,1000
2024-09-16 13:24:14.924,415.5124767103664,100
2024-09-16 13:24:14.932,415.5016888635751,13
2024-09-16 13:24:15.064,415.4812702217328,15
2024-09-16 13:24:15.076,415.454057092793,100
2024-09-16 13:24:15.126,415.4974132377094,103
2024-09-16 13:24:15.145,415.5030103811631,96
2024-09-16 13:24:15.240,415.4729906214755,997
2024-09-16 13:24:15.242,415.4829203808959,103
2024-09-16 13:24:15.254,415.4952369375948,1001
2024-09-16 13:24:15.270,415.43586344183416,7
2024-09-16 13:24:15.298,-415.4055636665878,100
2024-09-16 13:24:15.461,415.5036655952237,10
2024-09-16 13:24:15.577,415.4857964453318,14
2024-09-16 13:24:15.583,415.4815706909576,97
2024-09-16 13:24:15.727,415.475980107845,1002
2024-09-16 13:24:15.792,415.4779245001706,8
2024-09-16 13:24:15.903,415.50849285842446,98
2024-09-16 13:24:15.921,415.4448722132024,103
2024-09-16 13:24:15.978,415.43925244832,98
2024-09-16 13:24:16.038,415.37442887429256,1004
2024-09-16 13:24:16.121,415.3322469059626,1003
2024-09-16 13:24:16.122,415.4103265215628,7
2024-09-16 13:24:16.405,415.3491192611991,995
2024-09-16 13:24:16.474,415.3085220904301,1001
2024-09-16 13:24:16.544,415.32942626149344,999
2024-09-16 13:24:16.561,415.41204324812327,1000
2024-09-16 13:24:16.583,415.4080503620543,8
2024-09-16 13:24:16.656,415.4067098300556,1005
2024-09-16 13:24:16.802,415.31839162267534,9
2024-09-16 13:24:16.867,415.3217642688563,100
2024-09-16 13:24:16.914,415.4197495885961,97
2024-09-16 13:24:16.976,415.2907894858585,8
2024-09-16 13:24:17.039,415.26927215503247,1003
2024-09-16 13:24:17.061,415.2607190362736,1001
2024-09-16 13:24:17.087,415.2380312416441,99
2024-09-16 13:24:17.143,415.2806445543021,100
2024-09-16 13:24:17.177,415.24135156549545,7
2024-09-16 13:24:17.192,415.2688533106775,100
2024-09-16 13:24:17.237,415.2718397031282,10
2024-09-16 13:24:17.277,415.245721036046,100
2024-09-16 13:24:17.280,415.2368684555447,96
2024-09-16 13:24:17.316,415.2365173183612,97
2024-09-16 13:24:17.343,415.2542792810884,11
2024-09-16 13:24:17.420,415.2602587835798,1005
2024-09-16 13:24:17.537,415.26616156235616,1000
2024-09-16 13:24:17.651,415.2741387641051,15
2024-09-16 13:24:17.675,415.2554994037487,105
2024-09-16 13:24:17.680,415.2772678324033,99
2024-09-16 13:24:17.726,415.2309777747861,996
2024-09-16 13:24:17.795,415.2783101591381,13
2024-09-16 13:24:17.812,415.27562449378496,1002
2024-09-16 13:24:17.834,415.2261783319071,97
2024-09-16 13:24:17.940,415.2486674338189,102
2024-09-16 13:24:18.020,415.233093589243,96
2024-09-16 13:24:18.052,415.21006744239617,13
2024-09-16 13:24:18.052,415.2208971439086,12
2024-09-16 13:24:18.157,-415.22125808138486,95
2024-09-16 13:24:18.225,415.2275260621707,1000
2024-09-16 13:24:18.237,415.2248025736699,11
2024-09-16 13:24:18.279,415.2432495541882,7
2024-09-16 13:24:18.335,415.2268312756794,10
2024-09-16 13:24:18.414,415.2218450672797,96
2024-09-16 13:24:18.707,415.21620173640224,1000
2024-09-16 13:24:19.027,415.2052483857411,15
2024-09-16 13:24:19.029,415.2376668765329,1000
2024-09-16 13:24:19.084,415.2321779292643,96
2024-09-16 13:24:19.167,415.21683790539697,1004
2024-09-16 13:24:19.272,415.2255910061163,10
2024-09-16 13:24:19.402,415.2469655146141,10
2024-09-16 13:24:19.488,415.2130293653999,14
2024-09-16 13:24:19.493,415.2302969457766,1003
2024-09-16 13:24:19.546,415.2514072837783,8
2024-09-16 13:24:20.000,415.3147844616155,6
2024-09-16 13:24:20.004,415.25679763931953,95
2024-09-16 13:24:20.006,415.32772294315686,99
2024-09-16 13:24:20.187,415.2673680179983,11
2024-09-16 13:24:20.250,415.2973411184168,102
2024-09-16 13:24:20.262,415.3205831131193,95
2024-09-16 13:24:20.276,415.25647009328094,8
2024-09-16 13:24:20.306,415.2513124671783,1000
2024-09-16 13:24:20.361,,10
2024-09-16 13:24:20.420,415.3232301471239,1004
2024-09-16 13:24:20.463,415.2484892248684,101
2024-09-16 13:24:20.470,415.323212330958,7
2024-09-16 13:24:20.596,415.2615877582303,8
2024-09-16 13:24:20.629,415.2403398933103,101
2024-09-16 13:24:20.633,415.2941458477414,100
2024-09-16 13:24:20.686,415.333922611475,99
2024-09-16 13:24:20.815,415.3012676152403,101
2024-09-16 13:24:20.818,415.2962187086128,105
2024-09-16 13:24:20.829,415.31978684054513,103
2024-09-16 13:24:20.835,415.2878993989537,1002
2024-09-16 13:24:20.848,415.24147425903215,15
2024-09-16 13:24:20.887,415.232036953056,1004
2024-09-16 13:24:20.902,415.25995007636703,15
2024-09-16 13:24:20.954,415.2946501065872,12
2024-09-16 13:24:20.963,415.25124198141935,101
2024-09-16 13:24:20.970,415.3162149963694,1001
2024-09-16 13:24:21.036,415.2867814915753,996
2024-09-16 13:24:21.037,415.2133246980693,8
2024-09-16 13:24:21.062,415.25971353503394,98
2024-09-16 13:24:21.088,415.2699824195062,98
2024-09-16 13:24:21.170,415.2905655075303,9
2024-09-16 13:24:21.190,415.28757224284544,997
2024-09-16 13:24:21.250,415.255379779707,97
2024-09-16 13:24:21.267,415.2194412107333,995
2024-09-16 13:24:21.302,415.19470424101326,97
2024-09-16 13:24:21.388,415.2662347460188,1001
2024-09-16 13:24:21.401,415.2777280480272,995
2024-09-16 13:24:21.461,415.2720755423708,103
2024-09-16 13:24:21.476,415.2149938108589,6
2024-09-16 13:24:21.506,415.27671355827255,1003
2024-09-16 13:24:21.541,415.2499711554215,95
2024-09-16 13:24:21.577,415.2730664056383,103
2024-09-16 13:24:21.580,415.2601038686553,5
2024-09-16 13:24:21.633,415.1986716717618,8
2024-09-16 13:24:21.633,415.2736850883759,103
2024-09-16 13:24:21.687,415.26395848117255,98
2024-09-16 13:24:21.702,415.1894661366756,12
2024-09-16 13:24:21.719,415.2355134782737,998
2024-09-16 13:24:21.853,415.284315038099,96
2024-09-16 13:24:21.857,415.30899638886166,995
2024-09-16 13:24:21.863,415.27519606365865,101
2024-09-16 13:24:21.916,415.20349077880434,996
2024-09-16 13:24:21.955,415.18770015995887,97
2024-09-16 13:24:21.956,415.25731023628987,14
2024-09-16 13:24:21.971,415.2234028613728,1001
2024-09-16 13:24:22.196,415.27744078636,14
2024-09-16 13:24:22.197,415.21330074492937,12
2024-09-16 13:24:22.353,415.22119409563976,14
2024-09-16 13:24:22.396,415.230867518534,13
2024-09-16 13:24:22.423,415.2523406897096,98
2024-09-16 13:24:22.447,415.2198781772278,13
2024-09-16 13:24:22.530,415.2292749061746,98
2024-09-16 13:24:22.582,415.2301366415589,15
2024-09-16 13:24:22.586,415.24761559670617,99
2024-09-16 13:24:22.598,415.2705515986536,998
2024-09-16 13:24:22.682,415.2805191418752,11
2024-09-16 13:24:22.705,415.2649905643923,9
2024-09-16 13:24:22.781,415.2533614845956,101
2024-09-16 13:24:22.788,415.2702263416399,1001
2024-09-16 13:24:22.826,415.225626044752,15
2024-09-16 13:24:22.947,415.200977748533,8
2024-09-16 13:24:23.636,415.2529703292247,14
2024-09-16 13:24:23.901,415.25792883428295,15
2024-09-16 13:24:23.984,415.26730401679646,95
2024-09-16 13:24:24.088,415.2110597968506,95
2024-09-16 13:24:24.095,415.2176311688741,100
2024-09-16 13:24:24.109,415.2089657957658,1000
2024-09-16 13:24:24.149,415.24732389625376,5
2024-09-16 13:24:24.154,415.19525213373817,98
2024-09-16 13:24:24.239,415.1841062184628,1002
2024-09-16 13:24:24.251,415.1886091454099,995
2024-09-16 13:24:24.333,415.2258489788997,1001
2024-09-16 13:24:24.353,415.2102653894768,1000
2024-09-16 13:24:24.374,415.25424898950985,996
2024-09-16 13:24:24.381,415.24615971858645,101
2024-09-16 13:24:24.402,415.2436584832698,5
2024-09-16 13:24:24.441,415.20178653535146,1004
2024-09-16 13:24:24.490,415.2329503659779,1000
2024-09-16 13:24:24.495,415.21451851101335,1000
2024-09-16 13:24:24.576,415.18876003210585,96
2024-09-16 13:24:24.658,415.18790063189607,100
2024-09-16 13:24:24.672,41.525302072828765,99
2024-09-16 13:24:24.755,415.2054931109508,995
2024-09-16 13:24:24.840,415.17410880771,999
2024-09-16 13:24:24.851,415.22847074113577,15
2024-09-16 13:24:24.893,415.23102478022,95
2024-09-16 13:24:24.951,415.2086221268737,98
2024-09-16 13:24:25.025,415.183148661415,15
2024-09-16 13:24:25.105,415.2033532028294,5
2024-09-16 13:24:25.239,415.181846380089,99
2024-09-16 13:24:25.260,415.2068940711138,1004
2024-09-16 13:24:25.308,415.1916902707686,1005
2024-09-16 13:24:25.350,,6
2024-09-16 13:24:25.358,415.1788529937691,105
2024-09-16 13:24:25.359,415.18164640516255,11
2024-09-16 13:24:25.413,415.1971410389652,998
2024-09-16 13:24:25.523,415.1997911037558,9
2024-09-16 13:24:25.734,415.1805841553455,12
2024-09-16 13:24:25.763,415.1709705210242,995
2024-09-16 13:24:25.817,415.1821002598752,1003
2024-09-16 13:24:25.944,415.1950753542461,1002
2024-09-16 13:24:26.041,415.1277727770842,996
2024-09-16 13:24:26.048,415.18595191449685,101
2024-09-16 13:24:26.063,415.1242895272411,101
2024-09-16 13:24:26.065,415.1276971863391,12
2024-09-16 13:24:26.067,415.1625726962587,1000
2024-09-16 13:24:26.076,415.11485701698393,997
2024-09-16 13:24:26.119,415.2006330564873,5
2024-09-16 13:24:26.121,415.11428776895946,1000
2024-09-16 13:24:26.136,415.1553190920487,97
2024-09-16 13:24:26.229,415.18150558939465,104
2024-09-16 13:24:26.242,415.2069182596524,97
2024-09-16 13:24:26.256,415.13988833077246,6
2024-09-16 13:24:26.257,415.11901075142754,11
2024-09-16 13:24:26.258,415.1762939519728,997
2024-09-16 13:24:26.287,415.2115681336122,995
2024-09-16 13:24:26.333,415.1807322787452,1000
2024-09-16 13:24:26.374,415.1138784039541,97
2024-09-16 13:24:26.399,415.1249915548959,101
2024-09-16 13:24:26.472,415.1916706157412,1000
2024-09-16 13:24:26.621,415.1271516346211,5
2024-09-16 13:24:26.626,415.107489033795,97
2024-09-16 13:24:26.864,415.1156420040412,996
2024-09-16 13:24:26.916,415.1200311694833,100
2024-09-16 13:24:26.937,415.1010718722,1004
2024-09-16 13:24:26.956,415.15690847006425,101
2024-09-16 13:24:27.077,415.1611833746341,8
2024-09-16 13:24:27.082,415.1875877845741,1000
2024-09-16 13:24:27.123,415.1944633277593,9
2024-09-16 13:24:27.281,415.1607938738766,15
2024-09-16 13:24:27.297,415.1564644149772,9
2024-09-16 13:24:27.379,415.1291000288135,5
2024-09-16 13:24:27.537,415.1289777633384,997
2024-09-16 13:24:27.585,415.1301059680591,12
2024-09-16 13:24:27.705,415.16107611265846,10
2024-09-16 13:24:27.755,415.1411448454441,1000
2024-09-16 13:24:27.802,415.1205485623454,103
2024-09-16 13:24:27.815,415.1431367793663,100
2024-09-16 13:24:27.890,415.20939480936784,5
2024-09-16 13:24:27.945,415.13094198525,1005
2024-09-16 13:24:27.963,415.1586332509759,12
2024-09-16 13:24:28.025,415.1737984730913,995
2024-09-16 13:24:28.112,415.1914924654037,996
2024-09-16 13:24:28.118,415.1931751923243,104
2024-09-16 13:24:28.151,415.1982066654495,996
2024-09-16 13:24:28.179,415.1818714247479,1004
2024-09-16 13:24:28.225,415.1641875161257,6
2024-09-16 13:24:28.264,415.17925013401873,9
2024-09-16 13:24:28.267,415.1850977514622,9
2024-09-16 13:24:28.310,415.2065603932123,6
2024-09-16 13:24:28.356,415.18259964960913,99
2024-09-16 13:24:28.441,415.1789965926344,6
2024-09-16 13:24:28.475,415.2041662338145,1004
2024-09-16 13:24:28.545,415.2035447381758,11
2024-09-16 13:24:28.553,415.1968311106387,100
2024-09-16 13:24:28.584,415.16583695190985,6
2024-09-16 13:24:28.615,415.1921530925361,98
2024-09-16 13:24:28.830,415.1860848245757,1004
2024-09-16 13:24:28.878,415.1990885132778,95
2024-09-16 13:24:28.959,415.1903050388154,11
2024-09-16 13:24:28.963,415.19190556098977,1002
2024-09-16 13:24:29.241,415.1795615103608,996
2024-09-16 13:24:29.440,415.1535000977202,997
2024-09-16 13:24:29.488,415.19273398244405,996
2024-09-16 13:24:29.566,415.1711948327669,996
2024-09-16 13:24:29.570,415.1786176429875,15
2024-09-16 13:24:29.597,415.144684922551,5
2024-09-16 13:24:29.618,415.1838001428583,14
2024-09-16 13:24:29.646,415.1497507426891,6
2024-09-16 13:24:29.659,415.1701401603976,104
2024-09-16 13:24:29.707,415.1613005210768,15
2024-09-16 13:24:29.831,415.1825301583421,12
2024-09-16 13:24:29.838,415.1860681390551,101
2024-09-16 13:24:30.009,415.2116892367284,98
2024-09-16 13:24:30.600,415.2135120571224,998
2024-09-16 13:24:30.633,415.1996721555299,12
2024-09-16 13:24:30.692,415.20396671377614,102
2024-09-16 13:24:30.717,415.1849890137167,102
2024-09-16 13:24:30.805,415.1739306918235,7
2024-09-16 13:24:30.901,415.19789139585913,1003
2024-09-16 13:24:30.993,415.20230142305286,15
2024-09-16 13:24:31.080,415.189384172657,9
2024-09-16 13:24:31.261,415.1710429936584,95
2024-09-16 13:24:31.274,415.15473777486665,9
2024-09-16 13:24:31.275,415.1641964251676,103
2024-09-16 13:24:31.304,415.167419687436,105
2024-09-16 13:24:31.427,415.20079716947055,6
2024-09-16 13:24:31.734,415.174455559298,1002
2024-09-16 13:24:31.827,415.18723978070057,95
2024-09-16 13:24:31.876,415.2292084778998,1005
2024-09-16 13:24:31.982,415.1740349396935,97
2024-09-16 13:24:32.031,415.2445469507186,13
2024-09-16 13:24:32.184,415.2513148688163,995
2024-09-16 13:24:32.216,415.2560407657764,10
2024-09-16 13:24:32.401,-415.23384445250207,99
2024-09-16 13:24:32.524,415.25002493739447,5
2024-09-16 13:24:32.655,415.2473658655071,998
2024-09-16 13:24:32.786,,997
2024-09-16 13:24:32.904,415.2366269524034,15
2024-09-16 13:24:32.907,415.2433384478574,96
2024-09-16 13:24:32.983,415.2352542243372,98
2024-09-16 13:24:33.367,415.27278149004417,1003
2024-09-16 13:24:33.747,415.25124726242046,6
2024-09-16 13:24:33.827,415.2564064990023,15
2024-09-16 13:24:33.921,415.2792058154098,97
2024-09-16 13:24:33.970,415.2600435347005,6
2024-09-16 13:24:35.069,415.2306857370917,105
2024-09-16 13:24:35.087,415.24585190318606,95
2024-09-16 13:24:35.284,415.2466074458525,999
2024-09-16 13:24:35.287,415.2540221946143,1002
2024-09-16 13:24:35.317,415.2319466539414,6
2024-09-16 13:24:35.335,415.2691166102417,10
2024-09-16 13:24:35.361,415.2449137800392,100
2024-09-16 13:24:35.365,415.24399939806295,7
2024-09-16 13:24:35.369,415.24519335244935,104
2024-09-16 13:24:35.515,415.2293268003212,14
2024-09-16 13:24:35.584,415.213765146103,11
2024-09-16 13:24:35.586,415.2272166498206,10
2024-09-16 13:24:35.596,415.22814347284606,101
2024-09-16 13:24:35.655,415.2394197544279,101
2024-09-16 13:24:35.655,415.2105657431149,1000
2024-09-16 13:24:35.678,415.24994224034685,100
2024-09-16 13:24:35.691,415.2282851276647,12
2024-09-16 13:24:35.763,415.2113758648108,998
2024-09-16 13:24:35.772,415.218919502886,10
2024-09-16 13:24:35.895,415.23911712421307,15
2024-09-16 13:24:35.980,415.2473013329114,999
2024-09-16 13:24:36.217,415.2655866708034,96
2024-09-16 13:24:36.253,415.2762898444548,9
2024-09-16 13:24:36.659,415.256442853612,9
2024-09-16 13:24:36.690,415.2699955258896,95
2024-09-16 13:24:36.712,415.2723399829712,12
2024-09-16 13:24:37.076,415.2799784517131,998
2024-09-16 13:24:37.121,415.28210383072513,97
2024-09-16 13:24:37.302,415.24045284243766,97
2024-09-16 13:24:37.303,415.2376675534384,1001
2024-09-16 13:24:37.355,415.2665935369945,998
2024-09-16 13:24:37.418,415.2607850316443,103
2024-09-16 13:24:37.421,415.2563907895413,12
2024-09-16 13:24:37.446,415.2368239694972,1002
2024-09-16 13:24:37.547,415.2285857784164,104
2024-09-16 13:24:37.561,415.246878761019,1003
2024-09-16 13:24:37.897,415.2687782082492,95
2024-09-16 13:24:38.023,415.27415218113583,995
2024-09-16 13:24:38.045,,96
2024-09-16 13:24:38.048,415.2690778134339,1002
2024-09-16 13:24:38.156,415.2924663757871,8
2024-09-16 13:24:38.235,415.27823708663936,104
2024-09-16 13:24:38.244,415.3168958753914,996
2024-09-16 13:24:38.318,415.2773019155783,12
2024-09-16 13:24:38.361,415.3241716459276,15
2024-09-16 13:24:38.431,415.2739125231323,996
2024-09-16 13:24:38.505,415.2739586474007,995
2024-09-16 13:24:38.640,415.3179026101394,997
2024-09-16 13:24:38.646,415.25205952920857,102
2024-09-16 13:24:38.656,415.2724630147064,7
2024-09-16 13:24:38.675,415.2650888974643,12
2024-09-16 13:24:38.695,415.2641074507685,1001
2024-09-16 13:24:38.704,415.2498673630551,14
2024-09-16 13:24:38.707,415.26746953251774,102
2024-09-16 13:24:38.809,415.2579737674821,1000
2024-09-16 13:24:38.850,415.3397885387084,104
2024-09-16 13:24:38.873,415.304198217707,1000
2024-09-16 13:24:38.918,415.26335324616207,97
2024-09-16 13:24:39.080,415.2365339801796,8
2024-09-16 13:24:39.118,415.2680323412529,11
2024-09-16 13:24:39.176,415.24683155177337,997
2024-09-16 13:24:39.216,415.2698022952181,105
2024-09-16 13:24:39.218,415.2398872757818,96
2024-09-16 13:24:39.222,415.28537671815104,1002
2024-09-16 13:24:39.233,415.23656706517625,96
2024-09-16 13:24:39.286,-415.2637310028825,8
2024-09-16 13:24:39.343,415.2312975441183,996
2024-09-16 13:24:39.369,415.2734001578357,1003
2024-09-16 13:24:39.409,415.24347293737065,101
2024-09-16 13:24:39.438,415.26001691583184,999
2024-09-16 13:24:39.490,415.22641881720153,103
2024-09-16 13:24:39.532,415.2857641173779,1005
2024-09-16 13:24:39.594,415.27055158756286,995
2024-09-16 13:24:39.635,415.2766169076109,6
2024-09-16 13:24:39.698,415.2507140699051,98
2024-09-16 13:24:39.710,415.2471655064598,15
2024-09-16 13:24:39.735,415.276473241719,996
2024-09-16 13:24:39.755,415.292827846986,1003
2024-09-16 13:24:39.809,415.2625570255376,98
2024-09-16 13:24:39.814,415.2596156374469,102
2024-09-16 13:24:39.831,415.2587581209658,1000
2024-09-16 13:24:40.050,415.32466275755314,999
2024-09-16 13:24:40.071,415.3069989021775,101
2024-09-16 13:24:40.128,415.32480505935047,14
2024-09-16 13:24:40.128,415.28939655296057,7
2024-09-16 13:24:40.157,415.3338040111314,8
2024-09-16 13:24:40.161,415.3753291788596,15
2024-09-16 13:24:40.203,415.3459393678884,98
2024-09-16 13:24:40.278,415.3004963153589,1000
2024-09-16 13:24:40.286,415.3359269212463,102
2024-09-16 13:24:40.287,415.3431217659184,103
2024-09-16 13:24:40.290,415.3470234994476,10
2024-09-16 13:24:40.389,415.3508262337709,10
2024-09-16 13:24:40.419,415.3308024622255,996
2024-09-16 13:24:40.449,415.3746902502243,996
2024-09-16 13:24:40.474,415.332192130511,103
2024-09-16 13:24:40.485,415.34480089607655,98
2024-09-16 13:24:40.511,415.3524962415265,10
2024-09-16 13:24:40.545,415.35437761318,101
2024-09-16 13:24:40.552,415.2652545995168,5
2024-09-16 13:24:40.567,415.2976401015744,999
2024-09-16 13:24:40.577,415.3369329129952,1005
2024-09-16 13:24:40.593,415.3350812774879,999
2024-09-16 13:24:40.595,415.31396691196153,999
2024-09-16 13:24:40.605,415.3713850312854,1001
2024-09-16 13:24:40.614,415.23328599895314,6
2024-09-16 13:24:40.735,415.3447832701888,11
2024-09-16 13:24:40.825,,998
2024-09-16 13:24:40.953,415.328654820128,5
2024-09-16 13:24:40.960,415.3181767734594,1005
2024-09-16 13:24:40.987,415.3267560638862,14
2024-09-16 13:24:41.033,415.4389265617881,7
2024-09-16 13:24:41.138,415.3858356211636,5
2024-09-16 13:24:41.209,415.3720146221936,1000
2024-09-16 13:24:41.271,415.44978331344765,13
2024-09-16 13:24:41.437,415.3768840420111,12
2024-09-16 13:24:41.477,415.3828991131696,96
2024-09-16 13:24:41.546,415.3782980580351,997
2024-09-16 13:24:41.553,415.4018237105327,97
2024-09-16 13:24:41.605,415.3934841126815,995
2024-09-16 13:24:41.623,415.4712767443656,15
2024-09-16 13:24:41.643,415.42308444066447,9
2024-09-16 13:24:41.654,415.4598003445268,998
2024-09-16 13:24:41.657,415.38535475133256,15
2024-09-16 13:24:41.669,415.3782142617982,1000
2024-09-16 13:24:41.723,415.4298994450872,15
2024-09-16 13:24:41.785,-415.4360463458637,95
2024-09-16 13:24:41.844,415.3778801833121,105
2024-09-16 13:24:41.939,415.3860964303708,1002
2024-09-16 13:24:41.942,415.45142770503287,103
2024-09-16 13:24:41.957,415.3748448422552,102
2024-09-16 13:24:41.986,415.37352568607264,101
2024-09-16 13:24:42.067,415.4661459402294,97
2024-09-16 13:24:42.378,415.4655128606099,9
2024-09-16 13:24:42.727,415.452259940774,13
2024-09-16 13:24:42.735,415.4553839273062,99
2024-09-16 13:24:43.005,415.4635384024544,10
2024-09-16 13:24:43.082,415.4817750135063,10
2024-09-16 13:24:43.091,415.48782463327376,998
2024-09-16 13:24:43.103,415.4657252105503,6
2024-09-16 13:24:43.185,415.4963091617972,97
2024-09-16 13:24:43.233,415.4635492901119,1002
2024-09-16 13:24:43.270,415.4788670586688,99
2024-09-16 13:24:43.295,415.4395195449233,101
2024-09-16 13:24:43.416,415.48687476497423,95
2024-09-16 13:24:43.620,415.4886680028332,995
2024-09-16 13:24:43.790,415.4875378363236,1001
2024-09-16 13:24:43.812,415.4694759097772,12
2024-09-16 13:24:43.889,415.4923121030391,95
2024-09-16 13:24:43.926,415.46677975537375,13
2024-09-16 13:24:44.016,415.4186838486088,103
2024-09-16 13:24:44.017,415.4116665743625,12
2024-09-16 13:24:44.028,415.4248812435997,1001
2024-09-16 13:24:44.040,415.5383944840565,997
2024-09-16 13:24:44.070,415.4124628569958,7
2024-09-16 13:24:44.156,415.42403575744686,10
2024-09-16 13:24:44.214,415.4661468829319,12
2024-09-16 13:24:44.281,415.41136639942846,1000
2024-09-16 13:24:44.301,415.4228694538007,997
2024-09-16 13:24:44.302,415.429307951457,998
2024-09-16 13:24:44.327,415.4494550701238,10
2024-09-16 13:24:44.327,415.428313824328,13
2024-09-16 13:24:44.415,415.5283184243669,1001
2024-09-16 13:24:44.427,415.4619094869078,9
2024-09-16 13:24:44.432,415.4237412297002,9
2024-09-16 13:24:44.541,415.4095365560962,9
2024-09-16 13:24:44.547,415.4151553425416,998
2024-09-16 13:24:44.548,415.4278309764318,997
2024-09-16 13:24:44.571,415.46750200096426,10
2024-09-16 13:24:44.584,415.4752243793256,10
2024-09-16 13:24:44.584,415.4212527906892,999
2024-09-16 13:24:44.606,415.50564988613087,995
2024-09-16 13:24:44.771,415.4073247687441,98
2024-09-16 13:24:44.813,415.4950733244382,12
2024-09-16 13:24:44.913,415.4381602436343,105
2024-09-16 13:24:44.974,415.410372715385,11
2024-09-16 13:24:45.035,415.5388535288972,96
2024-09-16 13:24:45.036,415.5267188938126,996
2024-09-16 13:24:45.121,415.53703445591646,7
2024-09-16 13:24:45.253,415.5229748340072,14
2024-09-16 13:24:45.466,415.5453116943835,9
2024-09-16 13:24:45.579,415.5355893088682,1004
2024-09-16 13:24:45.598,415.5524085478264,1000
2024-09-16 13:24:45.630,415.536736639322,1004
2024-09-16 13:24:45.642,415.5594270137393,1000
2024-09-16 13:24:45.661,415.5478322228553,105
2024-09-16 13:24:45.703,415.5280607983861,1005
2024-09-16 13:24:45.750,415.4996790278578,101
2024-09-16 13:24:45.788,415.5631675645161,6
2024-09-16 13:24:45.825,415.5373860582289,1003
2024-09-16 13:24:45.922,415.5254685254849,99
2024-09-16 13:24:45.932,415.5338164167313,95
2024-09-16 13:24:45.952,415.5365886031354,98
2024-09-16 13:24:46.015,415.48570422349934,100
2024-09-16 13:24:46.034,415.4997054469861,998
2024-09-16 13:24:46.037,415.4935547548989,102
2024-09-16 13:24:46.067,415.50699919788354,12
2024-09-16 13:24:46.075,415.52253635427405,95
2024-09-16 13:24:46.148,415.5338659333162,1004
2024-09-16 13:24:46.220,415.4855149475589,1005
2024-09-16 13:24:46.380,415.5262534969333,101
2024-09-16 13:24:46.436,,98
2024-09-16 13:24:46.461,415.5071220594592,999
2024-09-16 13:24:46.512,415.506388165993,7
2024-09-16 13:24:46.562,415.5065956841503,5
2024-09-16 13:24:46.693,415.51134622122805,98
2024-09-16 13:24:46.694,415.53047860641874,999
2024-09-16 13:24:46.709,415.5361845757929,14
2024-09-16 13:24:46.825,415.48845188730246,98
2024-09-16 13:24:46.911,415.4988927531355,15
2024-09-16 13:24:46.940,415.4923169615693,103
2024-09-16 13:24:46.976,415.5247558742364,8
2024-09-16 13:24:47.253,415.4971840621203,100
2024-09-16 13:24:47.381,415.4787881982812,95
2024-09-16 13:24:47.419,415.5032996123669,13
2024-09-16 13:24:47.425,415.4960895539458,96
2024-09-16 13:24:47.468,415.4735375976008,102
2024-09-16 13:24:47.494,415.4618699768125,996
2024-09-16 13:24:47.648,415.4885943238483,8
2024-09-16 13:24:47.656,415.49924896823546,1004
2024-09-16 13:24:47.790,415.5124667336266,8
2024-09-16 13:24:47.820,415.49159628278767,13
2024-09-16 13:24:47.899,415.4735464598456,11
2024-09-16 13:24:47.962,415.4874053698933,998
2024-09-16 13:24:47.992,415.494782284375,12
2024-09-16 13:24:48.131,415.4719747476487,1000
2024-09-16 13:24:48.159,415.4805431407796,9
2024-09-16 13:24:48.182,415.48147921778366,9
2024-09-16 13:24:48.305,415.4800484771432,996
2024-09-16 13:24:48.454,415.47540523779935,15
2024-09-16 13:24:48.462,415.49629101685696,1004
2024-09-16 13:24:48.591,415.4780621869502,1002
2024-09-16 13:24:48.637,415.45092766563965,1005
2024-09-16 13:24:48.657,415.44204637477856,1005
2024-09-16 13:24:48.727,415.45121648286937,10
2024-09-16 13:24:48.737,415.4560015655359,999
2024-09-16 13:24:48.816,415.4631764994204,11
2024-09-16 13:24:48.852,415.4712068780512,104
2024-09-16 13:24:48.955,415.4710888322505,999
2024-09-16 13:24:49.062,415.5122414504039,11
2024-09-16 13:24:49.071,415.51468735636615,103
2024-09-16 13:24:49.107,415.5040609099635,102
2024-09-16 13:24:49.181,415.50530748418834,95
2024-09-16 13:24:49.241,415.51020864173216,95
2024-09-16 13:24:49.245,415.50590503992856,995
2024-09-16 13:24:49.326,415.5087082736952,1003
2024-09-16 13:24:49.371,415.5185253534384,99
2024-09-16 13:24:49.440,415.458991834031,13
2024-09-16 13:24:49.447,415.5568567649107,1001
2024-09-16 13:24:49.476,415.510075059084,95
2024-09-16 13:24:49.499,415.54917011481103,999
2024-09-16 13:24:49.595,415.499593769727,1000
2024-09-16 13:24:49.645,415.51235260087697,97
2024-09-16 13:24:49.647,415.5037446473759,997
2024-09-16 13:24:49.664,415.51164803957766,102
2024-09-16 13:24:49.682,415.4952507747672,8
2024-09-16 13:24:49.689,415.5004568849723,8
2024-09-16 13:24:49.694,415.4649349763549,95
2024-09-16 13:24:49.751,415.533736808863,1005
2024-09-16 13:24:49.773,415.5145420508844,6
2024-09-16 13:24:49.905,415.5096835592512,5
2024-09-16 13:24:49.933,415.5050894662832,1003
2024-09-16 13:24:49.937,415.4738368674684,1000
2024-09-16 13:24:49.966,415.5151322724669,1005
2024-09-16 13:24:50.344,415.5433860145672,99
2024-09-16 13:24:50.647,415.5959753583565,6
2024-09-16 13:24:50.851,415.57778383738497,101
2024-09-16 13:24:50.864,415.55758887754826,99
2024-09-16 13:24:51.078,415.6115505259328,95
2024-09-16 13:24:51.142,415.5583359087476,102
2024-09-16 13:24:51.194,415.5937935288414,1002
2024-09-16 13:24:51.227,415.5895108948459,5
2024-09-16 13:24:51.229,415.5609157163066,100
2024-09-16 13:24:51.236,415.58477015774486,9
2024-09-16 13:24:51.264,415.6125038316672,6
2024-09-16 13:24:51.312,415.5567700062008,101
2024-09-16 13:24:51.366,415.6153702000744,97
2024-09-16 13:24:51.511,415.6001247584199,995
2024-09-16 13:24:51.607,415.5620854260566,13
2024-09-16 13:24:51.607,415.5823978628043,1001
2024-09-16 13:24:51.637,415.5534801097924,104
2024-09-16 13:24:51.656,415.5442274931877,9
2024-09-16 13:24:51.657,415.6084055380508,9
2024-09-16 13:24:51.667,415.5700494242905,95
2024-09-16 13:24:51.669,415.5589975525757,96
2024-09-16 13:24:51.740,415.5951320681411,5
2024-09-16 13:24:51.772,415.5610914338735,104
2024-09-16 13:24:51.783,415.6008294863676,103
2024-09-16 13:24:51.830,415.5934658164036,15
2024-09-16 13:24:51.916,415.5502035657332,9
2024-09-16 13:24:51.921,415.57647888119214,7
2024-09-16 13:24:51.956,415.5682311559267,95
2024-09-16 13:24:51.973,415.5932581593668,99
2024-09-16 13:24:52.185,415.5969452170968,100
2024-09-16 13:24:52.651,415.60255391607546,11
2024-09-16 13:24:52.923,415.6039110150887,998
2024-09-16 13:24:53.447,415.59737278386825,997
2024-09-16 13:24:54.064,415.524434434093,99
2024-09-16 13:24:54.212,415.5471065514362,5
2024-09-16 13:24:54.508,415.5618559196248,100
2024-09-16 13:24:54.782,415.5554933489496,95
2024-09-16 13:24:54.858,415.57977185354105,14
2024-09-16 13:24:54.901,415.5586342596169,102
2024-09-16 13:24:55.060,415.4758958163144,8
2024-09-16 13:24:55.115,415.4971705876549,1001
2024-09-16 13:24:55.133,415.48482517836845,998
2024-09-16 13:24:55.154,415.48508355465896,1002
2024-09-16 13:24:55.238,415.5078786782196,95
2024-09-16 13:24:55.342,415.48623096060686,97
2024-09-16 13:24:55.895,415.4940172233797,10
2024-09-16 13:24:55.903,415.4827161127765,99
2024-09-16 13:24:56.031,415.4851359762095,1004
2024-09-16 13:24:56.145,415.44804107882,15
2024-09-16 13:24:56.300,415.46820266410873,996
2024-09-16 13:24:56.334,415.47946683454273,104
2024-09-16 13:24:56.344,415.4793158720989,1001
2024-09-16 13:24:56.344,415.4868434321508,11
2024-09-16 13:24:56.423,415.4878474770677,997
2024-09-16 13:24:56.433,415.46110237389377,1002
2024-09-16 13:24:56.440,415.4621165795426,11
2024-09-16 13:24:56.505,415.4862246014229,100
2024-09-16 13:24:56.505,415.4836950456304,5
2024-09-16 13:24:56.537,415.4819324411937,100
2024-09-16 13:24:56.671,415.47414035748943,10
2024-09-16 13:24:56.722,415.46082155956736,13
2024-09-16 13:24:56.882,415.4842827729528,8
2024-09-16 13:24:57.306,415.4811784331999,7
2024-09-16 13:24:57.465,415.46874957075806,997
2024-09-16 13:24:57.536,415.4300423678935,999
2024-09-16 13:24:57.723,415.502419006154,95
2024-09-16 13:24:57.816,41.54584664900075,996
2024-09-16 13:24:57.842,415.4685052887026,6
2024-09-16 13:24:57.887,415.48433466705154,1001
2024-09-16 13:24:57.909,415.49349336357614,11
2024-09-16 13:24:57.985,415.4786419675533,99
2024-09-16 13:24:58.098,415.5000218656911,995
2024-09-16 13:24:58.192,415.51588980574303,999
2024-09-16 13:24:58.259,415.4422603739652,995
2024-09-16 13:24:58.267,415.5285715677435,95
2024-09-16 13:24:58.314,415.5316832939934,1000
2024-09-16 13:24:58.321,415.4781659259363,101
2024-09-16 13:24:58.334,415.491578656947,9
2024-09-16 13:24:58.336,415.4421707983047,996
2024-09-16 13:24:58.349,415.4269693669083,13
2024-09-16 13:24:58.350,415.5030472397335,12
2024-09-16 13:24:58.382,415.448106301692,11
2024-09-16 13:24:58.512,415.52700056942825,101
2024-09-16 13:24:58.535,415.5262428242705,998
2024-09-16 13:24:58.681,415.5243398798598,996
2024-09-16 13:24:58.724,415.4825878100717,1000
2024-09-16 13:24:58.826,415.50858248709386,997
2024-09-16 13:24:58.930,415.4921629252865,997
2024-09-16 13:24:59.029,415.4197605524632,101
2024-09-16 13:24:59.145,415.4061467143149,7
2024-09-16 13:24:59.193,415.34823066753086,9
2024-09-16 13:24:59.321,415.3633751247932,95
2024-09-16 13:24:59.364,41.546124664138894,96
2024-09-16 13:24:59.365,415.4355555078979,105
2024-09-16 13:24:59.447,415.3828654552149,998
2024-09-16 13:24:59.510,415.3868326359067,999
2024-09-16 13:24:59.677,415.47596314056665,9
2024-09-16 13:24:59.764,415.5353955592432,9
2024-09-16 13:24:59.798,415.3841438880238,5
2024-09-16 13:24:59.839,415.4571824467078,996
2024-09-16 13:24:59.854,415.5359484137864,103
2024-09-16 13:24:59.963,415.5072429816488,14
2024-09-16 13:24:59.966,415.4835122592499,10
2024-09-16 13:24:59.989,415.46513182828886,15
