Timestamp,Price,Size
2024-09-18 13:20:00.011,416.9496350239752,996
2024-09-18 13:20:00.028,416.9536967112784,999
2024-09-18 13:20:00.125,416.97106083817454,999
2024-09-18 13:20:00.250,416.9497546080765,102
2024-09-18 13:20:00.293,416.9670898151093,6
2024-09-18 13:20:00.381,416.9780646134943,1000
2024-09-18 13:20:00.391,416.93444595434937,95
2024-09-18 13:20:00.427,416.9598929120111,102
2024-09-18 13:20:00.428,416.9584229955532,1004
2024-09-18 13:20:00.527,416.9608303649268,97
2024-09-18 13:20:00.538,416.9545348851065,95
2024-09-18 13:20:00.590,416.950612153785,99
2024-09-18 13:20:00.592,416.9744214672065,11
2024-09-18 13:20:00.607,416.982546334934,995
2024-09-18 13:20:00.618,416.94367895552114,14
2024-09-18 13:20:00.708,416.98197981759057,13
2024-09-18 13:20:00.908,416.9640849735753,999
2024-09-18 13:20:00.942,416.9497544597583,97
2024-09-18 13:20:00.998,416.9585597473695,15
2024-09-18 13:20:01.023,416.9484122504351,6
2024-09-18 13:20:01.069,416.99804583556505,1002
2024-09-18 13:20:01.079,416.9573735720085,1001
2024-09-18 13:20:01.121,417.00941126911846,995
2024-09-18 13:20:01.192,417.016737555382,1005
2024-09-18 13:20:01.289,416.9786746786342,11
2024-09-18 13:20:01.412,416.9263883804052,1004
2024-09-18 13:20:01.426,417.0246111475921,101
2024-09-18 13:20:01.438,416.9403200580626,105
2024-09-18 13:20:01.459,416.9348385367504,14
2024-09-18 13:20:01.476,416.9871554185048,9
2024-09-18 13:20:01.735,416.935839453411,97
2024-09-18 13:20:01.834,417.00916279091234,11
2024-09-18 13:20:01.864,417.0132691489563,12
2024-09-18 13:20:01.868,416.9559187931644,96
2024-09-18 13:20:01.879,416.9442690411574,10
2024-09-18 13:20:01.972,416.9310735504554,100
2024-09-18 13:20:01.995,417.0161428968704,96
2024-09-18 13:20:01.996,417.01698498518334,995
2024-09-18 13:20:02.081,417.0097890263812,11
2024-09-18 13:20:02.212,416.9646816385505,101
2024-09-18 13:20:02.349,416.9822050983945,13
2024-09-18 13:20:02.581,416.9896236642277,998
2024-09-18 13:20:02.809,417.004747835242,995
2024-09-18 13:20:02.854,416.9643424305924,104
2024-09-18 13:20:03.015,416.994331903649,100
2024-09-18 13:20:03.029,416.9948304810709,12
2024-09-18 13:20:03.153,416.9845002985634,1001
2024-09-18 13:20:03.154,417.0052351638975,103
2024-09-18 13:20:03.252,416.98876344042776,1003
2024-09-18 13:20:03.272,416.9969591892973,14
2024-09-18 13:20:03.345,417.0142528766977,1002
2024-09-18 13:20:03.346,416.9725086194955,10
2024-09-18 13:20:03.379,41.6986942839148,101
2024-09-18 13:20:03.411,416.974349088163,13
2024-09-18 13:20:03.440,416.955598112018,9
2024-09-18 13:20:03.455,416.98376174735495,99
2024-09-18 13:20:03.490,416.9731420044197,998
2024-09-18 13:20:03.517,417.00810913750615,998
2024-09-18 13:20:03.545,417.0107520787104,102
2024-09-18 13:20:03.547,416.955202861156,10
2024-09-18 13:20:03.575,417.0126930119578,998
2024-09-18 13:20:03.617,416.9426226930892,1004
2024-09-18 13:20:03.667,416.9963376661567,9
2024-09-18 13:20:03.679,416.9618223405655,998
2024-09-18 13:20:03.698,417.01910616934543,998
2024-09-18 13:20:03.719,416.9968018287881,98
2024-09-18 13:20:03.739,417.0109454021607,97
2024-09-18 13:20:03.796,416.9944846413564,98
2024-09-18 13:20:03.820,417.00998450269554,104
2024-09-18 13:20:03.841,416.99013819984407,997
2024-09-18 13:20:03.878,416.9859339841484,1005
2024-09-18 13:20:03.990,417.0118734023187,95
2024-09-18 13:20:04.170,416.96277415095307,1002
2024-09-18 13:20:04.332,416.9717713211246,99
2024-09-18 13:20:04.673,416.95091752255047,5
2024-09-18 13:20:05.049,416.90009117412257,1005
2024-09-18 13:20:05.125,416.8901518798765,97
2024-09-18 13:20:05.125,416.9150506060178,105
2024-09-18 13:20:05.126,416.89079385468415,97
2024-09-18 13:20:05.258,416.9376503920987,10
2024-09-18 13:20:05.279,416.89847360007536,1004
2024-09-18 13:20:05.280,,998
2024-09-18 13:20:05.357,416.9276481520632,102
2024-09-18 13:20:05.369,416.9391389549332,100
2024-09-18 13:20:05.485,416.922841831769,1001
2024-09-18 13:20:05.571,416.8904940582431,10
2024-09-18 13:20:05.722,416.89280668184864,1000
2024-09-18 13:20:05.749,416.8976360375999,1004
2024-09-18 13:20:05.768,416.9067430979852,996
2024-09-18 13:20:05.799,416.9127667856493,104
2024-09-18 13:20:05.823,416.9203771517522,104
2024-09-18 13:20:05.904,416.9317689492846,102
2024-09-18 13:20:05.927,416.9199350149842,101
2024-09-18 13:20:05.940,416.8996146798213,5
2024-09-18 13:20:05.967,416.8836509700732,995
2024-09-18 13:20:06.049,416.84974207676487,103
2024-09-18 13:20:06.085,416.85717577533273,997
2024-09-18 13:20:06.222,416.8630891956618,1004
2024-09-18 13:20:06.257,416.8590883385602,99
2024-09-18 13:20:06.278,416.8465040995888,104
2024-09-18 13:20:06.292,416.8576193801462,995
2024-09-18 13:20:06.434,416.8628015712772,102
2024-09-18 13:20:06.595,416.8500654262701,100
2024-09-18 13:20:06.605,416.878209005828,102
2024-09-18 13:20:06.734,416.8516992047127,105
2024-09-18 13:20:06.836,416.8592826157355,8
2024-09-18 13:20:06.851,416.861681190942,11
2024-09-18 13:20:06.863,416.8545316035842,11
2024-09-18 13:20:06.900,416.8861921057901,98
2024-09-18 13:20:07.006,416.8865892824413,1004
2024-09-18 13:20:07.060,416.8908565197528,7
2024-09-18 13:20:07.099,416.88675554198727,101
2024-09-18 13:20:07.135,416.89637721533165,96
2024-09-18 13:20:07.155,416.8930765298304,14
2024-09-18 13:20:07.196,416.91416661681103,101
2024-09-18 13:20:07.217,416.9114973793545,104
2024-09-18 13:20:07.251,416.8635876028356,5
2024-09-18 13:20:07.338,416.8669052116364,97
2024-09-18 13:20:07.340,416.8854764811318,13
2024-09-18 13:20:07.345,416.8837787265308,1002
2024-09-18 13:20:07.440,416.8776746453739,5
2024-09-18 13:20:07.452,416.8862133998345,12
2024-09-18 13:20:07.466,416.89520492056266,102
2024-09-18 13:20:07.509,416.8782205652319,99
2024-09-18 13:20:07.543,416.8858075972556,995
2024-09-18 13:20:07.566,416.9083364446604,5
2024-09-18 13:20:07.572,416.8560186680788,995
2024-09-18 13:20:07.599,416.9062839710502,1004
2024-09-18 13:20:07.621,416.8657967818161,15
2024-09-18 13:20:07.636,416.8730147828411,11
2024-09-18 13:20:07.640,416.8752163235886,103
2024-09-18 13:20:07.667,416.87822122174566,15
2024-09-18 13:20:07.668,416.8856609875437,12
2024-09-18 13:20:07.694,41.68802665615595,11
2024-09-18 13:20:07.814,416.881043024381,15
2024-09-18 13:20:07.939,,8
2024-09-18 13:20:07.963,416.8905571644273,5
2024-09-18 13:20:07.992,416.8946832871717,103
2024-09-18 13:20:08.058,416.86209826427466,1000
2024-09-18 13:20:08.064,416.8836070553669,5
2024-09-18 13:20:08.181,416.8974808714628,96
2024-09-18 13:20:08.217,416.8612826983683,99
2024-09-18 13:20:08.244,416.8716084749664,1001
2024-09-18 13:20:08.298,416.8755490927326,1003
2024-09-18 13:20:08.307,416.8685788639106,98
2024-09-18 13:20:08.454,416.8675092171116,15
2024-09-18 13:20:08.575,416.8778530833945,5
2024-09-18 13:20:08.597,416.86196797127,1005
2024-09-18 13:20:08.686,416.87612884602186,996
2024-09-18 13:20:08.689,416.8715171706577,95
2024-09-18 13:20:08.713,416.8751530461687,999
2024-09-18 13:20:08.796,416.8603911842886,10
2024-09-18 13:20:08.814,416.8559887505761,997
2024-09-18 13:20:08.846,416.8726061839346,14
2024-09-18 13:20:08.921,416.8695844519502,96
2024-09-18 13:20:09.530,416.87008460719767,97
2024-09-18 13:20:10.012,416.8357363600744,1002
2024-09-18 13:20:10.018,416.73343258360376,9
2024-09-18 13:20:10.019,416.7928763556299,98
2024-09-18 13:20:10.053,416.78169799224577,102
2024-09-18 13:20:10.066,416.86112207476697,9
2024-09-18 13:20:10.097,416.8698297740663,104
2024-09-18 13:20:10.171,416.7164882903382,95
2024-09-18 13:20:10.227,416.7771963715648,8
2024-09-18 13:20:10.237,416.86910705208464,1003
2024-09-18 13:20:10.338,416.7390170256869,5
2024-09-18 13:20:10.529,416.76050672138587,11
2024-09-18 13:20:10.568,416.8369983422439,11
2024-09-18 13:20:10.665,416.8494548476707,103
2024-09-18 13:20:10.695,416.7784489720657,15
2024-09-18 13:20:10.721,416.7273266861223,98
2024-09-18 13:20:10.723,416.7877489519814,5
2024-09-18 13:20:10.777,416.70939769028246,105
2024-09-18 13:20:10.827,416.7122540636451,998
2024-09-18 13:20:10.846,416.7152456284064,8
2024-09-18 13:20:10.893,416.741690475095,8
2024-09-18 13:20:10.897,416.8183887718674,95
2024-09-18 13:20:10.901,416.8244973350377,1004
2024-09-18 13:20:10.911,416.7055895293129,14
2024-09-18 13:20:10.939,416.7785333106252,98
2024-09-18 13:20:10.946,416.84788321329097,997
2024-09-18 13:20:10.985,416.72237333538,995
2024-09-18 13:20:11.000,416.7199073689524,1002
2024-09-18 13:20:11.058,416.77155982381294,1003
2024-09-18 13:20:11.112,416.7316488281402,12
2024-09-18 13:20:11.143,-416.75627680758777,105
2024-09-18 13:20:11.235,416.7395155333456,8
2024-09-18 13:20:11.344,416.7528415641705,997
2024-09-18 13:20:11.384,416.75654614082094,15
2024-09-18 13:20:11.420,416.7346226357704,100
2024-09-18 13:20:11.498,416.7486937401123,999
2024-09-18 13:20:11.626,416.7689303919643,13
2024-09-18 13:20:11.710,416.7217290785315,998
2024-09-18 13:20:11.795,-416.7186952632209,1002
2024-09-18 13:20:11.864,416.74036355899096,998
2024-09-18 13:20:12.151,416.76271184893096,5
2024-09-18 13:20:12.357,416.7408923012332,15
2024-09-18 13:20:12.481,416.7752726574909,8
2024-09-18 13:20:12.582,416.7769491106243,95
2024-09-18 13:20:12.652,416.7628028253215,14
2024-09-18 13:20:12.848,416.74388562568447,1005
2024-09-18 13:20:12.858,416.7548150053352,6
2024-09-18 13:20:12.875,416.75649658709216,15
2024-09-18 13:20:12.899,416.7793839530221,1000
2024-09-18 13:20:13.480,416.75358986682426,999
2024-09-18 13:20:13.518,416.7598573322031,8
2024-09-18 13:20:13.603,416.7466548431352,1000
2024-09-18 13:20:13.941,416.764960255063,1000
2024-09-18 13:20:14.011,416.8336494789336,999
2024-09-18 13:20:14.137,416.8287887451324,6
2024-09-18 13:20:14.160,416.8293936506716,996
2024-09-18 13:20:14.177,416.81368939863614,1000
2024-09-18 13:20:14.241,416.7961433035077,996
2024-09-18 13:20:14.290,416.8073541969569,101
2024-09-18 13:20:14.472,416.7923169674105,13
2024-09-18 13:20:14.836,416.7724180418774,12
2024-09-18 13:20:14.847,416.8187419047157,13
2024-09-18 13:20:14.918,416.8062070879159,1000
2024-09-18 13:20:14.946,416.8007015731625,97
2024-09-18 13:20:15.118,416.82583169456393,96
2024-09-18 13:20:15.243,416.8142876271471,8
2024-09-18 13:20:15.301,416.8286919380244,15
2024-09-18 13:20:15.465,416.832028548612,8
2024-09-18 13:20:15.561,416.83843302518034,14
2024-09-18 13:20:15.791,416.8230588445583,9
2024-09-18 13:20:15.813,,101
2024-09-18 13:20:15.955,416.8181891046323,8
2024-09-18 13:20:15.987,416.80241552172856,15
2024-09-18 13:20:16.032,,12
2024-09-18 13:20:16.071,416.7146040831783,10
2024-09-18 13:20:16.139,416.7500225927848,102
2024-09-18 13:20:16.209,416.75140467323456,998
2024-09-18 13:20:16.278,416.7349719577855,10
2024-09-18 13:20:16.287,416.71069254627855,105
2024-09-18 13:20:16.297,416.7097173228447,10
2024-09-18 13:20:16.346,416.7479292823265,997
2024-09-18 13:20:16.393,416.7424842308987,7
2024-09-18 13:20:16.393,416.7223292735546,102
2024-09-18 13:20:16.484,416.7608581492916,1003
2024-09-18 13:20:16.514,416.7380857195652,5
2024-09-18 13:20:16.533,416.71726699501954,998
2024-09-18 13:20:16.560,416.7623557031574,1001
2024-09-18 13:20:16.578,416.7672683745943,99
2024-09-18 13:20:16.579,416.72989241061566,1000
2024-09-18 13:20:16.700,416.7515237319155,14
2024-09-18 13:20:16.731,416.75661344607465,1005
2024-09-18 13:20:16.832,416.8178645400074,1001
2024-09-18 13:20:16.872,416.75860169280736,9
2024-09-18 13:20:16.914,,999
2024-09-18 13:20:16.951,416.7736523812106,12
2024-09-18 13:20:16.980,416.7366254021379,99
2024-09-18 13:20:16.988,416.752636216646,104
2024-09-18 13:20:17.016,416.6793927126648,1005
2024-09-18 13:20:17.023,416.7058789888047,13
2024-09-18 13:20:17.054,416.6873920227295,997
2024-09-18 13:20:17.072,416.6502138434593,998
2024-09-18 13:20:17.075,416.7468795612258,13
2024-09-18 13:20:17.087,416.70818069790135,1002
2024-09-18 13:20:17.146,416.7070284424983,1001
2024-09-18 13:20:17.152,416.7226126761717,104
2024-09-18 13:20:17.169,416.69028221759766,1001
2024-09-18 13:20:17.208,416.7057559930928,8
2024-09-18 13:20:17.221,416.702403668837,101
2024-09-18 13:20:17.277,416.6937613881451,5
2024-09-18 13:20:17.285,416.7155288386856,5
2024-09-18 13:20:17.306,416.7259765312808,12
2024-09-18 13:20:17.315,416.6883942149607,11
2024-09-18 13:20:17.324,416.725268064075,8
2024-09-18 13:20:17.355,416.7118600472199,997
2024-09-18 13:20:17.386,416.66054715400287,97
2024-09-18 13:20:17.485,416.6546533319638,13
2024-09-18 13:20:17.510,416.6963558891088,1002
2024-09-18 13:20:17.515,416.7151205493246,1000
2024-09-18 13:20:17.520,416.7412672571097,104
2024-09-18 13:20:17.532,416.7203295580164,96
2024-09-18 13:20:17.575,41.67364623792833,96
2024-09-18 13:20:17.578,416.6874939935893,1001
2024-09-18 13:20:17.638,416.66972536963146,95
2024-09-18 13:20:17.639,416.7323406576808,99
2024-09-18 13:20:17.733,416.698517750536,8
2024-09-18 13:20:18.038,416.7353155808297,100
2024-09-18 13:20:18.039,416.7108548056056,95
2024-09-18 13:20:18.060,416.82952939649664,8
2024-09-18 13:20:18.177,416.74592394611545,1001
2024-09-18 13:20:18.183,416.7161179647047,996
2024-09-18 13:20:18.201,416.83217361494,996
2024-09-18 13:20:18.210,416.7591002527333,9
2024-09-18 13:20:18.264,416.8097004660712,1000
2024-09-18 13:20:18.275,416.7322632651677,1000
2024-09-18 13:20:18.278,416.7351206299416,11
2024-09-18 13:20:18.327,416.73604340068135,15
2024-09-18 13:20:18.329,416.74137371054655,999
2024-09-18 13:20:18.332,416.77904412608274,8
2024-09-18 13:20:18.340,416.8356649564784,15
2024-09-18 13:20:18.389,416.8180455765831,14
2024-09-18 13:20:18.401,416.8400142141047,12
2024-09-18 13:20:18.405,416.7994747421249,8
2024-09-18 13:20:18.454,416.8146119145953,98
2024-09-18 13:20:18.479,416.7261294809352,102
2024-09-18 13:20:18.605,416.7382322981517,6
2024-09-18 13:20:18.624,416.7284650880308,12
2024-09-18 13:20:18.722,416.7569189124188,99
2024-09-18 13:20:18.746,416.7252688103681,9
2024-09-18 13:20:18.748,416.7290075435934,14
2024-09-18 13:20:18.780,416.7294961632633,999
2024-09-18 13:20:18.787,416.7334144889972,1004
2024-09-18 13:20:18.905,416.7454483218432,11
2024-09-18 13:20:18.910,416.79741208223066,101
2024-09-18 13:20:18.943,416.7272758210441,9
2024-09-18 13:20:18.953,416.7335015103668,11
2024-09-18 13:20:19.044,416.8515338746463,996
2024-09-18 13:20:19.099,416.8323432254143,6
2024-09-18 13:20:19.104,416.8679781690283,103
2024-09-18 13:20:19.140,416.8620291871296,5
2024-09-18 13:20:19.176,416.8342619926592,101
2024-09-18 13:20:19.311,416.8957423720612,101
2024-09-18 13:20:19.357,416.85638431438,104
2024-09-18 13:20:19.391,416.8396696189268,105
2024-09-18 13:20:19.440,416.861659272173,6
2024-09-18 13:20:19.447,416.8506148434616,99
2024-09-18 13:20:19.469,416.8727879153954,8
2024-09-18 13:20:19.482,416.8467453630906,9
2024-09-18 13:20:19.669,416.8791129430964,1000
2024-09-18 13:20:19.777,416.861621924353,102
2024-09-18 13:20:19.927,416.8436933263093,1002
2024-09-18 13:20:19.934,416.86318661401486,13
2024-09-18 13:20:20.009,416.94136954020365,10
2024-09-18 13:20:20.145,416.9364993406106,1003
2024-09-18 13:20:20.152,416.9269993817152,98
2024-09-18 13:20:20.189,416.9202139299766,1004
2024-09-18 13:20:20.282,416.9175214244989,8
2024-09-18 13:20:20.320,416.923210053312,95
2024-09-18 13:20:20.435,416.91813833587486,97
2024-09-18 13:20:20.484,416.9053250667508,15
2024-09-18 13:20:20.486,416.9145012501788,997
2024-09-18 13:20:20.538,416.91185157642616,7
2024-09-18 13:20:20.554,416.8972024186932,1005
2024-09-18 13:20:20.564,416.9118276752652,104
2024-09-18 13:20:20.573,416.9142442574106,11
2024-09-18 13:20:20.583,416.932694958165,12
2024-09-18 13:20:20.589,416.9092851115422,102
2024-09-18 13:20:20.610,416.9207491448527,9
2024-09-18 13:20:20.623,416.9224309284661,8
2024-09-18 13:20:20.701,416.9062903169957,100
2024-09-18 13:20:20.717,416.9049667094023,5
2024-09-18 13:20:20.720,416.90809878687855,99
2024-09-18 13:20:20.734,416.9234842985398,105
2024-09-18 13:20:20.853,416.9299596544297,15
2024-09-18 13:20:20.855,416.89981817844176,11
2024-09-18 13:20:20.892,416.9341252936557,101
2024-09-18 13:20:20.918,416.9233770732652,7
2024-09-18 13:20:20.951,416.89603074954255,1005
2024-09-18 13:20:20.993,416.9108221859583,98
2024-09-18 13:20:21.113,416.90355946016734,9
2024-09-18 13:20:21.488,416.91874408513297,1004
2024-09-18 13:20:21.735,416.909509876004,1001
2024-09-18 13:20:21.834,416.9202556909045,15
2024-09-18 13:20:21.846,416.9171427830792,8
2024-09-18 13:20:22.000,416.875752964552,5
2024-09-18 13:20:22.001,416.89761191331127,96
2024-09-18 13:20:22.151,416.8924497485144,104
2024-09-18 13:20:22.253,416.8493080733044,104
2024-09-18 13:20:22.315,416.8676867404933,5
2024-09-18 13:20:22.367,416.85431999636455,1002
2024-09-18 13:20:22.425,416.8656803153062,104
2024-09-18 13:20:22.467,416.8923266506279,998
2024-09-18 13:20:22.513,416.8633557511772,999
2024-09-18 13:20:22.619,416.8407536247053,12
2024-09-18 13:20:22.639,416.8660005946845,98
2024-09-18 13:20:22.651,416.8602840530997,8
2024-09-18 13:20:22.704,416.8601273933781,99
2024-09-18 13:20:22.713,416.8685739669344,1004
2024-09-18 13:20:22.715,416.8625902447674,5
2024-09-18 13:20:22.741,416.8774655976524,1003
2024-09-18 13:20:22.767,416.87896401692274,9
2024-09-18 13:20:22.788,416.8687205063375,12
2024-09-18 13:20:22.826,416.8753488389003,995
2024-09-18 13:20:22.828,-416.8817290028849,103
2024-09-18 13:20:22.870,416.856390340984,103
2024-09-18 13:20:22.893,416.86838896519015,95
2024-09-18 13:20:22.902,416.8823126101709,12
2024-09-18 13:20:22.930,416.8696240675638,7
2024-09-18 13:20:22.943,416.86023875771946,95
2024-09-18 13:20:22.952,416.8871557142293,9
2024-09-18 13:20:22.967,416.84366750133097,10
2024-09-18 13:20:23.087,416.8530128275302,10
2024-09-18 13:20:23.119,416.8694137357826,10
2024-09-18 13:20:23.140,416.8164827104405,1000
2024-09-18 13:20:23.181,416.8058825053499,96
2024-09-18 13:20:23.209,416.8550664772986,1005
2024-09-18 13:20:23.248,416.8243313274892,8
2024-09-18 13:20:23.256,416.8425723532179,97
2024-09-18 13:20:23.294,416.8108972150831,104
2024-09-18 13:20:23.341,416.8283279273406,100
2024-09-18 13:20:23.341,416.8067879955863,995
2024-09-18 13:20:23.354,416.8394301645756,99
2024-09-18 13:20:23.433,416.8037278446692,14
2024-09-18 13:20:23.530,416.785817593548,995
2024-09-18 13:20:23.572,416.8037385423886,6
2024-09-18 13:20:23.620,,13
2024-09-18 13:20:23.623,416.82154517111,97
2024-09-18 13:20:23.659,416.8411007409274,103
2024-09-18 13:20:23.668,416.81241369712245,999
2024-09-18 13:20:23.721,416.8762244661908,12
2024-09-18 13:20:23.737,416.8118677227456,100
2024-09-18 13:20:23.750,416.7739798588904,7
2024-09-18 13:20:23.750,416.8107481905216,105
2024-09-18 13:20:23.756,416.8571955595426,8
2024-09-18 13:20:23.799,416.7759878593297,1002
2024-09-18 13:20:23.802,416.8655303032811,11
2024-09-18 13:20:23.826,416.7692710985583,97
2024-09-18 13:20:23.851,416.82094096569375,1005
2024-09-18 13:20:23.949,416.8438849233862,1000
2024-09-18 13:20:23.983,416.8342958996094,13
2024-09-18 13:20:23.984,416.8137541185253,95
2024-09-18 13:20:24.042,416.7681303171569,102
2024-09-18 13:20:24.088,416.7452637808477,14
2024-09-18 13:20:24.104,416.7595694011567,95
2024-09-18 13:20:24.141,416.7625470327011,5
2024-09-18 13:20:24.203,-416.7685174246619,104
2024-09-18 13:20:24.295,416.7944665909085,101
2024-09-18 13:20:24.399,416.7695489730672,13
2024-09-18 13:20:24.400,416.7647981641087,99
2024-09-18 13:20:24.527,416.75175612260864,102
2024-09-18 13:20:24.530,416.781675993564,97
2024-09-18 13:20:24.534,416.80534510578025,1003
2024-09-18 13:20:24.580,416.78862477286737,9
2024-09-18 13:20:24.605,416.7639024385579,15
2024-09-18 13:20:24.609,416.7757631506328,99
2024-09-18 13:20:24.648,416.7649466978335,998
2024-09-18 13:20:24.670,416.7536198326813,14
2024-09-18 13:20:24.689,416.7698721222101,1002
2024-09-18 13:20:24.834,416.7510973363103,95
2024-09-18 13:20:24.961,416.7686327846717,997
2024-09-18 13:20:24.971,416.7468428980594,15
2024-09-18 13:20:24.990,416.7674371237157,95
2024-09-18 13:20:25.174,41.67826603451864,6
2024-09-18 13:20:25.321,416.7713761597252,1005
2024-09-18 13:20:25.339,416.7921986404688,104
2024-09-18 13:20:25.405,416.7676479828498,11
2024-09-18 13:20:25.480,416.7882733259875,102
2024-09-18 13:20:25.540,416.7789905680812,995
2024-09-18 13:20:25.620,416.7802800563396,5
2024-09-18 13:20:25.663,416.7823499912669,5
2024-09-18 13:20:25.764,416.7632401201032,12
2024-09-18 13:20:25.772,416.7714805552762,1001
2024-09-18 13:20:25.801,416.7907789171951,996
2024-09-18 13:20:26.079,416.7671078906959,999
2024-09-18 13:20:26.129,416.77092204876766,8
2024-09-18 13:20:26.152,416.77298615562086,5
2024-09-18 13:20:26.157,416.7682517777019,1004
2024-09-18 13:20:26.161,416.7847383244216,100
2024-09-18 13:20:26.234,416.7721124449975,1003
2024-09-18 13:20:26.297,416.78060217566514,103
2024-09-18 13:20:26.331,416.7710703001126,97
2024-09-18 13:20:26.347,416.72156890476,7
2024-09-18 13:20:26.375,416.717132899556,10
2024-09-18 13:20:26.376,416.77630397411417,999
2024-09-18 13:20:26.432,416.7630991827291,1005
2024-09-18 13:20:26.497,416.6989854245556,996
2024-09-18 13:20:26.503,416.7261266438138,1000
2024-09-18 13:20:26.553,416.7822770953055,8
2024-09-18 13:20:26.616,416.7749485027527,11
2024-09-18 13:20:26.690,416.7625321911548,11
2024-09-18 13:20:26.821,416.7034309811445,997
2024-09-18 13:20:26.855,416.703514567786,95
2024-09-18 13:20:26.889,416.784225591814,10
2024-09-18 13:20:26.899,416.8075707333169,11
2024-09-18 13:20:26.906,416.751724948944,7
2024-09-18 13:20:26.990,416.7090899822719,1004
2024-09-18 13:20:27.021,416.7158325183184,1005
2024-09-18 13:20:27.175,416.78137543736153,13
2024-09-18 13:20:27.247,416.7767089710061,9
2024-09-18 13:20:27.256,-416.76335698215166,996
2024-09-18 13:20:27.263,416.7728458005072,100
2024-09-18 13:20:27.268,416.67833470983,14
2024-09-18 13:20:27.286,416.7555574576402,96
2024-09-18 13:20:27.307,416.7665137285012,100
2024-09-18 13:20:27.347,416.6948344149079,105
2024-09-18 13:20:27.384,416.7258859777988,6
2024-09-18 13:20:27.403,416.6998151064223,99
2024-09-18 13:20:27.465,416.69149410068127,95
2024-09-18 13:20:27.471,416.7435010714498,1004
2024-09-18 13:20:27.477,416.75242356367625,11
2024-09-18 13:20:27.490,416.7564266547404,1001
2024-09-18 13:20:27.545,416.75838739114687,8
2024-09-18 13:20:27.640,416.7916447411519,7
2024-09-18 13:20:27.687,416.77205178482,97
2024-09-18 13:20:27.727,416.7807947149459,15
2024-09-18 13:20:27.732,416.7308980738269,95
2024-09-18 13:20:27.735,416.7783683883142,105
2024-09-18 13:20:27.738,416.7041654893631,101
2024-09-18 13:20:27.764,416.7259199588002,10
2024-09-18 13:20:27.857,416.7579563035132,15
2024-09-18 13:20:27.929,416.7253584374632,997
2024-09-18 13:20:27.935,416.7716602254397,99
2024-09-18 13:20:27.940,416.7501458771845,997
2024-09-18 13:20:27.999,416.6995818415629,11
2024-09-18 13:20:28.101,416.75776405426086,100
2024-09-18 13:20:28.265,416.7484610133412,5
2024-09-18 13:20:28.321,416.7782088374513,104
2024-09-18 13:20:28.356,416.7568075839153,104
2024-09-18 13:20:28.372,416.7863463439418,15
2024-09-18 13:20:28.378,416.7646164881009,102
2024-09-18 13:20:28.402,416.7690708594645,1002
2024-09-18 13:20:28.430,416.7787095004567,98
2024-09-18 13:20:28.450,416.7937306973804,100
2024-09-18 13:20:28.541,416.7425661542202,101
2024-09-18 13:20:28.595,416.74528663205297,10
2024-09-18 13:20:28.628,416.7537689241024,102
2024-09-18 13:20:28.630,416.7463024024867,998
2024-09-18 13:20:28.631,416.7739897119535,999
2024-09-18 13:20:28.674,416.7504506779609,15
2024-09-18 13:20:28.683,416.7626099272921,8
2024-09-18 13:20:28.708,416.742790035036,5
2024-09-18 13:20:28.731,416.7937969677561,13
2024-09-18 13:20:28.744,416.7477794979036,105
2024-09-18 13:20:28.771,416.761788150873,998
2024-09-18 13:20:28.786,416.7684044133659,996
2024-09-18 13:20:28.834,416.7505185660818,99
2024-09-18 13:20:28.858,416.79244318450094,105
2024-09-18 13:20:28.914,416.7433978074456,8
2024-09-18 13:20:28.919,416.7813430479089,996
2024-09-18 13:20:28.964,416.7721342607764,101
2024-09-18 13:20:30.116,416.7206975882552,98
2024-09-18 13:20:30.480,416.6848506407774,9
2024-09-18 13:20:30.661,416.7173314420273,102
2024-09-18 13:20:30.685,416.6892108261619,7
2024-09-18 13:20:30.760,416.7362342839138,96
2024-09-18 13:20:30.963,416.7047711724703,100
2024-09-18 13:20:31.130,416.7018768131637,1004
2024-09-18 13:20:31.132,416.71277919794846,103
2024-09-18 13:20:31.379,416.7062764579045,97
2024-09-18 13:20:31.518,416.6913808895957,105
2024-09-18 13:20:31.545,416.7169909641279,5
2024-09-18 13:20:31.637,416.7017726383642,1004
2024-09-18 13:20:31.670,416.6965217851405,105
2024-09-18 13:20:31.721,416.7052868355034,104
2024-09-18 13:20:31.749,416.70873011038105,998
2024-09-18 13:20:31.766,416.6835343947677,11
2024-09-18 13:20:31.803,416.6764738390829,14
2024-09-18 13:20:32.013,416.7308830135639,1004
2024-09-18 13:20:32.025,416.6881136931699,998
2024-09-18 13:20:32.033,416.75600472724057,14
2024-09-18 13:20:32.051,416.6898767489248,996
2024-09-18 13:20:32.053,416.75636224519815,6
2024-09-18 13:20:32.076,416.6987863181809,1001
2024-09-18 13:20:32.135,416.7026746639288,9
2024-09-18 13:20:32.195,416.68820023283257,5
2024-09-18 13:20:32.204,416.7268433679067,95
2024-09-18 13:20:32.401,416.67597600298944,101
2024-09-18 13:20:32.439,416.7315377260903,6
2024-09-18 13:20:32.455,416.7338962430957,14
2024-09-18 13:20:32.513,416.7505079509948,13
2024-09-18 13:20:32.530,416.7527018070624,1004
2024-09-18 13:20:32.544,416.7402509139197,1000
2024-09-18 13:20:32.591,416.6985574352898,1001
2024-09-18 13:20:32.681,416.67620350579546,105
2024-09-18 13:20:32.706,416.6968104623295,100
2024-09-18 13:20:32.731,416.73749431729794,96
2024-09-18 13:20:32.734,416.7680604405159,101
2024-09-18 13:20:32.763,416.7593187579493,999
2024-09-18 13:20:32.812,416.7594201003133,14
2024-09-18 13:20:32.818,416.75748422045336,10
2024-09-18 13:20:32.877,416.68331782224885,105
2024-09-18 13:20:32.912,41.67556737507597,998
2024-09-18 13:20:32.926,416.6925414033483,98
2024-09-18 13:20:32.952,416.688962509043,8
2024-09-18 13:20:32.970,416.6974458451281,103
2024-09-18 13:20:32.973,416.6837354309603,97
2024-09-18 13:20:32.997,416.7429819669078,999
2024-09-18 13:20:33.006,416.7409630414536,97
2024-09-18 13:20:33.262,416.7632398243418,7
2024-09-18 13:20:33.363,416.7548677647599,95
2024-09-18 13:20:33.589,416.7654897961766,998
2024-09-18 13:20:33.778,416.7470211448418,98
2024-09-18 13:20:33.875,416.7804853005304,1002
2024-09-18 13:20:34.025,416.7651468923276,1003
2024-09-18 13:20:34.093,416.7605937888854,15
2024-09-18 13:20:34.252,416.7725107524322,97
2024-09-18 13:20:34.508,416.7278508168723,1000
2024-09-18 13:20:34.549,416.7525728836432,98
2024-09-18 13:20:34.816,416.7492007263259,11
2024-09-18 13:20:34.858,41.6743104564506,7
2024-09-18 13:20:34.926,416.75707846582605,1005
2024-09-18 13:20:35.041,416.7762584021524,102
2024-09-18 13:20:35.059,-416.7426469627068,6
2024-09-18 13:20:35.065,416.7054182538361,98
2024-09-18 13:20:35.101,416.7629826378964,100
2024-09-18 13:20:35.186,416.7688135196726,11
2024-09-18 13:20:35.189,416.7519334555331,10
2024-09-18 13:20:35.296,416.78155433476,104
2024-09-18 13:20:35.418,416.7342382249891,14
2024-09-18 13:20:35.460,416.6913265208617,95
2024-09-18 13:20:35.478,416.714424949176,1004
2024-09-18 13:20:35.488,416.7748594611975,996
2024-09-18 13:20:35.493,416.7699838325904,101
2024-09-18 13:20:35.580,416.744536275145,995
2024-09-18 13:20:35.618,416.7700382779696,96
2024-09-18 13:20:35.643,416.69733339477256,100
2024-09-18 13:20:35.870,416.77185926823125,996
2024-09-18 13:20:35.885,416.7509688795551,1001
2024-09-18 13:20:35.888,416.7323783777328,5
2024-09-18 13:20:35.938,416.724430529753,102
2024-09-18 13:20:36.051,416.7369233849298,5
2024-09-18 13:20:36.058,416.7178558124062,95
2024-09-18 13:20:36.065,416.7176495675333,999
2024-09-18 13:20:36.197,416.734718533861,102
2024-09-18 13:20:36.365,416.7259384579672,95
2024-09-18 13:20:36.417,416.7227609159268,104
2024-09-18 13:20:36.449,416.7279216328204,14
2024-09-18 13:20:36.463,416.71382836331753,98
2024-09-18 13:20:36.472,416.7360698490442,10
2024-09-18 13:20:36.491,416.7123425330265,105
2024-09-18 13:20:36.496,416.7254199208906,8
2024-09-18 13:20:36.708,416.7091896136664,8
2024-09-18 13:20:36.728,416.725885904688,995
2024-09-18 13:20:36.883,416.7169371074567,95
2024-09-18 13:20:37.001,416.72856248455184,1005
2024-09-18 13:20:37.036,416.74466235972375,95
2024-09-18 13:20:37.082,416.7271156916305,101
2024-09-18 13:20:37.114,416.74910188141246,7
2024-09-18 13:20:37.157,416.66222361006254,102
2024-09-18 13:20:37.281,416.7631556575097,996
2024-09-18 13:20:37.282,416.6654678515863,102
2024-09-18 13:20:37.421,416.665710548045,102
2024-09-18 13:20:37.455,416.74535478259895,103
2024-09-18 13:20:37.464,416.7120743062757,10
2024-09-18 13:20:37.464,416.7574226258644,99
2024-09-18 13:20:37.475,416.76462625913706,103
2024-09-18 13:20:37.508,416.73212023027656,8
2024-09-18 13:20:37.518,416.6592201097811,103
2024-09-18 13:20:37.525,416.7290659692229,6
2024-09-18 13:20:37.593,416.74098212442544,998
2024-09-18 13:20:37.685,416.7269376725212,1005
2024-09-18 13:20:37.741,416.6534843777504,104
2024-09-18 13:20:37.872,416.6930019227832,96
2024-09-18 13:20:37.912,416.67162113220127,104
2024-09-18 13:20:37.960,416.77863768941904,998
2024-09-18 13:20:37.995,416.6758969127944,1005
2024-09-18 13:20:38.052,416.61522613035766,8
2024-09-18 13:20:38.115,416.6043569556503,103
2024-09-18 13:20:38.163,416.6253066345101,6
2024-09-18 13:20:38.321,416.67293168778434,1003
2024-09-18 13:20:38.452,416.6116985694274,8
2024-09-18 13:20:38.453,416.6476484455504,999
2024-09-18 13:20:38.611,416.6348987675361,7
2024-09-18 13:20:38.617,416.6380856082174,10
2024-09-18 13:20:38.625,416.6218604456325,999
2024-09-18 13:20:38.758,416.6029295585005,998
2024-09-18 13:20:38.918,416.6266035537776,100
2024-09-18 13:20:39.041,416.6380287408661,997
2024-09-18 13:20:39.044,416.6257821841007,1000
2024-09-18 13:20:39.074,416.64703102279947,1000
2024-09-18 13:20:39.195,,1004
2024-09-18 13:20:39.414,416.6294550040712,999
2024-09-18 13:20:39.516,416.61603066367337,5
2024-09-18 13:20:39.556,416.6235394158613,100
2024-09-18 13:20:39.590,416.6228752345331,7
2024-09-18 13:20:39.615,416.614120428484,95
2024-09-18 13:20:39.644,416.647128130122,8
2024-09-18 13:20:39.683,416.6261446046426,5
2024-09-18 13:20:39.692,416.6487006876866,995
2024-09-18 13:20:40.006,416.6334132300788,1005
2024-09-18 13:20:40.107,416.6072608116766,997
2024-09-18 13:20:40.136,416.63739571713,10
2024-09-18 13:20:40.158,416.6265155779191,100
2024-09-18 13:20:40.225,416.610862814185,7
2024-09-18 13:20:40.257,416.6105689327316,13
2024-09-18 13:20:40.308,416.6174665346398,15
2024-09-18 13:20:40.454,416.6507863621953,1000
2024-09-18 13:20:40.514,416.6269580047844,100
2024-09-18 13:20:40.603,416.63749605514215,15
2024-09-18 13:20:40.617,416.6338515996681,999
2024-09-18 13:20:40.629,416.6452001824927,1005
2024-09-18 13:20:40.636,416.61850350533246,104
2024-09-18 13:20:40.695,416.6204625823922,97
2024-09-18 13:20:40.765,416.6621918941514,15
2024-09-18 13:20:40.797,416.63083455502175,14
2024-09-18 13:20:40.871,416.610196440747,998
2024-09-18 13:20:40.888,416.61778068697697,98
2024-09-18 13:20:40.902,416.6079742013741,9
2024-09-18 13:20:40.985,416.638884504932,95
2024-09-18 13:20:41.068,416.6214385958263,105
2024-09-18 13:20:41.336,416.626467787753,997
2024-09-18 13:20:41.900,416.6140198167965,14
2024-09-18 13:20:42.112,416.5743440679889,9
2024-09-18 13:20:42.129,,99
2024-09-18 13:20:42.258,416.6326491573652,7
2024-09-18 13:20:42.400,416.5868051148321,1005
2024-09-18 13:20:42.561,416.5858918289927,105
2024-09-18 13:20:42.804,416.58556867467576,8
2024-09-18 13:20:42.893,416.61676571602624,102
2024-09-18 13:20:42.919,416.5979312597949,14
2024-09-18 13:20:42.925,416.59429171156,99
2024-09-18 13:20:43.009,416.5237965118785,10
2024-09-18 13:20:43.016,416.5289397825741,99
2024-09-18 13:20:43.066,416.5348099061007,6
2024-09-18 13:20:43.079,416.5842333363917,1004
2024-09-18 13:20:43.137,416.5405979396644,1004
2024-09-18 13:20:43.147,416.5813532396687,103
2024-09-18 13:20:43.188,416.5074284366301,995
2024-09-18 13:20:43.346,416.56231632341496,105
2024-09-18 13:20:43.386,416.5365205530285,102
2024-09-18 13:20:43.399,,102
2024-09-18 13:20:43.413,416.54372446574337,999
2024-09-18 13:20:43.615,416.561608826739,999
2024-09-18 13:20:43.624,416.5106038766276,5
2024-09-18 13:20:43.647,416.5492627373387,7
2024-09-18 13:20:43.718,416.5551291233151,8
2024-09-18 13:20:43.719,416.51251258052463,998
2024-09-18 13:20:43.731,416.54623388202106,12
2024-09-18 13:20:43.733,416.5265394177495,99
2024-09-18 13:20:43.738,416.543731963677,997
2024-09-18 13:20:43.761,416.51095856583447,1002
2024-09-18 13:20:43.767,416.57710464733634,998
2024-09-18 13:20:43.812,416.5490495711852,5
2024-09-18 13:20:43.814,416.55215048362027,103
2024-09-18 13:20:43.847,416.5560503264055,12
2024-09-18 13:20:43.880,416.5294974885466,997
2024-09-18 13:20:43.932,416.55924082452447,999
2024-09-18 13:20:43.973,416.50262061359433,1004
2024-09-18 13:20:44.020,416.6303011890939,1005
2024-09-18 13:20:44.056,416.6081347130037,104
2024-09-18 13:20:44.056,416.6313391544458,11
2024-09-18 13:20:44.098,416.59921474176895,11
2024-09-18 13:20:44.105,416.5752006112568,997
2024-09-18 13:20:44.202,416.6289690468207,10
2024-09-18 13:20:44.315,416.5747490987665,100
2024-09-18 13:20:44.404,416.6023178441651,5
2024-09-18 13:20:44.490,416.6125219594044,13
2024-09-18 13:20:44.498,416.5888344832588,103
2024-09-18 13:20:44.526,416.56678653745286,8
2024-09-18 13:20:44.568,416.6332309258763,996
2024-09-18 13:20:44.615,416.6200797414589,10
2024-09-18 13:20:44.625,416.6119761878511,996
2024-09-18 13:20:44.648,416.5943689349703,103
2024-09-18 13:20:44.728,416.5519862246426,100
2024-09-18 13:20:44.788,416.5675090219642,101
2024-09-18 13:20:44.791,416.6036294664437,11
2024-09-18 13:20:44.846,416.5888684951566,11
2024-09-18 13:20:44.869,416.6097145501992,996
2024-09-18 13:20:44.892,416.5753425689229,5
2024-09-18 13:20:44.963,416.6005109075636,95
2024-09-18 13:20:44.982,416.6220093122592,1004
2024-09-18 13:20:45.060,416.5406257923673,6
2024-09-18 13:20:45.139,416.5539396165441,97
2024-09-18 13:20:46.003,416.5856156041559,102
2024-09-18 13:20:46.021,416.5771133491864,1005
2024-09-18 13:20:46.036,416.5543578583019,100
2024-09-18 13:20:46.065,416.6096637850939,1004
2024-09-18 13:20:46.099,416.6077906009176,1005
2024-09-18 13:20:46.111,416.5951572639906,98
2024-09-18 13:20:46.196,-416.5877375872509,9
2024-09-18 13:20:46.236,416.5825663451813,1000
2024-09-18 13:20:46.312,416.5742928968205,1000
2024-09-18 13:20:46.329,416.5537523995371,6
2024-09-18 13:20:46.418,416.5864406341268,15
2024-09-18 13:20:46.533,416.56800556010745,995
2024-09-18 13:20:46.548,416.5981445432715,98
2024-09-18 13:20:46.580,416.6283897876376,98
2024-09-18 13:20:46.599,416.6074920658945,95
2024-09-18 13:20:46.622,416.58581330409646,1002
2024-09-18 13:20:46.625,416.5451214468335,11
2024-09-18 13:20:46.629,416.53606415302687,6
2024-09-18 13:20:46.632,416.6201919605216,996
2024-09-18 13:20:46.661,416.5863563453557,8
2024-09-18 13:20:46.764,416.65833868109695,101
2024-09-18 13:20:46.924,416.56750784432586,997
2024-09-18 13:20:46.940,416.59888628913006,995
2024-09-18 13:20:47.036,416.74354163498754,998
2024-09-18 13:20:47.064,416.7770267148029,15
2024-09-18 13:20:47.066,416.6885811039104,9
2024-09-18 13:20:47.106,416.6810237597077,5
2024-09-18 13:20:47.166,416.6511440364919,6
2024-09-18 13:20:47.175,416.7396520991403,1003
2024-09-18 13:20:47.194,416.7506303658212,8
2024-09-18 13:20:47.228,416.7940404040677,995
2024-09-18 13:20:47.231,416.6465638548546,103
2024-09-18 13:20:47.256,416.6859841747694,995
2024-09-18 13:20:47.298,,97
2024-09-18 13:20:47.318,416.6900913589979,996
2024-09-18 13:20:47.372,416.6388400383906,995
2024-09-18 13:20:47.386,416.64918176413966,6
2024-09-18 13:20:47.388,416.7271413547958,100
2024-09-18 13:20:47.521,416.71600801220194,103
2024-09-18 13:20:47.611,416.7588138985548,997
2024-09-18 13:20:47.619,416.7253339791967,10
2024-09-18 13:20:47.632,416.6307731889808,104
2024-09-18 13:20:47.722,416.700119476595,1001
2024-09-18 13:20:47.795,416.6881615416426,95
2024-09-18 13:20:47.827,416.632482319609,1004
2024-09-18 13:20:47.832,416.7011594884794,1003
2024-09-18 13:20:47.885,416.6533193114981,9
2024-09-18 13:20:47.962,416.7005775220937,104
2024-09-18 13:20:47.970,416.7392455372327,1002
2024-09-18 13:20:47.984,416.6567088788007,14
2024-09-18 13:20:48.191,416.827463158308,10
2024-09-18 13:20:48.278,416.8021127965629,101
2024-09-18 13:20:48.552,416.82703238490217,101
2024-09-18 13:20:48.663,416.825188081018,995
2024-09-18 13:20:49.115,416.8224637899104,12
2024-09-18 13:20:49.201,416.8352690847695,1000
2024-09-18 13:20:49.898,416.82694062863743,15
2024-09-18 13:20:50.009,416.8510430329279,9
2024-09-18 13:20:50.087,416.84244964804697,997
2024-09-18 13:20:50.175,416.8387643874661,998
2024-09-18 13:20:50.235,416.8523211061364,11
2024-09-18 13:20:50.269,416.8471981585201,14
2024-09-18 13:20:50.287,416.8509456237284,101
2024-09-18 13:20:50.318,416.8414382545334,11
2024-09-18 13:20:50.424,416.8632243429595,97
2024-09-18 13:20:50.492,416.8478216913798,101
2024-09-18 13:20:50.506,416.8674459984621,7
2024-09-18 13:20:50.530,416.8745628615374,103
2024-09-18 13:20:50.535,416.831484734281,99
2024-09-18 13:20:50.582,416.8651184464744,14
2024-09-18 13:20:50.609,416.880943339903,998
2024-09-18 13:20:50.695,416.8279280503849,1002
2024-09-18 13:20:50.751,416.8529068812104,9
2024-09-18 13:20:50.927,416.8649837893004,8
2024-09-18 13:20:50.957,416.84349323456127,10
2024-09-18 13:20:51.077,416.83877053847385,96
2024-09-18 13:20:51.104,416.8390529920084,5
2024-09-18 13:20:51.160,416.8421044554311,100
2024-09-18 13:20:51.173,416.8538834397007,999
2024-09-18 13:20:51.205,416.83049493319993,13
2024-09-18 13:20:51.213,416.8535958322139,103
2024-09-18 13:20:51.223,416.86448345740354,104
2024-09-18 13:20:51.247,416.8276051008816,1001
2024-09-18 13:20:51.537,416.8269300814776,103
2024-09-18 13:20:51.558,416.84870284226776,8
2024-09-18 13:20:51.563,416.8725698278794,995
2024-09-18 13:20:51.726,416.8413917632197,104
2024-09-18 13:20:51.859,416.8442784171796,5
2024-09-18 13:20:51.968,416.86210142098025,1005
2024-09-18 13:20:52.018,416.8290652398756,11
2024-09-18 13:20:52.020,416.8012269819246,1000
2024-09-18 13:20:52.036,416.8236060173076,995
2024-09-18 13:20:52.043,416.7988689538763,95
2024-09-18 13:20:52.066,416.8264893308935,999
2024-09-18 13:20:52.070,416.8053496510008,1003
2024-09-18 13:20:52.097,416.8556677810582,96
2024-09-18 13:20:52.113,416.861519633463,96
2024-09-18 13:20:52.124,416.8133365802948,13
2024-09-18 13:20:52.175,416.8280877652696,1004
2024-09-18 13:20:52.221,416.8188774483295,98
2024-09-18 13:20:52.299,416.85138713773466,14
2024-09-18 13:20:52.312,416.8085190225201,13
2024-09-18 13:20:52.321,416.8597982125117,104
2024-09-18 13:20:52.334,416.8253594947992,1001
2024-09-18 13:20:52.357,416.8162510509078,8
2024-09-18 13:20:52.366,416.8096036027542,12
2024-09-18 13:20:52.392,416.8523568018271,105
2024-09-18 13:20:52.428,416.8164377054921,998
2024-09-18 13:20:52.469,416.79497303947073,1005
2024-09-18 13:20:52.471,416.82591715022784,7
2024-09-18 13:20:52.504,416.7911907497308,998
2024-09-18 13:20:52.522,416.7961896539931,996
2024-09-18 13:20:52.528,416.7999083272454,9
2024-09-18 13:20:52.555,416.8358971399243,104
2024-09-18 13:20:52.565,416.8443094948293,95
2024-09-18 13:20:52.751,416.8319176989351,5
2024-09-18 13:20:52.845,416.7873513472487,102
2024-09-18 13:20:52.998,416.8156259012404,98
2024-09-18 13:20:53.009,416.7684089083095,1003
2024-09-18 13:20:53.014,416.8022033332162,14
2024-09-18 13:20:53.049,416.7804016801263,996
2024-09-18 13:20:53.074,416.8478081486663,11
2024-09-18 13:20:53.171,416.8007047802144,1004
2024-09-18 13:20:53.174,416.8476168693769,14
2024-09-18 13:20:53.243,416.8279877291982,1003
2024-09-18 13:20:53.263,416.8260607058197,6
2024-09-18 13:20:53.358,416.8258091563631,5
2024-09-18 13:20:53.403,416.78297203694,101
2024-09-18 13:20:53.447,416.8421266947427,95
2024-09-18 13:20:53.545,416.77885562757024,1001
2024-09-18 13:20:53.546,416.85363108012655,10
2024-09-18 13:20:53.614,416.7657720485296,995
2024-09-18 13:20:53.618,416.856882113249,99
2024-09-18 13:20:53.676,416.7816806975388,999
2024-09-18 13:20:53.690,416.84146018159976,95
2024-09-18 13:20:53.734,416.8485289676733,995
2024-09-18 13:20:53.753,416.8489454434491,1002
2024-09-18 13:20:53.762,416.8370037762331,1004
2024-09-18 13:20:53.796,416.8443354948784,102
2024-09-18 13:20:53.813,416.8455651879717,995
2024-09-18 13:20:53.823,416.7644074730795,104
2024-09-18 13:20:53.824,416.8220979391403,103
2024-09-18 13:20:53.894,416.8122201161286,996
2024-09-18 13:20:53.926,416.84107872383896,1001
2024-09-18 13:20:53.962,416.7939296888488,1001
2024-09-18 13:20:54.023,416.8529409052751,10
2024-09-18 13:20:54.051,416.864675033582,95
2024-09-18 13:20:54.085,416.9565011422666,1000
2024-09-18 13:20:54.100,,13
2024-09-18 13:20:54.125,416.957284111131,998
2024-09-18 13:20:54.202,416.8476845615386,105
2024-09-18 13:20:54.214,416.9088164217456,997
2024-09-18 13:20:54.251,416.8868131364359,1002
2024-09-18 13:20:54.280,416.9064900031824,101
2024-09-18 13:20:54.314,416.9068122875742,1004
2024-09-18 13:20:54.403,416.8724228559512,9
2024-09-18 13:20:54.453,,97
2024-09-18 13:20:54.458,416.9095422772164,7
2024-09-18 13:20:54.487,416.8703308996394,999
2024-09-18 13:20:54.495,416.92959099691416,9
2024-09-18 13:20:54.605,416.875235934763,1002
2024-09-18 13:20:54.660,416.86927780374685,996
2024-09-18 13:20:54.666,416.9262543444306,97
2024-09-18 13:20:54.710,416.9096956550168,7
2024-09-18 13:20:54.751,416.8521111316975,11
2024-09-18 13:20:54.818,416.9075802567212,998
2024-09-18 13:20:54.830,416.9154745330939,105
2024-09-18 13:20:54.850,416.94710043890143,1002
2024-09-18 13:20:54.870,416.8738390109574,1002
2024-09-18 13:20:54.981,416.9517147599059,102
2024-09-18 13:20:55.010,416.9644415376397,102
2024-09-18 13:20:55.093,416.9986839376657,1002
2024-09-18 13:20:55.100,416.9870634852912,10
2024-09-18 13:20:55.113,416.9420047212209,1001
2024-09-18 13:20:55.169,416.99053560710456,999
2024-09-18 13:20:55.186,416.9708437034887,8
2024-09-18 13:20:55.283,416.9489748697215,7
2024-09-18 13:20:55.357,416.9992787566945,13
2024-09-18 13:20:55.360,416.9509519930488,1001
2024-09-18 13:20:55.381,416.9247489370261,999
2024-09-18 13:20:55.452,416.9274926518189,98
2024-09-18 13:20:55.506,416.9534180523035,995
2024-09-18 13:20:55.578,416.9905144413048,103
2024-09-18 13:20:55.647,416.9747008041266,102
2024-09-18 13:20:55.765,416.9817897349982,1004
2024-09-18 13:20:55.811,416.9402052740298,1002
2024-09-18 13:20:55.865,416.9510320643138,97
2024-09-18 13:20:55.927,416.9914322038233,101
2024-09-18 13:20:55.939,417.0053191568887,10
2024-09-18 13:20:55.946,416.990855165375,6
2024-09-18 13:20:55.985,416.9337424059845,103
2024-09-18 13:20:55.987,416.930565331797,996
2024-09-18 13:20:56.040,416.8632836542161,98
2024-09-18 13:20:56.043,416.9580030716057,995
2024-09-18 13:20:56.110,416.87485792490793,15
2024-09-18 13:20:56.163,416.8800544944805,96
2024-09-18 13:20:56.191,416.9917083533768,1000
2024-09-18 13:20:56.246,416.964316336208,95
2024-09-18 13:20:56.333,417.0165216603099,14
2024-09-18 13:20:56.337,416.856316443364,103
2024-09-18 13:20:56.369,417.0195151088844,1005
2024-09-18 13:20:56.447,416.86959600535226,1000
2024-09-18 13:20:56.448,416.89647915803016,1005
2024-09-18 13:20:56.581,416.8425614404172,12
2024-09-18 13:20:56.625,416.9149700263415,5
2024-09-18 13:20:56.657,416.8534744251325,95
2024-09-18 13:20:56.659,416.9056523003519,1001
2024-09-18 13:20:56.720,416.99778134662233,95
2024-09-18 13:20:56.736,416.84369126466817,99
2024-09-18 13:20:56.749,416.8605071190683,102
2024-09-18 13:20:56.758,-416.8816962345201,8
2024-09-18 13:20:56.759,416.9308093159353,102
2024-09-18 13:20:56.830,416.8742339931118,101
2024-09-18 13:20:56.832,416.9707933140707,104
2024-09-18 13:20:56.833,416.87357832293816,95
2024-09-18 13:20:56.873,417.0044896889059,97
2024-09-18 13:20:56.935,416.887498700657,11
2024-09-18 13:20:56.943,416.8588801027862,105
2024-09-18 13:20:56.955,417.0109562145076,104
2024-09-18 13:20:57.136,416.8697746320042,1005
2024-09-18 13:20:57.278,416.8780921599929,97
2024-09-18 13:20:57.350,416.8793269654084,5
2024-09-18 13:20:57.472,416.8782152915871,1000
2024-09-18 13:20:57.568,416.87470508902186,95
2024-09-18 13:20:57.765,416.8717159989787,5
2024-09-18 13:20:58.010,417.0126139939936,105
2024-09-18 13:20:58.040,416.932413845003,103
2024-09-18 13:20:58.053,416.9336486461543,1004
2024-09-18 13:20:58.066,416.9769127073437,1003
2024-09-18 13:20:58.136,416.9630119070951,8
2024-09-18 13:20:58.162,416.8903008879445,1000
2024-09-18 13:20:58.186,-417.02337476350255,104
2024-09-18 13:20:58.206,416.9805537404374,101
2024-09-18 13:20:58.238,416.977845075689,6
2024-09-18 13:20:58.239,416.96760768655633,101
2024-09-18 13:20:58.262,417.0105993284641,996
2024-09-18 13:20:58.275,41.69251845274285,997
2024-09-18 13:20:58.437,416.9514251081466,101
2024-09-18 13:20:58.467,416.9730665248826,997
2024-09-18 13:20:58.507,416.95001103648553,101
2024-09-18 13:20:58.533,416.9643235372471,5
2024-09-18 13:20:58.545,416.9359817141465,1000
2024-09-18 13:20:58.591,416.93549325601873,1003
2024-09-18 13:20:58.618,416.9313461750784,995
2024-09-18 13:20:58.620,416.9801744426084,13
2024-09-18 13:20:58.629,416.9723540459927,95
2024-09-18 13:20:58.676,416.951486622297,101
2024-09-18 13:20:58.681,417.02359460997127,998
2024-09-18 13:20:58.699,416.9859077581156,1004
2024-09-18 13:20:58.730,416.9786068156539,103
2024-09-18 13:20:58.833,417.0261055999605,12
2024-09-18 13:20:58.901,417.00964258654255,7
2024-09-18 13:20:58.974,416.9207492269098,99
2024-09-18 13:20:59.086,416.9936655713515,98
2024-09-18 13:20:59.091,417.0154517537446,1002
2024-09-18 13:20:59.179,417.0619961859809,998
2024-09-18 13:20:59.180,416.99293356793135,104
2024-09-18 13:20:59.212,416.9974451233864,1003
2024-09-18 13:20:59.237,416.986024189535,7
2024-09-18 13:20:59.291,416.9986557450972,100
2024-09-18 13:20:59.322,417.0208677327474,998
2024-09-18 13:20:59.390,417.0265161381699,7
2024-09-18 13:20:59.403,417.0091772114755,1000
2024-09-18 13:20:59.666,417.0555056681152,1000
2024-09-18 13:20:59.728,417.0144418624085,11
2024-09-18 13:20:59.730,417.0209426132538,8
2024-09-18 13:20:59.793,416.9993227191586,995
2024-09-18 13:20:59.908,416.9952940711682,6
2024-09-18 13:20:59.920,417.0026054764232,5
2024-09-18 13:20:59.930,417.00842803788566,6
2024-09-18 13:20:59.935,417.0238245807049,1003
2024-09-18 13:20:59.943,417.0296576324755,7
2024-09-18 13:20:59.948,417.0389515813746,103
2024-09-18 13:20:59.952,416.98696218879655,12
