Timestamp,Price,Size
2024-09-20 15:39:00.007,429.1364838510562,998
2024-09-20 15:39:00.011,429.1607632224761,13
2024-09-20 15:39:00.025,429.1519761918961,997
2024-09-20 15:39:00.133,429.1413037296294,5
2024-09-20 15:39:00.160,429.1123088993169,13
2024-09-20 15:39:00.243,429.15684535033046,1001
2024-09-20 15:39:00.262,429.1815771329177,12
2024-09-20 15:39:00.327,429.157291061801,8
2024-09-20 15:39:00.340,429.1721223785237,8
2024-09-20 15:39:00.363,429.1410455913429,9
2024-09-20 15:39:00.384,429.1986738520784,1002
2024-09-20 15:39:00.469,429.160052291349,7
2024-09-20 15:39:00.489,429.15072743311833,10
2024-09-20 15:39:00.495,429.125442660782,98
2024-09-20 15:39:00.542,429.1463862284776,96
2024-09-20 15:39:00.591,429.1230228439261,5
2024-09-20 15:39:00.662,429.1575027788552,999
2024-09-20 15:39:00.691,429.1588593812052,1001
2024-09-20 15:39:00.709,429.1568911234875,1005
2024-09-20 15:39:00.740,429.1492417069212,8
2024-09-20 15:39:00.802,429.1725833142125,96
2024-09-20 15:39:00.843,429.1634772559148,99
2024-09-20 15:39:00.879,429.1866563543463,11
2024-09-20 15:39:00.950,,1001
2024-09-20 15:39:01.424,429.1770406448027,7
2024-09-20 15:39:01.647,429.164444745012,10
2024-09-20 15:39:02.132,429.1559647940656,998
2024-09-20 15:39:02.151,429.1572622252009,12
2024-09-20 15:39:02.167,429.1685367780387,1004
2024-09-20 15:39:02.186,429.17373849556486,97
2024-09-20 15:39:02.801,429.1687689518333,1004
2024-09-20 15:39:02.997,429.1674123717657,12
2024-09-20 15:39:03.021,429.0211058595504,99
2024-09-20 15:39:03.049,428.989158718096,103
2024-09-20 15:39:03.127,429.1547673537772,7
2024-09-20 15:39:03.142,429.0596345293346,99
2024-09-20 15:39:03.270,428.9831224903219,98
2024-09-20 15:39:03.282,429.0214163239598,105
2024-09-20 15:39:03.285,428.9844816879324,99
2024-09-20 15:39:03.356,429.01811997935664,10
2024-09-20 15:39:03.376,428.9815656191808,95
2024-09-20 15:39:03.386,429.0535652418996,99
2024-09-20 15:39:03.408,429.0123706930884,6
2024-09-20 15:39:03.430,429.04049252711775,10
2024-09-20 15:39:03.456,429.012486991428,103
2024-09-20 15:39:03.493,428.984958973385,7
2024-09-20 15:39:03.551,429.14713650209694,13
2024-09-20 15:39:03.714,429.0152127000016,104
2024-09-20 15:39:03.746,-429.0470615829509,103
2024-09-20 15:39:03.754,429.0932002584104,998
2024-09-20 15:39:03.780,429.0354167687244,10
2024-09-20 15:39:03.840,429.1506426355525,98
2024-09-20 15:39:03.893,429.1205318169942,104
2024-09-20 15:39:03.953,428.9973465727778,12
2024-09-20 15:39:04.099,429.005423830325,8
2024-09-20 15:39:04.110,429.0129209440566,1001
2024-09-20 15:39:04.132,429.0208130002514,1001
2024-09-20 15:39:04.213,429.0156289446906,98
2024-09-20 15:39:04.315,429.0169938778154,11
2024-09-20 15:39:04.510,429.0217460217783,15
2024-09-20 15:39:04.515,429.0185021538675,97
2024-09-20 15:39:04.537,429.0193193558752,1002
2024-09-20 15:39:04.558,429.0174031363817,10
2024-09-20 15:39:04.643,429.0277667329015,1003
2024-09-20 15:39:04.718,429.03621838003806,97
2024-09-20 15:39:04.809,428.9952118445193,12
2024-09-20 15:39:05.001,428.9730816500321,1001
2024-09-20 15:39:05.016,428.9905471754648,11
2024-09-20 15:39:05.018,42.89940496267828,103
2024-09-20 15:39:05.076,428.9940096007451,5
2024-09-20 15:39:05.106,429.01612678145966,13
2024-09-20 15:39:05.107,429.00506698055233,100
2024-09-20 15:39:05.153,429.0062186367023,998
2024-09-20 15:39:05.181,428.98352089369433,104
2024-09-20 15:39:05.308,428.9891156830868,5
2024-09-20 15:39:05.339,428.9832242790016,9
2024-09-20 15:39:05.410,428.9914274674792,99
2024-09-20 15:39:05.412,42.90195351050559,999
2024-09-20 15:39:05.442,428.9890448658704,1001
2024-09-20 15:39:05.447,428.9936883675736,1001
2024-09-20 15:39:05.495,-428.9959064919148,10
2024-09-20 15:39:05.576,429.026613165374,1003
2024-09-20 15:39:05.593,429.0007015270671,100
2024-09-20 15:39:05.602,429.0088712752877,6
2024-09-20 15:39:05.639,428.9891528022339,1002
2024-09-20 15:39:05.656,428.9844250193333,10
2024-09-20 15:39:05.712,429.0395393829223,1004
2024-09-20 15:39:05.755,42.89876689993771,1004
2024-09-20 15:39:05.840,428.9865353396476,5
2024-09-20 15:39:05.869,429.0107648865728,101
2024-09-20 15:39:05.891,429.0021670543517,1003
2024-09-20 15:39:05.900,428.99676307782767,998
2024-09-20 15:39:05.920,428.98655756474193,104
2024-09-20 15:39:05.992,428.9945570416686,103
2024-09-20 15:39:06.492,429.0089067599199,6
2024-09-20 15:39:06.500,429.0082341870124,1000
2024-09-20 15:39:06.535,429.0061895058604,105
2024-09-20 15:39:06.591,428.9967280042624,96
2024-09-20 15:39:06.606,429.002351159268,95
2024-09-20 15:39:06.690,429.0028121085747,1002
2024-09-20 15:39:06.741,428.998857262593,1002
2024-09-20 15:39:06.768,428.9977737484393,96
2024-09-20 15:39:06.825,428.97962335805056,6
2024-09-20 15:39:06.949,429.017040523356,98
2024-09-20 15:39:07.000,429.0139217947166,996
2024-09-20 15:39:07.042,429.01997087943664,12
2024-09-20 15:39:07.063,429.0251695685481,102
2024-09-20 15:39:07.180,429.0247273990091,1001
2024-09-20 15:39:07.201,429.01815798777744,97
2024-09-20 15:39:07.298,429.0212149570649,15
2024-09-20 15:39:07.314,429.0426232517707,99
2024-09-20 15:39:07.364,429.0215882867808,7
2024-09-20 15:39:07.391,429.0128871139385,1002
2024-09-20 15:39:07.479,429.0353559148244,102
2024-09-20 15:39:07.541,429.0179797460099,997
2024-09-20 15:39:07.614,429.0338915104518,6
2024-09-20 15:39:07.619,429.0211056989364,1002
2024-09-20 15:39:07.630,428.9997823162537,97
2024-09-20 15:39:07.663,42.90101985085354,1002
2024-09-20 15:39:07.687,429.0192682385683,1000
2024-09-20 15:39:07.699,429.0279172161096,14
2024-09-20 15:39:07.786,429.0274109664227,7
2024-09-20 15:39:07.822,429.0181544277719,1001
2024-09-20 15:39:07.824,429.0116237636021,996
2024-09-20 15:39:07.854,429.0200312716767,996
2024-09-20 15:39:07.866,429.01536128728935,1000
2024-09-20 15:39:07.968,429.0177816016739,996
2024-09-20 15:39:07.977,429.0205949948894,103
2024-09-20 15:39:08.006,429.0933128546306,11
2024-09-20 15:39:08.030,429.0599873653293,1005
2024-09-20 15:39:08.067,429.1138283040792,105
2024-09-20 15:39:08.113,429.0918653638834,995
2024-09-20 15:39:08.168,429.09548840585234,8
2024-09-20 15:39:08.220,429.133358369037,1001
2024-09-20 15:39:08.297,429.10565188057967,1005
2024-09-20 15:39:08.306,429.0661606587608,97
2024-09-20 15:39:08.341,429.0928456827469,997
2024-09-20 15:39:08.349,429.1092375833505,10
2024-09-20 15:39:08.363,429.14408004486654,11
2024-09-20 15:39:08.367,429.0285675240066,995
2024-09-20 15:39:08.381,42.912795156636754,102
2024-09-20 15:39:08.402,429.0684443436251,104
2024-09-20 15:39:08.607,429.118401015956,12
2024-09-20 15:39:08.680,429.1169081722493,104
2024-09-20 15:39:08.690,429.0656811578434,8
2024-09-20 15:39:08.692,429.0829183152768,96
2024-09-20 15:39:08.972,429.0943428746005,100
2024-09-20 15:39:09.008,429.1396220802138,12
2024-09-20 15:39:09.127,429.1422870975914,100
2024-09-20 15:39:09.140,429.1429352115052,6
2024-09-20 15:39:09.175,429.1277165191882,999
2024-09-20 15:39:09.194,429.1175400370829,14
2024-09-20 15:39:09.199,429.1453024646205,13
2024-09-20 15:39:09.227,429.1404946537023,12
2024-09-20 15:39:09.240,429.1180254991231,999
2024-09-20 15:39:09.290,429.10402831631353,7
2024-09-20 15:39:09.315,429.15040292233687,1001
2024-09-20 15:39:09.319,429.1318928094024,101
2024-09-20 15:39:09.367,429.1150983584177,102
2024-09-20 15:39:09.404,429.1256105570729,95
2024-09-20 15:39:09.473,429.14856835084487,14
2024-09-20 15:39:09.516,429.15189125518,1002
2024-09-20 15:39:09.518,429.1313834274189,8
2024-09-20 15:39:09.773,429.1433599473144,12
2024-09-20 15:39:09.829,429.1385817948618,999
2024-09-20 15:39:09.921,429.12080409745727,996
2024-09-20 15:39:10.053,429.1424483404056,6
2024-09-20 15:39:10.129,429.1150910705701,1004
2024-09-20 15:39:10.139,429.1137144256341,8
2024-09-20 15:39:10.245,429.1366255323947,998
2024-09-20 15:39:10.325,429.1381992851629,996
2024-09-20 15:39:10.393,429.11672551659257,1000
2024-09-20 15:39:10.412,429.134558737787,7
2024-09-20 15:39:10.459,429.1654612137164,1003
2024-09-20 15:39:10.537,429.1204133837892,1004
2024-09-20 15:39:10.590,429.1263482789169,105
2024-09-20 15:39:10.651,,1001
2024-09-20 15:39:10.744,429.1493613004524,1005
2024-09-20 15:39:10.833,429.1126299812136,15
2024-09-20 15:39:10.915,429.141116929367,1003
2024-09-20 15:39:10.959,429.13426855135305,102
2024-09-20 15:39:10.966,429.168997402166,1004
2024-09-20 15:39:11.029,429.09653313815215,997
2024-09-20 15:39:11.093,429.11363319824153,7
2024-09-20 15:39:11.094,429.163408840528,13
2024-09-20 15:39:11.132,429.1843293072572,7
2024-09-20 15:39:11.218,429.0875812719852,5
2024-09-20 15:39:11.338,429.2134815974257,6
2024-09-20 15:39:11.388,429.1158518209712,7
2024-09-20 15:39:11.390,429.20914884994113,6
2024-09-20 15:39:11.390,429.1598818497688,7
2024-09-20 15:39:11.426,429.1163313723246,7
2024-09-20 15:39:11.444,429.2186386426073,1000
2024-09-20 15:39:11.522,429.1098490057839,1003
2024-09-20 15:39:11.530,429.17756459790417,15
2024-09-20 15:39:11.572,429.1144364467429,14
2024-09-20 15:39:11.596,429.0927012884882,10
2024-09-20 15:39:11.609,429.1050441040619,1002
2024-09-20 15:39:11.671,429.17991197711416,1000
2024-09-20 15:39:11.676,429.2081245198612,1001
2024-09-20 15:39:11.696,429.1712731443144,102
2024-09-20 15:39:11.754,429.1985843680938,6
2024-09-20 15:39:11.767,429.0949086917701,1000
2024-09-20 15:39:11.796,429.190152549232,100
2024-09-20 15:39:11.863,429.1012833682181,12
2024-09-20 15:39:11.884,429.15526166379993,14
2024-09-20 15:39:11.923,429.095926154429,15
2024-09-20 15:39:11.923,429.20891010854746,998
2024-09-20 15:39:11.925,429.12695153298654,103
2024-09-20 15:39:11.950,429.0949683222837,10
2024-09-20 15:39:11.962,429.16376601044186,10
2024-09-20 15:39:12.018,429.2103519391092,998
2024-09-20 15:39:12.065,429.2281015864932,10
2024-09-20 15:39:12.354,429.2071598330476,101
2024-09-20 15:39:12.445,429.2300159749067,97
2024-09-20 15:39:12.484,429.2162690957022,15
2024-09-20 15:39:12.531,429.206108925226,995
2024-09-20 15:39:12.565,429.2318463271988,999
2024-09-20 15:39:12.653,429.2263234263784,103
2024-09-20 15:39:12.660,429.22100938887405,14
2024-09-20 15:39:12.948,429.2248034334908,101
2024-09-20 15:39:12.959,429.2268674033412,6
2024-09-20 15:39:12.977,429.1992473986528,105
2024-09-20 15:39:12.980,429.2062434341568,1000
2024-09-20 15:39:13.032,429.1550212103409,102
2024-09-20 15:39:13.041,429.12994139277697,102
2024-09-20 15:39:13.100,429.1793206359284,997
2024-09-20 15:39:13.168,429.1812808005454,1003
2024-09-20 15:39:13.188,429.2377243492998,996
2024-09-20 15:39:13.207,429.1963902129233,15
2024-09-20 15:39:13.209,429.2479133838197,105
2024-09-20 15:39:13.228,429.1721973799846,1003
2024-09-20 15:39:13.265,429.24069732299216,998
2024-09-20 15:39:13.267,429.14724606540256,97
2024-09-20 15:39:13.314,422.1265198010424,995
2024-09-20 15:39:13.406,429.1855871520629,9
2024-09-20 15:39:13.412,429.1775745804175,995
2024-09-20 15:39:13.464,429.2382561368219,7
2024-09-20 15:39:13.465,429.24519914572295,998
2024-09-20 15:39:13.575,429.2426160225103,98
2024-09-20 15:39:13.586,429.1798159024601,13
2024-09-20 15:39:13.608,429.1731366785649,998
2024-09-20 15:39:13.618,429.1361771906722,1002
2024-09-20 15:39:13.633,429.237326432988,995
2024-09-20 15:39:13.643,429.24161342917387,1001
2024-09-20 15:39:13.673,429.2050992657024,9
2024-09-20 15:39:13.720,429.21821409846416,1004
2024-09-20 15:39:13.732,429.1482417374313,101
2024-09-20 15:39:13.753,429.1539183587608,1002
2024-09-20 15:39:13.792,429.1841234983304,11
2024-09-20 15:39:13.833,429.1396134030636,997
2024-09-20 15:39:13.911,429.18867279193336,15
2024-09-20 15:39:13.929,429.1902021974571,102
2024-09-20 15:39:13.996,429.189697678702,10
2024-09-20 15:39:14.000,429.0564602655714,10
2024-09-20 15:39:14.072,429.0601625145141,13
2024-09-20 15:39:14.083,429.1779844772018,1004
2024-09-20 15:39:14.099,,105
2024-09-20 15:39:14.124,429.0379695454629,10
2024-09-20 15:39:14.146,429.1362632612945,100
2024-09-20 15:39:14.187,429.152260743418,99
2024-09-20 15:39:14.199,429.1667135427013,11
2024-09-20 15:39:14.206,429.0399905366704,5
2024-09-20 15:39:14.216,429.0856929015696,100
2024-09-20 15:39:14.250,429.12321044004057,996
2024-09-20 15:39:14.376,429.13558547302847,999
2024-09-20 15:39:14.390,429.0521502206048,97
2024-09-20 15:39:14.514,,99
2024-09-20 15:39:14.533,429.1406380172545,5
2024-09-20 15:39:14.583,429.0446824936856,14
2024-09-20 15:39:14.658,429.1291032460002,12
2024-09-20 15:39:14.706,,1001
2024-09-20 15:39:14.711,429.0470027529084,12
2024-09-20 15:39:14.741,429.0536669355647,8
2024-09-20 15:39:14.746,429.1502298946076,997
2024-09-20 15:39:14.790,429.02836709138256,999
2024-09-20 15:39:14.819,429.0751749425925,103
2024-09-20 15:39:14.827,422.0247482871217,7
2024-09-20 15:39:14.886,429.07800664693286,101
2024-09-20 15:39:14.925,429.0951488758236,7
2024-09-20 15:39:14.970,429.1623931816199,1001
2024-09-20 15:39:14.977,429.1842384028543,998
2024-09-20 15:39:15.432,429.0481310233407,15
2024-09-20 15:39:15.491,429.0401987974573,10
2024-09-20 15:39:15.831,429.0418017676821,96
2024-09-20 15:39:15.872,429.0601229379274,103
2024-09-20 15:39:15.982,429.0540804737167,103
2024-09-20 15:39:16.028,429.0528510185417,98
2024-09-20 15:39:16.249,429.0480898257158,95
2024-09-20 15:39:16.577,429.04431921447326,11
2024-09-20 15:39:16.618,429.043491149367,998
2024-09-20 15:39:16.653,429.0301350415822,10
2024-09-20 15:39:17.118,429.0233395501696,998
2024-09-20 15:39:17.382,429.0344886288353,101
2024-09-20 15:39:17.410,429.0305816978146,11
2024-09-20 15:39:17.833,429.0209207454012,98
2024-09-20 15:39:17.845,429.0267454430208,995
2024-09-20 15:39:17.927,429.0277048235399,11
2024-09-20 15:39:18.061,429.00014537930014,996
2024-09-20 15:39:18.216,428.99604076782737,5
2024-09-20 15:39:18.354,-429.0125653485816,14
2024-09-20 15:39:18.533,429.0070738504469,102
2024-09-20 15:39:18.595,429.003404439213,7
2024-09-20 15:39:18.615,429.0152065159334,1003
2024-09-20 15:39:18.759,-429.0188296142279,96
2024-09-20 15:39:18.876,428.99217917716527,12
2024-09-20 15:39:19.013,429.0441332514965,1002
2024-09-20 15:39:19.039,429.03418630622247,98
2024-09-20 15:39:19.061,429.0547252937628,6
2024-09-20 15:39:19.061,429.04422036584646,1001
2024-09-20 15:39:19.074,429.0166307651738,104
2024-09-20 15:39:19.151,429.0785129767241,1001
2024-09-20 15:39:19.159,429.0860225409322,97
2024-09-20 15:39:19.174,429.1055267347459,1002
2024-09-20 15:39:19.188,429.0456766023613,7
2024-09-20 15:39:19.241,-429.0752691120192,103
2024-09-20 15:39:19.270,429.0190153166458,12
2024-09-20 15:39:19.272,429.0357548582094,1000
2024-09-20 15:39:19.314,429.0046262325823,12
2024-09-20 15:39:19.358,429.0705496977786,97
2024-09-20 15:39:19.406,429.0327271717393,10
2024-09-20 15:39:19.417,429.0287600512549,996
2024-09-20 15:39:19.528,429.0655872333493,9
2024-09-20 15:39:19.558,429.0849578906474,995
2024-09-20 15:39:19.590,429.0645049965097,999
2024-09-20 15:39:19.646,429.0829760874208,95
2024-09-20 15:39:19.716,429.0852690981069,15
2024-09-20 15:39:19.786,429.097963712495,101
2024-09-20 15:39:19.899,429.0884073225329,1004
2024-09-20 15:39:19.926,429.1146307502425,96
2024-09-20 15:39:19.958,429.0375976094191,1003
2024-09-20 15:39:20.001,428.9513396113378,102
2024-09-20 15:39:20.037,428.92921314487046,100
2024-09-20 15:39:20.044,428.952878263954,12
2024-09-20 15:39:20.047,429.00697057488486,13
2024-09-20 15:39:20.125,428.9323028665568,1004
2024-09-20 15:39:20.150,429.0187966028304,1003
2024-09-20 15:39:20.155,428.9695428440404,96
2024-09-20 15:39:20.164,428.9796134278871,997
2024-09-20 15:39:20.228,428.9226974087278,101
2024-09-20 15:39:20.302,428.93664924569424,998
2024-09-20 15:39:20.322,428.9342158627903,8
2024-09-20 15:39:20.365,428.9412035282239,1002
2024-09-20 15:39:20.415,429.0125612620957,998
2024-09-20 15:39:20.537,428.9242091112401,8
2024-09-20 15:39:20.569,429.0050085356071,14
2024-09-20 15:39:20.570,428.9411376720977,10
2024-09-20 15:39:20.694,429.0096184499623,1002
2024-09-20 15:39:20.701,428.9506487337439,104
2024-09-20 15:39:20.730,429.0010873105551,9
2024-09-20 15:39:20.746,429.00439579775934,96
2024-09-20 15:39:20.762,429.0174286824631,1004
2024-09-20 15:39:20.804,429.0183695163891,103
2024-09-20 15:39:20.827,428.9335145521577,104
2024-09-20 15:39:20.918,428.9521928345777,8
2024-09-20 15:39:20.936,428.99256573028447,999
2024-09-20 15:39:21.038,428.9872136983581,6
2024-09-20 15:39:21.039,428.9470004800316,6
2024-09-20 15:39:21.056,428.9892745737112,13
2024-09-20 15:39:21.062,428.9409097185002,14
2024-09-20 15:39:21.080,428.9558975130971,99
2024-09-20 15:39:21.117,428.9636484012397,96
2024-09-20 15:39:21.134,428.9529433087415,15
2024-09-20 15:39:21.198,428.9602028633229,6
2024-09-20 15:39:21.209,428.9509176724304,995
2024-09-20 15:39:21.243,429.0163582912551,1000
2024-09-20 15:39:21.303,428.9625539159349,96
2024-09-20 15:39:21.321,429.0034280950659,95
2024-09-20 15:39:21.369,429.0101771104366,8
2024-09-20 15:39:21.411,428.9549689010725,999
2024-09-20 15:39:21.431,428.97618649967336,1000
2024-09-20 15:39:21.458,428.9965344531692,9
2024-09-20 15:39:21.542,428.9384506930061,95
2024-09-20 15:39:21.578,428.96227131400383,100
2024-09-20 15:39:21.608,428.9795330956435,105
2024-09-20 15:39:21.656,428.95927791290586,96
2024-09-20 15:39:21.661,428.964365856192,104
2024-09-20 15:39:21.762,428.9423984677277,5
2024-09-20 15:39:21.773,428.9472580047598,7
2024-09-20 15:39:21.816,428.96199673553787,999
2024-09-20 15:39:21.833,429.0020649173408,13
2024-09-20 15:39:22.125,429.0126607369088,104
2024-09-20 15:39:22.352,429.0120500161774,6
2024-09-20 15:39:22.428,429.0092707753573,15
2024-09-20 15:39:22.429,429.0064877490088,98
2024-09-20 15:39:22.439,428.9858906952469,999
2024-09-20 15:39:22.517,429.0091158743288,1002
2024-09-20 15:39:22.569,429.0015723277152,1004
2024-09-20 15:39:22.830,429.0104112164335,102
2024-09-20 15:39:23.045,428.9596023346653,15
2024-09-20 15:39:23.074,428.8842475582053,15
2024-09-20 15:39:23.100,428.9774906951061,7
2024-09-20 15:39:23.102,428.9589141472456,996
2024-09-20 15:39:23.156,428.92809039180565,1000
2024-09-20 15:39:23.166,428.9419795469911,9
2024-09-20 15:39:23.267,428.9844087575644,11
2024-09-20 15:39:23.273,428.9792979800317,99
2024-09-20 15:39:23.345,428.91801777190005,1002
2024-09-20 15:39:23.440,428.9392002257137,95
2024-09-20 15:39:23.444,428.9473888764022,6
2024-09-20 15:39:23.510,428.970529763496,7
2024-09-20 15:39:23.592,428.9485394576466,1003
2024-09-20 15:39:23.592,428.9793388759702,11
2024-09-20 15:39:23.618,428.8908163129559,12
2024-09-20 15:39:23.676,428.96149158265166,1001
2024-09-20 15:39:23.761,428.9201559156296,999
2024-09-20 15:39:23.876,428.9567097332147,998
2024-09-20 15:39:23.965,428.9518235269761,15
2024-09-20 15:39:24.000,428.8472459474833,96
2024-09-20 15:39:24.000,428.8482716615879,10
2024-09-20 15:39:24.048,428.8515798500143,5
2024-09-20 15:39:24.154,428.8519467948692,11
2024-09-20 15:39:24.211,428.8435914207942,1002
2024-09-20 15:39:24.309,428.8494499495896,14
2024-09-20 15:39:24.327,428.85381923796086,9
2024-09-20 15:39:24.623,428.84446169475535,8
2024-09-20 15:39:24.634,-428.8626806218184,7
2024-09-20 15:39:24.640,428.8785811888928,998
2024-09-20 15:39:24.653,428.86780809357725,1001
2024-09-20 15:39:24.654,428.847222617616,996
2024-09-20 15:39:24.746,428.8509377339201,97
2024-09-20 15:39:24.758,428.8644740812073,996
2024-09-20 15:39:24.776,428.8574955024053,13
2024-09-20 15:39:24.819,428.8554280301223,8
2024-09-20 15:39:24.827,428.8585394602955,105
2024-09-20 15:39:25.743,422.2994479850994,105
2024-09-20 15:39:26.102,428.8731138493832,996
2024-09-20 15:39:26.105,428.8418841394577,995
2024-09-20 15:39:26.144,428.8567503524849,104
2024-09-20 15:39:26.149,428.8368243592945,995
2024-09-20 15:39:26.156,428.8660048973615,96
2024-09-20 15:39:26.400,428.8541602007286,13
2024-09-20 15:39:26.414,428.8719447233467,99
2024-09-20 15:39:26.453,428.8674660964652,995
2024-09-20 15:39:26.581,428.8509164932847,101
2024-09-20 15:39:26.657,428.8670242172876,8
2024-09-20 15:39:26.757,428.8767501778287,1001
2024-09-20 15:39:26.831,428.8537139457687,11
2024-09-20 15:39:26.836,428.8495943498576,1004
2024-09-20 15:39:26.846,428.8712875974545,10
2024-09-20 15:39:26.862,428.842722432364,5
2024-09-20 15:39:26.884,422.3247326459067,103
2024-09-20 15:39:26.933,428.8621322766117,1002
2024-09-20 15:39:26.996,428.8647819665452,997
2024-09-20 15:39:27.025,428.9073465771453,95
2024-09-20 15:39:27.168,428.9241756274211,14
2024-09-20 15:39:27.263,428.87421072679456,98
2024-09-20 15:39:27.264,428.8812570472192,9
2024-09-20 15:39:27.294,428.8765001081598,11
2024-09-20 15:39:27.298,428.8817868808943,104
2024-09-20 15:39:27.299,428.9149258020229,15
2024-09-20 15:39:27.442,428.8945345186313,103
2024-09-20 15:39:27.509,428.8676089171352,97
2024-09-20 15:39:27.589,428.9409335487381,13
2024-09-20 15:39:27.689,428.88454867509154,999
2024-09-20 15:39:27.741,428.9245427979271,12
2024-09-20 15:39:27.770,428.87697018213714,101
2024-09-20 15:39:27.797,428.88923150280766,12
2024-09-20 15:39:27.807,428.8872982752529,996
2024-09-20 15:39:27.831,428.8838501627136,98
2024-09-20 15:39:27.938,428.8915773652993,995
2024-09-20 15:39:28.076,428.8873411884388,1003
2024-09-20 15:39:28.086,428.9063455756526,1002
2024-09-20 15:39:28.250,428.8871092970628,7
2024-09-20 15:39:28.284,428.8727020106903,15
2024-09-20 15:39:28.331,428.9004519392385,12
2024-09-20 15:39:28.441,428.8960445290115,97
2024-09-20 15:39:28.509,428.8846580533103,996
2024-09-20 15:39:28.565,428.8992260569457,997
2024-09-20 15:39:28.569,428.8820831333379,10
2024-09-20 15:39:28.628,428.8983080769615,1004
2024-09-20 15:39:28.847,428.9133829975284,96
2024-09-20 15:39:30.037,428.8572396897051,1003
2024-09-20 15:39:30.162,428.8827568291403,995
2024-09-20 15:39:30.167,428.8710457018699,105
2024-09-20 15:39:30.233,428.87514633516383,11
2024-09-20 15:39:30.319,428.8706598456242,102
2024-09-20 15:39:30.323,428.9426400893756,97
2024-09-20 15:39:30.367,428.9532361280644,997
2024-09-20 15:39:30.403,428.9544357916004,7
2024-09-20 15:39:30.448,428.8776105479623,997
2024-09-20 15:39:30.455,428.9528255313008,96
2024-09-20 15:39:30.527,428.9425513447132,96
2024-09-20 15:39:30.552,428.89922750828623,14
2024-09-20 15:39:30.589,428.939898095862,6
2024-09-20 15:39:30.594,428.9004291132113,1004
2024-09-20 15:39:30.594,428.9025753444883,995
2024-09-20 15:39:30.603,428.91385311446624,1000
2024-09-20 15:39:30.611,428.9623744904181,105
2024-09-20 15:39:30.649,428.9578816470221,998
2024-09-20 15:39:30.667,428.88300359630426,997
2024-09-20 15:39:30.699,428.9442739815128,13
2024-09-20 15:39:30.724,428.875408872944,997
2024-09-20 15:39:30.772,428.9342801318389,12
2024-09-20 15:39:30.828,428.929797177986,5
2024-09-20 15:39:30.852,428.94796857011727,9
2024-09-20 15:39:30.929,428.9453175415333,12
2024-09-20 15:39:30.950,428.937857120268,11
2024-09-20 15:39:30.955,428.8544562543765,102
2024-09-20 15:39:31.022,428.8687201491405,101
2024-09-20 15:39:31.033,428.8771199158943,7
2024-09-20 15:39:31.041,428.8689525818257,14
2024-09-20 15:39:31.046,428.88462257106255,1003
2024-09-20 15:39:31.071,428.86544724279673,998
2024-09-20 15:39:31.089,-428.939951893052,102
2024-09-20 15:39:31.163,428.9453097585602,1005
2024-09-20 15:39:31.351,428.8718901081125,102
2024-09-20 15:39:31.364,428.8741033222576,1001
2024-09-20 15:39:31.384,428.9161954062287,1000
2024-09-20 15:39:31.455,428.9511092818095,102
2024-09-20 15:39:31.504,42.88902848564848,13
2024-09-20 15:39:31.639,428.87449371329456,9
2024-09-20 15:39:31.644,428.9268610658319,8
2024-09-20 15:39:31.695,428.8784879292081,997
2024-09-20 15:39:31.723,-428.8719041537538,998
2024-09-20 15:39:31.759,428.9223016379311,10
2024-09-20 15:39:31.888,428.86666876903263,13
2024-09-20 15:39:31.929,428.9218407753089,7
2024-09-20 15:39:31.969,428.89679111854457,995
2024-09-20 15:39:31.978,428.9379331053468,8
2024-09-20 15:39:31.999,428.92030048800336,8
2024-09-20 15:39:32.078,428.8848939981728,98
2024-09-20 15:39:32.102,428.86613401644365,101
2024-09-20 15:39:32.113,428.8583117556231,1003
2024-09-20 15:39:32.153,428.89106877862713,95
2024-09-20 15:39:32.158,428.8921779086408,103
2024-09-20 15:39:32.169,428.8651308236756,15
2024-09-20 15:39:32.213,,999
2024-09-20 15:39:32.342,428.8853978981745,13
2024-09-20 15:39:32.372,428.8625389395696,1005
2024-09-20 15:39:32.438,428.8870323322189,1002
2024-09-20 15:39:32.502,428.88183635356665,101
2024-09-20 15:39:32.502,428.8915956080024,104
2024-09-20 15:39:32.551,428.8927119324127,1005
2024-09-20 15:39:32.605,428.8675958010117,14
2024-09-20 15:39:32.776,428.8684556312928,1002
2024-09-20 15:39:32.792,428.8985066949167,104
2024-09-20 15:39:32.881,428.8751723926602,8
2024-09-20 15:39:32.976,428.88721583415736,1001
2024-09-20 15:39:33.044,428.8211689242544,13
2024-09-20 15:39:33.093,428.8318949878261,997
2024-09-20 15:39:33.140,428.8704100169604,15
2024-09-20 15:39:33.155,428.84651262172537,102
2024-09-20 15:39:33.157,428.8623500198033,101
2024-09-20 15:39:33.162,428.8170367717672,999
2024-09-20 15:39:33.169,428.8393997665985,14
2024-09-20 15:39:33.264,428.8302916072914,1000
2024-09-20 15:39:33.272,,100
2024-09-20 15:39:33.299,428.8281314437974,15
2024-09-20 15:39:33.413,428.8566909988396,996
2024-09-20 15:39:33.469,428.8174580053205,7
2024-09-20 15:39:33.497,428.8387443130296,103
2024-09-20 15:39:33.565,428.8139339617216,996
2024-09-20 15:39:33.584,428.8773816888312,13
2024-09-20 15:39:33.596,428.8519522970412,7
2024-09-20 15:39:33.640,428.8335878003799,96
2024-09-20 15:39:33.685,428.81237019471945,97
2024-09-20 15:39:33.700,428.8205470403608,5
2024-09-20 15:39:33.721,428.8478247353525,95
2024-09-20 15:39:33.851,428.8329032060181,999
2024-09-20 15:39:33.861,428.8408267727272,96
2024-09-20 15:39:33.884,428.8631125869525,104
2024-09-20 15:39:33.904,428.8465582899753,100
2024-09-20 15:39:33.968,428.8336472317496,12
2024-09-20 15:39:34.050,428.8811832893011,9
2024-09-20 15:39:34.211,428.8945152680126,1000
2024-09-20 15:39:34.243,428.8652195935581,14
2024-09-20 15:39:34.355,428.8760651923335,1003
2024-09-20 15:39:34.359,428.8790895323393,105
2024-09-20 15:39:34.462,428.8520115021637,97
2024-09-20 15:39:34.464,428.8776460328458,8
2024-09-20 15:39:34.520,428.8933140991033,102
2024-09-20 15:39:34.558,428.8715224752597,998
2024-09-20 15:39:34.608,428.8883937563313,10
2024-09-20 15:39:34.647,428.8640896487008,12
2024-09-20 15:39:34.696,428.87301655225406,15
2024-09-20 15:39:34.920,428.89333255511343,103
2024-09-20 15:39:35.044,428.8969668544586,9
2024-09-20 15:39:35.045,428.8863960997004,101
2024-09-20 15:39:35.084,428.9328406847643,1000
2024-09-20 15:39:35.139,428.8911031505742,1002
2024-09-20 15:39:35.174,428.8697556096079,104
2024-09-20 15:39:35.241,428.9018210327515,105
2024-09-20 15:39:35.408,428.8889118936437,11
2024-09-20 15:39:35.437,428.8928427162765,1002
2024-09-20 15:39:35.447,428.9565384568172,5
2024-09-20 15:39:35.466,428.8912218648309,13
2024-09-20 15:39:35.481,428.8921665272218,999
2024-09-20 15:39:35.801,428.880947725155,14
2024-09-20 15:39:35.839,428.9133013113096,14
2024-09-20 15:39:36.007,428.950313903377,13
2024-09-20 15:39:36.139,428.9265110251991,100
2024-09-20 15:39:36.150,428.9342618684999,999
2024-09-20 15:39:36.167,428.9549057442114,1005
2024-09-20 15:39:36.193,428.9245324277841,98
2024-09-20 15:39:36.202,428.9624564075336,95
2024-09-20 15:39:36.334,428.9405997322409,95
2024-09-20 15:39:36.469,428.9461165384394,1001
2024-09-20 15:39:36.503,428.9243873564081,9
2024-09-20 15:39:36.512,428.9398736078093,105
2024-09-20 15:39:36.516,428.94425558144616,102
2024-09-20 15:39:36.678,428.9400441485005,103
2024-09-20 15:39:36.740,428.9250003467302,100
2024-09-20 15:39:36.747,428.9236090299751,1004
2024-09-20 15:39:36.782,42.89534103500364,13
2024-09-20 15:39:36.786,428.9573547345224,102
2024-09-20 15:39:36.792,428.9347247169089,995
2024-09-20 15:39:36.805,428.9490183661611,1002
2024-09-20 15:39:36.823,428.92633225080976,998
2024-09-20 15:39:36.842,428.9624658210887,998
2024-09-20 15:39:36.842,428.9684985264422,98
2024-09-20 15:39:36.853,428.9179953206077,1002
2024-09-20 15:39:36.894,428.9452238367156,5
2024-09-20 15:39:36.946,428.9557756410741,97
2024-09-20 15:39:36.997,428.9422322398808,103
2024-09-20 15:39:37.022,428.977305150704,13
2024-09-20 15:39:37.027,428.95079516039374,999
2024-09-20 15:39:37.037,422.6593219159285,10
2024-09-20 15:39:37.174,428.9619613673845,97
2024-09-20 15:39:37.243,428.91672342214633,5
2024-09-20 15:39:37.245,428.95255914350713,101
2024-09-20 15:39:37.294,428.9717792613242,102
2024-09-20 15:39:37.339,428.9543621528176,996
2024-09-20 15:39:37.379,428.9399283961847,103
2024-09-20 15:39:37.513,428.9304968581514,9
2024-09-20 15:39:37.531,428.9347907975492,8
2024-09-20 15:39:37.679,428.97479099612144,998
2024-09-20 15:39:37.689,428.9513635622544,1003
2024-09-20 15:39:37.732,422.6488882043765,105
2024-09-20 15:39:37.803,428.9812087781585,8
2024-09-20 15:39:37.819,428.96539797035575,6
2024-09-20 15:39:37.866,428.9693456891565,6
2024-09-20 15:39:38.008,428.9347911726887,99
2024-09-20 15:39:38.039,428.9637183343722,12
2024-09-20 15:39:38.058,428.88059678247504,7
2024-09-20 15:39:38.068,428.916725876914,996
2024-09-20 15:39:38.131,428.96165158397554,1000
2024-09-20 15:39:38.136,428.9188189296205,5
2024-09-20 15:39:38.204,428.9136213491721,99
2024-09-20 15:39:38.248,428.8789551326505,996
2024-09-20 15:39:38.263,428.9132237757766,13
2024-09-20 15:39:38.267,428.92347928249904,997
2024-09-20 15:39:38.348,428.9418495112996,103
2024-09-20 15:39:38.387,428.9178738498799,101
2024-09-20 15:39:38.422,428.9487180050999,100
2024-09-20 15:39:38.473,428.9308480946818,103
2024-09-20 15:39:38.550,428.90002911947846,1001
2024-09-20 15:39:38.589,428.9498968680784,1004
2024-09-20 15:39:38.605,428.8743186145392,998
2024-09-20 15:39:38.623,428.91731556312766,996
2024-09-20 15:39:38.636,428.884805119264,101
2024-09-20 15:39:38.706,428.9701835002835,1003
2024-09-20 15:39:38.760,428.9426531411313,997
2024-09-20 15:39:38.797,428.9599148585889,10
2024-09-20 15:39:38.823,428.86905551554514,1001
2024-09-20 15:39:38.906,428.92862822031736,13
2024-09-20 15:39:38.914,428.8793831578564,997
2024-09-20 15:39:38.939,428.8986095898437,1005
2024-09-20 15:39:38.975,428.88379618725367,998
2024-09-20 15:39:39.011,428.9021133365356,105
2024-09-20 15:39:39.030,428.88367132467147,13
2024-09-20 15:39:39.077,428.92076757173015,998
2024-09-20 15:39:39.094,428.93146453443256,105
2024-09-20 15:39:39.112,428.8955784253589,9
2024-09-20 15:39:39.136,422.72974656993074,103
2024-09-20 15:39:39.191,428.91104971733057,998
2024-09-20 15:39:39.278,428.9171089119751,995
2024-09-20 15:39:39.292,428.9221364418154,1002
2024-09-20 15:39:39.378,428.8743598045667,997
2024-09-20 15:39:39.386,428.89284999949535,10
2024-09-20 15:39:39.467,428.9049372264245,98
2024-09-20 15:39:39.470,428.8863917698224,11
2024-09-20 15:39:39.598,428.8749905688741,6
2024-09-20 15:39:39.627,428.8839435841367,1003
2024-09-20 15:39:39.680,428.89196595522566,1003
2024-09-20 15:39:39.681,428.8963449021893,1005
2024-09-20 15:39:39.746,428.90213403651785,1001
2024-09-20 15:39:39.796,428.897646721562,105
2024-09-20 15:39:39.819,428.9269115486025,995
2024-09-20 15:39:39.884,428.9311990144665,12
2024-09-20 15:39:39.917,428.9103045142343,12
2024-09-20 15:39:39.967,428.9111686900837,104
2024-09-20 15:39:39.988,,1004
2024-09-20 15:39:40.122,428.92885233746193,7
2024-09-20 15:39:40.338,428.9041863017665,1004
2024-09-20 15:39:40.356,428.931355018333,102
2024-09-20 15:39:40.509,428.93140702011146,100
2024-09-20 15:39:40.588,428.9406248631003,1003
2024-09-20 15:39:41.029,428.9297022604552,1004
2024-09-20 15:39:41.132,428.9288397575984,11
2024-09-20 15:39:41.133,428.9112275561003,8
2024-09-20 15:39:41.291,428.8718749317506,1001
2024-09-20 15:39:41.309,428.8966123297419,95
2024-09-20 15:39:41.311,428.9337762643637,14
2024-09-20 15:39:41.314,428.9330207021832,1004
2024-09-20 15:39:41.328,428.9461855748837,103
2024-09-20 15:39:41.423,428.9406131332059,102
2024-09-20 15:39:41.462,428.9358484598853,8
2024-09-20 15:39:41.498,428.9227089681722,1003
2024-09-20 15:39:41.509,428.96370185606526,105
2024-09-20 15:39:41.608,428.9526433982344,8
2024-09-20 15:39:41.734,428.886011667532,1005
2024-09-20 15:39:41.771,428.8883171755588,8
2024-09-20 15:39:41.845,428.9498081947605,99
2024-09-20 15:39:42.013,428.9162327753431,996
2024-09-20 15:39:42.132,428.9171914424453,95
2024-09-20 15:39:42.137,,14
2024-09-20 15:39:42.350,428.96106267549584,105
2024-09-20 15:39:42.528,428.9384030989536,101
2024-09-20 15:39:42.568,428.9111781703924,6
2024-09-20 15:39:42.569,428.9617148049133,12
2024-09-20 15:39:42.654,428.915092173676,11
2024-09-20 15:39:42.728,428.9261685596472,104
2024-09-20 15:39:42.751,428.9325551884252,13
2024-09-20 15:39:42.754,428.9284866098528,1001
2024-09-20 15:39:42.854,428.96203760238086,7
2024-09-20 15:39:43.014,428.9975115911348,1001
2024-09-20 15:39:43.027,428.9984049559264,999
2024-09-20 15:39:43.053,428.9384894417332,15
2024-09-20 15:39:43.105,428.9385294066888,995
2024-09-20 15:39:43.145,428.9415888860228,101
2024-09-20 15:39:43.171,428.9380436079069,9
2024-09-20 15:39:43.211,428.9155713840665,998
2024-09-20 15:39:43.212,428.987890964356,103
2024-09-20 15:39:43.214,428.926788536837,9
2024-09-20 15:39:43.241,428.947848661051,100
2024-09-20 15:39:43.435,428.990005957892,1003
2024-09-20 15:39:43.437,428.9511321972449,1000
2024-09-20 15:39:43.438,428.9809851508953,99
2024-09-20 15:39:43.457,428.9413065071482,99
2024-09-20 15:39:43.458,429.0067955777954,7
2024-09-20 15:39:43.492,428.9340818365633,100
2024-09-20 15:39:43.548,428.9894887730639,104
2024-09-20 15:39:43.558,429.0041218769363,101
2024-09-20 15:39:43.586,428.9536946258646,13
2024-09-20 15:39:43.624,428.9530838314529,102
2024-09-20 15:39:43.665,428.9869736845228,12
2024-09-20 15:39:43.824,428.9766329099387,999
2024-09-20 15:39:43.847,428.9627591795038,95
2024-09-20 15:39:43.865,428.98830839592944,97
2024-09-20 15:39:43.890,428.9950198013005,13
2024-09-20 15:39:43.904,428.9330279047216,97
2024-09-20 15:39:43.905,428.9674267368444,12
2024-09-20 15:39:43.990,428.933156361236,6
2024-09-20 15:39:44.023,429.0528700195842,100
2024-09-20 15:39:44.027,429.0466134937855,98
2024-09-20 15:39:44.033,429.0023824769649,6
2024-09-20 15:39:44.048,429.0224123434396,997
2024-09-20 15:39:44.052,429.06978232010687,100
2024-09-20 15:39:44.069,429.0436680359634,102
2024-09-20 15:39:44.069,429.077039856802,102
2024-09-20 15:39:44.162,429.00641501196,97
2024-09-20 15:39:44.169,429.0122038232074,999
2024-09-20 15:39:44.174,422.8864751525155,13
2024-09-20 15:39:44.208,429.0666233527179,11
2024-09-20 15:39:44.261,429.04376467988993,1004
2024-09-20 15:39:44.290,429.0005363205809,12
2024-09-20 15:39:44.297,429.0068089552327,995
2024-09-20 15:39:44.351,429.01813457925135,998
2024-09-20 15:39:44.436,429.05692538558014,95
2024-09-20 15:39:44.440,429.0014256313392,8
2024-09-20 15:39:44.472,429.0074125261317,12
2024-09-20 15:39:44.482,429.0446122520841,1003
2024-09-20 15:39:44.503,429.0377532118638,6
2024-09-20 15:39:44.540,429.0248302826227,996
2024-09-20 15:39:44.614,429.06447364737016,1002
2024-09-20 15:39:44.619,429.0241904234604,103
2024-09-20 15:39:44.652,429.0055056450605,996
2024-09-20 15:39:44.693,429.0850275378208,100
2024-09-20 15:39:44.827,429.0220373260162,101
2024-09-20 15:39:44.925,429.023672296157,11
2024-09-20 15:39:44.928,429.0386304960117,1001
2024-09-20 15:39:45.072,429.073897616542,1005
2024-09-20 15:39:45.111,429.09253669220976,12
2024-09-20 15:39:45.114,429.1205327691306,7
2024-09-20 15:39:45.128,429.1009949481019,8
2024-09-20 15:39:45.146,429.1014222322307,1003
2024-09-20 15:39:45.173,429.1573548182818,104
2024-09-20 15:39:45.185,429.08444514435473,103
2024-09-20 15:39:45.193,429.11520934167584,101
2024-09-20 15:39:45.196,429.1336267777702,1002
2024-09-20 15:39:45.304,429.1327704452282,996
2024-09-20 15:39:45.329,429.1421571525026,99
2024-09-20 15:39:45.389,429.12977173273765,98
2024-09-20 15:39:45.508,429.16055900809147,100
2024-09-20 15:39:45.525,429.1001305336253,1004
2024-09-20 15:39:45.538,429.10162510018233,14
2024-09-20 15:39:45.575,429.1279118020566,9
2024-09-20 15:39:45.617,429.0896322013809,997
2024-09-20 15:39:45.679,429.12399514843713,14
2024-09-20 15:39:45.733,429.1240155813045,9
2024-09-20 15:39:45.824,429.101415382863,1000
2024-09-20 15:39:45.898,429.1033235017818,7
2024-09-20 15:39:45.910,429.08880534621306,103
2024-09-20 15:39:46.072,42.917310690541626,97
2024-09-20 15:39:46.133,429.19596318387,104
2024-09-20 15:39:46.164,429.1908064344661,6
2024-09-20 15:39:46.174,429.20623648659375,104
2024-09-20 15:39:46.244,429.2051399588556,1005
2024-09-20 15:39:46.250,429.1708122473484,7
2024-09-20 15:39:46.347,429.2043516530699,100
2024-09-20 15:39:46.433,429.1715284187432,6
2024-09-20 15:39:46.459,429.1844623473739,10
2024-09-20 15:39:46.513,429.1615114558039,1002
2024-09-20 15:39:46.811,429.1652669972503,11
2024-09-20 15:39:46.821,429.1710116147761,12
2024-09-20 15:39:46.833,429.2031888457493,5
2024-09-20 15:39:46.914,429.1632523304382,1004
2024-09-20 15:39:46.933,429.1443767034087,1000
2024-09-20 15:39:46.953,429.1405450436616,7
2024-09-20 15:39:46.974,429.15897485430463,99
2024-09-20 15:39:46.993,429.1403160186853,14
2024-09-20 15:39:47.001,429.2041931254296,998
2024-09-20 15:39:47.045,429.1791299581496,996
2024-09-20 15:39:47.229,429.1682882802152,8
2024-09-20 15:39:47.294,429.1855150615537,1003
2024-09-20 15:39:47.294,429.2130542949382,1004
2024-09-20 15:39:47.311,429.1663776648592,98
2024-09-20 15:39:47.441,429.1759713808637,7
2024-09-20 15:39:47.510,429.2361592508181,1001
2024-09-20 15:39:47.529,429.20935450938896,998
2024-09-20 15:39:47.530,429.1845594154888,95
2024-09-20 15:39:47.540,429.2246988521153,995
2024-09-20 15:39:47.542,429.1659262055524,100
2024-09-20 15:39:47.576,429.2081850350807,999
2024-09-20 15:39:47.603,429.1755706875907,11
2024-09-20 15:39:47.647,429.2187911273857,101
2024-09-20 15:39:47.681,429.2476426269975,7
2024-09-20 15:39:47.691,429.261780299868,6
2024-09-20 15:39:47.710,429.1834634893323,1004
2024-09-20 15:39:47.718,429.16225361888166,11
2024-09-20 15:39:47.897,429.2507358001516,101
2024-09-20 15:39:47.930,429.2216794934741,1004
2024-09-20 15:39:47.963,429.18763372881233,101
2024-09-20 15:39:47.975,429.1731299808281,1005
2024-09-20 15:39:48.002,429.3090771302236,7
2024-09-20 15:39:48.090,429.3008158240098,13
2024-09-20 15:39:48.160,429.2805627981915,14
2024-09-20 15:39:48.193,429.27179775744713,97
2024-09-20 15:39:48.247,,96
2024-09-20 15:39:48.409,429.2695931322133,101
2024-09-20 15:39:48.416,429.27676108685125,12
2024-09-20 15:39:48.473,429.2558980258659,6
2024-09-20 15:39:48.599,429.30580842092166,1003
2024-09-20 15:39:48.616,429.2991984767318,95
2024-09-20 15:39:48.631,429.3132166172942,97
2024-09-20 15:39:48.670,429.2775547230556,1003
2024-09-20 15:39:48.707,422.8566274457783,1002
2024-09-20 15:39:48.757,429.26940049694383,996
2024-09-20 15:39:48.777,429.30138680772205,8
2024-09-20 15:39:48.777,429.3015424029324,95
2024-09-20 15:39:48.778,429.29812383718286,12
2024-09-20 15:39:48.783,429.2780094569379,8
2024-09-20 15:39:48.789,429.3113418353696,5
2024-09-20 15:39:48.806,429.2931703661215,105
2024-09-20 15:39:48.807,429.3012192843812,12
2024-09-20 15:39:48.881,429.2702291540279,96
2024-09-20 15:39:48.941,429.2824399686816,11
2024-09-20 15:39:48.982,429.2651961986247,14
2024-09-20 15:39:49.026,429.382055765848,97
2024-09-20 15:39:49.034,429.39181352832594,995
2024-09-20 15:39:49.192,429.3762690068008,1001
2024-09-20 15:39:49.307,429.36111440145993,998
2024-09-20 15:39:49.437,429.3200063626653,1002
2024-09-20 15:39:49.463,429.33032780846816,6
2024-09-20 15:39:49.512,429.41311251337015,8
2024-09-20 15:39:49.527,429.37736806032,1000
2024-09-20 15:39:49.551,429.3740401583837,1002
2024-09-20 15:39:49.577,429.35241243659993,995
2024-09-20 15:39:49.587,429.3632255511309,999
2024-09-20 15:39:49.609,429.34882256564697,105
2024-09-20 15:39:49.612,429.4005440999173,13
2024-09-20 15:39:49.675,429.3631148935288,15
2024-09-20 15:39:49.771,429.37096752172687,11
2024-09-20 15:39:49.876,429.3074845319321,100
2024-09-20 15:39:49.970,429.3945161056407,995
2024-09-20 15:39:49.988,429.407530016557,996
2024-09-20 15:39:49.992,429.3435470205777,97
2024-09-20 15:39:50.305,429.399466135797,1003
2024-09-20 15:39:51.024,429.4291025879966,999
2024-09-20 15:39:51.125,429.4424241210341,1004
2024-09-20 15:39:51.368,429.4459685980494,1000
2024-09-20 15:39:51.444,429.4528465070316,8
2024-09-20 15:39:51.683,429.4289034311449,15
2024-09-20 15:39:51.761,429.4491405605781,14
2024-09-20 15:39:51.803,429.4198685943521,95
2024-09-20 15:39:51.948,429.44300853743954,5
2024-09-20 15:39:52.033,429.4182073351381,6
2024-09-20 15:39:52.061,429.3809934018141,9
2024-09-20 15:39:52.145,429.3839779827409,1001
2024-09-20 15:39:52.185,429.4122837481394,1001
2024-09-20 15:39:52.214,429.4021626725155,14
2024-09-20 15:39:52.395,429.4110423976886,100
2024-09-20 15:39:52.404,429.43862092171935,5
2024-09-20 15:39:52.423,429.4108456543848,5
2024-09-20 15:39:52.443,429.4053603375944,995
2024-09-20 15:39:52.505,429.37753256162006,98
2024-09-20 15:39:52.549,429.37690160145706,99
2024-09-20 15:39:52.560,429.4242795136415,15
2024-09-20 15:39:52.562,429.4649544063174,96
2024-09-20 15:39:52.574,429.3927932075181,105
2024-09-20 15:39:52.601,429.3958971805505,9
2024-09-20 15:39:52.606,429.4712123298845,102
2024-09-20 15:39:52.636,429.4011095237093,1004
2024-09-20 15:39:52.670,429.3800484520536,98
2024-09-20 15:39:52.675,429.39207037889344,13
2024-09-20 15:39:52.689,429.37191035518464,996
2024-09-20 15:39:52.690,429.39530123297897,1000
2024-09-20 15:39:52.722,429.4246941712051,96
2024-09-20 15:39:52.805,429.3740047632806,15
2024-09-20 15:39:52.814,429.378476847028,997
2024-09-20 15:39:52.831,429.39012656483146,11
2024-09-20 15:39:52.840,429.3666171703621,105
2024-09-20 15:39:52.894,429.45062420071423,96
2024-09-20 15:39:52.933,429.3887881471021,9
2024-09-20 15:39:52.971,429.3654824596725,96
2024-09-20 15:39:52.997,429.4156733349324,98
2024-09-20 15:39:53.289,429.3831674300009,1004
2024-09-20 15:39:53.397,429.3770000210325,103
2024-09-20 15:39:53.468,429.4142794344823,9
2024-09-20 15:39:53.674,429.4262059303558,11
2024-09-20 15:39:53.709,429.3660746844665,1004
2024-09-20 15:39:53.978,429.3498890132538,6
2024-09-20 15:39:53.980,429.402717668442,101
2024-09-20 15:39:53.989,429.3671564240263,5
2024-09-20 15:39:54.021,429.4656048532837,1004
2024-09-20 15:39:54.038,429.45046668722114,100
2024-09-20 15:39:54.054,429.4458993728644,102
2024-09-20 15:39:54.151,429.4598862940761,10
2024-09-20 15:39:54.190,429.4522100817195,95
2024-09-20 15:39:54.195,429.4853358888274,101
2024-09-20 15:39:54.225,429.4852210025548,1001
2024-09-20 15:39:54.243,429.4371433180938,14
2024-09-20 15:39:54.257,429.4565470305285,999
2024-09-20 15:39:54.379,429.5084834822308,1003
2024-09-20 15:39:54.435,429.4980391439397,14
2024-09-20 15:39:54.496,429.44151215794585,998
2024-09-20 15:39:54.522,429.4579763339703,95
2024-09-20 15:39:54.583,429.45407147882366,102
2024-09-20 15:39:54.662,-429.4433797658848,7
2024-09-20 15:39:54.740,429.4958605332741,1001
2024-09-20 15:39:54.954,429.4433089863408,5
2024-09-20 15:39:54.956,429.45007635778825,97
2024-09-20 15:39:54.963,-429.4516005971633,995
2024-09-20 15:39:54.995,429.4654874563558,13
2024-09-20 15:39:55.022,429.44346792135,97
2024-09-20 15:39:55.039,429.4386458398076,96
2024-09-20 15:39:55.164,429.53203678964,12
2024-09-20 15:39:55.229,429.4816224157784,7
2024-09-20 15:39:55.262,429.4556244212674,1003
2024-09-20 15:39:55.388,429.498148077054,12
2024-09-20 15:39:55.458,429.4637298700489,95
2024-09-20 15:39:55.466,429.51337444284576,98
2024-09-20 15:39:55.471,,96
2024-09-20 15:39:55.518,429.4992569408867,105
2024-09-20 15:39:55.546,429.51223436982167,12
2024-09-20 15:39:55.548,429.5344834024155,14
2024-09-20 15:39:55.633,429.5300089841087,102
2024-09-20 15:39:55.645,429.51166955465953,1001
2024-09-20 15:39:55.653,429.4929513857413,12
2024-09-20 15:39:55.708,429.4521149006157,102
2024-09-20 15:39:55.796,429.540778648453,105
2024-09-20 15:39:55.805,429.4372153747245,97
2024-09-20 15:39:55.831,429.5294113790744,995
2024-09-20 15:39:55.888,429.5144891720074,97
2024-09-20 15:39:55.913,429.5258461052955,98
2024-09-20 15:39:55.936,429.51275341816455,6
2024-09-20 15:39:55.967,429.519940137541,996
2024-09-20 15:39:55.974,429.43407405800025,9
2024-09-20 15:39:55.978,429.5405803012024,997
2024-09-20 15:39:56.004,429.467178725705,1003
2024-09-20 15:39:56.039,429.4170931578629,100
2024-09-20 15:39:56.063,429.45614399080233,1000
2024-09-20 15:39:56.178,429.43055243786296,11
2024-09-20 15:39:56.251,429.44426064305645,96
2024-09-20 15:39:56.288,429.48431952421566,99
2024-09-20 15:39:56.293,429.5326158638388,1004
2024-09-20 15:39:56.382,429.5123978812922,100
2024-09-20 15:39:56.411,429.4097220414001,11
2024-09-20 15:39:56.454,429.5221366442511,1000
2024-09-20 15:39:56.466,429.4483687410475,1003
2024-09-20 15:39:56.470,429.45032374192994,104
2024-09-20 15:39:56.494,429.5311787542157,1003
2024-09-20 15:39:56.506,429.4646331098182,998
2024-09-20 15:39:56.515,429.42104449896,104
2024-09-20 15:39:56.568,429.4715201542732,1002
2024-09-20 15:39:56.571,429.5095637203545,99
2024-09-20 15:39:56.591,429.4400453861304,6
2024-09-20 15:39:56.605,429.4655845091403,1003
2024-09-20 15:39:56.642,429.41886746272905,11
2024-09-20 15:39:56.662,429.47408490273415,996
2024-09-20 15:39:56.698,429.4549680917721,1005
2024-09-20 15:39:56.706,429.47656826099103,100
2024-09-20 15:39:56.714,429.5291696645353,14
2024-09-20 15:39:56.728,429.4874625383947,997
2024-09-20 15:39:56.787,429.4132513867396,7
2024-09-20 15:39:56.812,429.46080877706095,997
2024-09-20 15:39:56.870,429.4478125448367,14
2024-09-20 15:39:56.961,429.4331456098557,95
2024-09-20 15:39:56.983,429.4528687971556,996
2024-09-20 15:39:57.002,429.3692509651249,7
2024-09-20 15:39:57.105,429.3930840752178,999
2024-09-20 15:39:57.251,429.4011684660752,1002
2024-09-20 15:39:57.355,429.3810752952426,1001
2024-09-20 15:39:57.407,429.39975409838,99
2024-09-20 15:39:57.674,429.4094197795426,998
2024-09-20 15:39:57.823,429.395381163084,6
2024-09-20 15:39:57.847,-429.40331376790914,995
2024-09-20 15:39:57.902,429.37941053894406,103
2024-09-20 15:39:57.916,429.4122136692285,11
2024-09-20 15:39:57.982,429.3886198124373,997
2024-09-20 15:39:58.244,429.448919931884,996
2024-09-20 15:39:58.384,429.43317590702696,97
2024-09-20 15:39:58.487,429.4284318221751,95
2024-09-20 15:39:58.627,429.42261864299417,103
2024-09-20 15:39:58.765,429.4329285468496,97
2024-09-20 15:39:58.790,429.4264871810761,105
2024-09-20 15:39:58.967,-429.4220257615531,98
2024-09-20 15:39:59.074,429.4203465941907,14
2024-09-20 15:39:59.318,,1005
2024-09-20 15:39:59.366,429.4162411872289,1002
2024-09-20 15:39:59.543,429.43122806283617,1005
2024-09-20 15:39:59.614,429.4348982421907,101
2024-09-20 15:39:59.776,429.4312716846371,103
2024-09-20 15:39:59.784,429.4218676508265,95
2024-09-20 15:39:59.956,429.4344108762597,14
