Timestamp,Price,Size
2024-09-16 15:10:00.006,416.0681493535545,104
2024-09-16 15:10:00.105,416.0857220455383,12
2024-09-16 15:10:00.181,416.0965574844659,13
2024-09-16 15:10:00.210,416.1013401563182,1003
2024-09-16 15:10:00.210,416.08402699588896,1002
2024-09-16 15:10:00.224,416.0932113742223,9
2024-09-16 15:10:00.230,416.1266090195836,9
2024-09-16 15:10:00.244,416.1057758274174,100
2024-09-16 15:10:00.250,416.1387459866148,7
2024-09-16 15:10:00.443,416.1048051381634,13
2024-09-16 15:10:00.500,416.10136424769735,99
2024-09-16 15:10:00.571,416.06727305437727,103
2024-09-16 15:10:00.627,416.09939654534986,8
2024-09-16 15:10:00.687,416.1092422907252,1001
2024-09-16 15:10:00.726,416.0993573173283,6
2024-09-16 15:10:00.732,416.0786830881356,97
2024-09-16 15:10:00.761,416.1134969291587,7
2024-09-16 15:10:00.794,416.1122235995777,14
2024-09-16 15:10:00.814,41.61001287258373,10
2024-09-16 15:10:00.845,416.1121655745536,1003
2024-09-16 15:10:00.846,416.0869962037898,97
2024-09-16 15:10:00.848,416.1201465849745,13
2024-09-16 15:10:00.856,416.1065207099207,102
2024-09-16 15:10:00.859,416.1248784925757,1000
2024-09-16 15:10:00.876,416.10699246882416,99
2024-09-16 15:10:01.055,416.0822615422119,96
2024-09-16 15:10:01.056,416.06526480967926,99
2024-09-16 15:10:01.165,416.0848611020973,7
2024-09-16 15:10:01.290,416.0757792934075,9
2024-09-16 15:10:01.378,416.0970486657631,98
2024-09-16 15:10:01.581,416.08596182687967,8
2024-09-16 15:10:01.795,416.0836229695141,97
2024-09-16 15:10:02.000,416.073804366824,5
2024-09-16 15:10:02.019,416.0657631604154,95
2024-09-16 15:10:02.085,416.083242558024,100
2024-09-16 15:10:02.101,416.06058005311104,14
2024-09-16 15:10:02.166,416.04859851134097,1002
2024-09-16 15:10:02.186,416.0606105804905,103
2024-09-16 15:10:02.294,416.0797344992102,105
2024-09-16 15:10:02.333,416.0883134073542,14
2024-09-16 15:10:02.377,416.0764591770807,100
2024-09-16 15:10:02.551,416.0928903096651,96
2024-09-16 15:10:02.604,416.0511989707619,10
2024-09-16 15:10:02.625,416.0659045207287,12
2024-09-16 15:10:02.700,416.0371916488591,9
2024-09-16 15:10:02.720,416.0605024171068,995
2024-09-16 15:10:03.004,416.03059385468873,1003
2024-09-16 15:10:03.519,416.029489188501,1001
2024-09-16 15:10:03.732,416.06762262152864,8
2024-09-16 15:10:03.911,416.05213239824735,996
2024-09-16 15:10:03.923,416.0292294764606,105
2024-09-16 15:10:04.028,416.1057493346109,9
2024-09-16 15:10:04.055,416.0948296530757,105
2024-09-16 15:10:04.186,416.1084503546577,1001
2024-09-16 15:10:04.205,416.0853676065015,995
2024-09-16 15:10:04.269,416.1204707414596,105
2024-09-16 15:10:04.285,416.0626087719344,7
2024-09-16 15:10:04.305,416.0789591115487,104
2024-09-16 15:10:04.362,416.0592755409733,103
2024-09-16 15:10:04.371,416.0717059641281,100
2024-09-16 15:10:04.437,416.11709696508433,11
2024-09-16 15:10:04.477,416.1144064001811,105
2024-09-16 15:10:04.506,416.0543779293166,5
2024-09-16 15:10:04.608,416.1108671460626,998
2024-09-16 15:10:04.613,416.1020853509731,1002
2024-09-16 15:10:04.665,416.0769526371851,105
2024-09-16 15:10:04.671,416.1070422294879,95
2024-09-16 15:10:04.683,416.1106928979714,10
2024-09-16 15:10:04.691,416.1047007950786,105
2024-09-16 15:10:04.706,416.0484248347848,1002
2024-09-16 15:10:04.732,416.0707805253864,11
2024-09-16 15:10:04.760,419.2283024386597,998
2024-09-16 15:10:04.764,416.12092289036445,1005
2024-09-16 15:10:04.800,-416.07645528171184,995
2024-09-16 15:10:04.853,416.0571533312449,103
2024-09-16 15:10:04.930,416.0793956867591,102
2024-09-16 15:10:04.944,416.0951251252821,101
2024-09-16 15:10:04.981,416.1227971814996,12
2024-09-16 15:10:05.090,416.02206854666986,5
2024-09-16 15:10:05.104,416.0253919599645,999
2024-09-16 15:10:05.115,416.0143628510751,10
2024-09-16 15:10:05.332,415.9920468101311,1000
2024-09-16 15:10:05.553,416.0490723193121,105
2024-09-16 15:10:06.320,416.0230007063324,95
2024-09-16 15:10:06.347,416.0421850982401,15
2024-09-16 15:10:06.773,416.0361674154479,1004
2024-09-16 15:10:07.002,416.02220493054256,101
2024-09-16 15:10:07.050,416.02547246859126,1002
2024-09-16 15:10:07.071,415.997171916828,100
2024-09-16 15:10:07.118,416.0138228109504,1003
2024-09-16 15:10:07.269,416.03500915808553,105
2024-09-16 15:10:07.466,416.0032244920756,11
2024-09-16 15:10:07.472,416.0267474811156,99
2024-09-16 15:10:07.477,416.0196802607237,103
2024-09-16 15:10:07.692,416.0380308584049,104
2024-09-16 15:10:07.739,416.02038767221165,102
2024-09-16 15:10:08.028,415.9782783158951,15
2024-09-16 15:10:08.134,415.9827113581612,8
2024-09-16 15:10:08.136,415.9557884180438,1002
2024-09-16 15:10:08.191,415.9337084552028,12
2024-09-16 15:10:08.308,415.9395555575561,102
2024-09-16 15:10:08.326,415.9613682684168,5
2024-09-16 15:10:08.365,415.9367664847645,96
2024-09-16 15:10:08.415,415.9977356569768,8
2024-09-16 15:10:08.439,415.9703385278153,1004
2024-09-16 15:10:08.484,415.93239798393785,999
2024-09-16 15:10:08.495,415.91994924914906,7
2024-09-16 15:10:08.577,415.9849650164608,1001
2024-09-16 15:10:08.680,415.96546561600985,95
2024-09-16 15:10:08.745,415.97271635736126,10
2024-09-16 15:10:08.855,415.9326001284286,997
2024-09-16 15:10:08.913,415.93485391166365,12
2024-09-16 15:10:08.953,415.95160170020176,100
2024-09-16 15:10:08.978,-415.9534920493693,104
2024-09-16 15:10:08.994,415.92751457487,1002
2024-09-16 15:10:09.024,415.9915063059721,98
2024-09-16 15:10:09.033,415.9823211712545,1002
2024-09-16 15:10:09.036,415.9915073967564,12
2024-09-16 15:10:09.066,415.9736330878743,98
2024-09-16 15:10:09.123,415.976831774815,105
2024-09-16 15:10:09.153,415.9784112828157,14
2024-09-16 15:10:09.230,415.9982462309655,14
2024-09-16 15:10:09.250,415.9802155475953,101
2024-09-16 15:10:09.344,416.0045495463318,12
2024-09-16 15:10:09.367,415.9565106375807,999
2024-09-16 15:10:09.386,416.00017659584114,6
2024-09-16 15:10:09.403,415.9855618993506,995
2024-09-16 15:10:09.410,415.979876559812,1004
2024-09-16 15:10:09.411,415.9843862058607,6
2024-09-16 15:10:09.500,415.96739199549575,99
2024-09-16 15:10:09.530,415.9866997395296,8
2024-09-16 15:10:09.564,415.9812314509236,15
2024-09-16 15:10:09.575,415.9710372401621,1003
2024-09-16 15:10:09.601,415.9703614158504,10
2024-09-16 15:10:09.619,415.9854859183577,99
2024-09-16 15:10:09.706,415.9961491587159,97
2024-09-16 15:10:09.730,415.9812505649384,14
2024-09-16 15:10:09.748,415.9699350655088,101
2024-09-16 15:10:09.761,415.9663742018726,101
2024-09-16 15:10:09.776,415.976658160235,100
2024-09-16 15:10:09.826,416.003497346302,13
2024-09-16 15:10:09.870,415.99267571246105,6
2024-09-16 15:10:09.952,416.0027419429673,1005
2024-09-16 15:10:09.977,415.9790271412895,11
2024-09-16 15:10:10.128,-415.95298878623805,1001
2024-09-16 15:10:10.242,415.91949746384864,8
2024-09-16 15:10:10.318,415.952462064508,98
2024-09-16 15:10:10.432,,7
2024-09-16 15:10:10.437,415.9340871504246,1003
2024-09-16 15:10:10.439,415.9324248813027,6
2024-09-16 15:10:10.479,415.9318712953017,995
2024-09-16 15:10:10.540,415.9606754352844,997
2024-09-16 15:10:10.568,415.95842209891407,1005
2024-09-16 15:10:10.591,415.9573151251967,995
2024-09-16 15:10:10.688,415.9530434846562,996
2024-09-16 15:10:10.735,415.9585324080408,13
2024-09-16 15:10:10.790,415.9637589790666,97
2024-09-16 15:10:10.792,415.9130207757548,6
2024-09-16 15:10:10.796,415.9452112004549,7
2024-09-16 15:10:10.856,415.9353042914559,997
2024-09-16 15:10:10.923,415.9539170857722,96
2024-09-16 15:10:11.415,415.95743304901447,14
2024-09-16 15:10:11.675,415.9638802863176,95
2024-09-16 15:10:12.126,415.9844100497839,11
2024-09-16 15:10:12.242,415.9712537628095,7
2024-09-16 15:10:13.045,415.9645125375018,999
2024-09-16 15:10:13.097,415.9372243784128,1005
2024-09-16 15:10:13.111,415.9754985558279,1000
2024-09-16 15:10:13.124,415.9683600888329,95
2024-09-16 15:10:13.132,415.9266144312035,9
2024-09-16 15:10:13.137,415.9725731180564,97
2024-09-16 15:10:13.174,415.9433497221307,103
2024-09-16 15:10:13.188,415.9653031077716,12
2024-09-16 15:10:13.289,415.9331378705457,15
2024-09-16 15:10:13.333,415.97699774428025,96
2024-09-16 15:10:13.347,415.9316993615713,98
2024-09-16 15:10:13.393,415.982519329309,7
2024-09-16 15:10:13.483,415.9342780623014,998
2024-09-16 15:10:13.578,415.9412100073438,99
2024-09-16 15:10:13.600,415.9807280391597,996
2024-09-16 15:10:13.601,415.9295828041052,15
2024-09-16 15:10:13.610,415.95646365603824,996
2024-09-16 15:10:13.624,415.9710323473211,100
2024-09-16 15:10:13.670,415.95494504672376,5
2024-09-16 15:10:13.672,415.93663524652686,1001
2024-09-16 15:10:13.698,415.94207852672616,102
2024-09-16 15:10:13.703,415.9629311509294,98
2024-09-16 15:10:13.706,415.92945276518986,998
2024-09-16 15:10:13.725,415.9305606405764,999
2024-09-16 15:10:13.736,415.9454281916421,1003
2024-09-16 15:10:13.758,415.97665017185057,1005
2024-09-16 15:10:13.765,415.9952457452693,995
2024-09-16 15:10:13.978,415.9300636638236,103
2024-09-16 15:10:13.988,415.9249727889953,11
2024-09-16 15:10:14.025,415.9298862454727,105
2024-09-16 15:10:14.042,-415.9474379279216,1005
2024-09-16 15:10:14.162,415.9491418263267,10
2024-09-16 15:10:14.335,415.94244291986575,13
2024-09-16 15:10:14.528,415.954766000678,95
2024-09-16 15:10:14.554,415.9382505974072,99
2024-09-16 15:10:14.578,415.9525992025276,97
2024-09-16 15:10:14.714,415.9322364955427,995
2024-09-16 15:10:14.804,415.9400887288851,102
2024-09-16 15:10:14.821,415.9389922421499,997
2024-09-16 15:10:14.998,415.9484001538305,14
2024-09-16 15:10:15.180,416.0433164130266,15
2024-09-16 15:10:15.223,416.0158664780675,11
2024-09-16 15:10:15.230,415.99055530941206,12
2024-09-16 15:10:15.287,415.9961702887682,11
2024-09-16 15:10:15.316,416.0241150022962,997
2024-09-16 15:10:15.316,415.9976033266865,999
2024-09-16 15:10:15.457,416.010245282026,11
2024-09-16 15:10:15.512,415.976003059246,98
2024-09-16 15:10:15.530,415.98913153452327,996
2024-09-16 15:10:15.571,416.0015453184312,11
2024-09-16 15:10:15.590,415.955520760484,998
2024-09-16 15:10:15.607,415.9929693949785,999
2024-09-16 15:10:15.632,416.0282281854831,99
2024-09-16 15:10:15.638,415.9977983269184,100
2024-09-16 15:10:15.680,416.00281006461387,1003
2024-09-16 15:10:15.680,415.976912487927,998
2024-09-16 15:10:15.749,415.9625312236612,15
2024-09-16 15:10:15.771,415.97943772623984,1001
2024-09-16 15:10:15.773,416.0348796483821,9
2024-09-16 15:10:15.774,,15
2024-09-16 15:10:15.813,415.9804370390797,1005
2024-09-16 15:10:15.865,416.0111912915845,95
2024-09-16 15:10:15.894,415.97985220123473,1002
2024-09-16 15:10:15.924,415.9667167217832,103
2024-09-16 15:10:15.976,416.02039347576107,105
2024-09-16 15:10:15.995,415.97072494191343,100
2024-09-16 15:10:16.005,415.9827672261538,103
2024-09-16 15:10:16.024,415.98877073742,13
2024-09-16 15:10:16.092,416.02303751675095,100
2024-09-16 15:10:16.110,415.99256818295424,101
2024-09-16 15:10:16.170,415.98132861272416,1003
2024-09-16 15:10:16.212,416.0109366481805,12
2024-09-16 15:10:16.217,415.9888099127341,105
2024-09-16 15:10:16.282,415.9843428126429,15
2024-09-16 15:10:16.318,416.0011280351968,13
2024-09-16 15:10:16.365,415.9964331500828,10
2024-09-16 15:10:16.436,416.0063857658566,1003
2024-09-16 15:10:16.507,416.00256633454177,995
2024-09-16 15:10:16.583,416.01819178588494,97
2024-09-16 15:10:16.597,415.9753507399188,1005
2024-09-16 15:10:16.757,415.9786660817298,7
2024-09-16 15:10:16.787,415.9886055650375,99
2024-09-16 15:10:16.803,416.0048707716247,1001
2024-09-16 15:10:16.840,415.97646390197406,5
2024-09-16 15:10:16.916,415.99877203862616,11
2024-09-16 15:10:16.994,416.0073233907991,998
2024-09-16 15:10:17.060,415.96348225115656,12
2024-09-16 15:10:17.084,416.0104196232757,96
2024-09-16 15:10:17.153,415.9610976117181,97
2024-09-16 15:10:17.169,415.9747773678166,1003
2024-09-16 15:10:17.218,415.9767166694676,13
2024-09-16 15:10:17.235,,98
2024-09-16 15:10:17.268,416.00851140836335,5
2024-09-16 15:10:17.284,415.9768143523584,1005
2024-09-16 15:10:17.322,415.998581096706,10
2024-09-16 15:10:17.346,415.9595916071743,14
2024-09-16 15:10:17.406,415.9837380424338,1003
2024-09-16 15:10:17.476,415.98082834191433,103
2024-09-16 15:10:17.479,416.0423123895265,7
2024-09-16 15:10:17.526,416.0240456915092,99
2024-09-16 15:10:17.566,416.0153642921617,996
2024-09-16 15:10:17.577,416.03651036222607,8
2024-09-16 15:10:17.587,415.985405047678,996
2024-09-16 15:10:17.653,415.9941151964267,1005
2024-09-16 15:10:17.668,416.0159824306821,1005
2024-09-16 15:10:17.711,415.97949880510015,1003
2024-09-16 15:10:17.716,416.0001772771113,7
2024-09-16 15:10:17.771,415.9753800902774,997
2024-09-16 15:10:17.796,416.0139653070553,995
2024-09-16 15:10:17.830,416.0086958329134,97
2024-09-16 15:10:17.846,415.9811039184966,998
2024-09-16 15:10:17.860,415.9560089257323,6
2024-09-16 15:10:17.921,416.014015817374,5
2024-09-16 15:10:17.935,415.9946408901338,104
2024-09-16 15:10:17.938,416.0119321470129,96
2024-09-16 15:10:18.032,415.9680702799837,98
2024-09-16 15:10:18.062,415.9668233846601,996
2024-09-16 15:10:18.136,415.9942772275939,13
2024-09-16 15:10:18.160,415.9708818402984,102
2024-09-16 15:10:18.238,415.9828802353528,7
2024-09-16 15:10:18.454,416.0417775150593,1001
2024-09-16 15:10:18.545,416.0224122405004,996
2024-09-16 15:10:18.572,416.0466912218381,998
2024-09-16 15:10:18.580,,999
2024-09-16 15:10:18.643,416.0494825208324,6
2024-09-16 15:10:18.709,416.03600659217136,100
2024-09-16 15:10:18.736,416.0455884940668,1002
2024-09-16 15:10:18.871,416.0457608819223,1000
2024-09-16 15:10:18.904,416.04396758874697,105
2024-09-16 15:10:18.905,415.96604922242943,100
2024-09-16 15:10:18.924,415.9776768639031,999
2024-09-16 15:10:18.946,416.0074682702831,1004
2024-09-16 15:10:18.965,416.0425799293891,8
2024-09-16 15:10:18.970,415.9658684037776,96
2024-09-16 15:10:18.978,415.9770997720478,95
2024-09-16 15:10:19.082,416.0978024806501,96
2024-09-16 15:10:19.370,419.09741917245697,11
2024-09-16 15:10:19.465,416.1126742933198,6
2024-09-16 15:10:19.557,416.1011083020548,97
2024-09-16 15:10:19.635,416.08291933487567,6
2024-09-16 15:10:19.797,416.0544028711252,10
2024-09-16 15:10:20.023,416.1137257261945,5
2024-09-16 15:10:20.039,416.0743734316482,14
2024-09-16 15:10:20.118,416.1140708967449,105
2024-09-16 15:10:20.167,416.1164465841137,6
2024-09-16 15:10:20.170,416.1258654482363,998
2024-09-16 15:10:20.170,416.1104490779932,995
2024-09-16 15:10:20.222,416.0545469547354,999
2024-09-16 15:10:20.224,416.1064557184585,101
2024-09-16 15:10:20.380,416.1168186846251,995
2024-09-16 15:10:20.385,416.1109786965708,103
2024-09-16 15:10:20.426,416.1042122448882,97
2024-09-16 15:10:20.438,416.09054502197057,12
2024-09-16 15:10:20.580,416.1182938806747,104
2024-09-16 15:10:20.663,416.1026004529992,98
2024-09-16 15:10:20.755,416.1242726356805,12
2024-09-16 15:10:20.757,416.141952102199,104
2024-09-16 15:10:20.829,416.1123941782267,98
2024-09-16 15:10:20.887,416.10899953246513,15
2024-09-16 15:10:20.927,416.0710416651146,11
2024-09-16 15:10:20.997,416.11904911945055,1001
2024-09-16 15:10:21.003,416.1096524294287,104
2024-09-16 15:10:21.017,416.08621803367714,1002
2024-09-16 15:10:21.130,416.044226709028,103
2024-09-16 15:10:21.140,416.0976909420946,102
2024-09-16 15:10:21.171,416.1562602819241,8
2024-09-16 15:10:21.186,416.0599538441234,95
2024-09-16 15:10:21.199,416.0655540248413,105
2024-09-16 15:10:21.211,416.0817215143524,99
2024-09-16 15:10:21.248,416.0431290506399,97
2024-09-16 15:10:21.284,416.0743583702722,10
2024-09-16 15:10:21.303,416.11699147313146,1003
2024-09-16 15:10:21.411,416.1036281072306,997
2024-09-16 15:10:21.490,416.0900637502658,95
2024-09-16 15:10:21.539,416.0732090584861,13
2024-09-16 15:10:21.539,416.1414954116208,996
2024-09-16 15:10:21.605,416.074271812129,1005
2024-09-16 15:10:21.618,416.0584048730378,1004
2024-09-16 15:10:21.644,416.0943568241333,100
2024-09-16 15:10:21.705,416.0361112503392,96
2024-09-16 15:10:21.705,416.0780384640966,1004
2024-09-16 15:10:21.731,416.0709322876974,103
2024-09-16 15:10:21.744,416.09860618667904,104
2024-09-16 15:10:21.758,416.1446838080314,100
2024-09-16 15:10:21.767,416.0986267227348,15
2024-09-16 15:10:21.835,416.1099230479349,1001
2024-09-16 15:10:21.857,416.0510343441709,14
2024-09-16 15:10:21.893,416.0949051040101,104
2024-09-16 15:10:22.131,416.16219239046256,100
2024-09-16 15:10:22.159,416.1591996485018,1005
2024-09-16 15:10:22.549,416.1701079113526,97
2024-09-16 15:10:22.731,416.1719114312762,11
2024-09-16 15:10:22.841,416.1791068635947,1005
2024-09-16 15:10:23.031,416.1210568413112,101
2024-09-16 15:10:23.183,416.1270676475887,998
2024-09-16 15:10:23.322,416.10447761115535,99
2024-09-16 15:10:23.425,416.12895809542215,13
2024-09-16 15:10:23.457,416.1291015737043,9
2024-09-16 15:10:23.514,416.1400298947179,1002
2024-09-16 15:10:23.540,416.1181674794808,97
2024-09-16 15:10:24.117,416.1318531431254,999
2024-09-16 15:10:24.248,416.1107703594773,105
2024-09-16 15:10:24.384,416.1063102445165,1005
2024-09-16 15:10:24.451,416.1205640016327,997
2024-09-16 15:10:24.495,416.1100895522603,996
2024-09-16 15:10:24.551,416.0978611003531,1005
2024-09-16 15:10:24.594,416.1449691272378,105
2024-09-16 15:10:24.672,416.1034509293896,104
2024-09-16 15:10:24.710,416.13698736324994,9
2024-09-16 15:10:24.748,416.1311057431252,999
2024-09-16 15:10:24.759,416.10181428110064,10
2024-09-16 15:10:24.811,416.1247532349415,104
2024-09-16 15:10:24.886,416.128677094961,11
2024-09-16 15:10:25.002,416.13495729510754,103
2024-09-16 15:10:25.020,416.1166040650575,14
2024-09-16 15:10:25.145,416.1581261861671,1004
2024-09-16 15:10:25.185,419.104691698404,1002
2024-09-16 15:10:25.205,416.10050016230434,1003
2024-09-16 15:10:25.242,416.1191508150847,95
2024-09-16 15:10:25.335,416.108460497269,11
2024-09-16 15:10:25.350,416.1139460138276,8
2024-09-16 15:10:25.467,416.11184471728353,104
2024-09-16 15:10:25.514,416.1076291255328,998
2024-09-16 15:10:25.521,416.114841074551,1003
2024-09-16 15:10:25.530,416.0936996284275,13
2024-09-16 15:10:25.599,416.13668991221846,999
2024-09-16 15:10:25.673,416.1179826506199,10
2024-09-16 15:10:25.765,416.1190179140893,996
2024-09-16 15:10:25.831,416.1289524971361,7
2024-09-16 15:10:25.883,416.1030705867618,11
2024-09-16 15:10:25.918,419.114419077937,102
2024-09-16 15:10:25.974,416.1492090932952,97
2024-09-16 15:10:26.025,416.1441916254735,1004
2024-09-16 15:10:26.064,416.10781315804473,95
2024-09-16 15:10:26.073,416.099240653628,105
2024-09-16 15:10:26.148,416.16856578589216,995
2024-09-16 15:10:26.235,416.19657859739306,97
2024-09-16 15:10:26.406,416.1806972135786,15
2024-09-16 15:10:26.431,416.14593318132825,995
2024-09-16 15:10:26.445,416.0841081696603,1005
2024-09-16 15:10:26.558,416.16911573676265,999
2024-09-16 15:10:26.611,416.18035814984506,100
2024-09-16 15:10:26.629,416.0878513516128,5
2024-09-16 15:10:26.634,416.0816877088245,1003
2024-09-16 15:10:26.757,416.1481263932404,13
2024-09-16 15:10:26.760,416.151943268422,999
2024-09-16 15:10:26.763,416.1819493425136,998
2024-09-16 15:10:26.801,416.15848588320654,6
2024-09-16 15:10:26.868,416.1427849865514,1004
2024-09-16 15:10:26.883,416.1608688093251,1005
2024-09-16 15:10:26.949,416.1311782036559,12
2024-09-16 15:10:27.040,416.1266168604408,996
2024-09-16 15:10:27.092,416.1577516380016,102
2024-09-16 15:10:27.157,416.136178178113,1001
2024-09-16 15:10:27.311,416.1530924326257,997
2024-09-16 15:10:27.332,416.1741323896676,9
2024-09-16 15:10:27.333,416.1553305030906,998
2024-09-16 15:10:27.345,416.11571919579086,15
2024-09-16 15:10:27.369,416.1336118122684,6
2024-09-16 15:10:27.474,416.19560632309503,1003
2024-09-16 15:10:27.478,416.118230731797,99
2024-09-16 15:10:27.489,-416.1962714465157,1005
2024-09-16 15:10:27.533,41.61244969702844,12
2024-09-16 15:10:27.534,416.1432208613314,8
2024-09-16 15:10:27.585,416.1217023587903,103
2024-09-16 15:10:27.594,416.1610851478343,98
2024-09-16 15:10:27.598,416.139442894609,11
2024-09-16 15:10:27.607,416.1726817875344,105
2024-09-16 15:10:27.616,416.1483897050868,1005
2024-09-16 15:10:27.657,416.1796661114016,7
2024-09-16 15:10:27.665,416.1788468605373,99
2024-09-16 15:10:27.674,419.00635122952224,96
2024-09-16 15:10:27.710,416.1396718659828,995
2024-09-16 15:10:27.736,416.1272640024026,1001
2024-09-16 15:10:27.846,416.2017160049444,105
2024-09-16 15:10:27.861,416.1352390672246,103
2024-09-16 15:10:27.864,416.1477247748948,8
2024-09-16 15:10:27.897,416.1985581551206,102
2024-09-16 15:10:27.934,416.1453634255623,9
2024-09-16 15:10:27.967,416.1942136735232,101
2024-09-16 15:10:28.119,416.18575034397793,11
2024-09-16 15:10:28.122,416.2292095268807,5
2024-09-16 15:10:28.226,416.2309445876811,103
2024-09-16 15:10:28.269,416.1502059229243,9
2024-09-16 15:10:28.368,416.15925657802194,995
2024-09-16 15:10:28.379,416.1988482412916,97
2024-09-16 15:10:28.437,416.1838180118223,1005
2024-09-16 15:10:28.512,416.2143541558955,6
2024-09-16 15:10:28.600,416.1586837467944,10
2024-09-16 15:10:28.669,416.2226106344604,100
2024-09-16 15:10:28.771,416.2164118271464,103
2024-09-16 15:10:28.774,416.2120202176893,998
2024-09-16 15:10:28.793,416.2168257433211,1003
2024-09-16 15:10:28.875,416.2223567391542,996
2024-09-16 15:10:28.915,416.13678266714,1002
2024-09-16 15:10:29.030,,997
2024-09-16 15:10:29.567,416.2181096869132,1005
2024-09-16 15:10:29.593,416.237935873015,1002
2024-09-16 15:10:29.605,416.2197503840541,10
2024-09-16 15:10:29.787,416.2187926869538,999
2024-09-16 15:10:30.054,416.1844696821979,13
2024-09-16 15:10:30.090,416.1975232774363,96
2024-09-16 15:10:30.119,416.1966697652204,10
2024-09-16 15:10:30.125,,1005
2024-09-16 15:10:30.128,416.1627322205467,995
2024-09-16 15:10:30.153,416.2247695118569,104
2024-09-16 15:10:30.217,416.2147772293577,1001
2024-09-16 15:10:30.276,416.1708819983263,11
2024-09-16 15:10:30.298,416.1897679988459,5
2024-09-16 15:10:30.316,416.22114403400064,99
2024-09-16 15:10:30.320,416.18154365056967,101
2024-09-16 15:10:30.425,416.18329358110174,97
2024-09-16 15:10:30.491,416.17309374889015,95
2024-09-16 15:10:30.517,416.19927222749936,8
2024-09-16 15:10:30.534,416.1773958382091,15
2024-09-16 15:10:30.564,416.16978827885305,97
2024-09-16 15:10:30.567,416.2200307717244,104
2024-09-16 15:10:30.590,416.1790030738648,1003
2024-09-16 15:10:30.607,416.1632860775088,1005
2024-09-16 15:10:30.648,416.2228895444667,1000
2024-09-16 15:10:30.693,416.1738941853126,997
2024-09-16 15:10:30.714,-416.1915707678705,100
2024-09-16 15:10:30.735,416.2135870958702,95
2024-09-16 15:10:30.848,416.2199768395761,998
2024-09-16 15:10:30.896,416.1737961371625,7
2024-09-16 15:10:30.979,416.20569734947503,10
2024-09-16 15:10:30.995,416.1802789889043,8
2024-09-16 15:10:31.052,416.1716234926655,95
2024-09-16 15:10:31.140,416.1762973319833,8
2024-09-16 15:10:31.224,416.1794182493578,99
2024-09-16 15:10:31.237,416.1669026893456,104
2024-09-16 15:10:31.266,416.17578017953633,1004
2024-09-16 15:10:31.324,416.1657178935986,102
2024-09-16 15:10:31.388,416.1399232243053,997
2024-09-16 15:10:31.513,416.17838268456296,5
2024-09-16 15:10:31.531,416.1409756275693,15
2024-09-16 15:10:31.708,416.1551206089677,11
2024-09-16 15:10:31.732,416.18452431038907,5
2024-09-16 15:10:31.842,416.1757203156119,101
2024-09-16 15:10:31.844,416.2055825039517,999
2024-09-16 15:10:31.857,416.1706118486323,996
2024-09-16 15:10:31.870,416.1723062338181,98
2024-09-16 15:10:31.893,416.1853217450338,998
2024-09-16 15:10:31.902,416.134655458641,1000
2024-09-16 15:10:31.945,416.1616092608042,100
2024-09-16 15:10:31.953,-416.1341809962824,11
2024-09-16 15:10:31.996,416.1626065769444,1002
2024-09-16 15:10:32.055,416.2100583123337,15
2024-09-16 15:10:32.108,416.1961332699465,5
2024-09-16 15:10:32.155,416.154973938218,97
2024-09-16 15:10:32.162,416.2151158742061,99
2024-09-16 15:10:32.229,416.1695883456681,9
2024-09-16 15:10:32.260,416.1708315764574,14
2024-09-16 15:10:32.273,416.1555303443655,995
2024-09-16 15:10:32.311,416.17786968720736,13
2024-09-16 15:10:32.383,416.16775865427246,5
2024-09-16 15:10:32.521,416.1752774958699,99
2024-09-16 15:10:32.528,416.1581039501267,1001
2024-09-16 15:10:32.599,416.15556195625226,6
2024-09-16 15:10:32.860,416.16646195817367,101
2024-09-16 15:10:32.921,416.2073008941132,1004
2024-09-16 15:10:32.994,416.1813727230745,7
2024-09-16 15:10:33.128,416.1269312605679,11
2024-09-16 15:10:33.561,416.11418921324224,13
2024-09-16 15:10:33.584,416.1292076772803,7
2024-09-16 15:10:33.645,416.12756994632514,14
2024-09-16 15:10:33.804,416.1302833592992,1004
2024-09-16 15:10:33.959,416.1317432561759,101
2024-09-16 15:10:33.965,416.1170575164266,11
2024-09-16 15:10:33.993,416.1174784204076,12
2024-09-16 15:10:34.020,416.12298717898807,995
2024-09-16 15:10:34.090,416.07910252222337,101
2024-09-16 15:10:34.119,416.079066843268,104
2024-09-16 15:10:34.126,416.0979689499087,997
2024-09-16 15:10:34.154,418.9897563482292,14
2024-09-16 15:10:34.209,416.0865160721133,998
2024-09-16 15:10:34.252,416.09120985815656,102
2024-09-16 15:10:34.276,416.0953399740663,99
2024-09-16 15:10:34.389,416.1071544892213,100
2024-09-16 15:10:34.492,416.0900274775869,98
2024-09-16 15:10:34.519,416.1286360830167,97
2024-09-16 15:10:34.536,416.1450977596689,102
2024-09-16 15:10:34.626,416.1481558559883,1003
2024-09-16 15:10:34.766,416.1288497195745,101
2024-09-16 15:10:34.817,416.133129900405,102
2024-09-16 15:10:34.844,416.1487899440937,8
2024-09-16 15:10:34.855,416.1119043746944,1000
2024-09-16 15:10:34.889,416.0952358172707,1004
2024-09-16 15:10:34.905,416.1101342420529,1002
2024-09-16 15:10:35.076,416.068083116998,1003
2024-09-16 15:10:35.180,416.08865653896765,100
2024-09-16 15:10:35.206,416.0677558654194,100
2024-09-16 15:10:35.239,416.0949527767572,996
2024-09-16 15:10:35.285,418.9574693995675,15
2024-09-16 15:10:35.297,416.0643303624241,5
2024-09-16 15:10:35.297,416.0737049926044,6
2024-09-16 15:10:35.431,416.0934139874543,97
2024-09-16 15:10:35.448,416.05978410766807,103
2024-09-16 15:10:35.507,416.0481873957266,10
2024-09-16 15:10:35.549,416.0496714774225,12
2024-09-16 15:10:35.614,416.0571166613245,9
2024-09-16 15:10:35.641,416.0702821993463,96
2024-09-16 15:10:35.756,416.0773218581781,7
2024-09-16 15:10:35.758,416.0685211428486,1005
2024-09-16 15:10:35.867,416.0553375303352,1001
2024-09-16 15:10:35.913,416.1117449391384,99
2024-09-16 15:10:35.975,416.0616411197656,95
2024-09-16 15:10:36.063,-416.03086682469865,9
2024-09-16 15:10:36.149,416.1133214849788,105
2024-09-16 15:10:36.209,416.0486666511006,101
2024-09-16 15:10:36.239,416.0387235027185,98
2024-09-16 15:10:36.240,416.11945877644655,999
2024-09-16 15:10:36.348,416.0970773650674,100
2024-09-16 15:10:36.399,416.114041397973,997
2024-09-16 15:10:36.433,416.039496241371,1003
2024-09-16 15:10:36.497,416.03757074115697,997
2024-09-16 15:10:36.501,416.0210175943946,9
2024-09-16 15:10:36.555,416.0471248408583,997
2024-09-16 15:10:36.557,416.02558240549024,103
2024-09-16 15:10:36.567,416.009003397976,102
2024-09-16 15:10:36.577,416.02389737249695,998
2024-09-16 15:10:36.628,416.0804046799109,9
2024-09-16 15:10:36.654,416.1041964926486,98
2024-09-16 15:10:36.670,416.0756176581367,96
2024-09-16 15:10:36.698,416.1167289953308,99
2024-09-16 15:10:36.729,416.1152292332487,1003
2024-09-16 15:10:36.779,416.067610690466,99
2024-09-16 15:10:36.915,416.0390844531335,995
2024-09-16 15:10:36.927,416.1058348327318,15
2024-09-16 15:10:36.965,416.0120871080196,1004
2024-09-16 15:10:36.971,416.095581017315,14
2024-09-16 15:10:37.016,416.07529086762486,103
2024-09-16 15:10:37.125,416.0166104406756,10
2024-09-16 15:10:37.146,416.0287314914703,7
2024-09-16 15:10:37.187,416.029198053778,97
2024-09-16 15:10:37.264,-415.9784908582678,98
2024-09-16 15:10:37.292,415.9962668804363,1004
2024-09-16 15:10:37.313,416.04335385714535,6
2024-09-16 15:10:37.444,415.9955492736801,100
2024-09-16 15:10:37.512,416.0047777161716,10
2024-09-16 15:10:37.534,416.0652871965625,101
2024-09-16 15:10:37.578,416.0639030659925,1002
2024-09-16 15:10:37.603,416.0396324384656,95
2024-09-16 15:10:37.645,416.0159042961912,10
2024-09-16 15:10:37.735,415.9871345938698,103
2024-09-16 15:10:37.747,416.0460629392989,995
2024-09-16 15:10:37.781,41.60328082687351,103
2024-09-16 15:10:37.785,415.9814128080456,1005
2024-09-16 15:10:37.824,416.01201506182656,104
2024-09-16 15:10:37.850,41.60482447903826,105
2024-09-16 15:10:37.898,415.9917582470992,1000
2024-09-16 15:10:37.915,416.0896477745912,104
2024-09-16 15:10:37.987,416.04672803922,999
2024-09-16 15:10:38.314,416.0693915990024,1002
2024-09-16 15:10:38.416,416.0462733124576,1001
2024-09-16 15:10:38.504,418.9635778955672,8
2024-09-16 15:10:38.509,416.0474291298471,998
2024-09-16 15:10:38.513,416.0329918681387,12
2024-09-16 15:10:39.014,415.96841360454897,15
2024-09-16 15:10:39.030,416.0826299656906,11
2024-09-16 15:10:39.078,416.0655905961775,998
2024-09-16 15:10:39.090,416.0233903857561,102
2024-09-16 15:10:39.118,416.0142139929716,997
2024-09-16 15:10:39.230,416.05737945886574,6
2024-09-16 15:10:39.245,415.9902401844921,6
2024-09-16 15:10:39.329,416.0683437163026,1005
2024-09-16 15:10:39.401,416.0211458457304,1002
2024-09-16 15:10:39.439,416.0711691755684,995
2024-09-16 15:10:39.479,415.9760748071928,1004
2024-09-16 15:10:39.618,416.0651789350828,996
2024-09-16 15:10:39.620,416.0416997023151,1003
2024-09-16 15:10:39.653,415.98302190928536,6
2024-09-16 15:10:39.661,416.0430444334452,10
2024-09-16 15:10:39.713,416.04917284762206,1004
2024-09-16 15:10:39.713,416.0776669177492,12
2024-09-16 15:10:39.753,416.0293514148228,95
2024-09-16 15:10:39.755,416.0730430457271,995
2024-09-16 15:10:39.764,416.0596224854186,98
2024-09-16 15:10:39.924,416.0594972556439,95
2024-09-16 15:10:39.926,415.9979562344485,101
2024-09-16 15:10:39.964,416.0744008392232,1004
2024-09-16 15:10:39.978,415.982102638344,11
2024-09-16 15:10:39.983,416.0738981325283,7
2024-09-16 15:10:39.995,416.0100588107812,98
2024-09-16 15:10:39.996,415.9992443200648,996
2024-09-16 15:10:40.282,415.9867205092675,97
2024-09-16 15:10:40.640,416.0133775394486,9
2024-09-16 15:10:40.652,415.9955045219521,14
2024-09-16 15:10:40.706,415.9800054400778,996
2024-09-16 15:10:40.758,415.9971303028705,100
2024-09-16 15:10:41.239,416.00929630018106,1004
2024-09-16 15:10:41.369,415.9936000639693,1003
2024-09-16 15:10:41.460,415.9914184935272,101
2024-09-16 15:10:41.557,416.0077187445421,98
2024-09-16 15:10:41.697,416.0106576793629,996
2024-09-16 15:10:41.739,415.9829465186679,15
2024-09-16 15:10:41.765,415.9708016227347,105
2024-09-16 15:10:41.913,415.9677021491712,100
2024-09-16 15:10:41.951,416.0025042796546,102
2024-09-16 15:10:41.982,415.9855370094015,1004
2024-09-16 15:10:42.060,416.0141028941369,5
2024-09-16 15:10:42.188,416.0030913197004,14
2024-09-16 15:10:42.492,415.9971770223795,10
2024-09-16 15:10:42.505,416.0239735027429,103
2024-09-16 15:10:42.521,416.0079928996639,101
2024-09-16 15:10:42.539,416.00967633859045,995
2024-09-16 15:10:42.635,416.0014851849145,998
2024-09-16 15:10:42.714,416.00816499749527,998
2024-09-16 15:10:42.789,415.974682823155,997
2024-09-16 15:10:42.918,416.0183139873335,1000
2024-09-16 15:10:43.118,415.9800436245002,13
2024-09-16 15:10:43.152,415.9925928188982,102
2024-09-16 15:10:43.188,415.9894276109874,1000
2024-09-16 15:10:43.424,415.9758096256452,7
2024-09-16 15:10:43.424,415.9965326506097,7
2024-09-16 15:10:43.440,416.0020624729559,1004
2024-09-16 15:10:43.573,415.9489848528969,12
2024-09-16 15:10:43.640,415.9757320792568,98
2024-09-16 15:10:43.785,416.0068304577907,997
2024-09-16 15:10:43.848,415.9603419892547,1000
2024-09-16 15:10:43.879,415.9919577129681,15
2024-09-16 15:10:43.885,416.0020065792853,102
2024-09-16 15:10:43.916,415.9911606611154,15
2024-09-16 15:10:43.922,415.992796111976,101
2024-09-16 15:10:43.938,415.992863848356,996
2024-09-16 15:10:44.040,415.95188538702257,105
2024-09-16 15:10:44.043,415.9200049458867,13
2024-09-16 15:10:44.135,415.9236926581671,8
2024-09-16 15:10:44.136,415.97929908997406,9
2024-09-16 15:10:44.174,415.9455616178956,100
2024-09-16 15:10:44.265,415.9173207339251,7
2024-09-16 15:10:44.268,415.9385001685096,98
2024-09-16 15:10:44.271,415.9749708992318,105
2024-09-16 15:10:44.305,415.9880790302398,998
2024-09-16 15:10:44.327,415.9405954821471,10
2024-09-16 15:10:44.367,415.9543915096121,1000
2024-09-16 15:10:44.546,415.907678776626,6
2024-09-16 15:10:44.589,415.95537606775446,999
2024-09-16 15:10:44.662,415.96150005866326,11
2024-09-16 15:10:44.687,415.965524964514,100
2024-09-16 15:10:44.762,415.9790408318904,5
2024-09-16 15:10:44.772,415.9560850178744,1001
2024-09-16 15:10:44.970,415.9890688572624,1004
2024-09-16 15:10:44.996,415.958763199797,13
2024-09-16 15:10:45.014,415.9438047759476,996
2024-09-16 15:10:45.019,415.9240161877625,95
2024-09-16 15:10:45.060,415.9689661761234,101
2024-09-16 15:10:45.079,415.9186457289501,9
2024-09-16 15:10:45.291,415.9363999929546,996
2024-09-16 15:10:45.302,415.9629136481761,15
2024-09-16 15:10:45.486,415.95561357044886,15
2024-09-16 15:10:45.488,415.9568540463181,101
2024-09-16 15:10:45.544,415.9339562169415,15
2024-09-16 15:10:45.567,415.9595286912723,105
2024-09-16 15:10:45.616,415.94172214348873,998
2024-09-16 15:10:45.669,415.9294699080352,102
2024-09-16 15:10:45.719,415.9561590814004,997
2024-09-16 15:10:45.834,415.9486730592668,13
2024-09-16 15:10:45.843,415.9639346182557,14
2024-09-16 15:10:46.015,415.9757237215192,1002
2024-09-16 15:10:46.049,415.9957047685832,101
2024-09-16 15:10:46.155,416.01924363556753,12
2024-09-16 15:10:46.228,416.020869211603,15
2024-09-16 15:10:46.289,415.9970896718104,98
2024-09-16 15:10:46.308,416.0118897118719,97
2024-09-16 15:10:46.372,416.0224465451856,1003
2024-09-16 15:10:46.390,415.9859115197247,13
2024-09-16 15:10:46.472,416.01501457878703,9
2024-09-16 15:10:46.513,416.04751422248046,997
2024-09-16 15:10:46.556,416.00092181498366,1003
2024-09-16 15:10:46.560,416.0197479607002,999
2024-09-16 15:10:46.609,416.0227737233766,104
2024-09-16 15:10:46.726,416.0311826003505,1001
2024-09-16 15:10:46.752,415.9955546614344,12
2024-09-16 15:10:46.772,416.0213238545816,995
2024-09-16 15:10:46.772,416.0511354501186,100
2024-09-16 15:10:46.876,416.0185063401096,14
2024-09-16 15:10:46.924,416.03092304258143,97
2024-09-16 15:10:47.117,415.9851977119957,5
2024-09-16 15:10:47.356,415.9888290799152,100
2024-09-16 15:10:47.378,415.9862306554869,9
2024-09-16 15:10:47.613,415.98676623038045,995
2024-09-16 15:10:47.636,415.9976073105818,995
2024-09-16 15:10:47.682,415.9855589153867,5
2024-09-16 15:10:47.948,415.9904053107285,995
2024-09-16 15:10:47.982,418.6899602790151,9
2024-09-16 15:10:49.053,416.0126028793731,7
2024-09-16 15:10:49.089,416.02296711806144,7
2024-09-16 15:10:49.094,415.9992056811776,103
2024-09-16 15:10:49.095,416.0922574046247,98
2024-09-16 15:10:49.146,418.6964033133208,998
2024-09-16 15:10:49.158,416.00344837820114,95
2024-09-16 15:10:49.169,416.0371147629052,97
2024-09-16 15:10:49.395,415.9935779520399,1000
2024-09-16 15:10:49.409,415.9909238058639,103
2024-09-16 15:10:49.413,416.01572249152383,10
2024-09-16 15:10:49.526,416.0129835852965,96
2024-09-16 15:10:49.532,416.0723180736491,1005
2024-09-16 15:10:49.609,416.02024761598176,97
2024-09-16 15:10:49.661,416.0117887479432,1004
2024-09-16 15:10:49.782,416.0987789615547,105
2024-09-16 15:10:49.793,416.0026774695938,11
2024-09-16 15:10:49.823,415.9925641035711,14
2024-09-16 15:10:49.844,416.0226699114981,105
2024-09-16 15:10:49.848,415.9995188732502,1000
2024-09-16 15:10:49.852,416.0018317844106,6
2024-09-16 15:10:49.856,416.0057317202401,996
2024-09-16 15:10:49.883,416.0056380743359,10
2024-09-16 15:10:49.890,415.9974887203268,9
2024-09-16 15:10:49.912,416.0142140499301,101
2024-09-16 15:10:49.951,415.9994349626628,13
2024-09-16 15:10:49.969,416.0833015312977,97
2024-09-16 15:10:50.302,416.0807445241186,9
2024-09-16 15:10:50.540,416.0793132330496,996
2024-09-16 15:10:51.004,416.1285075306831,1002
2024-09-16 15:10:51.061,416.13525036818766,12
2024-09-16 15:10:51.082,416.1372288311015,8
2024-09-16 15:10:51.118,416.1291779771213,5
2024-09-16 15:10:51.257,416.1152587111864,98
2024-09-16 15:10:51.277,416.11044564508745,12
2024-09-16 15:10:51.290,416.1395007578598,101
2024-09-16 15:10:51.302,-416.1630852619062,99
2024-09-16 15:10:51.332,416.12121601891465,13
2024-09-16 15:10:51.380,416.1553594489112,13
2024-09-16 15:10:51.396,416.15515885057033,102
2024-09-16 15:10:51.452,416.14022330842033,995
2024-09-16 15:10:51.467,416.1440189604948,100
2024-09-16 15:10:51.478,416.15618929802406,996
2024-09-16 15:10:51.511,416.1376777057867,102
2024-09-16 15:10:51.534,416.1240989256037,13
2024-09-16 15:10:51.544,416.1325062471443,12
2024-09-16 15:10:51.593,416.1427419889978,103
2024-09-16 15:10:51.651,416.1776687694888,8
2024-09-16 15:10:51.652,416.1479263505693,1002
2024-09-16 15:10:51.673,416.1601394221594,104
2024-09-16 15:10:51.698,416.13682461484655,1002
2024-09-16 15:10:51.759,416.1530680681399,104
2024-09-16 15:10:51.813,416.1661759635398,997
2024-09-16 15:10:51.829,416.1412709735197,103
2024-09-16 15:10:51.846,416.1296166165485,98
2024-09-16 15:10:51.850,41.613421462419694,104
2024-09-16 15:10:51.866,416.14690868367495,100
2024-09-16 15:10:51.926,41.61565098285507,96
2024-09-16 15:10:52.022,416.0915946452206,1004
2024-09-16 15:10:52.024,416.0863482249152,10
2024-09-16 15:10:52.062,416.0692469248274,999
2024-09-16 15:10:52.115,416.1062205720264,997
2024-09-16 15:10:52.131,416.071455086225,996
2024-09-16 15:10:52.211,416.087780746241,1000
2024-09-16 15:10:52.279,416.0639333314361,997
2024-09-16 15:10:52.317,416.127996858925,1004
2024-09-16 15:10:52.333,416.0917005647541,995
2024-09-16 15:10:52.364,416.0780116363924,1004
2024-09-16 15:10:52.404,416.0863378864522,5
2024-09-16 15:10:52.417,416.0914507026267,995
2024-09-16 15:10:52.448,416.1326826834376,95
2024-09-16 15:10:52.460,416.0728913314039,95
2024-09-16 15:10:52.468,416.0616670491336,1004
2024-09-16 15:10:52.488,416.079861994572,12
2024-09-16 15:10:52.523,418.5925799766657,12
2024-09-16 15:10:52.557,416.0859021602959,103
2024-09-16 15:10:52.628,416.0717821751075,6
2024-09-16 15:10:52.674,416.075536281542,10
2024-09-16 15:10:52.741,416.1177971216924,14
2024-09-16 15:10:52.752,416.0692483934882,998
2024-09-16 15:10:52.800,416.0834433149316,1000
2024-09-16 15:10:52.821,416.1474667361503,1004
2024-09-16 15:10:52.841,416.1443575428386,997
2024-09-16 15:10:52.843,416.0929686396451,997
2024-09-16 15:10:52.858,416.15313987511377,14
2024-09-16 15:10:52.932,416.1425183430772,1002
2024-09-16 15:10:52.941,416.0923598252066,9
2024-09-16 15:10:52.954,416.0608908518304,995
2024-09-16 15:10:52.997,416.140144531973,999
2024-09-16 15:10:53.053,416.10660971330327,100
2024-09-16 15:10:53.094,416.0392389256836,10
2024-09-16 15:10:53.176,416.0560134895214,998
2024-09-16 15:10:53.241,416.06752786533696,996
2024-09-16 15:10:53.252,416.0445388569343,1004
2024-09-16 15:10:53.271,416.0980296122092,99
2024-09-16 15:10:53.291,416.0600849134212,102
2024-09-16 15:10:53.312,416.0843051759025,12
2024-09-16 15:10:53.330,416.09349043445184,1002
2024-09-16 15:10:53.358,416.0572263838021,997
2024-09-16 15:10:53.462,416.0849298629833,9
2024-09-16 15:10:53.494,416.0858939820808,8
2024-09-16 15:10:53.604,416.07664140885794,12
2024-09-16 15:10:53.623,416.09402819598745,101
2024-09-16 15:10:53.667,416.09397288347895,1005
2024-09-16 15:10:53.692,416.0652067254516,8
2024-09-16 15:10:53.872,416.066591118545,1000
2024-09-16 15:10:53.905,416.0716703885153,1004
2024-09-16 15:10:53.908,416.07020357499937,103
2024-09-16 15:10:53.918,416.055504942301,1005
2024-09-16 15:10:54.043,416.2022906536886,9
2024-09-16 15:10:54.126,416.08544856123245,8
2024-09-16 15:10:54.209,416.1965169813497,99
2024-09-16 15:10:54.287,416.1585739258993,1001
2024-09-16 15:10:54.361,416.1801701727919,999
2024-09-16 15:10:54.365,416.1299452441927,100
2024-09-16 15:10:54.383,416.1979662617932,105
2024-09-16 15:10:54.396,416.1618263801684,1001
2024-09-16 15:10:54.401,416.137135568273,105
2024-09-16 15:10:54.412,416.1270492237251,13
2024-09-16 15:10:54.569,416.2128841269906,1002
2024-09-16 15:10:54.612,416.1938275337918,15
2024-09-16 15:10:54.621,416.20128642244055,9
2024-09-16 15:10:54.700,416.0892854507012,96
2024-09-16 15:10:54.743,416.2131772514805,104
2024-09-16 15:10:54.745,416.2116343012668,104
2024-09-16 15:10:54.759,416.1870482821999,13
2024-09-16 15:10:54.802,416.20877249876014,102
2024-09-16 15:10:54.812,418.6100591400567,97
2024-09-16 15:10:54.874,416.1069099994346,998
2024-09-16 15:10:54.925,416.193317871513,997
2024-09-16 15:10:54.952,416.1610389880126,98
2024-09-16 15:10:55.222,416.1734424764015,9
2024-09-16 15:10:55.364,416.1825528296477,10
2024-09-16 15:10:55.390,416.19986731837537,12
2024-09-16 15:10:55.435,416.2039937007165,12
2024-09-16 15:10:55.535,416.1882498034229,104
2024-09-16 15:10:55.668,416.1824977759111,104
2024-09-16 15:10:55.693,416.1853226770377,6
2024-09-16 15:10:55.867,416.1921379328919,100
2024-09-16 15:10:56.021,416.2324509087767,8
2024-09-16 15:10:56.059,416.2252837161131,13
2024-09-16 15:10:56.066,416.2056925388527,11
2024-09-16 15:10:56.081,416.2338973179514,97
2024-09-16 15:10:56.137,416.2525495266005,1000
2024-09-16 15:10:56.178,416.2298009212018,998
2024-09-16 15:10:56.211,416.2282029856674,99
2024-09-16 15:10:56.221,416.2394570697893,10
2024-09-16 15:10:56.239,416.2165493752477,15
2024-09-16 15:10:56.252,416.2548583435956,7
2024-09-16 15:10:56.292,416.23904412630577,100
2024-09-16 15:10:56.311,416.2228964447558,8
2024-09-16 15:10:56.327,416.1905176952524,6
2024-09-16 15:10:56.562,416.25294144800046,999
2024-09-16 15:10:56.639,416.2374770609279,12
2024-09-16 15:10:56.640,416.2653004260196,101
2024-09-16 15:10:56.749,416.2678415843004,995
2024-09-16 15:10:56.940,416.2568751786827,12
2024-09-16 15:10:56.978,416.2185705383796,997
2024-09-16 15:10:56.980,416.2319498345326,1001
2024-09-16 15:10:56.986,416.27867919014113,101
2024-09-16 15:10:57.075,416.3927239821684,11
2024-09-16 15:10:57.094,416.3545972892748,1004
2024-09-16 15:10:57.186,416.3439096478118,9
2024-09-16 15:10:57.193,416.3731617515577,97
2024-09-16 15:10:57.332,416.3666033943909,99
2024-09-16 15:10:57.394,416.2474056049072,997
2024-09-16 15:10:57.437,416.3841274344812,95
2024-09-16 15:10:57.515,416.2693247456906,95
2024-09-16 15:10:57.672,416.3378215038976,9
2024-09-16 15:10:57.715,416.37396709967135,1003
2024-09-16 15:10:57.728,416.34105128984,10
2024-09-16 15:10:57.771,416.3845720345139,998
2024-09-16 15:10:57.791,416.2901498758297,99
2024-09-16 15:10:57.829,416.26046555918646,1003
2024-09-16 15:10:57.836,416.3602195583233,995
2024-09-16 15:10:57.937,416.3689679297402,102
2024-09-16 15:10:57.962,416.26188157646106,5
2024-09-16 15:10:57.970,416.29858695070754,997
2024-09-16 15:10:58.041,416.3427207192815,99
2024-09-16 15:10:58.048,416.3502195400977,15
2024-09-16 15:10:58.214,416.350433887195,97
2024-09-16 15:10:58.234,416.3471713613576,105
2024-09-16 15:10:58.272,416.3502483322562,995
2024-09-16 15:10:58.458,416.3534596718535,996
2024-09-16 15:10:58.515,416.3472660707641,98
2024-09-16 15:10:58.613,416.343046831105,8
2024-09-16 15:10:58.668,-416.3397746356295,1002
2024-09-16 15:10:58.708,416.3564582588354,13
2024-09-16 15:10:58.716,416.3581462630505,11
2024-09-16 15:10:58.945,416.350413828872,996
2024-09-16 15:10:59.096,416.2868705971813,103
2024-09-16 15:10:59.097,416.3258195788112,11
2024-09-16 15:10:59.171,416.348766659875,7
2024-09-16 15:10:59.247,416.3157892698128,1002
2024-09-16 15:10:59.368,416.2990014370068,1000
2024-09-16 15:10:59.404,416.3526612228724,104
2024-09-16 15:10:59.492,416.35218513629343,15
2024-09-16 15:10:59.567,416.29738869014216,105
2024-09-16 15:10:59.585,416.3025231688536,6
2024-09-16 15:10:59.607,416.2944040346611,100
2024-09-16 15:10:59.670,416.36760351772745,1001
2024-09-16 15:10:59.672,416.3228386929746,12
2024-09-16 15:10:59.682,416.3196063031989,6
2024-09-16 15:10:59.713,416.33080297673104,1001
2024-09-16 15:10:59.713,416.3344023919466,11
2024-09-16 15:10:59.731,416.34005211117295,97
2024-09-16 15:10:59.749,416.29921585510897,7
2024-09-16 15:10:59.754,416.3180227074556,95
2024-09-16 15:10:59.773,416.32507097488303,103
2024-09-16 15:10:59.819,416.30878005932857,995
2024-09-16 15:10:59.938,416.3076359945363,100
2024-09-16 15:10:59.988,416.3355700545046,9
