Timestamp,Price,Size
2024-09-16 12:11:00.223,416.5915775662308,5
2024-09-16 12:11:01.096,416.652528872599,95
2024-09-16 12:11:01.111,-416.6394490770642,99
2024-09-16 12:11:01.111,416.6239941602902,104
2024-09-16 12:11:01.153,416.6077399714639,996
2024-09-16 12:11:01.327,416.61993431254336,1002
2024-09-16 12:11:01.437,416.6124122298815,97
2024-09-16 12:11:01.443,416.63771432941184,6
2024-09-16 12:11:01.489,416.6311125658991,101
2024-09-16 12:11:01.772,416.63767485865225,6
2024-09-16 12:11:01.820,416.6255566827597,102
2024-09-16 12:11:01.960,416.62406012588576,997
2024-09-16 12:11:02.040,416.5433849841492,998
2024-09-16 12:11:02.063,416.5859637693238,997
2024-09-16 12:11:02.116,416.4755462004407,996
2024-09-16 12:11:02.120,416.51909339669777,97
2024-09-16 12:11:02.129,416.49560544126047,96
2024-09-16 12:11:02.170,416.5347285626437,11
2024-09-16 12:11:02.193,416.60020743190086,96
2024-09-16 12:11:02.204,416.5475053793576,13
2024-09-16 12:11:02.294,416.527618424682,100
2024-09-16 12:11:02.304,416.5159645676007,15
2024-09-16 12:11:02.344,416.5061530807417,1004
2024-09-16 12:11:02.373,416.494822231676,998
2024-09-16 12:11:02.389,416.56454745142304,9
2024-09-16 12:11:02.444,416.4908443489261,103
2024-09-16 12:11:02.509,416.5562163868626,98
2024-09-16 12:11:02.578,416.5093740591716,100
2024-09-16 12:11:02.587,416.5096126236993,8
2024-09-16 12:11:02.594,416.4911722389669,1005
2024-09-16 12:11:02.649,416.57431129968006,101
2024-09-16 12:11:02.657,416.583739044543,102
2024-09-16 12:11:02.672,416.57911263936296,1005
2024-09-16 12:11:02.678,416.5301063480306,105
2024-09-16 12:11:02.702,416.49193594178223,95
2024-09-16 12:11:02.767,416.6129080579646,1001
2024-09-16 12:11:02.810,416.5024049602018,97
2024-09-16 12:11:02.818,416.47434271769777,96
2024-09-16 12:11:02.897,416.4858619087533,1000
2024-09-16 12:11:02.900,416.4991904987028,11
2024-09-16 12:11:03.025,416.4852948696653,102
2024-09-16 12:11:03.035,416.4876695643034,11
2024-09-16 12:11:03.057,416.4908998821558,1001
2024-09-16 12:11:03.236,416.4948264637472,15
2024-09-16 12:11:03.251,416.4853428770166,100
2024-09-16 12:11:03.336,416.4750938733197,995
2024-09-16 12:11:03.488,416.5007365729929,999
2024-09-16 12:11:03.502,416.5108758362084,95
2024-09-16 12:11:03.661,416.4712597579015,9
2024-09-16 12:11:03.735,416.52925258208495,102
2024-09-16 12:11:03.780,416.4857207641688,6
2024-09-16 12:11:03.788,416.4751282221792,995
2024-09-16 12:11:03.835,416.52356034633885,13
2024-09-16 12:11:04.435,,15
2024-09-16 12:11:04.524,416.5289583515736,101
2024-09-16 12:11:04.674,416.5402124415168,998
2024-09-16 12:11:04.802,416.53849204084366,1004
2024-09-16 12:11:05.016,416.528095895744,1001
2024-09-16 12:11:05.164,416.5587289262318,14
2024-09-16 12:11:05.203,416.53952434583226,6
2024-09-16 12:11:05.236,416.53212568059655,11
2024-09-16 12:11:05.322,416.5519931978248,10
2024-09-16 12:11:05.336,416.5340350095847,101
2024-09-16 12:11:05.336,416.51968466829805,1000
2024-09-16 12:11:05.396,416.53782171512086,103
2024-09-16 12:11:05.424,416.4986851935601,95
2024-09-16 12:11:05.647,416.52872218850126,996
2024-09-16 12:11:05.845,416.5199796543859,1004
2024-09-16 12:11:05.855,416.5149063224872,999
2024-09-16 12:11:06.359,416.5017642869782,95
2024-09-16 12:11:06.830,416.52576630376336,105
2024-09-16 12:11:06.952,416.5001514090304,14
2024-09-16 12:11:07.002,416.5263935372713,6
2024-09-16 12:11:07.013,,97
2024-09-16 12:11:07.052,416.5649847869535,1005
2024-09-16 12:11:07.147,416.54706597449245,1000
2024-09-16 12:11:07.156,416.5159267508382,6
2024-09-16 12:11:07.261,416.5624790554531,15
2024-09-16 12:11:07.273,416.52295196823167,1003
2024-09-16 12:11:07.290,416.5517408203161,7
2024-09-16 12:11:07.302,416.55356365787424,5
2024-09-16 12:11:07.346,416.5624748469713,100
2024-09-16 12:11:07.359,416.5650392781817,1002
2024-09-16 12:11:07.401,416.55908191905934,995
2024-09-16 12:11:07.479,416.5261978983477,7
2024-09-16 12:11:07.659,416.5523274153513,1001
2024-09-16 12:11:07.677,41.65503469538095,13
2024-09-16 12:11:07.691,416.5435619700024,15
2024-09-16 12:11:07.725,416.5309163178292,98
2024-09-16 12:11:07.783,416.50171707742,101
2024-09-16 12:11:07.813,416.515931906354,105
2024-09-16 12:11:07.907,416.5592590976371,97
2024-09-16 12:11:07.974,416.529729505134,13
2024-09-16 12:11:08.082,416.5735937808802,95
2024-09-16 12:11:08.086,416.5973475788097,9
2024-09-16 12:11:08.109,416.5904180449752,1002
2024-09-16 12:11:08.150,416.5964184500948,95
2024-09-16 12:11:08.251,416.6098954203308,98
2024-09-16 12:11:08.323,416.5840394513529,1005
2024-09-16 12:11:08.383,416.5875337420863,1003
2024-09-16 12:11:08.521,416.6040072474901,102
2024-09-16 12:11:08.543,416.5867633858812,1002
2024-09-16 12:11:08.598,416.559664708953,8
2024-09-16 12:11:08.643,416.5547728135314,96
2024-09-16 12:11:08.806,416.600080245106,15
2024-09-16 12:11:08.816,416.5865285161702,999
2024-09-16 12:11:08.831,416.57151702848506,10
2024-09-16 12:11:08.862,416.5478760835223,6
2024-09-16 12:11:08.966,416.5669634104895,5
2024-09-16 12:11:09.034,416.5806260010533,13
2024-09-16 12:11:09.313,416.5834287478453,103
2024-09-16 12:11:09.400,416.6052508241638,1000
2024-09-16 12:11:09.544,416.6074814820599,98
2024-09-16 12:11:09.555,416.57933278262897,995
2024-09-16 12:11:09.657,416.6111208564769,14
2024-09-16 12:11:09.661,416.579777088818,95
2024-09-16 12:11:09.711,416.5997318813522,13
2024-09-16 12:11:09.987,416.6013859883703,104
2024-09-16 12:11:10.008,416.6090953593905,14
2024-09-16 12:11:10.043,416.60071672428455,100
2024-09-16 12:11:10.067,416.6067450052114,6
2024-09-16 12:11:10.127,416.61131565830175,8
2024-09-16 12:11:10.341,416.606322947954,5
2024-09-16 12:11:10.395,416.6132297448041,104
2024-09-16 12:11:10.440,416.6012734098946,12
2024-09-16 12:11:10.643,416.6103198148997,14
2024-09-16 12:11:10.745,416.5986129156454,1005
2024-09-16 12:11:10.756,416.592021873824,1000
2024-09-16 12:11:10.781,416.5908278167687,9
2024-09-16 12:11:10.804,416.611816004409,6
2024-09-16 12:11:10.816,416.6251307031692,14
2024-09-16 12:11:10.849,416.6004958062072,1001
2024-09-16 12:11:10.855,416.626061735997,98
2024-09-16 12:11:10.891,416.58758942289097,6
2024-09-16 12:11:10.896,416.60404981516655,104
2024-09-16 12:11:10.963,416.6065690899408,99
2024-09-16 12:11:10.968,416.6114410153335,1001
2024-09-16 12:11:11.017,416.5634910706309,1002
2024-09-16 12:11:11.057,416.57772614843935,13
2024-09-16 12:11:11.064,416.5383982874318,105
2024-09-16 12:11:11.211,416.5227546281192,100
2024-09-16 12:11:11.218,416.51893793382254,105
2024-09-16 12:11:11.274,416.5598098383899,99
2024-09-16 12:11:11.333,416.5615240013877,996
2024-09-16 12:11:11.342,416.4947167782916,10
2024-09-16 12:11:11.426,416.5072362565918,998
2024-09-16 12:11:11.454,416.5551409373716,1005
2024-09-16 12:11:11.474,416.5554518204386,1004
2024-09-16 12:11:11.489,416.5191529216857,104
2024-09-16 12:11:11.542,416.4940595538994,1004
2024-09-16 12:11:11.601,-416.48765802725,12
2024-09-16 12:11:11.606,416.5298509087001,1000
2024-09-16 12:11:11.662,416.5293962151393,6
2024-09-16 12:11:11.680,416.5082008639531,103
2024-09-16 12:11:11.751,416.5560528243648,1004
2024-09-16 12:11:11.771,416.4968388633707,1005
2024-09-16 12:11:11.823,416.5407887808953,7
2024-09-16 12:11:11.841,416.58872055424735,998
2024-09-16 12:11:11.881,416.5028362609064,99
2024-09-16 12:11:11.895,416.4921535568735,1002
2024-09-16 12:11:11.921,416.5528653370935,997
2024-09-16 12:11:11.953,416.56968715375393,98
2024-09-16 12:11:11.957,416.5537427091234,12
2024-09-16 12:11:12.051,416.5502918474324,104
2024-09-16 12:11:12.060,416.571091958374,996
2024-09-16 12:11:12.173,416.5491427095138,13
2024-09-16 12:11:12.207,416.550340471496,104
2024-09-16 12:11:12.243,416.5848272418742,96
2024-09-16 12:11:12.246,416.5294209671668,1002
2024-09-16 12:11:12.260,416.55235900214416,98
2024-09-16 12:11:12.303,416.5682871121695,100
2024-09-16 12:11:12.418,416.5339994459748,995
2024-09-16 12:11:12.430,416.5731201634329,12
2024-09-16 12:11:12.589,416.5384883156471,95
2024-09-16 12:11:12.594,416.531147663966,97
2024-09-16 12:11:12.619,416.5691343046627,13
2024-09-16 12:11:12.746,416.5283586842547,995
2024-09-16 12:11:12.853,416.5360663162624,998
2024-09-16 12:11:12.862,416.5568910400886,15
2024-09-16 12:11:12.913,416.5335726126782,1002
2024-09-16 12:11:12.925,416.51582874032505,13
2024-09-16 12:11:12.934,416.531118157444,1001
2024-09-16 12:11:12.977,416.56993844027807,1000
2024-09-16 12:11:13.033,416.6089201084822,999
2024-09-16 12:11:13.049,416.6028869005926,11
2024-09-16 12:11:13.055,416.61405010051874,1000
2024-09-16 12:11:13.119,416.5835581602715,999
2024-09-16 12:11:13.121,416.6013744115663,15
2024-09-16 12:11:13.229,416.5975339006751,1003
2024-09-16 12:11:13.284,416.6141268971084,13
2024-09-16 12:11:13.293,416.610194653918,13
2024-09-16 12:11:13.375,416.6335581891524,998
2024-09-16 12:11:13.428,416.5867664974292,11
2024-09-16 12:11:13.433,416.575018042359,7
2024-09-16 12:11:13.438,416.5965060519808,1004
2024-09-16 12:11:13.454,416.6117812846759,15
2024-09-16 12:11:13.470,416.6006868441591,105
2024-09-16 12:11:13.494,416.6027736193337,997
2024-09-16 12:11:13.532,416.59980994966577,8
2024-09-16 12:11:13.550,416.6222825393727,1001
2024-09-16 12:11:13.593,416.6114894648848,8
2024-09-16 12:11:13.635,416.6203958398066,95
2024-09-16 12:11:13.638,416.6183723091298,996
2024-09-16 12:11:13.672,416.592033588,996
2024-09-16 12:11:13.692,416.5920408770156,102
2024-09-16 12:11:13.723,416.61312585447496,996
2024-09-16 12:11:13.780,416.598344731104,1001
2024-09-16 12:11:13.818,416.5834456038184,10
2024-09-16 12:11:13.863,416.60178809045976,14
2024-09-16 12:11:13.875,416.6172685071325,96
2024-09-16 12:11:13.877,416.6060462026821,103
2024-09-16 12:11:13.933,416.60836121408414,10
2024-09-16 12:11:14.017,416.611984528205,7
2024-09-16 12:11:14.055,416.6201369524117,999
2024-09-16 12:11:14.098,416.5915017568304,98
2024-09-16 12:11:14.130,416.5875511675322,13
2024-09-16 12:11:14.236,416.624079668367,1004
2024-09-16 12:11:14.297,416.600086568051,11
2024-09-16 12:11:14.336,416.5940256274589,105
2024-09-16 12:11:14.338,416.59052731588247,6
2024-09-16 12:11:14.354,416.6218198030255,9
2024-09-16 12:11:14.490,416.6024204563169,1004
2024-09-16 12:11:14.503,416.6137519390091,1000
2024-09-16 12:11:14.517,416.5824548121444,997
2024-09-16 12:11:14.582,416.62487043063953,1005
2024-09-16 12:11:14.694,416.591459697779,1004
2024-09-16 12:11:14.803,416.5954075313135,97
2024-09-16 12:11:14.870,416.6208800447103,10
2024-09-16 12:11:14.927,416.6205397634645,1003
2024-09-16 12:11:14.996,416.6234816701329,14
2024-09-16 12:11:15.031,416.6714583185104,13
2024-09-16 12:11:15.080,416.66183768200455,11
2024-09-16 12:11:15.142,416.6549625650278,1002
2024-09-16 12:11:15.257,416.66018148956886,1002
2024-09-16 12:11:15.406,416.6577039451751,1004
2024-09-16 12:11:15.486,416.6582590692478,101
2024-09-16 12:11:15.566,416.64326537369465,1001
2024-09-16 12:11:15.710,416.6507647752082,95
2024-09-16 12:11:15.772,416.6172233004602,1000
2024-09-16 12:11:15.800,416.6241973027284,101
2024-09-16 12:11:15.822,416.6012441117428,99
2024-09-16 12:11:15.842,416.65378651259823,100
2024-09-16 12:11:15.929,416.6604415940436,7
2024-09-16 12:11:15.935,,1004
2024-09-16 12:11:15.941,416.6687258309665,104
2024-09-16 12:11:15.955,416.6032458865425,9
2024-09-16 12:11:15.976,416.59557944291697,103
2024-09-16 12:11:15.981,416.6621096063039,100
2024-09-16 12:11:16.079,41.6646597656888,999
2024-09-16 12:11:16.269,416.6599000704146,102
2024-09-16 12:11:16.303,416.6374259728257,996
2024-09-16 12:11:16.357,416.6495240778876,99
2024-09-16 12:11:16.405,416.6619945096537,6
2024-09-16 12:11:16.617,416.6423078254728,6
2024-09-16 12:11:16.918,416.6594785558812,6
2024-09-16 12:11:17.034,416.683917471184,999
2024-09-16 12:11:17.146,416.6783186157058,95
2024-09-16 12:11:17.300,416.6789747301722,12
2024-09-16 12:11:17.789,416.6577373521733,1001
2024-09-16 12:11:17.832,416.6787752202653,1004
2024-09-16 12:11:17.853,416.6723248452313,6
2024-09-16 12:11:18.160,416.730147174503,1001
2024-09-16 12:11:18.162,416.7204842057445,95
2024-09-16 12:11:18.197,416.74104953474153,15
2024-09-16 12:11:18.226,416.7186432350535,1000
2024-09-16 12:11:18.327,416.7522969467902,105
2024-09-16 12:11:18.465,416.6949820810948,12
2024-09-16 12:11:18.500,416.7484381504908,1001
2024-09-16 12:11:18.550,416.7429665036863,1000
2024-09-16 12:11:18.580,416.73194137240966,12
2024-09-16 12:11:18.694,416.7500370884371,103
2024-09-16 12:11:18.718,416.7403060462895,1000
2024-09-16 12:11:18.766,416.7195303195389,996
2024-09-16 12:11:18.794,416.7269849464385,95
2024-09-16 12:11:18.922,416.74250503340784,12
2024-09-16 12:11:18.991,416.68708181160855,9
2024-09-16 12:11:19.071,416.6997597857479,995
2024-09-16 12:11:19.145,416.82568636451737,995
2024-09-16 12:11:19.365,416.79522759540544,14
2024-09-16 12:11:19.381,416.7209188591938,995
2024-09-16 12:11:19.423,416.7716345183845,1005
2024-09-16 12:11:19.532,416.7511299702094,95
2024-09-16 12:11:19.533,416.7633848595881,7
2024-09-16 12:11:19.592,416.731619660673,5
2024-09-16 12:11:19.612,416.7400842639378,995
2024-09-16 12:11:19.627,416.7056546650833,9
2024-09-16 12:11:19.677,416.7065193919784,100
2024-09-16 12:11:19.821,416.7386007994425,997
2024-09-16 12:11:19.852,416.80753472930746,99
2024-09-16 12:11:19.857,416.7714154357796,1004
2024-09-16 12:11:19.861,416.72604430153206,102
2024-09-16 12:11:19.866,416.67821914559096,15
2024-09-16 12:11:19.889,416.7288694737236,995
2024-09-16 12:11:19.891,416.7480801138791,1004
2024-09-16 12:11:20.169,416.8230705974054,97
2024-09-16 12:11:20.359,416.82194212978135,98
2024-09-16 12:11:20.397,416.8350049467171,999
2024-09-16 12:11:20.437,416.8015440608792,997
2024-09-16 12:11:20.526,416.80424164377513,99
2024-09-16 12:11:21.098,416.7820950501351,14
2024-09-16 12:11:21.109,416.7289295538103,7
2024-09-16 12:11:21.254,416.7454229508264,103
2024-09-16 12:11:21.258,416.7899279802932,999
2024-09-16 12:11:21.260,416.80917864107727,995
2024-09-16 12:11:21.261,416.79987679399,105
2024-09-16 12:11:21.402,416.7628991968625,98
2024-09-16 12:11:21.551,416.79405008934,10
2024-09-16 12:11:21.606,416.78534976973646,1002
2024-09-16 12:11:21.612,416.7276011403622,101
2024-09-16 12:11:21.758,416.7927474943296,1004
2024-09-16 12:11:21.769,416.813885717427,999
2024-09-16 12:11:21.782,416.7324315449686,99
2024-09-16 12:11:21.797,416.81953440365504,998
2024-09-16 12:11:21.814,416.7592223983268,13
2024-09-16 12:11:21.929,416.7531104531737,9
2024-09-16 12:11:21.976,416.80739985798806,102
2024-09-16 12:11:21.983,416.812971298198,1003
2024-09-16 12:11:21.993,416.734521372053,95
2024-09-16 12:11:22.014,416.6719279482899,995
2024-09-16 12:11:22.019,416.6987579800282,998
2024-09-16 12:11:22.049,416.694814374521,99
2024-09-16 12:11:22.141,416.73811923011925,96
2024-09-16 12:11:22.288,416.7381367677618,15
2024-09-16 12:11:22.288,416.7364768257669,102
2024-09-16 12:11:22.311,416.6801896917717,1003
2024-09-16 12:11:22.353,416.67015689354383,103
2024-09-16 12:11:22.395,416.7459686780351,10
2024-09-16 12:11:22.432,416.7599228414263,105
2024-09-16 12:11:22.438,416.6668148934894,1000
2024-09-16 12:11:22.454,416.6770339047629,1000
2024-09-16 12:11:22.519,416.7389664225612,998
2024-09-16 12:11:22.649,416.6834736436744,11
2024-09-16 12:11:22.688,416.75243474897366,97
2024-09-16 12:11:22.722,416.68809026688456,14
2024-09-16 12:11:22.722,416.7314738959206,6
2024-09-16 12:11:22.724,416.7151918355914,104
2024-09-16 12:11:22.741,416.7362442614236,1000
2024-09-16 12:11:22.799,416.71353263781606,12
2024-09-16 12:11:22.872,416.6861441976615,6
2024-09-16 12:11:22.890,416.663833282095,7
2024-09-16 12:11:22.909,416.70559491462336,7
2024-09-16 12:11:22.979,416.6812681942454,999
2024-09-16 12:11:22.990,416.6953710994578,997
2024-09-16 12:11:23.068,416.6852942249127,8
2024-09-16 12:11:23.080,416.6849131456936,100
2024-09-16 12:11:23.265,416.6975416939481,98
2024-09-16 12:11:23.292,416.72631582615895,96
2024-09-16 12:11:23.439,416.7150134666463,5
2024-09-16 12:11:23.512,416.7090728132559,97
2024-09-16 12:11:23.536,416.7141971946895,101
2024-09-16 12:11:23.543,416.71299126494745,102
2024-09-16 12:11:23.578,416.6856421954492,104
2024-09-16 12:11:23.642,416.70813728884593,1000
2024-09-16 12:11:23.738,416.6879223735946,11
2024-09-16 12:11:23.774,416.6997816495616,995
2024-09-16 12:11:23.834,416.71519759053314,1002
2024-09-16 12:11:23.864,416.725408893248,5
2024-09-16 12:11:23.897,416.7007542615861,999
2024-09-16 12:11:23.914,416.7046527125816,999
2024-09-16 12:11:23.918,416.7024140134034,95
2024-09-16 12:11:23.925,416.7153549641582,96
2024-09-16 12:11:23.971,416.7167160501101,1002
2024-09-16 12:11:24.151,416.7458232496328,1005
2024-09-16 12:11:24.317,416.7366065823721,95
2024-09-16 12:11:24.368,416.7247914132672,999
2024-09-16 12:11:24.406,416.7590217276242,999
2024-09-16 12:11:24.485,416.7813501749823,103
2024-09-16 12:11:24.726,416.7664937758162,1003
2024-09-16 12:11:24.756,416.7537503840593,997
2024-09-16 12:11:24.757,416.7322348998569,999
2024-09-16 12:11:24.959,416.756604413006,96
2024-09-16 12:11:24.967,416.781513678761,1001
2024-09-16 12:11:25.585,416.7240797174587,99
2024-09-16 12:11:25.630,416.7763131483696,102
2024-09-16 12:11:25.727,416.7764056870499,996
2024-09-16 12:11:25.880,416.7518303083145,9
2024-09-16 12:11:26.003,416.7092707046292,1000
2024-09-16 12:11:26.116,416.67060589872176,996
2024-09-16 12:11:26.279,416.6785625117358,1001
2024-09-16 12:11:26.283,416.7038497159539,97
2024-09-16 12:11:26.287,416.6796611645248,98
2024-09-16 12:11:26.332,416.7077279134778,96
2024-09-16 12:11:26.447,416.6654205112372,1004
2024-09-16 12:11:26.494,416.6786253663735,102
2024-09-16 12:11:26.645,416.6946545811402,1000
2024-09-16 12:11:26.681,416.6800397350952,101
2024-09-16 12:11:26.811,416.7102034620608,1001
2024-09-16 12:11:26.858,416.6705431659407,6
2024-09-16 12:11:26.860,416.68902390931726,15
2024-09-16 12:11:26.895,416.6748826843873,12
2024-09-16 12:11:26.913,416.702711085123,101
2024-09-16 12:11:27.168,416.69692417555706,8
2024-09-16 12:11:27.256,416.704561894156,10
2024-09-16 12:11:27.290,416.6894461304136,100
2024-09-16 12:11:27.410,,1005
2024-09-16 12:11:27.858,416.6925218967413,11
2024-09-16 12:11:27.938,416.6894557814064,14
2024-09-16 12:11:28.004,416.6763765368334,8
2024-09-16 12:11:28.048,416.6595914481484,10
2024-09-16 12:11:28.080,416.6671692679867,1001
2024-09-16 12:11:28.111,416.68992743362446,5
2024-09-16 12:11:28.177,416.6793686204057,998
2024-09-16 12:11:28.207,416.6494080466355,13
2024-09-16 12:11:28.223,416.683361722364,102
2024-09-16 12:11:28.277,416.6943650292724,11
2024-09-16 12:11:28.437,416.6567604711425,103
2024-09-16 12:11:28.524,41.66886557437641,1000
2024-09-16 12:11:28.530,416.681105762098,7
2024-09-16 12:11:28.556,416.6724851907935,100
2024-09-16 12:11:28.558,416.6543407175474,1004
2024-09-16 12:11:28.579,416.6861263527385,96
2024-09-16 12:11:28.581,416.6573658819308,996
2024-09-16 12:11:28.681,416.6815446044397,1003
2024-09-16 12:11:28.700,416.6888795854785,105
2024-09-16 12:11:28.775,416.6969612584402,100
2024-09-16 12:11:28.789,416.6652197207907,10
2024-09-16 12:11:28.815,416.6902770772639,1004
2024-09-16 12:11:28.834,416.6914898037883,104
2024-09-16 12:11:28.846,416.6757678761152,996
2024-09-16 12:11:28.862,416.6701950224654,7
2024-09-16 12:11:28.908,416.6989338050717,13
2024-09-16 12:11:28.964,416.6665774788228,995
2024-09-16 12:11:28.980,416.7074643803416,105
2024-09-16 12:11:29.120,416.7019967519778,97
2024-09-16 12:11:29.622,416.7234563026769,15
2024-09-16 12:11:29.694,416.74281418748143,996
2024-09-16 12:11:29.864,416.714398985917,8
2024-09-16 12:11:30.114,416.7616333918575,14
2024-09-16 12:11:30.385,416.76902671520753,95
2024-09-16 12:11:30.466,416.77589955411605,98
2024-09-16 12:11:30.547,416.7351049924958,10
2024-09-16 12:11:30.628,416.7838849847407,98
2024-09-16 12:11:30.696,416.7905244678933,14
2024-09-16 12:11:30.708,416.7844956824941,13
2024-09-16 12:11:30.709,416.77201519068086,99
2024-09-16 12:11:30.851,416.7235457899251,1001
2024-09-16 12:11:30.884,416.7561598344165,8
2024-09-16 12:11:31.035,416.6926044871409,8
2024-09-16 12:11:31.278,416.7000402754328,12
2024-09-16 12:11:31.321,416.7346007615723,8
2024-09-16 12:11:31.456,416.6986350411383,10
2024-09-16 12:11:31.480,416.7189199710921,9
2024-09-16 12:11:31.490,416.7053137847308,997
2024-09-16 12:11:31.566,416.7344246602614,1000
2024-09-16 12:11:31.596,416.7311226447644,1002
2024-09-16 12:11:31.598,416.7305934465288,996
2024-09-16 12:11:31.681,416.72912878839367,15
2024-09-16 12:11:31.785,416.72277754944497,96
2024-09-16 12:11:31.841,416.7177606513517,999
2024-09-16 12:11:31.851,416.6992961009215,14
2024-09-16 12:11:31.988,416.7165546219255,8
2024-09-16 12:11:32.437,416.6963145280238,96
2024-09-16 12:11:32.850,416.6935167522156,98
2024-09-16 12:11:33.008,416.6964561008949,15
2024-09-16 12:11:33.009,416.7637727020975,1004
2024-09-16 12:11:33.079,416.7264254342459,11
2024-09-16 12:11:33.088,416.73700166945576,1001
2024-09-16 12:11:33.099,416.7702683812743,5
2024-09-16 12:11:33.107,416.7037268832828,1004
2024-09-16 12:11:33.138,-416.7909883966165,96
2024-09-16 12:11:33.207,416.7204075537902,14
2024-09-16 12:11:33.231,416.73880684857454,15
2024-09-16 12:11:33.289,416.7960148969426,5
2024-09-16 12:11:33.303,416.73199777455,1002
2024-09-16 12:11:33.326,416.8134613211673,1002
2024-09-16 12:11:33.387,416.7294525841038,1002
2024-09-16 12:11:33.451,416.7215732867261,997
2024-09-16 12:11:33.487,416.6889586335121,105
2024-09-16 12:11:33.558,416.69491187157513,105
2024-09-16 12:11:33.562,416.7303377085273,104
2024-09-16 12:11:33.674,416.8176616828107,10
2024-09-16 12:11:33.720,416.7415105805308,1004
2024-09-16 12:11:33.734,416.7349296113043,1003
2024-09-16 12:11:33.736,416.7062261785438,15
2024-09-16 12:11:33.745,416.6793233181123,995
2024-09-16 12:11:33.782,416.8099923051728,98
2024-09-16 12:11:33.916,416.73055370318207,10
2024-09-16 12:11:33.950,416.804228872994,995
2024-09-16 12:11:34.009,416.8005015533933,98
2024-09-16 12:11:34.272,416.808399290629,998
2024-09-16 12:11:34.323,416.80465582874746,96
2024-09-16 12:11:34.391,416.8189723544392,1005
2024-09-16 12:11:35.088,416.8949094827936,1002
2024-09-16 12:11:35.135,416.8850511508273,6
2024-09-16 12:11:35.135,416.88270888246456,11
2024-09-16 12:11:35.148,416.8653160454947,10
2024-09-16 12:11:35.187,416.86668774739513,1002
2024-09-16 12:11:35.231,416.8528083344601,6
2024-09-16 12:11:35.248,416.7917621097079,100
2024-09-16 12:11:35.261,416.8549458921783,15
2024-09-16 12:11:35.272,416.8467356898386,11
2024-09-16 12:11:35.288,416.8077813843037,101
2024-09-16 12:11:35.328,416.8741764555382,95
2024-09-16 12:11:35.368,416.8128391105881,1004
2024-09-16 12:11:35.445,416.83198638724815,105
2024-09-16 12:11:35.450,416.8898392813242,10
2024-09-16 12:11:35.572,416.86245814184514,97
2024-09-16 12:11:35.635,416.88240637503793,996
2024-09-16 12:11:35.670,416.8034877755078,5
2024-09-16 12:11:35.754,416.814956667602,6
2024-09-16 12:11:35.764,416.8694544904024,996
2024-09-16 12:11:35.825,416.8424640969819,12
2024-09-16 12:11:35.921,416.80943989035546,997
2024-09-16 12:11:35.988,416.81861956697713,13
2024-09-16 12:11:36.030,416.9204140685018,6
2024-09-16 12:11:36.070,416.8817603720844,13
2024-09-16 12:11:36.084,416.9051887050367,12
2024-09-16 12:11:36.089,416.9035580879125,12
2024-09-16 12:11:36.098,416.87185570591066,15
2024-09-16 12:11:36.118,416.88283077260047,1001
2024-09-16 12:11:36.239,416.89466290882194,13
2024-09-16 12:11:36.253,416.88572177183016,11
2024-09-16 12:11:36.332,416.92214746721135,8
2024-09-16 12:11:36.385,416.8843302093045,998
2024-09-16 12:11:36.454,416.8849814024588,9
2024-09-16 12:11:36.458,416.8975750834162,97
2024-09-16 12:11:36.608,416.88519188036565,997
2024-09-16 12:11:36.609,416.8762291157607,97
2024-09-16 12:11:36.612,416.90365759569937,95
2024-09-16 12:11:36.674,416.9023015499627,98
2024-09-16 12:11:36.675,416.8830717125637,101
2024-09-16 12:11:36.845,41.68845970229057,999
2024-09-16 12:11:36.898,416.8947475166651,995
2024-09-16 12:11:37.305,416.94371613136207,998
2024-09-16 12:11:37.634,416.9272648848979,997
2024-09-16 12:11:37.673,416.9365255218706,1004
2024-09-16 12:11:37.777,416.9353115931142,5
2024-09-16 12:11:38.141,416.9730877063568,995
2024-09-16 12:11:38.151,416.93623155111607,101
2024-09-16 12:11:38.163,416.9482270060592,105
2024-09-16 12:11:38.245,416.9588718091476,995
2024-09-16 12:11:38.500,416.9302565457828,101
2024-09-16 12:11:38.690,416.9389666582397,99
2024-09-16 12:11:38.739,416.9664345480835,1004
2024-09-16 12:11:38.958,416.9616912934527,9
2024-09-16 12:11:39.031,416.9359329598848,6
2024-09-16 12:11:39.099,416.9444654800073,98
2024-09-16 12:11:39.142,416.93982166256336,997
2024-09-16 12:11:39.160,-41.69518866742048,102
2024-09-16 12:11:39.218,416.9733630112747,1003
2024-09-16 12:11:39.358,416.9808460797415,99
2024-09-16 12:11:39.373,416.9186692526342,101
2024-09-16 12:11:39.410,416.9446198429329,100
2024-09-16 12:11:39.437,416.9545661737579,96
2024-09-16 12:11:39.667,416.93346665775147,996
2024-09-16 12:11:39.706,416.9565317416985,6
2024-09-16 12:11:39.805,416.9746349564287,10
2024-09-16 12:11:39.860,416.93503339705865,105
2024-09-16 12:11:39.976,416.9079096807568,99
2024-09-16 12:11:40.235,416.8926599321507,15
2024-09-16 12:11:40.521,416.899420998792,95
2024-09-16 12:11:41.053,416.9049956910402,5
2024-09-16 12:11:41.060,416.928670740172,1002
2024-09-16 12:11:41.075,416.9157180941857,98
2024-09-16 12:11:41.103,416.89631253734507,14
2024-09-16 12:11:41.108,416.8991075159296,997
2024-09-16 12:11:41.145,416.9482964162135,13
2024-09-16 12:11:41.172,416.879192006134,96
2024-09-16 12:11:41.185,416.8881909006871,995
2024-09-16 12:11:41.188,416.8902272310285,98
2024-09-16 12:11:41.253,416.8857458259338,101
2024-09-16 12:11:41.317,416.8938223325096,8
2024-09-16 12:11:41.346,416.9252908353608,14
2024-09-16 12:11:41.411,416.9056010167765,7
2024-09-16 12:11:41.507,416.9258448067579,103
2024-09-16 12:11:41.511,416.8792795200592,1001
2024-09-16 12:11:41.521,416.8766998232534,99
2024-09-16 12:11:41.656,416.89375419146273,998
2024-09-16 12:11:41.671,416.9017440528781,1000
2024-09-16 12:11:41.698,416.90285773238907,104
2024-09-16 12:11:41.708,416.8918826525049,9
2024-09-16 12:11:41.787,416.9034016968655,102
2024-09-16 12:11:41.799,416.9113582860985,96
2024-09-16 12:11:41.814,416.8898879156913,1000
2024-09-16 12:11:41.816,416.8969648197592,11
2024-09-16 12:11:41.847,416.8847682105828,996
2024-09-16 12:11:41.856,416.8986851396738,1005
2024-09-16 12:11:41.861,41.68952966945681,100
2024-09-16 12:11:41.935,416.88042204778645,1000
2024-09-16 12:11:42.130,416.9016528660985,98
2024-09-16 12:11:42.466,416.9272032259159,996
2024-09-16 12:11:42.726,416.902662898969,1003
2024-09-16 12:11:42.747,416.8880926640255,15
2024-09-16 12:11:42.770,416.9053430174632,997
2024-09-16 12:11:43.156,416.9084219414482,999
2024-09-16 12:11:43.250,416.9333482703861,1001
2024-09-16 12:11:43.341,416.9116906883159,99
2024-09-16 12:11:43.365,416.9314436174258,1003
2024-09-16 12:11:43.478,416.92950465384007,998
2024-09-16 12:11:43.482,416.9378772640002,96
2024-09-16 12:11:43.527,416.91370288820985,8
2024-09-16 12:11:43.592,416.93506325350165,15
2024-09-16 12:11:43.632,416.9352302358692,103
2024-09-16 12:11:43.671,416.9292512344525,1003
2024-09-16 12:11:43.719,416.92125300033285,9
2024-09-16 12:11:43.720,416.9260287472684,5
2024-09-16 12:11:43.743,416.9179276978827,96
2024-09-16 12:11:43.904,416.9284272479045,8
2024-09-16 12:11:43.952,416.927690418977,15
2024-09-16 12:11:43.998,416.9194375790117,98
2024-09-16 12:11:44.034,416.89074162805946,100
2024-09-16 12:11:44.048,416.8772470103522,1003
2024-09-16 12:11:44.130,416.8742736534355,102
2024-09-16 12:11:44.134,416.85219595284906,999
2024-09-16 12:11:44.305,416.8645719074621,8
2024-09-16 12:11:44.353,416.86170297948274,999
2024-09-16 12:11:44.408,416.8786927740717,5
2024-09-16 12:11:44.491,416.87131339571584,12
2024-09-16 12:11:44.491,416.8817145432057,14
2024-09-16 12:11:44.498,416.8600371688765,98
2024-09-16 12:11:44.504,416.89083922292633,1005
2024-09-16 12:11:44.596,416.8843686250565,998
2024-09-16 12:11:44.652,,1002
2024-09-16 12:11:44.663,416.8511397560602,13
2024-09-16 12:11:44.708,416.8677405893279,95
2024-09-16 12:11:44.738,416.8707453251957,5
2024-09-16 12:11:44.755,416.8793603639865,1003
2024-09-16 12:11:44.757,416.8742262344298,104
2024-09-16 12:11:44.783,416.851263912686,102
2024-09-16 12:11:44.803,416.8869148929495,96
2024-09-16 12:11:44.834,416.875304689169,103
2024-09-16 12:11:44.894,416.8493363944755,1004
2024-09-16 12:11:44.905,416.9026199374652,6
2024-09-16 12:11:44.947,416.8434537189939,12
2024-09-16 12:11:44.970,416.9223958973532,12
2024-09-16 12:11:45.109,416.90353276918495,104
2024-09-16 12:11:45.150,416.9141269850474,102
2024-09-16 12:11:45.163,416.9006112546617,13
2024-09-16 12:11:45.178,416.9344176838198,97
2024-09-16 12:11:45.267,416.92494671772334,102
2024-09-16 12:11:45.306,416.8618538800675,102
2024-09-16 12:11:45.420,416.94314834497857,997
2024-09-16 12:11:45.434,416.9191269174247,101
2024-09-16 12:11:45.460,416.9055083249327,997
2024-09-16 12:11:45.462,416.91753837376535,96
2024-09-16 12:11:45.557,416.91853893483767,11
2024-09-16 12:11:45.594,416.9481876100909,105
2024-09-16 12:11:45.622,416.8822903268136,995
2024-09-16 12:11:45.737,416.9161345713222,103
2024-09-16 12:11:45.765,416.8766087927595,100
2024-09-16 12:11:45.800,416.9028955510636,997
2024-09-16 12:11:45.843,416.9210595871032,1000
2024-09-16 12:11:45.940,416.9085622544449,99
2024-09-16 12:11:45.950,416.89006707075976,1005
2024-09-16 12:11:45.981,416.9192256898591,103
2024-09-16 12:11:46.149,416.9270588570889,102
2024-09-16 12:11:46.356,416.9210370470265,98
2024-09-16 12:11:46.509,416.94135087107344,101
2024-09-16 12:11:46.791,416.9227159349223,995
2024-09-16 12:11:46.837,416.9395825410432,9
2024-09-16 12:11:46.882,416.93800215855134,104
2024-09-16 12:11:46.888,416.8894291791457,8
2024-09-16 12:11:47.090,416.92852015222286,1002
2024-09-16 12:11:47.097,416.9136733396188,1005
2024-09-16 12:11:47.106,416.91185806915615,9
2024-09-16 12:11:47.119,,1000
2024-09-16 12:11:47.186,416.9218855934804,13
2024-09-16 12:11:47.304,416.9008026128557,7
2024-09-16 12:11:47.330,416.88256341998994,14
2024-09-16 12:11:47.400,416.9338488072812,6
2024-09-16 12:11:47.457,416.9394386025347,102
2024-09-16 12:11:47.598,416.9416756586575,15
2024-09-16 12:11:47.670,,1005
2024-09-16 12:11:47.675,416.9055567169439,10
2024-09-16 12:11:47.703,416.89181376642426,1000
2024-09-16 12:11:47.728,416.9166851298014,9
2024-09-16 12:11:47.741,416.9110296719695,1001
2024-09-16 12:11:47.844,416.8677487373934,999
2024-09-16 12:11:47.850,416.9059053388504,996
2024-09-16 12:11:47.954,416.9048400491778,102
2024-09-16 12:11:47.966,416.9227265616442,998
2024-09-16 12:11:47.987,416.9314566579833,12
2024-09-16 12:11:48.014,416.9751208629891,6
2024-09-16 12:11:48.017,416.9909248438257,11
2024-09-16 12:11:48.058,416.9829228632897,997
2024-09-16 12:11:48.067,416.9649804721236,9
2024-09-16 12:11:48.077,416.9588022405214,14
2024-09-16 12:11:48.120,416.9649446911696,99
2024-09-16 12:11:48.153,416.96294071838736,97
2024-09-16 12:11:48.158,416.9957946208986,98
2024-09-16 12:11:48.270,416.9812808242161,998
2024-09-16 12:11:48.272,417.01015412082006,105
2024-09-16 12:11:48.333,416.9746077602206,103
2024-09-16 12:11:48.374,416.9479335081659,1004
2024-09-16 12:11:48.408,416.95128497080816,14
2024-09-16 12:11:48.416,416.9826891871954,98
2024-09-16 12:11:48.624,416.9611352244359,7
2024-09-16 12:11:48.648,416.9997108534195,105
2024-09-16 12:11:48.653,416.97156069156,97
2024-09-16 12:11:48.709,416.9535447475986,15
2024-09-16 12:11:48.747,417.0008349950157,995
2024-09-16 12:11:48.748,416.9856997087998,996
2024-09-16 12:11:48.805,416.96242170293465,999
2024-09-16 12:11:48.856,416.9823957604564,103
2024-09-16 12:11:48.937,416.98458781059065,11
2024-09-16 12:11:48.991,416.9458050657096,12
2024-09-16 12:11:49.025,416.8873728950419,105
2024-09-16 12:11:49.146,416.93576641793805,1004
2024-09-16 12:11:49.380,416.9430301909388,97
2024-09-16 12:11:49.406,416.9469051452811,99
2024-09-16 12:11:49.468,416.86180070115387,996
2024-09-16 12:11:49.567,416.9318070093627,8
2024-09-16 12:11:49.588,416.8740673188486,100
2024-09-16 12:11:49.617,416.8738351257009,8
2024-09-16 12:11:49.689,416.9160995404882,996
2024-09-16 12:11:49.714,416.8694276306892,11
2024-09-16 12:11:50.176,416.857428156712,15
2024-09-16 12:11:50.605,41.68618520816821,1004
2024-09-16 12:11:50.662,416.8648765031904,1005
2024-09-16 12:11:50.681,416.8456345025548,101
2024-09-16 12:11:50.866,416.8602869140637,998
2024-09-16 12:11:51.014,-416.8671811552729,1001
2024-09-16 12:11:51.434,416.8771564685441,104
2024-09-16 12:11:51.550,416.8621067579986,10
2024-09-16 12:11:51.567,416.870001500192,99
2024-09-16 12:11:51.583,416.89398809426274,999
2024-09-16 12:11:51.706,416.8917712340611,1005
2024-09-16 12:11:51.809,416.8866943660687,7
2024-09-16 12:11:52.047,416.8775360152112,15
2024-09-16 12:11:52.176,416.8777824165084,995
2024-09-16 12:11:52.293,416.88934052669777,1000
2024-09-16 12:11:52.454,416.9014710084328,11
2024-09-16 12:11:52.553,416.88030910372856,1004
2024-09-16 12:11:52.557,416.8829828853054,97
2024-09-16 12:11:52.629,416.89487084424536,1002
2024-09-16 12:11:52.883,416.8778470181122,1000
2024-09-16 12:11:53.074,416.9594240567131,995
2024-09-16 12:11:53.079,417.0495427292022,998
2024-09-16 12:11:53.083,416.9698163247056,98
2024-09-16 12:11:53.084,417.0328036049912,101
2024-09-16 12:11:53.093,417.0630681492617,996
2024-09-16 12:11:53.163,417.04476316379055,14
2024-09-16 12:11:53.182,417.0540627352156,103
2024-09-16 12:11:53.226,416.9180367908073,96
2024-09-16 12:11:53.258,416.9440841972348,10
2024-09-16 12:11:53.289,417.0216110943825,13
2024-09-16 12:11:53.304,416.9381698390312,6
2024-09-16 12:11:53.425,417.02566891958026,105
2024-09-16 12:11:53.498,417.0245307709683,105
2024-09-16 12:11:53.504,416.93165843131806,7
2024-09-16 12:11:53.565,416.9357745278239,996
2024-09-16 12:11:53.592,417.0200113484757,11
2024-09-16 12:11:53.616,416.9666913332388,104
2024-09-16 12:11:53.658,416.9305422192033,8
2024-09-16 12:11:53.810,416.9404308537393,7
2024-09-16 12:11:53.812,417.0007554053343,99
2024-09-16 12:11:53.854,416.9173778612404,14
2024-09-16 12:11:53.862,417.0289236802101,999
2024-09-16 12:11:53.888,417.001927056152,1003
2024-09-16 12:11:54.018,416.97250859493954,998
2024-09-16 12:11:54.021,416.9742867189221,1004
2024-09-16 12:11:54.045,416.9854225791427,105
2024-09-16 12:11:54.085,416.9496237614684,1001
2024-09-16 12:11:54.088,417.0161407827509,13
2024-09-16 12:11:54.097,417.0069881035733,995
2024-09-16 12:11:54.125,416.9595720007032,101
2024-09-16 12:11:54.148,416.9712155649456,95
2024-09-16 12:11:54.154,416.9745404924031,10
2024-09-16 12:11:54.159,416.9322068436827,97
2024-09-16 12:11:54.168,,1002
2024-09-16 12:11:54.189,417.0164499789322,11
2024-09-16 12:11:54.248,416.9608249968164,103
2024-09-16 12:11:54.263,417.0079929825388,10
2024-09-16 12:11:54.339,416.9482476432829,11
2024-09-16 12:11:54.407,417.0131182070608,14
2024-09-16 12:11:54.511,416.9782791320436,101
2024-09-16 12:11:54.522,416.9367823587832,995
2024-09-16 12:11:54.602,416.9508681204885,1001
2024-09-16 12:11:54.644,416.9330078703365,13
2024-09-16 12:11:54.676,417.04922059532765,998
2024-09-16 12:11:54.680,416.9504422638546,995
2024-09-16 12:11:54.712,416.972488618877,997
2024-09-16 12:11:54.776,417.0046934687809,100
2024-09-16 12:11:54.871,416.9842823996559,1003
2024-09-16 12:11:54.890,416.97963657110313,12
2024-09-16 12:11:54.930,416.94780798052153,7
2024-09-16 12:11:55.131,41.69438670991987,101
2024-09-16 12:11:55.150,416.9417603433941,997
2024-09-16 12:11:56.027,416.92985139764977,15
2024-09-16 12:11:56.055,416.9241864078563,1005
2024-09-16 12:11:56.061,416.9404465635948,9
2024-09-16 12:11:56.096,416.938644865284,8
2024-09-16 12:11:56.121,416.92333090584935,96
2024-09-16 12:11:56.128,416.94436169993855,104
2024-09-16 12:11:56.148,416.9479346432469,103
2024-09-16 12:11:56.161,416.9555023469342,1000
2024-09-16 12:11:56.208,416.9466810634252,1005
2024-09-16 12:11:56.255,416.93059667390736,8
2024-09-16 12:11:56.393,416.9382744492255,12
2024-09-16 12:11:56.431,416.93169605489146,995
2024-09-16 12:11:56.454,416.9454784264651,105
2024-09-16 12:11:56.463,416.9187257580386,13
2024-09-16 12:11:56.515,416.9376624425056,103
2024-09-16 12:11:56.522,416.9518400328989,6
2024-09-16 12:11:56.545,416.9188500840659,13
2024-09-16 12:11:56.547,416.9208173307263,1003
2024-09-16 12:11:56.616,416.9243461656674,999
2024-09-16 12:11:56.795,416.9649274713802,14
2024-09-16 12:11:56.848,416.9266162333473,998
2024-09-16 12:11:56.911,416.9440729771759,14
2024-09-16 12:11:57.104,416.93321722204746,996
2024-09-16 12:11:57.121,416.9513788168921,1003
2024-09-16 12:11:57.123,416.8796114340409,997
2024-09-16 12:11:57.155,416.92537504163374,997
2024-09-16 12:11:57.176,416.9348451451137,100
2024-09-16 12:11:57.442,416.9430356988847,1004
2024-09-16 12:11:57.506,416.9571551265079,99
2024-09-16 12:11:57.510,416.9205344152908,99
2024-09-16 12:11:57.594,416.9398877682006,103
2024-09-16 12:11:57.769,416.8865483316287,6
2024-09-16 12:11:57.796,416.893762226895,95
2024-09-16 12:11:57.911,416.9101310044417,7
2024-09-16 12:11:57.939,416.9141826038584,998
2024-09-16 12:11:58.014,416.9405450833856,103
2024-09-16 12:11:58.025,416.9437234872497,100
2024-09-16 12:11:58.029,416.9390240634759,996
2024-09-16 12:11:58.050,416.95589241129807,6
2024-09-16 12:11:58.054,416.9318207951992,100
2024-09-16 12:11:58.114,416.952940661695,98
2024-09-16 12:11:58.141,416.9360887632413,1000
2024-09-16 12:11:58.192,416.9379925315203,1000
2024-09-16 12:11:58.257,416.9458283963051,7
2024-09-16 12:11:58.305,416.9391891136375,5
2024-09-16 12:11:58.345,416.9661879882872,997
2024-09-16 12:11:58.441,416.9349889215402,1004
2024-09-16 12:11:58.525,416.9305082724413,1003
2024-09-16 12:11:58.606,416.9649576247117,95
2024-09-16 12:11:58.651,416.94918770047167,1001
2024-09-16 12:11:58.721,416.96257381115817,100
2024-09-16 12:11:58.726,416.942263078237,1002
2024-09-16 12:11:58.730,416.9514335579896,6
2024-09-16 12:11:58.784,416.9391666216361,1001
2024-09-16 12:11:58.839,,102
2024-09-16 12:11:58.849,416.9415711317798,5
2024-09-16 12:11:58.998,416.94080711768,102
2024-09-16 12:11:59.020,41.69575464805605,6
2024-09-16 12:11:59.112,,1001
2024-09-16 12:11:59.301,416.93307365986254,8
2024-09-16 12:11:59.304,416.9270053422433,99
2024-09-16 12:11:59.325,416.9415785660124,997
2024-09-16 12:11:59.438,416.9396431602596,998
2024-09-16 12:11:59.627,,104
2024-09-16 12:11:59.715,416.928856961133,1000
2024-09-16 12:11:59.818,,8
2024-09-16 12:11:59.819,416.92888669363975,5
2024-09-16 12:11:59.944,416.92978282719866,96
2024-09-16 12:11:59.948,416.9107123140305,102
