Timestamp,Price,Size
2024-09-16 12:47:00.100,418.0274288605435,1004
2024-09-16 12:47:00.112,418.0392706791639,103
2024-09-16 12:47:00.117,418.01225904785696,995
2024-09-16 12:47:00.213,418.0282016979286,96
2024-09-16 12:47:00.242,418.04547898700525,1000
2024-09-16 12:47:00.242,418.0472880794278,999
2024-09-16 12:47:00.264,418.02040212301193,98
2024-09-16 12:47:00.293,418.0339510397432,11
2024-09-16 12:47:00.324,418.047606600618,7
2024-09-16 12:47:00.373,418.0561824208635,995
2024-09-16 12:47:00.376,418.0467216789003,1004
2024-09-16 12:47:00.379,418.0273180838138,14
2024-09-16 12:47:00.401,418.04327792261057,999
2024-09-16 12:47:00.496,418.0374966094573,999
2024-09-16 12:47:00.521,418.0448227112278,996
2024-09-16 12:47:00.528,418.0458581066196,101
2024-09-16 12:47:00.547,418.0647137866697,5
2024-09-16 12:47:00.593,418.0407016375346,104
2024-09-16 12:47:00.689,418.0252853981738,1003
2024-09-16 12:47:00.718,418.0386278042851,8
2024-09-16 12:47:00.757,418.0499456078486,97
2024-09-16 12:47:00.880,418.03258445726135,102
2024-09-16 12:47:00.888,418.0520560727428,99
2024-09-16 12:47:00.908,418.0159033568313,11
2024-09-16 12:47:00.936,418.0072904077485,101
2024-09-16 12:47:00.952,418.0347139808093,98
2024-09-16 12:47:01.003,418.05016077605967,13
2024-09-16 12:47:01.024,418.0400575147938,15
2024-09-16 12:47:01.038,418.0550238599265,995
2024-09-16 12:47:01.162,418.0848800939471,1002
2024-09-16 12:47:01.206,418.0394443950317,7
2024-09-16 12:47:01.217,418.0442090262537,15
2024-09-16 12:47:01.238,418.0513143608384,10
2024-09-16 12:47:01.359,418.04482553626,1002
2024-09-16 12:47:01.373,418.0878969150737,999
2024-09-16 12:47:01.388,418.03599570450046,101
2024-09-16 12:47:01.392,418.06250208628586,104
2024-09-16 12:47:01.420,418.06715434520487,7
2024-09-16 12:47:01.430,418.0563202842666,103
2024-09-16 12:47:01.434,418.0537500563,101
2024-09-16 12:47:01.498,418.0626130640511,1000
2024-09-16 12:47:01.516,418.0777499081022,101
2024-09-16 12:47:01.531,418.0322111327376,99
2024-09-16 12:47:01.553,418.0526038049687,99
2024-09-16 12:47:01.606,418.04297476529786,999
2024-09-16 12:47:01.626,418.0469264052126,996
2024-09-16 12:47:01.647,418.09174229650506,1005
2024-09-16 12:47:01.650,418.0536139978647,102
2024-09-16 12:47:01.673,418.0662632283102,1001
2024-09-16 12:47:01.676,418.07556144620565,101
2024-09-16 12:47:01.729,41.80561717289782,1005
2024-09-16 12:47:01.787,418.0798525566799,97
2024-09-16 12:47:01.819,418.0881858650684,10
2024-09-16 12:47:01.857,418.1068836038987,103
2024-09-16 12:47:01.876,418.0713838974904,9
2024-09-16 12:47:01.880,418.06508747192254,98
2024-09-16 12:47:02.059,418.0520569028199,15
2024-09-16 12:47:02.084,418.0900794342006,99
2024-09-16 12:47:02.117,418.01697861681913,99
2024-09-16 12:47:02.160,418.0492769780311,99
2024-09-16 12:47:02.227,418.08154546618914,12
2024-09-16 12:47:02.235,418.04418454166415,10
2024-09-16 12:47:02.242,418.0468295746611,5
2024-09-16 12:47:02.246,418.0896325616092,7
2024-09-16 12:47:02.261,418.0639797708303,1003
2024-09-16 12:47:02.306,418.06955427568766,1005
2024-09-16 12:47:02.313,418.0823153319064,9
2024-09-16 12:47:02.343,418.0572510525514,1004
2024-09-16 12:47:02.406,418.0259474915457,1000
2024-09-16 12:47:02.416,418.0941741726796,7
2024-09-16 12:47:02.498,418.0459664677713,97
2024-09-16 12:47:02.502,418.08874036551856,995
2024-09-16 12:47:02.593,418.0811364679418,1001
2024-09-16 12:47:02.659,418.0792423060253,103
2024-09-16 12:47:02.706,418.0380450090708,97
2024-09-16 12:47:02.825,418.0312865476913,95
2024-09-16 12:47:02.826,418.0326179300345,999
2024-09-16 12:47:02.867,418.0658518893294,997
2024-09-16 12:47:02.885,418.05792297234063,102
2024-09-16 12:47:02.932,418.03355468612,995
2024-09-16 12:47:02.986,418.0507611906694,997
2024-09-16 12:47:02.987,418.0763832366755,5
2024-09-16 12:47:02.995,418.0694387501284,1001
2024-09-16 12:47:03.034,418.0323388586593,97
2024-09-16 12:47:03.078,418.0335387051921,14
2024-09-16 12:47:03.090,418.0315637636596,7
2024-09-16 12:47:03.175,418.0693868000466,8
2024-09-16 12:47:03.438,418.0316185461293,1004
2024-09-16 12:47:03.543,418.0242611212086,102
2024-09-16 12:47:03.732,418.0134168423052,101
2024-09-16 12:47:03.741,418.0012040416311,9
2024-09-16 12:47:03.841,418.046495072741,15
2024-09-16 12:47:04.120,417.9952484637318,7
2024-09-16 12:47:04.161,418.0165242375347,15
2024-09-16 12:47:04.230,417.9792889029045,8
2024-09-16 12:47:04.251,417.98715313724426,998
2024-09-16 12:47:04.258,417.9922216505225,13
2024-09-16 12:47:04.260,418.02026310864375,95
2024-09-16 12:47:04.271,417.9758680381379,999
2024-09-16 12:47:04.346,418.0099734321886,997
2024-09-16 12:47:04.483,418.01016967676463,995
2024-09-16 12:47:04.498,417.9956846459715,99
2024-09-16 12:47:04.547,417.96818427909255,12
2024-09-16 12:47:04.635,417.997203951843,998
2024-09-16 12:47:04.670,418.0053744532531,97
2024-09-16 12:47:04.885,418.0160534637203,105
2024-09-16 12:47:04.895,418.0177254905393,12
2024-09-16 12:47:04.971,418.0028721144371,7
2024-09-16 12:47:05.033,418.0047851599261,14
2024-09-16 12:47:05.067,418.02378233859,999
2024-09-16 12:47:05.226,418.0286092697285,101
2024-09-16 12:47:05.333,418.002479652628,96
2024-09-16 12:47:05.367,417.9889898271828,1002
2024-09-16 12:47:05.468,418.0004980725861,1003
2024-09-16 12:47:05.653,417.9837563955791,10
2024-09-16 12:47:05.653,,995
2024-09-16 12:47:05.786,417.9942216859073,13
2024-09-16 12:47:05.829,418.0035311300696,101
2024-09-16 12:47:05.842,418.0059715852133,103
2024-09-16 12:47:05.845,417.9995461445134,1000
2024-09-16 12:47:05.997,417.9982655246285,6
2024-09-16 12:47:06.210,418.0353109507812,14
2024-09-16 12:47:06.214,418.0351079424865,998
2024-09-16 12:47:06.337,418.0224499434863,1003
2024-09-16 12:47:06.369,418.0223361137079,96
2024-09-16 12:47:06.594,418.0853258739796,1001
2024-09-16 12:47:06.675,418.026749019545,997
2024-09-16 12:47:06.766,418.04637435979214,8
2024-09-16 12:47:07.027,418.0847929863532,100
2024-09-16 12:47:07.704,418.06572379197866,11
2024-09-16 12:47:07.907,418.0812282520863,105
2024-09-16 12:47:08.044,417.9281597541129,95
2024-09-16 12:47:08.191,418.02867762404895,1003
2024-09-16 12:47:08.278,417.9736777559694,998
2024-09-16 12:47:08.289,417.9311985818822,104
2024-09-16 12:47:08.311,417.944116652363,11
2024-09-16 12:47:08.353,417.9818997162953,96
2024-09-16 12:47:08.436,-418.0635453706701,996
2024-09-16 12:47:08.437,417.9554980657213,1000
2024-09-16 12:47:08.455,417.9437068727141,7
2024-09-16 12:47:08.484,418.0502521876991,103
2024-09-16 12:47:08.532,417.94693495276994,1001
2024-09-16 12:47:08.564,417.94121538282366,98
2024-09-16 12:47:08.582,418.0300551105125,997
2024-09-16 12:47:08.598,417.99126669447537,11
2024-09-16 12:47:08.605,418.0678450888588,12
2024-09-16 12:47:08.644,417.97573126105016,14
2024-09-16 12:47:08.710,417.9630361863147,15
2024-09-16 12:47:08.736,417.9461306809083,15
2024-09-16 12:47:08.756,418.040719568054,13
2024-09-16 12:47:08.774,418.0118888985916,999
2024-09-16 12:47:08.802,418.0530553657914,996
2024-09-16 12:47:08.803,418.0181886725424,11
2024-09-16 12:47:08.875,417.99679332756574,1002
2024-09-16 12:47:08.949,417.978327081292,15
2024-09-16 12:47:09.023,418.0598939796794,105
2024-09-16 12:47:09.043,418.0377572376652,997
2024-09-16 12:47:09.066,418.0249506406232,6
2024-09-16 12:47:09.100,418.059655334186,99
2024-09-16 12:47:09.178,418.0624412970943,1004
2024-09-16 12:47:09.257,418.0036919913513,11
2024-09-16 12:47:09.265,418.028894114035,1004
2024-09-16 12:47:09.446,418.017450695656,8
2024-09-16 12:47:09.677,418.0448504098212,6
2024-09-16 12:47:09.693,418.0373950592482,998
2024-09-16 12:47:09.740,418.0365168009354,997
2024-09-16 12:47:09.842,418.0457478909836,995
2024-09-16 12:47:09.906,418.0268517699977,1005
2024-09-16 12:47:09.921,418.04803418439786,101
2024-09-16 12:47:09.947,418.0625717103874,101
2024-09-16 12:47:10.053,418.0449624109712,15
2024-09-16 12:47:10.069,418.07233274110433,998
2024-09-16 12:47:10.116,418.01715439028936,6
2024-09-16 12:47:10.154,418.0432690957935,997
2024-09-16 12:47:10.269,418.03694146874994,1003
2024-09-16 12:47:10.271,418.01048957881005,7
2024-09-16 12:47:10.299,418.066337007728,102
2024-09-16 12:47:10.306,418.0167839604764,13
2024-09-16 12:47:10.336,418.0116960409803,12
2024-09-16 12:47:10.390,418.0515191956067,996
2024-09-16 12:47:10.398,418.002794950008,14
2024-09-16 12:47:10.725,418.0437693559841,105
2024-09-16 12:47:10.730,418.0752248558688,998
2024-09-16 12:47:10.796,418.0290803468061,998
2024-09-16 12:47:10.801,418.0143995111996,103
2024-09-16 12:47:10.804,418.0480071057098,99
2024-09-16 12:47:10.836,418.05164136167366,12
2024-09-16 12:47:10.839,417.9982606299472,14
2024-09-16 12:47:10.846,418.0651934919388,96
2024-09-16 12:47:10.897,418.0572797880483,15
2024-09-16 12:47:10.921,417.9855816300954,9
2024-09-16 12:47:10.989,418.06070832367504,8
2024-09-16 12:47:11.031,417.97365114619913,9
2024-09-16 12:47:11.145,417.9834437661268,1005
2024-09-16 12:47:11.161,417.95313673110206,14
2024-09-16 12:47:11.163,417.9917968258327,8
2024-09-16 12:47:11.412,417.9728905551556,995
2024-09-16 12:47:11.431,417.974258544233,11
2024-09-16 12:47:11.646,417.9849927665566,8
2024-09-16 12:47:11.775,417.972703720852,98
2024-09-16 12:47:11.902,417.9564018376231,7
2024-09-16 12:47:11.916,417.9601178971079,105
2024-09-16 12:47:11.962,417.97589420430194,1002
2024-09-16 12:47:11.987,417.95968754054974,10
2024-09-16 12:47:12.077,417.991914409738,999
2024-09-16 12:47:12.083,,6
2024-09-16 12:47:12.087,417.99796793715785,9
2024-09-16 12:47:12.133,417.9934570587499,9
2024-09-16 12:47:12.149,417.9819156596315,998
2024-09-16 12:47:12.217,418.0239813929376,14
2024-09-16 12:47:12.220,417.957339039935,996
2024-09-16 12:47:12.222,418.024437619436,5
2024-09-16 12:47:12.245,417.9790107652199,15
2024-09-16 12:47:12.259,418.002797620904,1000
2024-09-16 12:47:12.407,417.9595079140783,14
2024-09-16 12:47:12.447,418.0005763257296,97
2024-09-16 12:47:12.450,418.00670085643424,14
2024-09-16 12:47:12.456,417.9928128357068,13
2024-09-16 12:47:12.470,417.9551053755328,97
2024-09-16 12:47:12.480,417.9556562198978,99
2024-09-16 12:47:12.492,418.0013954712392,6
2024-09-16 12:47:12.515,417.98707312082894,104
2024-09-16 12:47:12.530,417.9673012524127,1001
2024-09-16 12:47:12.535,417.9929706546534,1000
2024-09-16 12:47:12.541,41.799735835111576,10
2024-09-16 12:47:12.569,417.9953970160549,12
2024-09-16 12:47:12.579,417.98325906376726,105
2024-09-16 12:47:12.590,418.0054702254907,101
2024-09-16 12:47:12.814,418.0140995822477,10
2024-09-16 12:47:12.866,418.0086336458496,7
2024-09-16 12:47:12.887,418.0015625895426,10
2024-09-16 12:47:12.896,417.9740861050096,12
2024-09-16 12:47:12.921,417.98726783259417,97
2024-09-16 12:47:12.924,418.00137715790976,5
2024-09-16 12:47:13.088,418.0940128434721,999
2024-09-16 12:47:13.121,418.0990174065708,14
2024-09-16 12:47:13.155,,103
2024-09-16 12:47:13.204,418.0933874191013,1004
2024-09-16 12:47:13.245,418.0314853935947,96
2024-09-16 12:47:13.358,418.0820169857741,15
2024-09-16 12:47:13.384,41.80895428153945,1003
2024-09-16 12:47:13.449,418.0580970029441,996
2024-09-16 12:47:13.469,418.0692692859995,104
2024-09-16 12:47:13.509,418.1172290028381,1004
2024-09-16 12:47:13.570,418.0984328433897,1004
2024-09-16 12:47:13.589,418.0594941554192,6
2024-09-16 12:47:13.600,418.106578438069,8
2024-09-16 12:47:13.607,418.10132707033296,14
2024-09-16 12:47:13.643,418.0603388545916,8
2024-09-16 12:47:13.718,418.06814998097934,105
2024-09-16 12:47:13.719,418.08323167686393,13
2024-09-16 12:47:13.732,418.0550047531804,996
2024-09-16 12:47:13.740,418.074424242826,14
2024-09-16 12:47:13.923,418.0517367064552,998
2024-09-16 12:47:14.086,418.1142324600563,11
2024-09-16 12:47:14.164,418.10025936005576,9
2024-09-16 12:47:14.175,418.11570488919006,13
2024-09-16 12:47:14.257,418.0670512147362,104
2024-09-16 12:47:14.259,41.80909723667581,1000
2024-09-16 12:47:14.316,418.08053852415975,100
2024-09-16 12:47:14.367,418.01731733736847,1000
2024-09-16 12:47:14.373,,1005
2024-09-16 12:47:14.377,418.0264649362342,10
2024-09-16 12:47:14.389,418.0869085377231,1003
2024-09-16 12:47:14.432,418.0888812159511,1005
2024-09-16 12:47:14.454,418.0575326664988,104
2024-09-16 12:47:14.462,418.0392924465068,995
2024-09-16 12:47:14.470,418.09625733458427,100
2024-09-16 12:47:14.488,418.06719374024095,8
2024-09-16 12:47:14.504,418.02679430160265,6
2024-09-16 12:47:14.533,418.0597991986593,6
2024-09-16 12:47:14.570,418.0765088884637,10
2024-09-16 12:47:14.648,418.0300944888093,12
2024-09-16 12:47:14.650,418.05524015523184,1004
2024-09-16 12:47:14.680,418.0762493544733,15
2024-09-16 12:47:14.822,418.091082416368,12
2024-09-16 12:47:14.913,418.0902976783214,1001
2024-09-16 12:47:14.941,418.1020155849941,9
2024-09-16 12:47:14.992,418.0890467291438,100
2024-09-16 12:47:15.059,417.9904413193992,102
2024-09-16 12:47:15.060,418.0370191999706,997
2024-09-16 12:47:15.084,418.0427583236276,998
2024-09-16 12:47:15.136,417.993682202143,997
2024-09-16 12:47:15.155,417.98941982088286,10
2024-09-16 12:47:15.227,418.0294672192109,100
2024-09-16 12:47:15.350,418.04830300359527,104
2024-09-16 12:47:15.358,418.0362358243792,5
2024-09-16 12:47:15.381,418.04425084599967,1005
2024-09-16 12:47:15.383,418.0887612083369,999
2024-09-16 12:47:15.383,418.039279781309,10
2024-09-16 12:47:15.490,418.0503027381137,13
2024-09-16 12:47:15.581,418.0902969230127,1001
2024-09-16 12:47:15.614,418.03115342400287,1002
2024-09-16 12:47:15.671,418.0454142285725,995
2024-09-16 12:47:15.735,418.0865761208563,98
2024-09-16 12:47:15.782,418.0873438862072,996
2024-09-16 12:47:15.793,41.80587575005504,6
2024-09-16 12:47:15.902,418.0965191396285,13
2024-09-16 12:47:15.923,418.0224145363377,1003
2024-09-16 12:47:15.926,418.0436949656167,999
2024-09-16 12:47:15.943,417.9843783483973,103
2024-09-16 12:47:15.963,418.0746309750464,6
2024-09-16 12:47:15.986,418.023833567895,105
2024-09-16 12:47:16.018,418.0000634715422,15
2024-09-16 12:47:16.027,417.9684701718948,998
2024-09-16 12:47:16.030,417.9898658488597,14
2024-09-16 12:47:16.123,418.0148376766346,13
2024-09-16 12:47:16.134,417.9642117290716,97
2024-09-16 12:47:16.137,417.9961754047134,98
2024-09-16 12:47:16.164,418.000154698522,999
2024-09-16 12:47:16.186,417.9749752063218,14
2024-09-16 12:47:16.238,418.01745395550046,10
2024-09-16 12:47:16.272,417.98873267829225,9
2024-09-16 12:47:16.339,418.008702104801,102
2024-09-16 12:47:16.356,417.9764790310715,8
2024-09-16 12:47:16.362,417.9891646637107,998
2024-09-16 12:47:16.460,417.9768878254598,997
2024-09-16 12:47:16.475,417.9885529861907,101
2024-09-16 12:47:16.557,417.9843588228902,7
2024-09-16 12:47:16.664,417.9573233234224,998
2024-09-16 12:47:16.693,418.00484574168127,8
2024-09-16 12:47:16.696,417.9909631644976,1003
2024-09-16 12:47:16.721,418.0295506779332,995
2024-09-16 12:47:16.763,417.99143685086113,101
2024-09-16 12:47:16.785,417.98283327528975,1000
2024-09-16 12:47:16.793,417.9831285747808,6
2024-09-16 12:47:16.799,417.9934699098957,10
2024-09-16 12:47:16.916,417.99803949799167,6
2024-09-16 12:47:16.971,417.9849161542245,105
2024-09-16 12:47:17.006,417.9963210601301,11
2024-09-16 12:47:17.096,417.9860041435751,1005
2024-09-16 12:47:17.109,417.9621586422914,101
2024-09-16 12:47:17.137,41.79672842196453,101
2024-09-16 12:47:17.141,417.994485970992,14
2024-09-16 12:47:17.183,418.0171360336359,1004
2024-09-16 12:47:17.213,417.981187589544,1000
2024-09-16 12:47:17.214,417.95011560259127,999
2024-09-16 12:47:17.324,417.9762979509045,97
2024-09-16 12:47:17.439,417.98042542890494,15
2024-09-16 12:47:17.485,417.96129553140906,1001
2024-09-16 12:47:17.526,417.9818847478628,100
2024-09-16 12:47:17.530,417.9756970503476,97
2024-09-16 12:47:17.734,417.9558133999201,998
2024-09-16 12:47:17.770,417.97506331763606,7
2024-09-16 12:47:17.869,417.9811826913914,6
2024-09-16 12:47:17.900,418.0307497283249,10
2024-09-16 12:47:17.928,417.9759586035495,8
2024-09-16 12:47:17.973,418.0072065064227,95
2024-09-16 12:47:18.022,417.952235571227,995
2024-09-16 12:47:18.054,417.9285400078863,102
2024-09-16 12:47:18.058,417.9213233816958,97
2024-09-16 12:47:18.074,417.9191719753317,99
2024-09-16 12:47:18.286,417.9575403813904,12
2024-09-16 12:47:18.321,417.9414590025364,1004
2024-09-16 12:47:18.370,417.92287240131583,13
2024-09-16 12:47:18.456,417.97327979468906,98
2024-09-16 12:47:18.505,417.9719418471531,7
2024-09-16 12:47:18.559,417.9417763081645,1002
2024-09-16 12:47:18.582,417.9673121196785,1000
2024-09-16 12:47:18.599,417.9355781403112,14
2024-09-16 12:47:18.637,417.9465820925671,98
2024-09-16 12:47:18.724,417.9772642679537,14
2024-09-16 12:47:18.737,417.932667524632,104
2024-09-16 12:47:18.739,417.9823524382144,6
2024-09-16 12:47:18.847,417.9449765765184,11
2024-09-16 12:47:19.146,417.9329908190671,101
2024-09-16 12:47:19.218,417.9262716119792,11
2024-09-16 12:47:19.277,417.8874305807548,1004
2024-09-16 12:47:19.343,417.94392537308926,102
2024-09-16 12:47:19.453,417.8851555721013,97
2024-09-16 12:47:19.470,417.9234939756617,6
2024-09-16 12:47:19.580,417.9034448287663,5
2024-09-16 12:47:19.609,417.9305855496683,100
2024-09-16 12:47:19.638,417.93845188272144,104
2024-09-16 12:47:19.641,417.88233481538856,1003
2024-09-16 12:47:19.746,417.9212351915118,5
2024-09-16 12:47:19.748,417.90610512100216,15
2024-09-16 12:47:19.947,417.9035009927961,104
2024-09-16 12:47:20.006,417.93006273921344,102
2024-09-16 12:47:20.045,417.9361118629263,1004
2024-09-16 12:47:20.117,417.9518909798928,6
2024-09-16 12:47:20.161,417.91021118791457,998
2024-09-16 12:47:20.174,417.9499296989153,6
2024-09-16 12:47:20.176,417.9422897984532,14
2024-09-16 12:47:20.227,417.9418014801989,13
2024-09-16 12:47:20.258,417.9896335850913,7
2024-09-16 12:47:20.344,417.9739216873026,15
2024-09-16 12:47:20.411,417.95549595191744,1005
2024-09-16 12:47:20.455,417.9421590916066,105
2024-09-16 12:47:20.578,417.90667112204784,5
2024-09-16 12:47:20.643,417.92026922236647,98
2024-09-16 12:47:20.649,417.9296728094324,1002
2024-09-16 12:47:20.768,417.93837680894,10
2024-09-16 12:47:20.794,417.9883790838604,103
2024-09-16 12:47:20.968,417.9323247947009,6
2024-09-16 12:47:21.349,417.98173457137904,999
2024-09-16 12:47:21.748,417.9864417865858,98
2024-09-16 12:47:21.984,418.00325311137874,99
2024-09-16 12:47:22.055,417.979856192453,1000
2024-09-16 12:47:22.126,417.9648372035649,5
2024-09-16 12:47:22.147,417.9419361972665,97
2024-09-16 12:47:22.148,417.9606093439671,104
2024-09-16 12:47:22.181,418.0026371166187,99
2024-09-16 12:47:22.295,418.002101013137,11
2024-09-16 12:47:22.331,417.9515004794401,96
2024-09-16 12:47:22.352,417.9903541160229,103
2024-09-16 12:47:22.387,417.9933049886458,12
2024-09-16 12:47:22.410,418.0011719195253,96
2024-09-16 12:47:22.428,417.98644909398985,15
2024-09-16 12:47:22.468,,97
2024-09-16 12:47:22.489,417.99089342458257,101
2024-09-16 12:47:22.491,417.9716980657074,15
2024-09-16 12:47:22.498,418.0231126805992,10
2024-09-16 12:47:22.541,417.9377719296828,10
2024-09-16 12:47:22.608,417.9943037758766,10
2024-09-16 12:47:22.679,417.986978587244,103
2024-09-16 12:47:22.787,418.0054414200118,999
2024-09-16 12:47:22.825,417.9482151329727,1002
2024-09-16 12:47:22.853,418.0000050639831,6
2024-09-16 12:47:22.864,417.973026850405,1003
2024-09-16 12:47:22.911,417.9662783161649,95
2024-09-16 12:47:22.926,417.9938028335624,1004
2024-09-16 12:47:22.930,417.9768309654439,6
2024-09-16 12:47:23.051,417.9760937558922,15
2024-09-16 12:47:23.055,417.95601757525606,14
2024-09-16 12:47:23.522,417.9484325585702,100
2024-09-16 12:47:23.546,417.9546367435474,995
2024-09-16 12:47:23.604,418.0013600886862,996
2024-09-16 12:47:23.675,417.9526532912989,1003
2024-09-16 12:47:23.771,418.0234632054576,996
2024-09-16 12:47:23.835,417.9776208493057,8
2024-09-16 12:47:24.044,417.9307223319668,99
2024-09-16 12:47:24.065,417.891100485224,96
2024-09-16 12:47:24.091,417.91455903172,15
2024-09-16 12:47:24.100,417.87958284653257,104
2024-09-16 12:47:24.113,417.86681396561227,998
2024-09-16 12:47:24.197,417.9342333607181,10
2024-09-16 12:47:24.290,417.90321839975775,1001
2024-09-16 12:47:24.296,417.870582809611,999
2024-09-16 12:47:24.301,417.87541551768544,97
2024-09-16 12:47:24.317,417.9399139886968,11
2024-09-16 12:47:24.408,417.95725260191233,95
2024-09-16 12:47:24.411,417.9409846277035,8
2024-09-16 12:47:24.425,417.9407215095523,99
2024-09-16 12:47:24.495,417.8699359600053,96
2024-09-16 12:47:24.572,417.93943695348514,14
2024-09-16 12:47:24.587,417.87911792903407,10
2024-09-16 12:47:24.645,417.8796399623066,95
2024-09-16 12:47:24.667,417.8826307478408,99
2024-09-16 12:47:24.673,417.9364881267756,104
2024-09-16 12:47:24.682,417.9413091497829,101
2024-09-16 12:47:24.705,417.9100409942776,1003
2024-09-16 12:47:24.809,417.9070840206451,1005
2024-09-16 12:47:24.876,417.8842497083426,1003
2024-09-16 12:47:24.884,417.9122189199268,1002
2024-09-16 12:47:24.906,417.9410571465099,15
2024-09-16 12:47:24.924,417.9540747769114,103
2024-09-16 12:47:24.962,417.9070386058532,1002
2024-09-16 12:47:25.278,417.8697541350554,1003
2024-09-16 12:47:25.525,417.8814808709805,100
2024-09-16 12:47:26.070,417.8608045794536,6
2024-09-16 12:47:26.073,417.85004652445866,996
2024-09-16 12:47:26.075,417.8593894097754,8
2024-09-16 12:47:26.364,417.855813043272,9
2024-09-16 12:47:26.411,417.83537113329226,96
2024-09-16 12:47:26.487,417.8623968169765,101
2024-09-16 12:47:27.168,417.85521537465473,1002
2024-09-16 12:47:27.168,417.930214218454,100
2024-09-16 12:47:27.182,417.8408495325431,98
2024-09-16 12:47:27.246,417.8664673405139,13
2024-09-16 12:47:27.261,417.9515498930765,100
2024-09-16 12:47:27.365,417.9022338939748,7
2024-09-16 12:47:27.376,417.9134904135773,7
2024-09-16 12:47:27.477,417.8685050342983,1004
2024-09-16 12:47:27.658,417.9091263958039,101
2024-09-16 12:47:27.685,417.9312385901802,995
2024-09-16 12:47:27.711,417.9276892381548,999
2024-09-16 12:47:27.762,417.8665083996917,8
2024-09-16 12:47:27.809,417.9185863915356,995
2024-09-16 12:47:27.831,417.9173583656945,1003
2024-09-16 12:47:27.848,417.8359605187919,1005
2024-09-16 12:47:27.895,417.8930308079942,99
2024-09-16 12:47:27.924,417.8797898538028,6
2024-09-16 12:47:27.962,417.9660164558669,8
2024-09-16 12:47:27.997,417.94978812131217,7
2024-09-16 12:47:28.050,417.9204159879533,105
2024-09-16 12:47:28.064,417.9211736492224,95
2024-09-16 12:47:28.111,417.8956342117148,1005
2024-09-16 12:47:28.147,417.8785551019267,1004
2024-09-16 12:47:28.255,417.89056110300027,96
2024-09-16 12:47:28.283,417.897959199816,1003
2024-09-16 12:47:28.372,417.8878306405183,1000
2024-09-16 12:47:28.508,417.8869583749824,105
2024-09-16 12:47:28.523,417.923682748659,1001
2024-09-16 12:47:28.561,417.8692733078239,10
2024-09-16 12:47:28.620,417.92710625022687,14
2024-09-16 12:47:28.632,417.9341799259974,12
2024-09-16 12:47:28.638,417.9377711727119,11
2024-09-16 12:47:28.715,417.8910000538629,105
2024-09-16 12:47:28.736,417.87893779275566,1005
2024-09-16 12:47:28.774,417.92835590642056,5
2024-09-16 12:47:28.851,417.8851961543571,8
2024-09-16 12:47:28.881,417.90150461158754,5
2024-09-16 12:47:28.910,417.93069337422577,15
2024-09-16 12:47:28.911,417.8859926658198,1001
2024-09-16 12:47:28.993,417.8693242115533,1001
2024-09-16 12:47:29.017,417.96723357950816,1002
2024-09-16 12:47:29.052,417.899915494365,1001
2024-09-16 12:47:29.054,417.9099267292312,7
2024-09-16 12:47:29.396,417.9214375271642,11
2024-09-16 12:47:29.408,417.9039574709462,11
2024-09-16 12:47:29.554,417.88791939871953,99
2024-09-16 12:47:29.814,417.9431838359535,100
2024-09-16 12:47:29.838,417.8999490455684,104
2024-09-16 12:47:29.993,417.9512697438767,100
2024-09-16 12:47:30.032,417.9685104590001,5
2024-09-16 12:47:30.074,417.9774466185529,105
2024-09-16 12:47:30.159,417.9724246737679,98
2024-09-16 12:47:30.210,417.96549354547216,1005
2024-09-16 12:47:30.223,417.9714814603037,995
2024-09-16 12:47:30.354,417.9615326849601,998
2024-09-16 12:47:30.359,417.9701321098219,5
2024-09-16 12:47:30.365,41.7952874468927,101
2024-09-16 12:47:30.383,417.9646826486705,10
2024-09-16 12:47:30.403,417.97024442719857,13
2024-09-16 12:47:30.413,417.9928074317662,998
2024-09-16 12:47:30.495,,95
2024-09-16 12:47:30.527,417.9667779295912,1004
2024-09-16 12:47:30.722,417.9739615240748,999
2024-09-16 12:47:30.731,417.98312368278096,1003
2024-09-16 12:47:30.764,417.9520278204675,1004
2024-09-16 12:47:30.780,417.9892636156581,100
2024-09-16 12:47:30.848,417.96518939161393,96
2024-09-16 12:47:30.931,417.9696354312589,1004
2024-09-16 12:47:30.941,417.9638081270541,5
2024-09-16 12:47:30.948,417.9732903344385,98
2024-09-16 12:47:31.004,417.9752375688717,102
2024-09-16 12:47:31.120,417.9991455666164,101
2024-09-16 12:47:31.145,417.9860965322361,1001
2024-09-16 12:47:31.173,417.9864338911136,1000
2024-09-16 12:47:31.300,417.9980259659298,12
2024-09-16 12:47:31.357,418.00227196555016,996
2024-09-16 12:47:31.386,417.9695885935143,9
2024-09-16 12:47:31.409,417.96302693874304,999
2024-09-16 12:47:31.439,418.01584798102016,101
2024-09-16 12:47:31.550,418.0021562721165,105
2024-09-16 12:47:31.680,417.96434011457495,10
2024-09-16 12:47:31.790,417.9916348427231,97
2024-09-16 12:47:31.802,417.9991092443884,95
2024-09-16 12:47:31.832,418.0037921668453,999
2024-09-16 12:47:31.844,418.0023212171874,103
2024-09-16 12:47:31.869,417.9671758910104,105
2024-09-16 12:47:31.902,417.9674129208857,105
2024-09-16 12:47:31.915,,99
2024-09-16 12:47:32.010,417.9661579026691,998
2024-09-16 12:47:32.061,417.9810140735692,99
2024-09-16 12:47:32.142,417.9681917945924,15
2024-09-16 12:47:32.160,417.9548284785615,5
2024-09-16 12:47:32.172,417.9744163473699,13
2024-09-16 12:47:32.277,417.9231725258177,1001
2024-09-16 12:47:32.308,417.939510861342,99
2024-09-16 12:47:32.309,418.00166732551713,999
2024-09-16 12:47:32.356,417.9637840482021,103
2024-09-16 12:47:32.369,417.97787671794094,14
2024-09-16 12:47:32.441,417.9236715456423,103
2024-09-16 12:47:32.441,417.9575607840594,1005
2024-09-16 12:47:32.457,417.9521281751117,98
2024-09-16 12:47:32.478,417.9384595012009,1003
2024-09-16 12:47:32.499,417.92499070411407,996
2024-09-16 12:47:32.534,417.9369316159666,97
2024-09-16 12:47:32.547,417.9503346035542,1001
2024-09-16 12:47:32.619,417.93458361227255,999
2024-09-16 12:47:32.657,417.9267435705863,996
2024-09-16 12:47:32.657,417.9444383891215,14
2024-09-16 12:47:32.669,,6
2024-09-16 12:47:32.689,-417.931787331118,1004
2024-09-16 12:47:32.695,41.79460643627666,1000
2024-09-16 12:47:32.708,417.9135370672416,10
2024-09-16 12:47:32.762,417.946214605361,101
2024-09-16 12:47:32.771,417.9405583400539,101
2024-09-16 12:47:32.780,417.9557779985948,1001
2024-09-16 12:47:32.860,417.963807462534,95
2024-09-16 12:47:32.901,417.9481548800659,8
2024-09-16 12:47:33.096,418.00597955827226,995
2024-09-16 12:47:33.143,418.0162396530097,12
2024-09-16 12:47:33.401,417.9979077841327,10
2024-09-16 12:47:33.404,418.0049834137776,1002
2024-09-16 12:47:33.470,418.0109374138957,1005
2024-09-16 12:47:33.495,417.99161935278784,1004
2024-09-16 12:47:33.536,417.9997729976742,11
2024-09-16 12:47:33.553,418.0014039768344,103
2024-09-16 12:47:33.582,418.0036142688497,9
2024-09-16 12:47:33.609,417.99418739905,10
2024-09-16 12:47:33.632,417.9845201160288,13
2024-09-16 12:47:33.633,417.9930556047592,7
2024-09-16 12:47:33.637,417.9967490052464,98
2024-09-16 12:47:33.754,417.9898285577007,98
2024-09-16 12:47:33.780,417.9945100114969,995
2024-09-16 12:47:33.780,417.9930039192496,998
2024-09-16 12:47:33.856,418.00189755848527,11
2024-09-16 12:47:33.976,417.9989469879535,15
2024-09-16 12:47:33.984,417.9970425278692,101
2024-09-16 12:47:33.986,418.0232199813593,997
2024-09-16 12:47:34.020,417.9631026437696,100
2024-09-16 12:47:34.026,417.9453822884601,6
2024-09-16 12:47:34.029,417.93039246930425,1001
2024-09-16 12:47:34.079,417.9567516352506,105
2024-09-16 12:47:34.084,417.9962719526293,11
2024-09-16 12:47:34.139,417.9200564032346,9
2024-09-16 12:47:34.159,417.9399808726458,7
2024-09-16 12:47:34.201,417.9257521872393,996
2024-09-16 12:47:34.320,417.95333320931246,14
2024-09-16 12:47:34.371,417.9250738962874,102
2024-09-16 12:47:34.388,417.9063435854624,98
2024-09-16 12:47:34.432,417.9632629095813,1004
2024-09-16 12:47:34.463,417.9161062738216,102
2024-09-16 12:47:34.535,417.9256763707834,995
2024-09-16 12:47:34.535,417.9332656672411,7
2024-09-16 12:47:34.584,417.9051514101324,6
2024-09-16 12:47:34.641,417.9854401210423,14
2024-09-16 12:47:34.651,417.9365611235701,95
2024-09-16 12:47:34.663,417.9221962130448,7
2024-09-16 12:47:34.693,417.9195678038272,7
2024-09-16 12:47:34.721,417.985371850013,12
2024-09-16 12:47:34.751,417.9819983691388,1003
2024-09-16 12:47:34.820,417.97767210264425,1005
2024-09-16 12:47:34.823,417.9118979589579,15
2024-09-16 12:47:34.917,417.89061910062446,15
2024-09-16 12:47:34.978,417.925559429575,98
2024-09-16 12:47:35.346,418.005331004003,14
2024-09-16 12:47:35.553,418.005841739729,11
2024-09-16 12:47:36.016,418.0303142169524,13
2024-09-16 12:47:36.024,418.0112257551636,96
2024-09-16 12:47:36.074,418.0048587452862,96
2024-09-16 12:47:36.439,418.0522727421894,96
2024-09-16 12:47:36.738,418.0480065927469,98
2024-09-16 12:47:36.759,418.0691026350909,9
2024-09-16 12:47:36.857,418.05021435473896,1004
2024-09-16 12:47:36.887,418.0225744449109,1004
2024-09-16 12:47:36.979,418.03429317310776,15
2024-09-16 12:47:36.992,418.02943533629326,10
2024-09-16 12:47:37.014,418.057073617837,999
2024-09-16 12:47:37.020,418.02024694266754,95
2024-09-16 12:47:37.031,417.967550472731,11
2024-09-16 12:47:37.034,417.9660824268374,12
2024-09-16 12:47:37.049,418.01749335648856,999
2024-09-16 12:47:37.050,417.9907360098139,998
2024-09-16 12:47:37.135,418.02415859520846,997
2024-09-16 12:47:37.183,417.9697712165333,103
2024-09-16 12:47:37.204,417.96846274419545,104
2024-09-16 12:47:37.274,417.98079892225206,10
2024-09-16 12:47:37.313,418.03816914049935,13
2024-09-16 12:47:37.447,418.0796409004743,1002
2024-09-16 12:47:37.465,418.0419383059198,11
2024-09-16 12:47:37.495,418.0890445292412,96
2024-09-16 12:47:37.566,418.0296396970716,12
2024-09-16 12:47:37.594,418.0379794454231,1004
2024-09-16 12:47:37.600,418.0407176334108,996
2024-09-16 12:47:37.625,417.9764518452034,1001
2024-09-16 12:47:37.637,418.03952218657935,96
2024-09-16 12:47:37.706,417.9611324378823,1005
2024-09-16 12:47:37.768,418.04622213528336,995
2024-09-16 12:47:37.808,417.9689385065737,13
2024-09-16 12:47:37.852,417.98274075153455,997
2024-09-16 12:47:37.894,417.98694850051737,15
2024-09-16 12:47:37.914,418.0163193125032,1004
2024-09-16 12:47:37.916,418.03353462791273,996
2024-09-16 12:47:37.935,418.0057590253956,995
2024-09-16 12:47:37.993,417.9906496341332,996
2024-09-16 12:47:37.996,418.0195037506607,100
2024-09-16 12:47:38.130,417.9807303925841,99
2024-09-16 12:47:38.131,417.98760378643817,5
2024-09-16 12:47:38.188,417.9846126697685,999
2024-09-16 12:47:38.301,417.9400478807835,105
2024-09-16 12:47:38.362,417.97826904061856,102
2024-09-16 12:47:38.606,417.9873380368655,999
2024-09-16 12:47:38.669,417.97746118964375,105
2024-09-16 12:47:38.681,417.9609359259967,98
2024-09-16 12:47:38.830,417.97430305609487,101
2024-09-16 12:47:38.925,417.9564468246069,995
2024-09-16 12:47:39.004,417.9771286313277,6
2024-09-16 12:47:39.113,418.009813020935,99
2024-09-16 12:47:39.129,418.00725287147446,104
2024-09-16 12:47:39.154,417.9793414874459,96
2024-09-16 12:47:39.209,418.0289973602008,104
2024-09-16 12:47:39.221,417.954542857643,1000
2024-09-16 12:47:39.240,418.0348253229675,11
2024-09-16 12:47:39.324,417.9460091613774,7
2024-09-16 12:47:39.416,417.9516517509269,997
2024-09-16 12:47:39.436,417.98166289840674,95
2024-09-16 12:47:39.510,417.95180571353694,103
2024-09-16 12:47:39.523,418.030536243062,13
2024-09-16 12:47:39.559,417.9550806816624,1000
2024-09-16 12:47:39.606,417.99394136188056,6
2024-09-16 12:47:39.636,418.01422584835126,997
2024-09-16 12:47:39.703,417.95609533634126,14
2024-09-16 12:47:39.712,417.9872175522348,10
2024-09-16 12:47:39.712,417.99528381651726,1005
2024-09-16 12:47:39.732,417.9789903627874,98
2024-09-16 12:47:39.773,417.9581373730431,98
2024-09-16 12:47:39.791,418.02987967846366,12
2024-09-16 12:47:39.791,417.9826486451246,1005
2024-09-16 12:47:39.791,417.953757000409,996
2024-09-16 12:47:39.809,418.0012347308247,99
2024-09-16 12:47:39.814,418.04614383364606,8
2024-09-16 12:47:39.887,417.9626059913952,15
2024-09-16 12:47:39.887,417.9688069467096,996
2024-09-16 12:47:39.936,417.95020510747855,5
2024-09-16 12:47:39.945,417.9857901509423,1002
2024-09-16 12:47:39.954,417.9700084125719,5
2024-09-16 12:47:40.007,417.9624873924817,995
2024-09-16 12:47:40.160,417.9454751009861,1001
2024-09-16 12:47:40.263,417.9573779735441,12
2024-09-16 12:47:40.318,417.94185479167385,995
2024-09-16 12:47:40.393,417.94091118678216,999
2024-09-16 12:47:40.471,417.9504420779258,14
2024-09-16 12:47:40.514,417.9507449632518,1000
2024-09-16 12:47:40.576,417.9574120243884,9
2024-09-16 12:47:40.603,,11
2024-09-16 12:47:40.725,417.91718534808473,104
2024-09-16 12:47:40.802,417.9574756605508,97
2024-09-16 12:47:40.838,417.95334891705664,12
2024-09-16 12:47:40.919,417.94801231259737,13
2024-09-16 12:47:40.954,417.9251112275536,13
2024-09-16 12:47:40.963,417.9651646484401,12
2024-09-16 12:47:41.075,417.940543695782,1004
2024-09-16 12:47:41.116,417.9178042045155,103
2024-09-16 12:47:41.211,417.91250866695424,1001
2024-09-16 12:47:41.293,417.935095351813,999
2024-09-16 12:47:41.314,417.9127268707471,11
2024-09-16 12:47:41.382,417.90952567893737,9
2024-09-16 12:47:41.472,417.91733232047545,12
2024-09-16 12:47:41.476,417.9184957536109,11
2024-09-16 12:47:41.500,417.903639676319,96
2024-09-16 12:47:41.582,417.9379719091374,101
2024-09-16 12:47:41.667,417.9208771257824,996
2024-09-16 12:47:41.736,417.919587007948,995
2024-09-16 12:47:41.818,417.91834704908433,14
2024-09-16 12:47:41.902,417.9171535437966,15
2024-09-16 12:47:41.935,417.9266560836683,996
2024-09-16 12:47:42.123,417.9141397531021,10
2024-09-16 12:47:42.131,417.9136619248098,995
2024-09-16 12:47:42.147,417.9179044920992,1005
2024-09-16 12:47:42.165,417.92460432850015,1001
2024-09-16 12:47:42.229,417.9246215533514,105
2024-09-16 12:47:42.546,417.9207840902006,105
2024-09-16 12:47:43.101,417.9202537865988,7
2024-09-16 12:47:43.385,417.9195483379767,1003
2024-09-16 12:47:43.466,417.9193110721425,995
2024-09-16 12:47:44.057,417.9006683036731,96
2024-09-16 12:47:44.070,417.95292055578335,1003
2024-09-16 12:47:44.079,417.9258328981812,1004
2024-09-16 12:47:44.103,417.9504272247468,103
2024-09-16 12:47:44.144,417.9046755641736,6
2024-09-16 12:47:44.167,417.9277462216018,14
2024-09-16 12:47:44.218,417.9452783023007,99
2024-09-16 12:47:44.231,417.9328605773035,9
2024-09-16 12:47:44.237,417.94133080584,6
2024-09-16 12:47:44.244,417.91538594082095,99
2024-09-16 12:47:44.263,417.9231565315818,6
2024-09-16 12:47:44.335,417.9100620324625,1004
2024-09-16 12:47:44.489,417.886052945496,6
2024-09-16 12:47:44.508,417.9128485076872,100
2024-09-16 12:47:44.509,417.9418257945874,101
2024-09-16 12:47:44.534,417.9125677189841,999
2024-09-16 12:47:44.543,417.9096258541411,101
2024-09-16 12:47:44.551,417.9196734484396,1000
2024-09-16 12:47:44.577,417.9269303814293,996
2024-09-16 12:47:44.587,417.8779908448026,12
2024-09-16 12:47:44.590,417.9213335220139,10
2024-09-16 12:47:44.660,417.8980799175866,1004
2024-09-16 12:47:44.687,417.9210385783121,996
2024-09-16 12:47:44.749,417.9010700756724,1002
2024-09-16 12:47:44.788,417.9215009801662,6
2024-09-16 12:47:44.839,417.89624935164295,995
2024-09-16 12:47:44.847,417.92379377688513,1000
2024-09-16 12:47:44.883,-417.9405297171396,7
2024-09-16 12:47:44.982,417.9189143690375,1005
2024-09-16 12:47:45.013,417.9264498126118,10
2024-09-16 12:47:45.170,417.9378417402695,101
2024-09-16 12:47:45.190,417.9319210485155,95
2024-09-16 12:47:45.310,417.9580719300324,995
2024-09-16 12:47:45.377,417.9514896498871,96
2024-09-16 12:47:45.440,417.88676166983936,995
2024-09-16 12:47:45.453,417.883853137775,97
2024-09-16 12:47:45.477,417.96797386730987,97
2024-09-16 12:47:45.488,417.9486649220605,14
2024-09-16 12:47:45.496,417.9436044515569,9
2024-09-16 12:47:45.513,417.8995675023307,12
2024-09-16 12:47:45.565,417.9486352770823,97
2024-09-16 12:47:45.599,417.9200456062174,105
2024-09-16 12:47:45.623,417.9411232558362,1003
2024-09-16 12:47:45.628,417.9417774694364,101
2024-09-16 12:47:45.662,417.9454695395962,1000
2024-09-16 12:47:45.672,41.79453352141199,8
2024-09-16 12:47:45.693,41.79525509485891,14
2024-09-16 12:47:45.744,417.9592630241004,14
2024-09-16 12:47:45.817,417.9404922270496,96
2024-09-16 12:47:45.819,417.93506215877466,995
2024-09-16 12:47:45.834,417.9212706367555,1000
2024-09-16 12:47:46.018,417.8697821994892,100
2024-09-16 12:47:46.033,417.8607531298981,7
2024-09-16 12:47:46.049,417.8600518394711,5
2024-09-16 12:47:46.067,417.8539864165236,7
2024-09-16 12:47:46.186,417.86245141692285,104
2024-09-16 12:47:46.309,417.88822929738126,104
2024-09-16 12:47:46.316,417.8478947242117,99
2024-09-16 12:47:46.329,417.8601415008218,95
2024-09-16 12:47:46.380,417.8825422093171,997
2024-09-16 12:47:46.413,417.8633660959551,1004
2024-09-16 12:47:46.479,417.8903500280626,1004
2024-09-16 12:47:46.513,417.8807319659242,103
2024-09-16 12:47:46.537,417.84707658711073,999
2024-09-16 12:47:46.621,417.86868614273607,1002
2024-09-16 12:47:46.895,417.8902348088439,103
2024-09-16 12:47:46.920,417.8429417866678,997
2024-09-16 12:47:46.942,417.8770296029647,9
2024-09-16 12:47:46.978,417.8562357456124,1002
2024-09-16 12:47:47.040,417.86963862055103,103
2024-09-16 12:47:47.206,417.8897227790019,97
2024-09-16 12:47:47.415,417.8801036243739,1005
2024-09-16 12:47:47.550,417.8734945038277,6
2024-09-16 12:47:47.584,417.8897424819739,99
2024-09-16 12:47:47.589,417.8874741347781,13
2024-09-16 12:47:47.655,417.8993930977672,1005
2024-09-16 12:47:47.776,417.8788092140474,9
2024-09-16 12:47:47.791,417.87644368675626,10
2024-09-16 12:47:48.034,417.87250834588457,15
2024-09-16 12:47:48.218,417.85895894644193,11
2024-09-16 12:47:48.423,417.8601048434354,100
2024-09-16 12:47:48.440,417.8720688069951,1000
2024-09-16 12:47:48.450,417.86441899616005,1001
2024-09-16 12:47:48.471,417.8601742698735,999
2024-09-16 12:47:48.482,417.84277576491337,14
2024-09-16 12:47:48.500,417.8698993873893,1001
2024-09-16 12:47:48.747,417.85790162409415,13
2024-09-16 12:47:48.783,417.8540287051006,101
2024-09-16 12:47:48.794,417.8533804974461,999
2024-09-16 12:47:48.834,417.8611014861264,98
2024-09-16 12:47:48.860,417.8568305082602,12
2024-09-16 12:47:48.935,417.8507713563552,8
2024-09-16 12:47:49.011,417.8577425269286,11
2024-09-16 12:47:49.039,417.8401940889057,100
2024-09-16 12:47:49.067,417.8300296615637,9
2024-09-16 12:47:49.106,417.84372966181695,995
2024-09-16 12:47:49.117,417.8740876634759,101
2024-09-16 12:47:49.121,417.83285934205134,8
2024-09-16 12:47:49.140,417.8696451752167,7
2024-09-16 12:47:49.143,417.8502506630265,13
2024-09-16 12:47:49.173,417.8377958035404,12
2024-09-16 12:47:49.192,417.8365419983327,103
2024-09-16 12:47:49.200,417.8501517821027,998
2024-09-16 12:47:49.203,417.8542900073886,7
2024-09-16 12:47:49.247,417.83506314972766,104
2024-09-16 12:47:49.262,417.8638757089339,6
2024-09-16 12:47:49.263,417.8329103764872,8
2024-09-16 12:47:49.332,417.8376255349049,998
2024-09-16 12:47:49.352,417.8600970259982,997
2024-09-16 12:47:49.361,417.85651975533625,996
2024-09-16 12:47:49.403,417.8494940115687,95
2024-09-16 12:47:49.419,417.8527606860546,102
2024-09-16 12:47:49.490,417.8364638723667,8
2024-09-16 12:47:49.619,417.8382290583893,104
2024-09-16 12:47:49.628,417.8925924438592,100
2024-09-16 12:47:49.721,417.87580693867767,998
2024-09-16 12:47:49.726,-417.85009580705673,15
2024-09-16 12:47:49.740,417.87824070467445,104
2024-09-16 12:47:49.873,-417.88507786969166,997
2024-09-16 12:47:49.916,417.88370476061584,1003
2024-09-16 12:47:49.965,417.8819882095247,97
2024-09-16 12:47:50.044,417.8747676015821,11
2024-09-16 12:47:50.145,417.8550745442767,97
2024-09-16 12:47:50.319,417.85236720508266,101
2024-09-16 12:47:50.386,417.85137349319695,999
2024-09-16 12:47:50.430,417.8790374281338,96
2024-09-16 12:47:50.499,417.8592880469047,99
2024-09-16 12:47:50.849,417.8556931753205,1002
2024-09-16 12:47:50.866,417.8710401005992,13
2024-09-16 12:47:50.946,417.88356323261695,101
2024-09-16 12:47:50.985,417.8706478343425,99
2024-09-16 12:47:51.028,417.8762828904927,10
2024-09-16 12:47:51.162,417.8649255860576,5
2024-09-16 12:47:51.168,417.8973125499867,100
2024-09-16 12:47:51.355,417.8807592020095,105
2024-09-16 12:47:52.245,417.8681269883757,14
2024-09-16 12:47:52.622,417.8616053488999,996
2024-09-16 12:47:52.713,417.8564706668234,105
2024-09-16 12:47:52.820,417.8702918384323,5
2024-09-16 12:47:53.091,417.797217413701,102
2024-09-16 12:47:53.117,417.8585653402158,995
2024-09-16 12:47:53.348,417.8629377301282,98
2024-09-16 12:47:53.416,-417.8744872078618,1002
2024-09-16 12:47:53.433,417.7778050715808,96
2024-09-16 12:47:53.436,417.8065948713269,100
2024-09-16 12:47:53.525,417.8532861726547,11
2024-09-16 12:47:53.559,417.8590103011236,101
2024-09-16 12:47:53.582,417.8698922410177,13
2024-09-16 12:47:53.589,,11
2024-09-16 12:47:53.605,417.8583582066161,999
2024-09-16 12:47:53.692,417.77807840694055,1002
2024-09-16 12:47:53.791,417.7786321574083,995
2024-09-16 12:47:53.923,417.846590946342,14
2024-09-16 12:47:54.096,417.8254618855027,5
2024-09-16 12:47:54.115,417.8069447529188,101
2024-09-16 12:47:54.155,417.77605780607496,998
2024-09-16 12:47:54.157,417.78321754469874,13
2024-09-16 12:47:54.170,417.7883284887773,13
2024-09-16 12:47:54.195,417.8185326430512,101
2024-09-16 12:47:54.205,417.81639173840335,1000
2024-09-16 12:47:54.241,417.7745561125297,1004
2024-09-16 12:47:54.256,417.8217061047517,96
2024-09-16 12:47:54.260,417.8194110005423,997
2024-09-16 12:47:54.263,417.8194054075433,100
2024-09-16 12:47:54.341,417.8146119992401,998
2024-09-16 12:47:54.420,417.7956259719344,101
2024-09-16 12:47:54.421,417.8372660860363,996
2024-09-16 12:47:54.488,417.8134976288009,1004
2024-09-16 12:47:54.533,417.7895588637984,996
2024-09-16 12:47:54.544,417.7897024334055,103
2024-09-16 12:47:54.589,417.8273703895204,996
2024-09-16 12:47:54.617,417.7847347083923,101
2024-09-16 12:47:54.618,417.8108508228286,1001
2024-09-16 12:47:54.620,417.8075451921399,102
2024-09-16 12:47:54.677,417.8287457538647,1000
2024-09-16 12:47:54.810,417.8375312066576,97
2024-09-16 12:47:54.837,417.7859131513304,999
2024-09-16 12:47:54.845,417.8094602831558,11
2024-09-16 12:47:54.895,417.796689322541,999
2024-09-16 12:47:54.901,417.8148679409559,104
2024-09-16 12:47:54.938,417.79137899966895,6
2024-09-16 12:47:55.016,417.6964264220006,100
2024-09-16 12:47:55.112,417.720413246552,100
2024-09-16 12:47:55.115,417.704200521764,103
2024-09-16 12:47:55.140,417.7063829007907,15
2024-09-16 12:47:55.205,417.7305598987301,103
2024-09-16 12:47:55.272,417.7351465435786,101
2024-09-16 12:47:55.300,417.73680250917386,998
2024-09-16 12:47:55.527,417.7186965710274,97
2024-09-16 12:47:55.572,417.7436263874758,9
2024-09-16 12:47:55.607,417.7852901828959,14
2024-09-16 12:47:55.666,417.6989908423767,998
2024-09-16 12:47:55.795,417.7156677959941,7
2024-09-16 12:47:55.892,417.77142720028303,5
2024-09-16 12:47:55.895,417.7526030001279,98
2024-09-16 12:47:55.969,417.7471749814935,97
2024-09-16 12:47:55.972,417.7492277507802,103
2024-09-16 12:47:56.122,417.6722833843429,96
2024-09-16 12:47:56.201,417.64522042074174,9
2024-09-16 12:47:56.365,417.6889117946342,103
2024-09-16 12:47:56.393,417.6625029084429,14
2024-09-16 12:47:56.425,417.66012918193553,11
2024-09-16 12:47:56.557,417.6807012135972,1005
2024-09-16 12:47:56.802,417.6595012554915,1001
2024-09-16 12:47:56.805,417.6317115282296,14
2024-09-16 12:47:56.813,417.648701604959,1002
2024-09-16 12:47:56.947,,7
2024-09-16 12:47:57.025,417.6724102451892,15
2024-09-16 12:47:57.112,417.5982957049728,12
2024-09-16 12:47:57.153,,999
2024-09-16 12:47:57.167,417.60232051285215,999
2024-09-16 12:47:57.188,417.6072261197564,104
2024-09-16 12:47:57.190,417.6770818561817,1004
2024-09-16 12:47:57.297,417.5645685472449,97
2024-09-16 12:47:57.316,417.5768484528514,7
2024-09-16 12:47:57.341,417.65905836262914,9
2024-09-16 12:47:57.432,417.6776890133669,105
2024-09-16 12:47:57.447,417.57807179545,103
2024-09-16 12:47:57.487,417.6698736728869,1004
2024-09-16 12:47:57.557,417.7009400786919,10
2024-09-16 12:47:57.590,,103
2024-09-16 12:47:57.686,417.5790458576398,1003
2024-09-16 12:47:57.736,417.6523326776451,998
2024-09-16 12:47:57.749,417.5766021312641,996
2024-09-16 12:47:57.759,417.6837585269749,12
2024-09-16 12:47:57.799,417.6895723051306,1004
2024-09-16 12:47:57.804,417.65681509769536,100
2024-09-16 12:47:57.861,417.60989484940296,1003
2024-09-16 12:47:57.933,,13
2024-09-16 12:47:57.948,417.6998468637091,12
2024-09-16 12:47:57.965,417.5779293870481,1005
2024-09-16 12:47:57.983,417.57280657189807,7
2024-09-16 12:47:58.115,417.6276298234528,97
2024-09-16 12:47:58.293,417.6381240261052,103
2024-09-16 12:47:58.394,417.61297370965815,995
2024-09-16 12:47:58.416,417.6211247297345,14
2024-09-16 12:47:58.519,417.6300296559236,12
2024-09-16 12:47:58.522,417.63952290289217,15
2024-09-16 12:47:58.544,417.6447714357893,11
2024-09-16 12:47:58.692,417.6355501107761,98
2024-09-16 12:47:58.839,417.6431527468233,1000
2024-09-16 12:47:58.858,417.6361426646611,5
2024-09-16 12:47:58.978,417.6503095856829,1002
2024-09-16 12:47:59.621,417.6427251500429,95
