Timestamp,Price,Size
2024-09-19 09:46:00.138,414.2755022607762,102
2024-09-19 09:46:00.153,414.30602199442825,1003
2024-09-19 09:46:00.188,414.2856241920579,102
2024-09-19 09:46:00.362,414.2667733601903,10
2024-09-19 09:46:00.415,414.2796246979459,95
2024-09-19 09:46:00.438,414.28777935048953,98
2024-09-19 09:46:00.528,414.274428963884,8
2024-09-19 09:46:00.603,414.3163338243837,14
2024-09-19 09:46:00.737,414.2628511032364,9
2024-09-19 09:46:00.751,414.2653593691467,995
2024-09-19 09:46:00.751,414.2702328104944,1004
2024-09-19 09:46:00.769,414.31012072237394,95
2024-09-19 09:46:00.894,414.2755778868736,102
2024-09-19 09:46:00.958,414.3163700108776,11
2024-09-19 09:46:00.995,414.2869119018318,97
2024-09-19 09:46:01.012,414.39840835957415,103
2024-09-19 09:46:01.022,414.4053104613512,103
2024-09-19 09:46:01.076,414.3679524179474,1005
2024-09-19 09:46:01.139,414.3658592431119,995
2024-09-19 09:46:01.177,414.3990419011701,100
2024-09-19 09:46:01.249,414.3410669827349,1002
2024-09-19 09:46:01.292,414.35789038868137,105
2024-09-19 09:46:01.316,414.35152568025,998
2024-09-19 09:46:01.326,414.3493043484914,12
2024-09-19 09:46:01.361,414.3756475119623,1004
2024-09-19 09:46:01.380,414.3149760771993,7
2024-09-19 09:46:01.399,414.3571196742545,6
2024-09-19 09:46:01.448,414.3073618801206,104
2024-09-19 09:46:01.512,414.36733549268206,102
2024-09-19 09:46:01.524,414.410799133665,11
2024-09-19 09:46:01.639,414.3945263868886,1001
2024-09-19 09:46:01.641,414.3814852748874,104
2024-09-19 09:46:01.642,414.4146429590117,1000
2024-09-19 09:46:01.734,414.3183827949362,98
2024-09-19 09:46:01.761,414.4376531194793,97
2024-09-19 09:46:01.781,414.37014579364455,104
2024-09-19 09:46:01.798,414.38788405166406,104
2024-09-19 09:46:01.844,-414.4231673852393,7
2024-09-19 09:46:01.894,414.3965197552336,105
2024-09-19 09:46:01.904,414.3881065319269,999
2024-09-19 09:46:01.916,414.39064638639707,95
2024-09-19 09:46:01.936,414.3331765958469,1000
2024-09-19 09:46:01.950,414.39626505697447,102
2024-09-19 09:46:02.094,414.3926274654416,10
2024-09-19 09:46:02.100,414.37217756571147,95
2024-09-19 09:46:02.100,414.3994598562529,104
2024-09-19 09:46:02.259,414.3864641195475,102
2024-09-19 09:46:02.363,414.4165138588869,995
2024-09-19 09:46:02.475,414.3855725228513,97
2024-09-19 09:46:02.494,414.39211102304375,96
2024-09-19 09:46:02.519,-414.3956785933564,1003
2024-09-19 09:46:02.585,414.3977186569925,103
2024-09-19 09:46:02.695,414.3943020154628,1002
2024-09-19 09:46:02.827,414.3704065752172,10
2024-09-19 09:46:02.845,414.385340807823,1000
2024-09-19 09:46:02.858,414.3922649929106,11
2024-09-19 09:46:02.882,414.38652467330775,1002
2024-09-19 09:46:02.897,414.37364023874574,95
2024-09-19 09:46:02.909,414.39308691748056,96
2024-09-19 09:46:03.013,414.4551718298434,1000
2024-09-19 09:46:03.029,414.4315302638557,996
2024-09-19 09:46:03.083,414.4408372881868,12
2024-09-19 09:46:03.161,414.50278608803967,99
2024-09-19 09:46:03.199,414.494685731332,96
2024-09-19 09:46:03.242,414.4829335136958,99
2024-09-19 09:46:03.261,414.4399093772441,96
2024-09-19 09:46:03.374,414.472297752023,103
2024-09-19 09:46:03.389,414.3979419406192,8
2024-09-19 09:46:03.394,414.4170397071864,96
2024-09-19 09:46:03.485,414.45780990315967,5
2024-09-19 09:46:03.561,414.50247153418127,14
2024-09-19 09:46:03.571,414.49580902443046,104
2024-09-19 09:46:03.601,41.44896949830415,105
2024-09-19 09:46:03.655,414.4373979021275,103
2024-09-19 09:46:03.820,414.5120041065746,102
2024-09-19 09:46:03.926,414.4970425013526,998
2024-09-19 09:46:03.966,414.5096150438402,12
2024-09-19 09:46:04.043,414.5096535654752,1005
2024-09-19 09:46:04.072,414.45909698039657,98
2024-09-19 09:46:04.087,414.4898498792214,998
2024-09-19 09:46:04.130,414.4668668208028,11
2024-09-19 09:46:04.159,414.45206744901816,15
2024-09-19 09:46:04.198,414.4686723181633,998
2024-09-19 09:46:04.298,414.4825349399106,8
2024-09-19 09:46:04.387,414.49037629920974,96
2024-09-19 09:46:04.450,414.4729067992433,103
2024-09-19 09:46:04.476,414.4938930592057,999
2024-09-19 09:46:04.490,414.5262184775849,996
2024-09-19 09:46:04.538,414.4855887013742,995
2024-09-19 09:46:04.571,414.4871158650205,102
2024-09-19 09:46:04.669,414.49404848949257,101
2024-09-19 09:46:04.750,414.4778274336091,96
2024-09-19 09:46:04.807,414.4860782978261,10
2024-09-19 09:46:04.861,414.4918841031802,12
2024-09-19 09:46:04.921,414.4819931856536,95
2024-09-19 09:46:04.927,414.4889227559204,998
2024-09-19 09:46:05.014,414.5019634853351,6
2024-09-19 09:46:05.025,414.4829576592285,98
2024-09-19 09:46:05.111,414.496788170228,13
2024-09-19 09:46:05.122,414.4951632401335,13
2024-09-19 09:46:05.148,414.47804701908535,9
2024-09-19 09:46:05.176,414.5159031095659,95
2024-09-19 09:46:05.264,414.4983844025817,13
2024-09-19 09:46:05.293,414.5083135932048,1000
2024-09-19 09:46:05.306,414.4974664146864,1005
2024-09-19 09:46:05.317,414.458296412849,97
2024-09-19 09:46:05.360,414.52536151446486,98
2024-09-19 09:46:05.362,414.45075359859896,101
2024-09-19 09:46:05.475,414.4878519400602,104
2024-09-19 09:46:05.529,414.4597728956231,997
2024-09-19 09:46:05.561,414.4368821760172,6
2024-09-19 09:46:05.565,414.47555232739495,999
2024-09-19 09:46:05.570,414.4788690561013,995
2024-09-19 09:46:05.588,414.5103717877158,97
2024-09-19 09:46:05.631,414.44410649378665,9
2024-09-19 09:46:05.682,414.5114361324769,1002
2024-09-19 09:46:05.722,414.52616973510186,1005
2024-09-19 09:46:05.729,414.46166305109614,1003
2024-09-19 09:46:05.734,414.4378037551164,997
2024-09-19 09:46:05.844,414.4640984822453,103
2024-09-19 09:46:05.881,414.5258060735828,1000
2024-09-19 09:46:05.886,414.4327936125178,95
2024-09-19 09:46:05.906,414.5221207470675,1000
2024-09-19 09:46:05.908,414.5004031662159,1004
2024-09-19 09:46:05.917,414.4659296100442,12
2024-09-19 09:46:05.948,414.5196261207782,997
2024-09-19 09:46:06.021,414.4689241516602,1003
2024-09-19 09:46:06.076,414.4922947556431,1003
2024-09-19 09:46:06.161,-414.4807542698997,8
2024-09-19 09:46:06.210,41.44887233051752,99
2024-09-19 09:46:06.246,414.4669470408189,95
2024-09-19 09:46:06.303,414.454870647944,8
2024-09-19 09:46:06.432,414.4549756336636,15
2024-09-19 09:46:06.614,414.4696339443232,104
2024-09-19 09:46:06.636,414.47942757768834,997
2024-09-19 09:46:06.642,414.4765912012645,98
2024-09-19 09:46:06.662,414.4722024440424,100
2024-09-19 09:46:06.670,414.4921929568657,1004
2024-09-19 09:46:06.691,41.44658083169008,1005
2024-09-19 09:46:06.762,414.4864873175038,8
2024-09-19 09:46:06.958,414.4601033253928,14
2024-09-19 09:46:06.973,414.4671135533304,97
2024-09-19 09:46:07.042,414.5144698319252,999
2024-09-19 09:46:07.150,414.5160508615194,98
2024-09-19 09:46:07.157,414.49535761482497,14
2024-09-19 09:46:07.165,414.5571152214912,104
2024-09-19 09:46:07.212,414.5272964743119,98
2024-09-19 09:46:07.303,414.4909807658451,1004
2024-09-19 09:46:07.418,414.521330919537,5
2024-09-19 09:46:07.473,414.4964668181605,98
2024-09-19 09:46:07.475,414.4806510630386,998
2024-09-19 09:46:07.520,414.5403915737306,99
2024-09-19 09:46:07.522,414.5356148074509,102
2024-09-19 09:46:07.533,414.49298495360017,102
2024-09-19 09:46:07.566,414.5285624251098,1005
2024-09-19 09:46:07.601,-414.4914788702996,6
2024-09-19 09:46:07.649,414.4961864604032,101
2024-09-19 09:46:07.736,414.5325336194494,98
2024-09-19 09:46:07.737,414.4946053593068,13
2024-09-19 09:46:07.801,414.51841057228967,6
2024-09-19 09:46:07.829,414.5156221988096,997
2024-09-19 09:46:07.868,414.5281546999098,95
2024-09-19 09:46:07.949,414.5051236935769,99
2024-09-19 09:46:07.957,-414.4962755971045,6
2024-09-19 09:46:07.962,414.5253643478119,13
2024-09-19 09:46:08.833,414.5146679065486,10
2024-09-19 09:46:09.030,414.5033216469348,13
2024-09-19 09:46:09.036,414.4933904398076,15
2024-09-19 09:46:09.038,414.5129309324036,10
2024-09-19 09:46:09.063,414.4915344411392,96
2024-09-19 09:46:09.103,414.52006060275687,1005
2024-09-19 09:46:09.168,414.5288283047072,1000
2024-09-19 09:46:09.198,414.4906757093184,999
2024-09-19 09:46:09.221,414.4697277309892,1004
2024-09-19 09:46:09.232,414.5062375943276,7
2024-09-19 09:46:09.257,414.5291694130457,11
2024-09-19 09:46:09.309,414.45858326957006,1001
2024-09-19 09:46:09.360,414.4748550760396,8
2024-09-19 09:46:09.420,414.5058290398661,13
2024-09-19 09:46:09.564,414.5266129304308,997
2024-09-19 09:46:09.576,414.5443454774802,13
2024-09-19 09:46:09.588,41.44915345314802,104
2024-09-19 09:46:09.614,414.4686414004257,996
2024-09-19 09:46:09.716,414.4753011128395,1004
2024-09-19 09:46:09.718,414.51883180352206,12
2024-09-19 09:46:09.809,414.5069467217693,999
2024-09-19 09:46:09.836,414.50378114551046,997
2024-09-19 09:46:09.890,414.49341867153726,11
2024-09-19 09:46:09.916,414.4914082170112,1005
2024-09-19 09:46:09.987,414.5345783722215,104
2024-09-19 09:46:10.023,414.45979394389417,1003
2024-09-19 09:46:10.216,414.4713299805237,995
2024-09-19 09:46:10.344,414.4679887961144,99
2024-09-19 09:46:10.729,414.4602808780243,996
2024-09-19 09:46:11.090,414.4244923907913,8
2024-09-19 09:46:11.132,414.452425303864,999
2024-09-19 09:46:11.140,414.47450305546033,5
2024-09-19 09:46:11.292,414.4283400255734,998
2024-09-19 09:46:11.301,414.44724097518434,995
2024-09-19 09:46:11.330,414.4369642209219,8
2024-09-19 09:46:11.344,414.4362904297051,6
2024-09-19 09:46:11.424,414.4401027470352,1005
2024-09-19 09:46:11.432,414.4536637329176,13
2024-09-19 09:46:11.526,414.4290387814328,11
2024-09-19 09:46:11.591,414.4153147522612,999
2024-09-19 09:46:11.678,414.4307100908573,9
2024-09-19 09:46:11.694,414.4670605985505,97
2024-09-19 09:46:11.720,414.4636582332107,12
2024-09-19 09:46:11.814,414.4326497223599,1002
2024-09-19 09:46:12.014,414.423525573198,998
2024-09-19 09:46:12.038,414.4425322687247,995
2024-09-19 09:46:12.071,414.3687987256036,1003
2024-09-19 09:46:12.088,414.3829579184893,13
2024-09-19 09:46:12.109,414.3875258328307,1003
2024-09-19 09:46:12.128,414.3807945024356,1000
2024-09-19 09:46:12.148,414.3919796487232,100
2024-09-19 09:46:12.187,414.4322403708492,6
2024-09-19 09:46:12.296,414.3693558177269,14
2024-09-19 09:46:12.327,414.3805170548556,995
2024-09-19 09:46:12.369,414.3638527697583,8
2024-09-19 09:46:12.393,414.405012422836,97
2024-09-19 09:46:12.421,414.3647598773091,1005
2024-09-19 09:46:12.511,414.3602068042531,997
2024-09-19 09:46:12.511,414.3783259150742,1005
2024-09-19 09:46:12.528,414.4295959226257,5
2024-09-19 09:46:12.543,414.4236785855361,97
2024-09-19 09:46:12.543,414.3798707044579,100
2024-09-19 09:46:12.547,414.3997236614042,1005
2024-09-19 09:46:12.664,414.3630774783279,96
2024-09-19 09:46:12.675,414.38401714289336,9
2024-09-19 09:46:12.762,414.3853474394728,999
2024-09-19 09:46:12.763,414.3929070528529,997
2024-09-19 09:46:12.790,414.4397171598956,1000
2024-09-19 09:46:12.821,414.39154191869306,7
2024-09-19 09:46:12.880,414.3851933533186,100
2024-09-19 09:46:12.921,414.3894608418201,10
2024-09-19 09:46:12.932,,1003
2024-09-19 09:46:13.022,414.3308508517049,104
2024-09-19 09:46:13.025,414.3423111685678,11
2024-09-19 09:46:13.040,414.3404295177252,97
2024-09-19 09:46:13.058,414.2944063848128,102
2024-09-19 09:46:13.067,414.35283589827833,1001
2024-09-19 09:46:13.070,414.3603795563239,10
2024-09-19 09:46:13.131,414.3525076087109,1005
2024-09-19 09:46:13.156,414.321992369871,105
2024-09-19 09:46:13.221,414.3660425719417,8
2024-09-19 09:46:13.229,-414.3225747750575,5
2024-09-19 09:46:13.314,414.3034758285981,102
2024-09-19 09:46:13.339,414.33084031277457,998
2024-09-19 09:46:13.370,414.2936692794157,6
2024-09-19 09:46:13.414,414.3352872327192,1003
2024-09-19 09:46:13.450,414.3538979772944,95
2024-09-19 09:46:13.484,414.32401586245606,8
2024-09-19 09:46:13.492,414.30360545557073,103
2024-09-19 09:46:13.508,414.3109530845911,15
2024-09-19 09:46:13.583,414.3082495190823,13
2024-09-19 09:46:13.599,414.3411596384884,12
2024-09-19 09:46:13.608,414.3348244273582,997
2024-09-19 09:46:13.667,414.29698168665806,5
2024-09-19 09:46:13.679,414.3658307863938,1000
2024-09-19 09:46:13.765,414.3320140930303,7
2024-09-19 09:46:13.788,414.32531460147817,104
2024-09-19 09:46:13.821,414.33174690748456,104
2024-09-19 09:46:13.857,414.34769876493687,102
2024-09-19 09:46:13.892,414.3522406184941,98
2024-09-19 09:46:13.918,414.3447249179352,14
2024-09-19 09:46:14.012,414.2977791053733,10
2024-09-19 09:46:14.118,414.2883923027836,5
2024-09-19 09:46:14.164,414.30582709470553,102
2024-09-19 09:46:14.224,414.33000382325673,1003
2024-09-19 09:46:14.243,414.3255549672037,104
2024-09-19 09:46:14.263,414.2788483170325,12
2024-09-19 09:46:14.286,414.3092433659886,995
2024-09-19 09:46:14.343,414.2975536399053,99
2024-09-19 09:46:14.347,414.3158627700602,996
2024-09-19 09:46:14.389,414.2967771622234,14
2024-09-19 09:46:14.453,414.3230038679767,1002
2024-09-19 09:46:14.480,414.3095334187903,1001
2024-09-19 09:46:14.618,414.2838200545459,15
2024-09-19 09:46:14.664,414.3166606757835,1004
2024-09-19 09:46:14.674,414.32096747964414,1000
2024-09-19 09:46:14.769,414.3180689699586,11
2024-09-19 09:46:14.772,414.29982398251104,13
2024-09-19 09:46:14.796,414.3053663330914,8
2024-09-19 09:46:14.901,414.34269237499535,7
2024-09-19 09:46:14.958,414.31720594516753,97
2024-09-19 09:46:14.964,414.3140813280101,13
2024-09-19 09:46:15.232,414.3724415916234,6
2024-09-19 09:46:15.406,414.40726320254487,103
2024-09-19 09:46:15.482,414.3823112567641,1005
2024-09-19 09:46:15.566,414.36771374307466,102
2024-09-19 09:46:15.616,414.3880096056424,101
2024-09-19 09:46:15.690,41.43688155659555,997
2024-09-19 09:46:15.732,414.3738080175784,1004
2024-09-19 09:46:15.745,414.3653965312649,95
2024-09-19 09:46:15.853,414.3706077212685,1001
2024-09-19 09:46:15.930,414.39157107852793,105
2024-09-19 09:46:16.017,414.4698761881417,1005
2024-09-19 09:46:16.186,414.4990766949192,100
2024-09-19 09:46:16.231,414.468713116488,101
2024-09-19 09:46:16.239,414.4918582531965,96
2024-09-19 09:46:16.303,414.4581391419736,11
2024-09-19 09:46:16.343,414.50094928707983,1003
2024-09-19 09:46:16.483,414.475403698418,1004
2024-09-19 09:46:16.486,414.4134210330883,8
2024-09-19 09:46:16.490,414.4057360131584,103
2024-09-19 09:46:16.670,414.4686287569059,104
2024-09-19 09:46:16.692,414.4921275247987,101
2024-09-19 09:46:16.699,414.4792805858237,104
2024-09-19 09:46:16.755,414.4856091918165,8
2024-09-19 09:46:16.758,414.4154764532414,103
2024-09-19 09:46:16.798,414.50854508712297,1005
2024-09-19 09:46:16.801,414.484880171374,101
2024-09-19 09:46:16.802,414.4303830747309,96
2024-09-19 09:46:16.906,414.49864317196426,999
2024-09-19 09:46:16.957,414.4891939852683,996
2024-09-19 09:46:16.957,414.46417514313146,1004
2024-09-19 09:46:16.986,414.4415516564184,96
2024-09-19 09:46:17.344,414.44848011745967,7
2024-09-19 09:46:17.422,414.4666037377311,105
2024-09-19 09:46:17.439,414.45262556261446,5
2024-09-19 09:46:17.579,414.4447507226054,97
2024-09-19 09:46:17.794,414.45526268716606,100
2024-09-19 09:46:18.039,414.4777348189213,1003
2024-09-19 09:46:18.060,414.5021727783568,101
2024-09-19 09:46:18.119,414.4702235757628,1001
2024-09-19 09:46:18.178,414.4645930242045,13
2024-09-19 09:46:18.234,414.4600434470309,11
2024-09-19 09:46:18.710,414.48926555310817,6
2024-09-19 09:46:18.729,414.4692202335723,11
2024-09-19 09:46:18.872,414.5067526076599,103
2024-09-19 09:46:18.910,414.4585873282497,10
2024-09-19 09:46:20.056,414.4935236221127,5
2024-09-19 09:46:20.075,414.5312741947638,1001
2024-09-19 09:46:20.173,414.491955334875,105
2024-09-19 09:46:20.291,-414.51770476727177,102
2024-09-19 09:46:20.293,414.4910285435093,100
2024-09-19 09:46:20.293,414.4870336285528,104
2024-09-19 09:46:20.299,414.5354182399907,98
2024-09-19 09:46:20.350,414.5262691339537,15
2024-09-19 09:46:20.510,414.4996595531606,102
2024-09-19 09:46:20.552,414.4937411655338,1000
2024-09-19 09:46:20.565,414.4782191012143,95
2024-09-19 09:46:20.571,414.5122040450045,1001
2024-09-19 09:46:20.604,414.4883341609961,1003
2024-09-19 09:46:20.610,414.4741446389601,998
2024-09-19 09:46:20.647,414.4891371572625,997
2024-09-19 09:46:20.702,414.499102421396,1004
2024-09-19 09:46:20.830,414.5241711460108,98
2024-09-19 09:46:20.939,414.4806989226227,1000
2024-09-19 09:46:21.090,414.5054893608648,95
2024-09-19 09:46:21.780,414.4856771445809,1000
2024-09-19 09:46:22.177,414.5282523834349,9
2024-09-19 09:46:22.205,414.50563507734034,10
2024-09-19 09:46:22.531,414.5103200298087,1004
2024-09-19 09:46:22.592,414.5058540509434,95
2024-09-19 09:46:22.596,414.4930626789983,1005
2024-09-19 09:46:22.656,414.5380653891142,100
2024-09-19 09:46:22.812,414.5056206795301,999
2024-09-19 09:46:23.021,414.56675101828296,104
2024-09-19 09:46:23.029,414.54989995054046,97
2024-09-19 09:46:23.078,414.57168878131273,104
2024-09-19 09:46:23.084,414.59382420687007,6
2024-09-19 09:46:23.232,414.60099969547,7
2024-09-19 09:46:23.290,414.5835695891302,11
2024-09-19 09:46:23.308,414.5692492215799,998
2024-09-19 09:46:23.379,414.5664355720613,9
2024-09-19 09:46:23.414,414.5693541382699,97
2024-09-19 09:46:23.650,414.56240093528345,1003
2024-09-19 09:46:23.666,414.5462805884901,999
2024-09-19 09:46:23.706,414.5564839625813,8
2024-09-19 09:46:23.736,414.5377661508897,99
2024-09-19 09:46:23.743,414.5511509364813,1001
2024-09-19 09:46:23.776,414.5631435621017,1004
2024-09-19 09:46:23.797,414.5899965014738,1005
2024-09-19 09:46:23.808,414.5556518830489,102
2024-09-19 09:46:23.817,414.56718474799794,7
2024-09-19 09:46:23.825,414.6093970800271,997
2024-09-19 09:46:23.849,414.5954079113564,12
2024-09-19 09:46:23.922,414.55366500918336,1004
2024-09-19 09:46:24.007,414.5666089814638,995
2024-09-19 09:46:24.008,414.5965535351619,15
2024-09-19 09:46:24.047,414.59096679743726,9
2024-09-19 09:46:24.068,414.5727464048928,10
2024-09-19 09:46:24.163,414.5801649629198,996
2024-09-19 09:46:24.186,414.595360234568,1002
2024-09-19 09:46:24.221,414.57071946715456,9
2024-09-19 09:46:24.247,414.6086206151648,1005
2024-09-19 09:46:24.309,414.60225085483927,96
2024-09-19 09:46:24.387,414.60337851954495,1002
2024-09-19 09:46:24.539,414.5801733419567,6
2024-09-19 09:46:24.624,414.5780612665207,8
2024-09-19 09:46:24.679,414.5951125490943,1003
2024-09-19 09:46:24.789,414.60030020312576,101
2024-09-19 09:46:24.850,414.59411064961495,8
2024-09-19 09:46:24.851,414.5591215837206,98
2024-09-19 09:46:24.929,414.5627873410231,1005
2024-09-19 09:46:25.145,414.5886457829805,1005
2024-09-19 09:46:25.350,414.58134653897184,14
2024-09-19 09:46:25.443,414.6123585715508,996
2024-09-19 09:46:25.444,414.57747065671634,97
2024-09-19 09:46:25.566,414.5964048809624,104
2024-09-19 09:46:25.610,414.5603235980993,98
2024-09-19 09:46:25.633,414.60765449889294,8
2024-09-19 09:46:25.732,414.6082009814459,997
2024-09-19 09:46:25.771,414.588563989478,5
2024-09-19 09:46:25.875,414.5904894065857,104
2024-09-19 09:46:25.879,414.5994292786043,1005
2024-09-19 09:46:25.891,414.5811262828742,999
2024-09-19 09:46:26.017,414.5404589278839,1002
2024-09-19 09:46:26.050,414.56536855718576,9
2024-09-19 09:46:26.077,414.6002472808482,101
2024-09-19 09:46:26.085,414.6046550042976,101
2024-09-19 09:46:26.115,414.561105264436,997
2024-09-19 09:46:26.142,414.5977129533625,12
2024-09-19 09:46:26.159,414.5356377193319,6
2024-09-19 09:46:26.211,414.5473260982952,102
2024-09-19 09:46:26.218,414.6122705404265,99
2024-09-19 09:46:26.232,414.6273446420356,15
2024-09-19 09:46:26.272,,98
2024-09-19 09:46:26.330,414.5374015205564,10
2024-09-19 09:46:26.343,414.58367097964987,997
2024-09-19 09:46:26.345,414.5682464240745,997
2024-09-19 09:46:26.449,414.576742091637,1002
2024-09-19 09:46:26.466,414.5414783087278,8
2024-09-19 09:46:26.500,414.55918916804086,1005
2024-09-19 09:46:26.556,414.6261095732143,8
2024-09-19 09:46:26.556,414.56644594859694,997
2024-09-19 09:46:26.624,414.5880319357527,11
2024-09-19 09:46:26.631,414.6052632031967,7
2024-09-19 09:46:26.665,414.5546047230742,8
2024-09-19 09:46:26.746,414.626633298735,6
2024-09-19 09:46:26.775,414.6168629286626,97
2024-09-19 09:46:26.788,414.6033612131348,1005
2024-09-19 09:46:26.799,414.5669385808344,105
2024-09-19 09:46:26.916,414.5607606133688,103
2024-09-19 09:46:26.936,414.57289207110415,96
2024-09-19 09:46:28.036,414.6086150615291,95
2024-09-19 09:46:28.135,414.6041727766143,10
2024-09-19 09:46:28.150,414.6667048592857,997
2024-09-19 09:46:28.162,414.6561772771799,15
2024-09-19 09:46:28.181,414.6400428748274,996
2024-09-19 09:46:28.204,414.673609160946,100
2024-09-19 09:46:28.240,414.5973497685382,9
2024-09-19 09:46:28.370,414.6324681630269,995
2024-09-19 09:46:28.378,414.6209505920181,999
2024-09-19 09:46:28.382,414.6740703777307,998
2024-09-19 09:46:28.387,414.6056268725837,1004
2024-09-19 09:46:28.523,414.5959518952562,103
2024-09-19 09:46:28.526,414.66730017115486,96
2024-09-19 09:46:28.762,-414.6489974979701,997
2024-09-19 09:46:28.779,414.6620889523599,104
2024-09-19 09:46:28.931,414.6201112572135,104
2024-09-19 09:46:28.951,414.6492584121799,10
2024-09-19 09:46:28.956,414.6413971942757,11
2024-09-19 09:46:28.999,414.64069979645774,998
2024-09-19 09:46:29.110,414.6745278374984,1004
2024-09-19 09:46:29.138,414.6613997534572,96
2024-09-19 09:46:29.180,414.6535232673557,1001
2024-09-19 09:46:29.198,414.6533609092404,104
2024-09-19 09:46:29.238,414.6372551977875,98
2024-09-19 09:46:29.270,414.6636944079464,999
2024-09-19 09:46:29.335,414.64625051211226,98
2024-09-19 09:46:29.373,414.6429293713267,1002
2024-09-19 09:46:29.551,414.6250681461147,13
2024-09-19 09:46:29.621,414.64033259556186,13
2024-09-19 09:46:29.654,414.6675302697248,10
2024-09-19 09:46:29.678,414.6387463840496,998
2024-09-19 09:46:29.711,414.6735077335088,104
2024-09-19 09:46:29.717,414.66074559840513,12
2024-09-19 09:46:29.832,414.6569056428461,14
2024-09-19 09:46:29.909,414.6363896321993,997
2024-09-19 09:46:30.046,414.6522471197693,1002
2024-09-19 09:46:30.660,414.6692005857068,995
2024-09-19 09:46:30.727,414.6541378433288,9
2024-09-19 09:46:30.864,414.6587073298306,97
2024-09-19 09:46:31.022,414.67573210275793,995
2024-09-19 09:46:31.072,414.66177473418327,1003
2024-09-19 09:46:31.244,414.6764980323994,1004
2024-09-19 09:46:31.269,41.46589990469012,105
2024-09-19 09:46:31.357,414.66139723634245,12
2024-09-19 09:46:31.373,414.6411016239443,5
2024-09-19 09:46:31.411,414.6554464725296,1000
2024-09-19 09:46:31.423,414.6502291013141,6
2024-09-19 09:46:31.428,414.650259348866,100
2024-09-19 09:46:31.561,414.661269355337,5
2024-09-19 09:46:31.836,414.6514544153948,997
2024-09-19 09:46:32.069,414.5689187961413,100
2024-09-19 09:46:32.116,414.6237948593723,1002
2024-09-19 09:46:32.217,414.5851983982024,5
2024-09-19 09:46:32.574,414.6242773808216,105
2024-09-19 09:46:32.586,414.60461096268097,96
2024-09-19 09:46:32.702,,99
2024-09-19 09:46:32.798,414.59879547821794,1005
2024-09-19 09:46:32.819,414.5967752778408,99
2024-09-19 09:46:32.931,414.5755341191706,103
2024-09-19 09:46:32.938,414.5744035847783,9
2024-09-19 09:46:33.020,414.5935502459511,997
2024-09-19 09:46:33.119,414.6344787738774,999
2024-09-19 09:46:33.210,414.6838422909573,995
2024-09-19 09:46:33.262,414.6911945413055,14
2024-09-19 09:46:33.292,414.7000966039744,9
2024-09-19 09:46:33.300,414.6888988663568,100
2024-09-19 09:46:33.304,414.7107366339462,1005
2024-09-19 09:46:33.366,414.6115665347812,101
2024-09-19 09:46:33.377,414.67783149387617,998
2024-09-19 09:46:33.400,414.6257791289325,1003
2024-09-19 09:46:33.476,414.66844999174174,1002
2024-09-19 09:46:33.480,414.6995764161513,14
2024-09-19 09:46:33.490,414.67421306995993,104
2024-09-19 09:46:33.535,414.65384181190217,12
2024-09-19 09:46:33.543,414.6854487180055,1004
2024-09-19 09:46:33.589,414.6406333276124,96
2024-09-19 09:46:33.603,414.6160918655098,995
2024-09-19 09:46:33.643,414.6264405132013,999
2024-09-19 09:46:33.719,414.6938558827705,7
2024-09-19 09:46:33.745,414.6875556277324,1002
2024-09-19 09:46:33.810,414.6830682532924,7
2024-09-19 09:46:33.952,414.6745879186435,7
2024-09-19 09:46:33.985,414.6219981150003,105
2024-09-19 09:46:34.040,414.70475684276767,101
2024-09-19 09:46:34.045,414.7056594038543,995
2024-09-19 09:46:34.132,414.7643258382003,103
2024-09-19 09:46:34.135,414.7370760253417,97
2024-09-19 09:46:34.166,414.6846724741346,98
2024-09-19 09:46:34.192,414.7607651013845,96
2024-09-19 09:46:34.205,414.66158259868746,996
2024-09-19 09:46:34.344,414.66816271202737,12
2024-09-19 09:46:34.356,-414.6795699289858,104
2024-09-19 09:46:34.499,414.74423641124736,1000
2024-09-19 09:46:34.514,414.67011535762094,1003
2024-09-19 09:46:34.538,414.68523023450206,1002
2024-09-19 09:46:34.561,414.7270083828771,100
2024-09-19 09:46:34.568,414.7347659840365,6
2024-09-19 09:46:34.643,414.6708029911353,105
2024-09-19 09:46:34.674,414.7108180596584,103
2024-09-19 09:46:34.702,414.7658417282505,997
2024-09-19 09:46:34.793,414.68607057786,6
2024-09-19 09:46:34.794,414.71038548157526,102
2024-09-19 09:46:34.851,414.6861452362552,1005
2024-09-19 09:46:34.871,414.70995568510057,99
2024-09-19 09:46:34.874,414.7618182914507,98
2024-09-19 09:46:34.892,414.7320428401481,99
2024-09-19 09:46:34.902,414.6714379958774,8
2024-09-19 09:46:34.994,414.6970074664642,14
2024-09-19 09:46:35.049,414.77452909539153,102
2024-09-19 09:46:35.061,414.7349537515085,1001
2024-09-19 09:46:35.153,414.7434417014372,6
2024-09-19 09:46:35.175,414.76138667259926,10
2024-09-19 09:46:35.195,414.7499460842686,9
2024-09-19 09:46:35.260,414.7178349238158,105
2024-09-19 09:46:35.358,,98
2024-09-19 09:46:35.375,414.76258209323726,102
2024-09-19 09:46:35.463,414.74530643820106,1004
2024-09-19 09:46:35.603,414.7420284231721,8
2024-09-19 09:46:35.623,414.78294045496375,1005
2024-09-19 09:46:35.633,414.7764154632781,1005
2024-09-19 09:46:35.634,414.78718759872,1000
2024-09-19 09:46:35.747,414.7832381403231,9
2024-09-19 09:46:35.952,414.7536803139767,99
2024-09-19 09:46:35.962,414.7692591405028,995
2024-09-19 09:46:35.998,414.7528390096135,998
2024-09-19 09:46:36.148,414.6784419789468,102
2024-09-19 09:46:36.265,414.666818189204,996
2024-09-19 09:46:36.351,414.68874206161615,101
2024-09-19 09:46:36.525,414.7182695762245,14
2024-09-19 09:46:36.878,414.697440381578,1005
2024-09-19 09:46:36.909,414.67548847631616,12
2024-09-19 09:46:36.928,414.7072405189999,1001
2024-09-19 09:46:37.061,414.62753333994414,12
2024-09-19 09:46:37.089,414.6589278859744,997
2024-09-19 09:46:37.095,414.6801661184125,1004
2024-09-19 09:46:37.141,414.67344115901767,10
2024-09-19 09:46:37.171,414.6464381143524,98
2024-09-19 09:46:37.303,414.62581614996856,1001
2024-09-19 09:46:37.323,414.6261780795719,104
2024-09-19 09:46:37.363,414.6544064006179,13
2024-09-19 09:46:37.415,414.6562632349579,10
2024-09-19 09:46:37.490,414.6500602474387,1000
2024-09-19 09:46:37.501,414.6056120526192,5
2024-09-19 09:46:37.529,414.7118934532328,102
2024-09-19 09:46:37.541,414.6572140433511,103
2024-09-19 09:46:37.559,414.6386366904447,105
2024-09-19 09:46:37.596,414.6908859055861,995
2024-09-19 09:46:37.596,414.65487886034606,998
2024-09-19 09:46:37.631,414.6347600303688,98
2024-09-19 09:46:37.634,414.64416070278526,103
2024-09-19 09:46:37.668,414.6372574768028,996
2024-09-19 09:46:37.676,414.6070783088564,995
2024-09-19 09:46:37.702,414.6801837165217,103
2024-09-19 09:46:37.709,414.66064583514486,996
2024-09-19 09:46:37.722,414.6809015685035,1004
2024-09-19 09:46:37.783,414.6475173786396,103
2024-09-19 09:46:37.794,414.62369355922254,5
2024-09-19 09:46:37.867,414.6711174626661,995
2024-09-19 09:46:37.933,414.61737632188834,6
2024-09-19 09:46:37.954,414.6196465708758,5
2024-09-19 09:46:38.044,414.68347674666967,1000
2024-09-19 09:46:38.096,414.6907646989452,1001
2024-09-19 09:46:38.251,414.6875556293313,1005
2024-09-19 09:46:38.277,414.7005524756627,14
2024-09-19 09:46:38.288,414.6949078989338,105
2024-09-19 09:46:38.327,414.7072985489377,6
2024-09-19 09:46:38.378,414.7012902164567,100
2024-09-19 09:46:38.403,414.7022175300074,1001
2024-09-19 09:46:38.509,414.6870244584077,1002
2024-09-19 09:46:38.558,414.7029048461872,9
2024-09-19 09:46:38.562,414.6843236412895,95
2024-09-19 09:46:38.603,414.6881971673527,99
2024-09-19 09:46:38.608,414.67821323994673,101
2024-09-19 09:46:38.621,414.6956370569145,1005
2024-09-19 09:46:38.668,414.69836227102047,998
2024-09-19 09:46:38.677,414.6859073356901,7
2024-09-19 09:46:38.687,414.6856334687015,998
2024-09-19 09:46:38.737,414.68869737336377,103
2024-09-19 09:46:38.779,414.6829415483377,996
2024-09-19 09:46:38.953,414.693681514437,999
2024-09-19 09:46:38.975,414.6799988515705,12
2024-09-19 09:46:38.994,414.7186821583557,5
2024-09-19 09:46:39.041,414.6840290027817,96
2024-09-19 09:46:39.068,414.6748032674788,98
2024-09-19 09:46:39.239,414.6864674164233,101
2024-09-19 09:46:39.277,414.6562448712847,95
2024-09-19 09:46:39.314,414.7000076838086,7
2024-09-19 09:46:39.316,414.6636938448405,5
2024-09-19 09:46:39.390,414.6888000234389,103
2024-09-19 09:46:39.414,414.6664135631563,14
2024-09-19 09:46:39.457,414.6556862162869,1003
2024-09-19 09:46:39.553,414.6563971380886,97
2024-09-19 09:46:39.566,414.6805283626586,98
2024-09-19 09:46:39.616,414.6429174967887,999
2024-09-19 09:46:39.639,414.6462607896596,6
2024-09-19 09:46:39.652,414.6296327178377,995
2024-09-19 09:46:39.681,414.67328122701474,98
2024-09-19 09:46:39.820,414.6248923650596,995
2024-09-19 09:46:39.858,414.6489888831056,98
2024-09-19 09:46:39.868,414.6827106106646,1004
2024-09-19 09:46:39.873,414.6655188545335,95
2024-09-19 09:46:39.887,414.67608964576334,1004
2024-09-19 09:46:39.890,414.646104931448,1000
2024-09-19 09:46:40.051,414.7246347593248,7
2024-09-19 09:46:40.111,414.7218742487271,96
2024-09-19 09:46:40.127,414.71953346832015,1005
2024-09-19 09:46:40.195,414.7160177367484,999
2024-09-19 09:46:40.214,414.6987292844545,995
2024-09-19 09:46:40.216,414.702024226438,7
2024-09-19 09:46:40.254,414.6852905073134,102
2024-09-19 09:46:40.320,414.689463112856,103
2024-09-19 09:46:40.344,414.7035047247109,97
2024-09-19 09:46:40.380,414.7171007600103,7
2024-09-19 09:46:40.402,414.7085636360037,13
2024-09-19 09:46:40.481,414.6905627874133,12
2024-09-19 09:46:40.506,414.7069321389441,995
2024-09-19 09:46:40.587,414.6986463866088,101
2024-09-19 09:46:40.611,414.7153003646106,996
2024-09-19 09:46:40.669,414.6887483709254,998
2024-09-19 09:46:40.752,414.7054161213814,997
2024-09-19 09:46:40.761,414.7190287828738,12
2024-09-19 09:46:40.767,414.70078148551096,105
2024-09-19 09:46:40.882,414.7183709092726,995
2024-09-19 09:46:40.928,414.6722814488359,97
2024-09-19 09:46:40.959,414.7151455881204,100
2024-09-19 09:46:40.973,414.6877705506512,999
2024-09-19 09:46:41.008,414.66008120915865,100
2024-09-19 09:46:41.016,414.6580832468794,1002
2024-09-19 09:46:41.044,414.6578757804738,105
2024-09-19 09:46:41.422,414.6711794661769,5
2024-09-19 09:46:41.435,414.6793955190761,97
2024-09-19 09:46:41.526,414.6718241521737,95
2024-09-19 09:46:41.562,414.6749245227089,9
2024-09-19 09:46:41.642,41.46615158394032,102
2024-09-19 09:46:41.749,414.67009415301646,1004
2024-09-19 09:46:41.795,414.65926556261866,11
2024-09-19 09:46:41.822,414.6741929392314,101
2024-09-19 09:46:41.939,414.65173779324925,8
2024-09-19 09:46:42.668,414.6816175691434,7
2024-09-19 09:46:43.134,414.7301553402932,1001
2024-09-19 09:46:43.135,414.6685568727708,14
2024-09-19 09:46:43.154,414.7057670018503,11
2024-09-19 09:46:43.164,-414.7289579968237,1001
2024-09-19 09:46:43.169,414.7001404572299,997
2024-09-19 09:46:43.217,414.682219978493,12
2024-09-19 09:46:43.243,414.65266496242646,7
2024-09-19 09:46:43.248,414.69841208286186,101
2024-09-19 09:46:43.351,414.6858757375677,100
2024-09-19 09:46:43.389,414.7428799520976,97
2024-09-19 09:46:43.393,414.7129883486167,100
2024-09-19 09:46:43.495,414.7189481625705,1002
2024-09-19 09:46:43.497,414.7131043470508,103
2024-09-19 09:46:43.575,414.7064310196367,9
2024-09-19 09:46:43.584,414.72998756146126,95
2024-09-19 09:46:43.730,414.7313431522252,13
2024-09-19 09:46:43.792,414.7191076978046,1002
2024-09-19 09:46:43.833,414.7138320284806,11
2024-09-19 09:46:43.846,414.70156263456255,7
2024-09-19 09:46:43.934,414.7212453570332,1005
2024-09-19 09:46:43.961,414.73503608011856,100
2024-09-19 09:46:43.998,414.7062501514781,15
2024-09-19 09:46:44.067,414.6102022587157,97
2024-09-19 09:46:44.070,414.63602801646687,5
2024-09-19 09:46:44.105,414.6318369514804,999
2024-09-19 09:46:44.161,414.62220704081,15
2024-09-19 09:46:44.210,414.6147979311792,12
2024-09-19 09:46:44.220,414.6253942157998,6
2024-09-19 09:46:44.251,414.64471307326886,9
2024-09-19 09:46:44.263,414.6419609275519,998
2024-09-19 09:46:44.360,414.6342915584103,103
2024-09-19 09:46:44.614,414.5979264731836,101
2024-09-19 09:46:44.689,414.6156362165769,96
2024-09-19 09:46:44.718,414.6397161254936,99
2024-09-19 09:46:44.719,414.6376510435507,10
2024-09-19 09:46:44.935,414.6360321592742,98
2024-09-19 09:46:44.951,414.6154374714545,103
2024-09-19 09:46:45.085,414.6499716923668,1002
2024-09-19 09:46:45.175,414.6239214135528,1003
2024-09-19 09:46:45.275,414.64857780531497,13
2024-09-19 09:46:45.313,414.6279063849215,1001
2024-09-19 09:46:45.543,414.6131411751649,1001
2024-09-19 09:46:45.608,414.5905966149298,8
2024-09-19 09:46:45.671,414.6199246432453,104
2024-09-19 09:46:45.775,414.6340443306356,1002
2024-09-19 09:46:45.806,414.6298486659346,6
2024-09-19 09:46:45.973,414.63372365346,11
2024-09-19 09:46:45.999,414.6262521865291,100
2024-09-19 09:46:46.081,414.62912207253737,998
2024-09-19 09:46:46.442,414.6608130073805,1002
2024-09-19 09:46:46.466,414.67161533530737,10
2024-09-19 09:46:46.632,414.6267828541424,98
2024-09-19 09:46:46.738,414.64188957874825,15
2024-09-19 09:46:46.891,414.6334453085112,102
2024-09-19 09:46:46.952,414.64675434403017,6
2024-09-19 09:46:47.046,414.6735768625309,1002
2024-09-19 09:46:47.521,414.6978964612681,1000
2024-09-19 09:46:47.883,414.68111755935473,104
2024-09-19 09:46:48.013,414.7006684198215,102
2024-09-19 09:46:48.046,414.68978317541126,105
2024-09-19 09:46:48.099,414.6728798810181,14
2024-09-19 09:46:48.099,414.6746813829311,997
2024-09-19 09:46:48.189,414.6937395113558,6
2024-09-19 09:46:48.316,414.6596292038384,1002
2024-09-19 09:46:48.408,414.6830928135953,1003
2024-09-19 09:46:48.753,414.6938772953882,13
2024-09-19 09:46:48.761,414.6922228430354,100
2024-09-19 09:46:48.781,414.68945165209936,102
2024-09-19 09:46:48.836,414.6726186193349,13
2024-09-19 09:46:48.850,414.6922499596391,1002
2024-09-19 09:46:48.896,414.6750910620244,998
2024-09-19 09:46:49.298,414.68519972092616,1003
2024-09-19 09:46:49.311,414.6612265311474,9
2024-09-19 09:46:49.481,414.675032401023,5
2024-09-19 09:46:49.560,414.7166821737584,13
2024-09-19 09:46:49.759,414.6496122218545,7
2024-09-19 09:46:49.791,414.6956484843879,6
2024-09-19 09:46:49.882,414.6602963596681,1000
2024-09-19 09:46:49.918,414.7236986029754,100
2024-09-19 09:46:50.000,414.7512081691722,13
2024-09-19 09:46:50.136,414.7510073634984,6
2024-09-19 09:46:50.332,414.7163083253498,7
2024-09-19 09:46:50.338,414.71861207309297,996
2024-09-19 09:46:50.432,414.76354575835177,10
2024-09-19 09:46:50.459,414.72808743844513,13
2024-09-19 09:46:50.591,414.75983800622464,7
2024-09-19 09:46:50.693,414.75088400308965,1003
2024-09-19 09:46:50.781,414.7500245184056,98
2024-09-19 09:46:50.907,414.7251675571279,1005
2024-09-19 09:46:51.007,414.66534566445137,98
2024-09-19 09:46:51.111,414.642453628844,105
2024-09-19 09:46:51.212,414.6764892961517,103
2024-09-19 09:46:51.393,414.6877284666762,11
2024-09-19 09:46:51.456,414.63832614469743,99
2024-09-19 09:46:51.468,414.659619822302,99
2024-09-19 09:46:51.476,414.6624885999322,996
2024-09-19 09:46:51.496,414.6379718550758,13
2024-09-19 09:46:51.653,414.63558462030335,999
2024-09-19 09:46:51.832,414.66616595296847,98
2024-09-19 09:46:51.839,414.6866392619536,96
2024-09-19 09:46:51.874,414.6818130088576,15
2024-09-19 09:46:51.948,414.7028482453128,7
2024-09-19 09:46:51.955,414.71543972109856,14
2024-09-19 09:46:51.988,414.6601132939497,1004
2024-09-19 09:46:52.090,414.667232093601,999
2024-09-19 09:46:52.157,414.6566353675136,1003
2024-09-19 09:46:52.189,414.66666907624216,96
2024-09-19 09:46:52.570,414.6724978604247,1004
2024-09-19 09:46:52.695,414.6569598678528,11
2024-09-19 09:46:53.083,414.7042929077789,98
2024-09-19 09:46:53.379,414.7366005979546,995
2024-09-19 09:46:53.395,414.7175001468013,999
2024-09-19 09:46:53.556,414.7155371164569,1003
2024-09-19 09:46:53.599,414.6893284656017,1003
2024-09-19 09:46:53.723,414.742084157058,100
2024-09-19 09:46:53.852,414.6920886661288,1005
2024-09-19 09:46:53.881,414.6983166622705,12
2024-09-19 09:46:53.916,414.7355593094665,995
2024-09-19 09:46:53.943,414.70923371323966,7
2024-09-19 09:46:53.944,414.7042175755609,97
2024-09-19 09:46:54.010,,11
2024-09-19 09:46:54.136,414.768995678719,13
2024-09-19 09:46:54.256,414.7701773309936,97
2024-09-19 09:46:54.302,414.7695870250088,96
2024-09-19 09:46:54.334,414.77435223463226,15
2024-09-19 09:46:54.349,414.7605794307668,98
2024-09-19 09:46:54.359,414.7518788772227,1002
2024-09-19 09:46:54.501,414.7518685249766,102
2024-09-19 09:46:54.714,414.761684149086,5
2024-09-19 09:46:54.731,414.7689651502429,1000
2024-09-19 09:46:54.743,414.7427749668929,96
2024-09-19 09:46:54.765,,105
2024-09-19 09:46:54.824,414.7518645178933,13
2024-09-19 09:46:54.836,414.76613974541897,1004
2024-09-19 09:46:54.836,414.7534479609397,8
2024-09-19 09:46:54.870,414.7636459110232,10
2024-09-19 09:46:54.923,414.7500969915564,999
2024-09-19 09:46:54.925,41.47482748910018,998
2024-09-19 09:46:55.076,414.76905840930567,103
2024-09-19 09:46:55.251,414.7404484237086,9
2024-09-19 09:46:55.257,414.7712677993976,1004
2024-09-19 09:46:55.301,414.75031524948406,6
2024-09-19 09:46:55.408,414.7719174439249,998
2024-09-19 09:46:55.552,414.7682382061132,103
2024-09-19 09:46:55.581,414.7499297686684,14
2024-09-19 09:46:55.601,414.750780833856,1000
2024-09-19 09:46:55.636,414.7304291322498,95
2024-09-19 09:46:55.643,414.7666168934749,997
2024-09-19 09:46:55.646,414.7567565560662,96
2024-09-19 09:46:55.792,414.76886246667766,12
2024-09-19 09:46:55.869,414.7528059535804,5
2024-09-19 09:46:55.969,414.7458836215283,96
2024-09-19 09:46:55.988,414.7434550722697,997
2024-09-19 09:46:56.003,414.7100954152049,9
2024-09-19 09:46:56.207,414.7341596670904,105
2024-09-19 09:46:56.273,414.76649063989487,105
2024-09-19 09:46:56.471,414.7200242705188,1004
2024-09-19 09:46:56.520,414.743414152377,97
2024-09-19 09:46:56.525,414.7149724476835,101
2024-09-19 09:46:56.548,414.72782542254623,13
2024-09-19 09:46:56.555,414.7480287387857,12
2024-09-19 09:46:56.571,414.7532607954368,97
2024-09-19 09:46:56.678,414.7156977964757,98
2024-09-19 09:46:56.788,414.7228697481205,1000
2024-09-19 09:46:56.870,414.7638962990759,1002
2024-09-19 09:46:57.127,414.7480009623272,1003
2024-09-19 09:46:57.227,414.72276642837954,996
2024-09-19 09:46:57.618,414.72996860039945,14
2024-09-19 09:46:58.019,414.7212833400582,104
2024-09-19 09:46:58.330,414.7100840811747,14
2024-09-19 09:46:58.368,414.7076821212358,996
2024-09-19 09:46:58.397,414.6930620182183,998
2024-09-19 09:46:58.434,414.7114113449709,997
2024-09-19 09:46:58.555,414.7011251649243,98
2024-09-19 09:46:58.590,414.7094763233182,1004
2024-09-19 09:46:58.664,414.7590416957659,101
2024-09-19 09:46:58.696,414.706777403672,100
2024-09-19 09:46:58.829,414.7395340541213,999
2024-09-19 09:46:58.995,414.7200734866191,999
2024-09-19 09:46:59.201,414.7557710689153,999
2024-09-19 09:46:59.232,414.7554279817905,103
2024-09-19 09:46:59.993,414.76164913566055,998
