Timestamp,Price,Size
2024-09-19 10:54:00.014,419.90833357611183,14
2024-09-19 10:54:00.054,419.93900010638185,97
2024-09-19 10:54:00.068,419.94156774962784,1003
2024-09-19 10:54:00.129,419.9278069855117,996
2024-09-19 10:54:00.170,419.9427994194074,5
2024-09-19 10:54:00.185,419.9614040704311,8
2024-09-19 10:54:00.345,419.92748887463904,105
2024-09-19 10:54:00.366,419.9672025767375,15
2024-09-19 10:54:00.372,419.90261757672033,997
2024-09-19 10:54:00.402,419.9100016024585,1001
2024-09-19 10:54:00.502,419.9138818701208,998
2024-09-19 10:54:00.540,419.94626257889416,6
2024-09-19 10:54:00.593,419.91853583531554,5
2024-09-19 10:54:00.630,,96
2024-09-19 10:54:00.645,419.9053782639525,100
2024-09-19 10:54:00.748,419.9248571947145,1003
2024-09-19 10:54:00.794,419.9369727187762,15
2024-09-19 10:54:00.820,419.9364902410095,1000
2024-09-19 10:54:00.852,419.9109795094208,1000
2024-09-19 10:54:00.854,419.9176373216491,103
2024-09-19 10:54:00.899,419.9198359591389,105
2024-09-19 10:54:00.944,419.89995260373246,95
2024-09-19 10:54:00.963,419.9339873389288,97
2024-09-19 10:54:01.000,419.917917479545,100
2024-09-19 10:54:01.040,419.9106131041341,14
2024-09-19 10:54:01.128,419.87746839222814,1004
2024-09-19 10:54:01.131,419.8953499070706,100
2024-09-19 10:54:01.162,419.90456026556313,1004
2024-09-19 10:54:01.189,419.91348453527536,5
2024-09-19 10:54:01.199,419.903869154544,103
2024-09-19 10:54:01.279,419.8945353637605,6
2024-09-19 10:54:01.305,419.9055728409997,8
2024-09-19 10:54:01.365,419.90490202829005,96
2024-09-19 10:54:01.384,419.9124221824488,11
2024-09-19 10:54:01.416,419.90964240662737,99
2024-09-19 10:54:01.461,419.9211150722389,1001
2024-09-19 10:54:01.476,419.892734414044,11
2024-09-19 10:54:01.488,419.88383898696657,102
2024-09-19 10:54:01.497,419.8829611326294,13
2024-09-19 10:54:01.532,419.8850988717301,99
2024-09-19 10:54:01.586,419.8976142380061,1003
2024-09-19 10:54:01.600,419.8932992133065,96
2024-09-19 10:54:01.675,419.88140725943776,1002
2024-09-19 10:54:01.714,419.90705748869664,995
2024-09-19 10:54:01.866,419.8915171995112,6
2024-09-19 10:54:01.872,419.9152158032676,5
2024-09-19 10:54:01.883,419.8671888650453,98
2024-09-19 10:54:01.926,419.902083659435,14
2024-09-19 10:54:01.944,419.90938338633794,99
2024-09-19 10:54:01.954,419.9111568589173,7
2024-09-19 10:54:01.954,419.9066165762917,102
2024-09-19 10:54:01.955,419.8925364477918,95
2024-09-19 10:54:02.010,419.9364670974379,8
2024-09-19 10:54:02.048,419.90690806719726,995
2024-09-19 10:54:02.063,419.8826994341222,999
2024-09-19 10:54:02.084,-419.88685800473706,15
2024-09-19 10:54:02.104,419.9379823398728,9
2024-09-19 10:54:02.143,419.9854990545186,9
2024-09-19 10:54:02.161,419.97258817750713,100
2024-09-19 10:54:02.235,419.9457189155729,6
2024-09-19 10:54:02.243,419.9155158875375,998
2024-09-19 10:54:02.291,419.9595690705572,5
2024-09-19 10:54:02.301,419.9151024734979,95
2024-09-19 10:54:02.343,419.9791203507274,5
2024-09-19 10:54:02.382,419.952561108661,13
2024-09-19 10:54:02.393,419.9163645521037,8
2024-09-19 10:54:02.477,419.88242920027454,104
2024-09-19 10:54:02.576,419.9229901276255,96
2024-09-19 10:54:02.588,419.9305474557302,1003
2024-09-19 10:54:02.621,419.89882994680687,15
2024-09-19 10:54:02.681,419.8852121851567,9
2024-09-19 10:54:02.732,419.88638128924623,103
2024-09-19 10:54:02.755,419.960167837979,103
2024-09-19 10:54:02.765,,12
2024-09-19 10:54:02.841,419.9248360302597,95
2024-09-19 10:54:02.861,419.8995688722673,7
2024-09-19 10:54:02.862,419.8931415297088,996
2024-09-19 10:54:02.922,419.89560867838287,12
2024-09-19 10:54:03.044,419.8660642925417,96
2024-09-19 10:54:03.045,419.8930385894415,1004
2024-09-19 10:54:03.124,419.87861535872366,5
2024-09-19 10:54:03.134,419.9085572792662,100
2024-09-19 10:54:03.190,419.9139952494043,8
2024-09-19 10:54:03.237,419.84890761656334,12
2024-09-19 10:54:03.239,419.8518535770145,997
2024-09-19 10:54:03.287,419.8588433653382,1002
2024-09-19 10:54:03.332,419.8543871406481,101
2024-09-19 10:54:03.342,419.86632924311647,1001
2024-09-19 10:54:03.409,419.79912044011553,1005
2024-09-19 10:54:03.445,419.8444708147997,995
2024-09-19 10:54:03.464,419.8968763036547,1004
2024-09-19 10:54:03.477,419.8252758163807,5
2024-09-19 10:54:03.523,419.9243207443346,7
2024-09-19 10:54:03.594,419.9005236022298,103
2024-09-19 10:54:03.631,419.89855059459177,13
2024-09-19 10:54:03.713,419.9015490378274,995
2024-09-19 10:54:03.800,419.8461498298494,998
2024-09-19 10:54:03.820,419.8685245475044,95
2024-09-19 10:54:03.885,419.7986921155266,996
2024-09-19 10:54:03.914,419.8440629413761,10
2024-09-19 10:54:03.950,419.8513409433954,998
2024-09-19 10:54:03.992,419.86491223387793,99
2024-09-19 10:54:04.015,419.9065039439478,101
2024-09-19 10:54:04.077,419.9291387895377,11
2024-09-19 10:54:04.090,419.880118041646,13
2024-09-19 10:54:04.131,419.8835713455536,1000
2024-09-19 10:54:04.295,419.8820330015605,997
2024-09-19 10:54:04.663,419.9187324938681,96
2024-09-19 10:54:04.753,419.9251513453376,9
2024-09-19 10:54:04.765,419.89510097549567,98
2024-09-19 10:54:04.971,419.87204855672513,1000
2024-09-19 10:54:05.014,419.9610482377695,5
2024-09-19 10:54:05.416,419.95589060451607,1004
2024-09-19 10:54:05.674,419.9402463559384,101
2024-09-19 10:54:05.702,419.9267243884396,101
2024-09-19 10:54:05.724,419.9555839983781,96
2024-09-19 10:54:05.727,419.9566550775265,100
2024-09-19 10:54:05.743,419.98292228757504,10
2024-09-19 10:54:05.771,419.9682638507948,105
2024-09-19 10:54:05.844,419.95850952533857,998
2024-09-19 10:54:05.902,419.96135114920577,14
2024-09-19 10:54:06.042,419.9909917881745,5
2024-09-19 10:54:06.085,419.97819297110783,14
2024-09-19 10:54:06.102,420.0003893835348,1005
2024-09-19 10:54:06.107,419.9809048019772,997
2024-09-19 10:54:06.155,419.9849533910333,996
2024-09-19 10:54:06.389,419.9873893107183,10
2024-09-19 10:54:06.396,420.00755345111537,6
2024-09-19 10:54:06.615,419.9770214326744,97
2024-09-19 10:54:06.681,419.994409132663,99
2024-09-19 10:54:06.782,419.991117561097,104
2024-09-19 10:54:06.791,419.9748933838024,1004
2024-09-19 10:54:07.009,419.97722489285127,995
2024-09-19 10:54:07.038,419.9793736398596,995
2024-09-19 10:54:07.134,419.9746233359097,95
2024-09-19 10:54:07.160,419.9880201661328,14
2024-09-19 10:54:07.170,420.0060302299845,101
2024-09-19 10:54:07.174,419.9631035847542,96
2024-09-19 10:54:07.205,419.962169214354,1003
2024-09-19 10:54:07.254,419.9761827228503,104
2024-09-19 10:54:07.294,-419.9603197666504,12
2024-09-19 10:54:07.355,419.9647320920066,100
2024-09-19 10:54:07.473,419.9794148355573,8
2024-09-19 10:54:07.487,419.97825463965415,12
2024-09-19 10:54:07.492,419.9711565875471,101
2024-09-19 10:54:07.599,419.9712441864344,1002
2024-09-19 10:54:07.658,419.9495682756941,13
2024-09-19 10:54:07.660,419.975294466962,103
2024-09-19 10:54:07.665,419.9697811684759,10
2024-09-19 10:54:07.724,419.9687705779314,5
2024-09-19 10:54:07.737,419.9848784999498,997
2024-09-19 10:54:07.934,419.9901302655923,998
2024-09-19 10:54:07.984,419.97250399106673,998
2024-09-19 10:54:08.095,420.015925645822,995
2024-09-19 10:54:08.277,-419.9986448670905,999
2024-09-19 10:54:09.122,420.0429950146628,102
2024-09-19 10:54:09.139,420.1106430138916,101
2024-09-19 10:54:09.421,420.0258032165732,104
2024-09-19 10:54:09.453,-420.06230720182816,1004
2024-09-19 10:54:09.745,420.0726886305677,996
2024-09-19 10:54:10.108,420.0679453776784,10
2024-09-19 10:54:10.204,420.1026140821388,996
2024-09-19 10:54:10.214,420.0558172572781,96
2024-09-19 10:54:10.225,420.0612173202836,95
2024-09-19 10:54:10.416,420.08488707593807,1005
2024-09-19 10:54:10.581,420.0700949095012,13
2024-09-19 10:54:10.904,420.0554171533378,995
2024-09-19 10:54:11.034,420.0261837988962,98
2024-09-19 10:54:11.101,420.0454046019725,997
2024-09-19 10:54:11.101,,8
2024-09-19 10:54:11.122,420.0608216913581,8
2024-09-19 10:54:11.149,420.04495931099,12
2024-09-19 10:54:11.225,420.077599915966,100
2024-09-19 10:54:11.307,420.06974510634046,1004
2024-09-19 10:54:11.308,-420.0758751942548,1005
2024-09-19 10:54:11.383,420.0332144846789,1003
2024-09-19 10:54:11.426,420.0385343510155,95
2024-09-19 10:54:11.483,420.0555880087021,10
2024-09-19 10:54:11.536,420.07049307257984,10
2024-09-19 10:54:11.549,42.00410063298489,1003
2024-09-19 10:54:11.614,420.0216829137288,1005
2024-09-19 10:54:11.622,420.0467513303521,12
2024-09-19 10:54:11.723,420.0314326223996,1003
2024-09-19 10:54:11.821,420.0215993253695,104
2024-09-19 10:54:11.857,420.0578756742401,99
2024-09-19 10:54:11.864,420.0319570044097,11
2024-09-19 10:54:11.952,-420.0765800680925,96
2024-09-19 10:54:11.961,420.0260254398654,1004
2024-09-19 10:54:11.968,420.01495340675314,1001
2024-09-19 10:54:12.027,419.9683619130925,996
2024-09-19 10:54:12.035,419.97314621517097,1000
2024-09-19 10:54:12.110,419.9655709371067,10
2024-09-19 10:54:12.208,419.9814419461461,10
2024-09-19 10:54:12.388,419.9654827278076,96
2024-09-19 10:54:12.614,420.0001383182109,12
2024-09-19 10:54:12.659,419.9719273525878,10
2024-09-19 10:54:12.772,419.9683468667203,7
2024-09-19 10:54:12.864,420.0210622376873,996
2024-09-19 10:54:12.941,419.9621487644358,10
2024-09-19 10:54:12.967,419.9789059117736,8
2024-09-19 10:54:12.973,420.01446342604953,98
2024-09-19 10:54:13.105,419.9635821747851,97
2024-09-19 10:54:13.110,419.98404346848463,14
2024-09-19 10:54:13.148,419.96427836981456,1001
2024-09-19 10:54:13.148,419.9733885540005,13
2024-09-19 10:54:13.159,419.9607950845389,6
2024-09-19 10:54:13.174,419.9654820499501,12
2024-09-19 10:54:13.270,419.9912633277291,7
2024-09-19 10:54:13.352,419.967971354055,101
2024-09-19 10:54:13.393,419.9490837681964,1005
2024-09-19 10:54:13.500,419.9735360690757,9
2024-09-19 10:54:13.587,419.9641620425493,999
2024-09-19 10:54:13.590,419.9685597761022,15
2024-09-19 10:54:13.715,419.9890064886511,14
2024-09-19 10:54:13.716,419.9504477857717,96
2024-09-19 10:54:13.775,419.9781531480612,1003
2024-09-19 10:54:13.819,419.9469920777706,97
2024-09-19 10:54:13.877,419.9524309012234,997
2024-09-19 10:54:13.903,419.976754713022,995
2024-09-19 10:54:13.908,419.9482197621145,95
2024-09-19 10:54:13.925,419.980122498241,105
2024-09-19 10:54:13.933,419.967822148382,1000
2024-09-19 10:54:13.940,419.9734473515713,104
2024-09-19 10:54:13.982,419.9503627570172,96
2024-09-19 10:54:14.068,420.027352709954,10
2024-09-19 10:54:14.145,419.9974901402314,100
2024-09-19 10:54:14.190,420.0538067042464,999
2024-09-19 10:54:14.203,420.0287557643535,6
2024-09-19 10:54:14.246,419.983268907208,99
2024-09-19 10:54:14.300,420.03091953957176,96
2024-09-19 10:54:14.366,420.0129482810144,102
2024-09-19 10:54:14.440,420.03548777357696,997
2024-09-19 10:54:14.549,420.015137136788,15
2024-09-19 10:54:14.568,420.03450562153336,12
2024-09-19 10:54:14.568,420.0400209876701,97
2024-09-19 10:54:14.573,420.0534166270572,997
2024-09-19 10:54:14.600,419.9739108302571,12
2024-09-19 10:54:14.793,420.0265340262152,103
2024-09-19 10:54:14.813,420.0228254639211,14
2024-09-19 10:54:14.884,420.00737619680206,1000
2024-09-19 10:54:14.902,420.03494728827366,99
2024-09-19 10:54:14.995,420.021844876686,8
2024-09-19 10:54:15.055,420.0214988134084,15
2024-09-19 10:54:15.056,420.0038280696974,996
2024-09-19 10:54:15.114,420.0168769487567,95
2024-09-19 10:54:15.153,420.036873806478,98
2024-09-19 10:54:15.339,420.0200348895454,11
2024-09-19 10:54:15.603,420.0199225412572,14
2024-09-19 10:54:15.972,420.0274271221558,98
2024-09-19 10:54:16.101,420.021927138873,1005
2024-09-19 10:54:16.108,420.0463573588378,1001
2024-09-19 10:54:16.139,420.0614521242886,99
2024-09-19 10:54:16.222,420.0118349898338,13
2024-09-19 10:54:16.224,420.1099704143407,105
2024-09-19 10:54:16.267,420.076804378558,13
2024-09-19 10:54:16.396,420.01721109824695,8
2024-09-19 10:54:16.397,420.0798668079148,96
2024-09-19 10:54:16.440,420.0840694350608,997
2024-09-19 10:54:16.511,420.08034496848745,1005
2024-09-19 10:54:16.594,420.0935796735912,1004
2024-09-19 10:54:16.605,420.0240348570686,8
2024-09-19 10:54:16.721,420.0562692948941,997
2024-09-19 10:54:16.771,420.02762719729,105
2024-09-19 10:54:16.780,420.069210893468,103
2024-09-19 10:54:16.782,420.0121351465597,96
2024-09-19 10:54:16.820,420.0978885292325,95
2024-09-19 10:54:16.869,420.07663742366327,102
2024-09-19 10:54:16.973,420.0163362608709,105
2024-09-19 10:54:16.989,420.10272481902587,8
2024-09-19 10:54:17.067,420.1007442728941,10
2024-09-19 10:54:17.103,420.0301776947277,998
2024-09-19 10:54:17.110,420.046819513555,99
2024-09-19 10:54:17.264,420.0733180997349,1005
2024-09-19 10:54:17.279,420.04516674090246,1000
2024-09-19 10:54:17.347,420.0433850573009,8
2024-09-19 10:54:17.408,420.0306171035828,995
2024-09-19 10:54:17.555,420.0442391837512,5
2024-09-19 10:54:17.585,420.0589324216684,1003
2024-09-19 10:54:17.594,420.039358908418,102
2024-09-19 10:54:17.626,420.09467394144826,99
2024-09-19 10:54:17.740,420.0216309523325,10
2024-09-19 10:54:17.767,420.0284164838949,13
2024-09-19 10:54:17.796,420.0386278324779,6
2024-09-19 10:54:17.825,420.0355903618092,104
2024-09-19 10:54:17.833,420.065529119312,6
2024-09-19 10:54:17.841,,12
2024-09-19 10:54:17.843,420.05853281716327,101
2024-09-19 10:54:17.883,420.0768994666198,1001
2024-09-19 10:54:17.918,420.04670265228873,100
2024-09-19 10:54:17.947,420.0560403564685,998
2024-09-19 10:54:18.222,420.0243957664575,1002
2024-09-19 10:54:18.349,420.0365544680599,996
2024-09-19 10:54:18.355,420.0542837471833,96
2024-09-19 10:54:18.429,420.03654498513686,6
2024-09-19 10:54:18.477,420.0276217095113,996
2024-09-19 10:54:18.608,420.0277168465449,100
2024-09-19 10:54:18.617,420.0418029934365,11
2024-09-19 10:54:18.730,42.00439213787829,9
2024-09-19 10:54:18.748,420.0187444234954,97
2024-09-19 10:54:18.779,420.0490791263209,1000
2024-09-19 10:54:18.787,420.0339789222254,100
2024-09-19 10:54:18.801,420.0335605628233,7
2024-09-19 10:54:19.147,420.08895283149405,100
2024-09-19 10:54:19.227,420.0997073233616,96
2024-09-19 10:54:19.832,420.0854424094797,101
2024-09-19 10:54:20.509,420.0883467088078,1004
2024-09-19 10:54:20.783,420.0991884989996,103
2024-09-19 10:54:21.071,420.1287402188053,1003
2024-09-19 10:54:21.099,420.15277041467857,10
2024-09-19 10:54:21.102,420.1042743478934,105
2024-09-19 10:54:21.128,420.1833825023874,95
2024-09-19 10:54:21.168,420.1125632497039,1001
2024-09-19 10:54:21.170,420.142499198392,95
2024-09-19 10:54:21.202,420.13289389861177,8
2024-09-19 10:54:21.223,420.1244030478304,6
2024-09-19 10:54:21.226,420.1467741283253,96
2024-09-19 10:54:21.227,420.10189976060894,101
2024-09-19 10:54:21.276,420.1910278884079,13
2024-09-19 10:54:21.358,420.12311961597146,104
2024-09-19 10:54:21.462,420.13611240312633,96
2024-09-19 10:54:21.483,420.1763546549861,1003
2024-09-19 10:54:21.490,42.01237414339719,1002
2024-09-19 10:54:21.587,420.1639625509389,15
2024-09-19 10:54:21.643,420.1667588645572,15
2024-09-19 10:54:21.699,420.1325178723249,12
2024-09-19 10:54:21.719,420.1057356539823,10
2024-09-19 10:54:21.782,420.1096724322333,995
2024-09-19 10:54:21.859,420.1216419296737,105
2024-09-19 10:54:22.009,420.22668306400914,999
2024-09-19 10:54:22.022,420.1862766468644,8
2024-09-19 10:54:22.115,420.18537244700633,15
2024-09-19 10:54:22.219,420.1624046899141,7
2024-09-19 10:54:22.254,420.1921491410983,104
2024-09-19 10:54:22.255,420.17162508663785,8
2024-09-19 10:54:22.362,420.18053909824704,100
2024-09-19 10:54:22.400,420.19152600981073,9
2024-09-19 10:54:22.413,420.19424098071,1001
2024-09-19 10:54:22.472,420.174157544778,995
2024-09-19 10:54:22.486,420.1615208920885,999
2024-09-19 10:54:22.494,420.2448319917144,99
2024-09-19 10:54:22.613,420.1911571812974,12
2024-09-19 10:54:22.632,420.1815833891637,995
2024-09-19 10:54:22.640,420.2423893508146,998
2024-09-19 10:54:22.697,420.19066304109634,103
2024-09-19 10:54:22.706,420.2209184198331,102
2024-09-19 10:54:22.720,420.20596262406696,104
2024-09-19 10:54:22.809,420.2353200215444,11
2024-09-19 10:54:22.818,420.1884712235509,99
2024-09-19 10:54:22.846,420.17636853024135,98
2024-09-19 10:54:22.846,420.17767596167135,105
2024-09-19 10:54:22.895,,101
2024-09-19 10:54:22.915,420.21504743576776,999
2024-09-19 10:54:23.052,420.215054871724,103
2024-09-19 10:54:23.175,420.30699381111975,998
2024-09-19 10:54:23.183,420.28296376637405,7
2024-09-19 10:54:23.393,420.202134066241,6
2024-09-19 10:54:23.428,420.2073032778365,13
2024-09-19 10:54:23.429,420.20583733952975,10
2024-09-19 10:54:23.439,420.2391443294469,999
2024-09-19 10:54:23.460,420.2219251935541,998
2024-09-19 10:54:23.467,420.31654925774615,15
2024-09-19 10:54:23.493,420.2131646943437,12
2024-09-19 10:54:23.561,420.2092447881815,98
2024-09-19 10:54:23.712,420.2682774572447,97
2024-09-19 10:54:23.770,420.281045667444,10
2024-09-19 10:54:23.783,420.2318789489069,104
2024-09-19 10:54:23.955,420.2108547786883,95
2024-09-19 10:54:23.972,420.2302782984366,997
2024-09-19 10:54:23.982,420.1985352324214,9
2024-09-19 10:54:23.990,420.25222947138536,101
2024-09-19 10:54:23.998,420.2009705984679,11
2024-09-19 10:54:24.010,420.3113826649092,999
2024-09-19 10:54:24.020,420.28936304142553,97
2024-09-19 10:54:24.041,420.2925189490394,998
2024-09-19 10:54:24.062,420.3419819844523,995
2024-09-19 10:54:24.066,420.3094422837803,13
2024-09-19 10:54:24.074,420.3711395249275,100
2024-09-19 10:54:24.089,420.3093144224403,1003
2024-09-19 10:54:24.146,420.336843767994,1003
2024-09-19 10:54:24.195,420.3308938586687,995
2024-09-19 10:54:24.220,420.365607007597,10
2024-09-19 10:54:24.262,420.3516298644428,11
2024-09-19 10:54:24.311,420.34001967258666,13
2024-09-19 10:54:24.314,420.3228214544285,105
2024-09-19 10:54:24.500,420.3591314146107,13
2024-09-19 10:54:24.585,420.3246721538737,101
2024-09-19 10:54:24.604,420.344270069631,8
2024-09-19 10:54:24.608,420.3833886588189,103
2024-09-19 10:54:24.613,420.3078609400796,98
2024-09-19 10:54:24.650,420.32324466039495,100
2024-09-19 10:54:24.670,420.3817462520542,999
2024-09-19 10:54:24.684,420.3482898345533,99
2024-09-19 10:54:24.719,420.33333759319504,999
2024-09-19 10:54:24.780,420.365002596689,11
2024-09-19 10:54:24.827,420.3528506171246,1005
2024-09-19 10:54:24.924,420.3110826983883,7
2024-09-19 10:54:24.973,420.3463100215884,8
2024-09-19 10:54:24.999,420.34808044378303,1001
2024-09-19 10:54:25.033,420.3663270697651,1005
2024-09-19 10:54:25.045,420.2640732540355,95
2024-09-19 10:54:25.082,420.38135789571527,15
2024-09-19 10:54:25.083,420.3623803400477,6
2024-09-19 10:54:25.165,420.3795908283075,102
2024-09-19 10:54:25.260,420.2673322176057,999
2024-09-19 10:54:25.303,420.26534039968766,15
2024-09-19 10:54:25.379,420.3727058948498,996
2024-09-19 10:54:25.422,420.2824445530271,12
2024-09-19 10:54:25.583,-420.3201792486798,1001
2024-09-19 10:54:25.588,420.27576696972886,101
2024-09-19 10:54:25.688,,104
2024-09-19 10:54:25.735,420.26414358270864,95
2024-09-19 10:54:25.761,420.2828332961944,13
2024-09-19 10:54:25.782,420.3470267401555,15
2024-09-19 10:54:25.797,420.2779765295726,98
2024-09-19 10:54:25.841,420.349032171255,998
2024-09-19 10:54:25.907,420.3381474666677,9
2024-09-19 10:54:25.912,420.2816309341298,1002
2024-09-19 10:54:25.917,420.2828065455713,102
2024-09-19 10:54:25.924,420.3405721090632,101
2024-09-19 10:54:25.926,420.27946994965447,8
2024-09-19 10:54:25.959,420.3557442716135,101
2024-09-19 10:54:25.989,420.3555432082008,7
2024-09-19 10:54:26.017,420.2828579013293,100
2024-09-19 10:54:26.556,420.2586556312164,995
2024-09-19 10:54:27.051,420.23462490960446,1003
2024-09-19 10:54:27.151,420.2062971859442,1005
2024-09-19 10:54:27.164,420.2936279031928,997
2024-09-19 10:54:27.167,420.216353146248,100
2024-09-19 10:54:27.176,420.2819505093256,1001
2024-09-19 10:54:27.319,420.2278807812671,102
2024-09-19 10:54:27.350,420.19234090665645,99
2024-09-19 10:54:27.359,420.2106683897267,102
2024-09-19 10:54:27.359,420.2782376502923,11
2024-09-19 10:54:27.435,420.214866867896,9
2024-09-19 10:54:27.494,420.2584928744395,7
2024-09-19 10:54:27.583,420.2457348231496,15
2024-09-19 10:54:27.598,420.2015279300032,1000
2024-09-19 10:54:27.651,420.1998286552208,997
2024-09-19 10:54:27.667,420.2698922830482,8
2024-09-19 10:54:27.703,420.192518178918,103
2024-09-19 10:54:27.715,,9
2024-09-19 10:54:27.807,420.1847727540565,12
2024-09-19 10:54:27.855,420.24303296087766,1005
2024-09-19 10:54:28.022,420.2766272006841,1004
2024-09-19 10:54:28.040,420.22169381820623,96
2024-09-19 10:54:28.269,420.29467897411513,998
2024-09-19 10:54:28.306,420.223544325507,104
2024-09-19 10:54:28.700,420.2409800449777,11
2024-09-19 10:54:28.746,420.2323552164431,999
2024-09-19 10:54:28.773,420.2561606129738,999
2024-09-19 10:54:28.813,420.3021465231333,103
2024-09-19 10:54:28.847,420.2704117131116,15
2024-09-19 10:54:28.953,420.2882365844012,6
2024-09-19 10:54:28.979,420.3071996589143,998
2024-09-19 10:54:29.282,420.28058500847015,9
2024-09-19 10:54:29.472,420.2772001424021,7
2024-09-19 10:54:29.628,420.2920585158455,997
2024-09-19 10:54:30.075,420.2854069257032,102
2024-09-19 10:54:30.109,420.2976070842221,1002
2024-09-19 10:54:30.121,420.3100344356256,97
2024-09-19 10:54:30.137,420.2923375141672,1001
2024-09-19 10:54:30.140,420.2506295928631,15
2024-09-19 10:54:30.143,420.28304883843566,14
2024-09-19 10:54:30.210,420.2777707552029,100
2024-09-19 10:54:30.299,420.282612740038,12
2024-09-19 10:54:30.312,420.2573081424485,1005
2024-09-19 10:54:30.445,420.27726596823067,998
2024-09-19 10:54:30.534,420.3076321834705,6
2024-09-19 10:54:30.587,420.26191325317626,10
2024-09-19 10:54:30.615,420.2775461647774,14
2024-09-19 10:54:30.621,420.2882884102958,9
2024-09-19 10:54:30.637,420.2756811727275,96
2024-09-19 10:54:30.769,420.28841272648674,104
2024-09-19 10:54:30.806,420.2324428889287,104
2024-09-19 10:54:30.852,420.282185307191,8
2024-09-19 10:54:30.853,420.3212005837409,97
2024-09-19 10:54:30.866,420.2348511313575,9
2024-09-19 10:54:30.878,420.2747296430584,6
2024-09-19 10:54:30.892,420.3070284757126,14
2024-09-19 10:54:30.951,420.2915600202799,11
2024-09-19 10:54:30.966,420.2856934435847,15
2024-09-19 10:54:31.042,420.232854454737,5
2024-09-19 10:54:31.073,420.2457281618307,5
2024-09-19 10:54:31.305,420.2512951995205,97
2024-09-19 10:54:31.531,420.269859791632,10
2024-09-19 10:54:31.573,420.2660772090492,7
2024-09-19 10:54:32.022,420.2431044737761,97
2024-09-19 10:54:32.116,420.2115810346258,5
2024-09-19 10:54:32.210,420.2402152310247,999
2024-09-19 10:54:32.221,420.2079378822541,104
2024-09-19 10:54:32.296,420.2180396559776,13
2024-09-19 10:54:32.327,420.2095297895564,6
2024-09-19 10:54:32.346,420.2120928055695,1002
2024-09-19 10:54:32.364,420.2272711772471,100
2024-09-19 10:54:32.372,420.257775577457,96
2024-09-19 10:54:32.473,420.2764891620558,15
2024-09-19 10:54:32.508,420.2121282615668,1003
2024-09-19 10:54:32.517,420.212338463242,999
2024-09-19 10:54:32.593,420.2278843396679,97
2024-09-19 10:54:32.641,420.2627778179356,15
2024-09-19 10:54:32.772,420.22105790101017,100
2024-09-19 10:54:32.794,420.2714873686832,995
2024-09-19 10:54:32.935,420.2775724838471,15
2024-09-19 10:54:33.048,420.22572474968086,103
2024-09-19 10:54:33.106,420.19255472524935,9
2024-09-19 10:54:33.107,-420.1908816707247,104
2024-09-19 10:54:33.113,420.1863211590012,97
2024-09-19 10:54:33.120,420.2047363066883,6
2024-09-19 10:54:33.129,420.2115463744162,1002
2024-09-19 10:54:33.133,420.2206264551488,14
2024-09-19 10:54:33.139,420.2185899963264,105
2024-09-19 10:54:33.148,420.21719137899055,105
2024-09-19 10:54:33.313,420.2028859303397,12
2024-09-19 10:54:33.365,420.2116868220972,999
2024-09-19 10:54:33.428,420.2067624172357,1005
2024-09-19 10:54:33.496,420.17606155206727,103
2024-09-19 10:54:33.700,420.2366261430578,104
2024-09-19 10:54:33.724,420.20865597713583,103
2024-09-19 10:54:33.857,420.189596304671,1002
2024-09-19 10:54:33.917,420.1897321416995,997
2024-09-19 10:54:33.925,420.1925999229997,100
2024-09-19 10:54:34.025,420.241088131032,11
2024-09-19 10:54:34.053,420.2303595463829,1005
2024-09-19 10:54:34.191,420.21809728960346,14
2024-09-19 10:54:34.239,420.20324351875627,13
2024-09-19 10:54:34.387,420.2282925567857,102
2024-09-19 10:54:34.415,420.23262668689097,15
2024-09-19 10:54:34.455,420.2199010603165,6
2024-09-19 10:54:34.503,420.2150392863677,100
2024-09-19 10:54:34.568,420.1989193621098,98
2024-09-19 10:54:34.575,420.21654623988826,1005
2024-09-19 10:54:34.598,420.1969799635844,9
2024-09-19 10:54:34.684,420.1963781498428,97
2024-09-19 10:54:34.859,420.2049031869141,6
2024-09-19 10:54:35.155,420.2284896288277,13
2024-09-19 10:54:35.308,420.228939088314,996
2024-09-19 10:54:35.352,420.22017163359175,9
2024-09-19 10:54:35.533,420.2515385129024,1002
2024-09-19 10:54:36.049,420.2194349239985,95
2024-09-19 10:54:36.088,420.2237377476127,1005
2024-09-19 10:54:36.224,420.2054735803297,1004
2024-09-19 10:54:36.528,420.217250838081,11
2024-09-19 10:54:36.553,420.22040929813977,9
2024-09-19 10:54:36.677,420.2518935938274,1001
2024-09-19 10:54:36.686,420.2120143152299,100
2024-09-19 10:54:36.847,420.20895029152734,11
2024-09-19 10:54:36.855,420.21052011884586,7
2024-09-19 10:54:36.992,420.2081814339473,6
2024-09-19 10:54:37.041,420.2692236007919,9
2024-09-19 10:54:37.078,420.2669747208366,1002
2024-09-19 10:54:37.108,420.28727963231074,995
2024-09-19 10:54:37.159,420.3102624253914,997
2024-09-19 10:54:37.203,420.2693202909619,98
2024-09-19 10:54:37.246,420.2545832490932,99
2024-09-19 10:54:37.310,420.2206505756906,104
2024-09-19 10:54:37.349,420.3390940886043,100
2024-09-19 10:54:37.357,420.250643353193,998
2024-09-19 10:54:37.391,420.24490704956605,1001
2024-09-19 10:54:37.391,420.2424491070175,1002
2024-09-19 10:54:37.421,420.3126978248003,101
2024-09-19 10:54:37.457,420.2574626028435,1005
2024-09-19 10:54:37.469,420.2565503416525,101
2024-09-19 10:54:37.478,420.2848620961444,99
2024-09-19 10:54:37.489,420.3145442386902,1002
2024-09-19 10:54:37.557,420.2455866901378,6
2024-09-19 10:54:37.563,420.2579694991816,1000
2024-09-19 10:54:37.627,420.25546870601295,100
2024-09-19 10:54:37.792,420.2479811490568,1001
2024-09-19 10:54:37.823,420.3164243949182,15
2024-09-19 10:54:37.840,,95
2024-09-19 10:54:37.896,420.2769131445694,96
2024-09-19 10:54:37.901,420.3466792876384,101
2024-09-19 10:54:37.918,420.268414785591,6
2024-09-19 10:54:38.020,420.3253909530865,13
2024-09-19 10:54:38.032,420.3323029250501,105
2024-09-19 10:54:38.092,420.35188684583886,6
2024-09-19 10:54:38.560,420.3450862939388,102
2024-09-19 10:54:38.577,420.3217905868694,6
2024-09-19 10:54:38.934,420.3116286551727,95
2024-09-19 10:54:38.957,420.3257734716002,1003
2024-09-19 10:54:38.957,420.3206578834185,1005
2024-09-19 10:54:39.014,420.3084805927432,995
2024-09-19 10:54:39.025,420.3341463077539,998
2024-09-19 10:54:39.046,420.3429732411352,97
2024-09-19 10:54:39.047,420.3565995851762,15
2024-09-19 10:54:39.058,420.34088073787376,995
2024-09-19 10:54:39.086,420.34984312734406,14
2024-09-19 10:54:39.152,420.3418164297309,1004
2024-09-19 10:54:39.164,420.33680181758825,97
2024-09-19 10:54:39.187,420.34430439304384,103
2024-09-19 10:54:39.342,420.3200396359935,996
2024-09-19 10:54:39.344,420.3320979811522,8
2024-09-19 10:54:39.348,420.3485491284708,1005
2024-09-19 10:54:39.363,420.3530684860383,996
2024-09-19 10:54:39.420,420.3265090357913,12
2024-09-19 10:54:39.430,420.3464982892172,1001
2024-09-19 10:54:39.565,420.3384267461987,1000
2024-09-19 10:54:39.609,420.3237291842282,1000
2024-09-19 10:54:39.630,420.3457351010293,5
2024-09-19 10:54:39.712,420.356458807762,1002
2024-09-19 10:54:39.721,420.3535276710368,9
2024-09-19 10:54:39.799,420.3361182169656,102
2024-09-19 10:54:39.808,420.3583636862615,8
2024-09-19 10:54:39.824,420.2995857562095,14
2024-09-19 10:54:39.838,420.345065065213,13
2024-09-19 10:54:39.864,420.3433430086048,12
2024-09-19 10:54:39.906,420.3238800481557,102
2024-09-19 10:54:39.952,420.3418041839251,13
2024-09-19 10:54:40.031,420.30714823378776,99
2024-09-19 10:54:40.093,420.29957949542575,997
2024-09-19 10:54:40.105,-420.3232871006487,101
2024-09-19 10:54:40.296,420.2934647413127,101
2024-09-19 10:54:40.314,420.3132148898968,10
2024-09-19 10:54:40.368,420.2999685859566,995
2024-09-19 10:54:40.415,420.2851225917353,104
2024-09-19 10:54:40.505,-420.2923097338331,12
2024-09-19 10:54:40.532,420.2707582533191,11
2024-09-19 10:54:40.649,420.2811747133584,10
2024-09-19 10:54:40.675,420.3198342726817,100
2024-09-19 10:54:40.692,420.28852373353294,1005
2024-09-19 10:54:40.696,420.29096067671526,102
2024-09-19 10:54:40.729,420.2948696769224,103
2024-09-19 10:54:40.824,420.30443806447954,1004
2024-09-19 10:54:40.911,420.304831104908,999
2024-09-19 10:54:41.003,420.2717264573512,103
2024-09-19 10:54:41.158,420.20050088052784,1001
2024-09-19 10:54:41.172,420.2077272398599,1000
2024-09-19 10:54:41.321,420.27097043972975,1003
2024-09-19 10:54:41.334,420.21588849675487,1003
2024-09-19 10:54:41.451,420.26778486801646,998
2024-09-19 10:54:41.583,420.1905821063605,99
2024-09-19 10:54:41.688,420.21951243640046,999
2024-09-19 10:54:41.735,420.2088069942957,1003
2024-09-19 10:54:41.881,420.2416895654122,104
2024-09-19 10:54:41.982,420.2151692681164,13
2024-09-19 10:54:42.073,420.2077760655688,7
2024-09-19 10:54:42.081,420.2521168881261,8
2024-09-19 10:54:42.103,420.2125621801055,12
2024-09-19 10:54:42.197,420.2277293538846,995
2024-09-19 10:54:42.201,420.22895803468793,11
2024-09-19 10:54:42.285,420.2020174163098,5
2024-09-19 10:54:42.422,420.25128863805526,104
2024-09-19 10:54:42.434,420.2469523019631,13
2024-09-19 10:54:42.442,420.2334749490718,12
2024-09-19 10:54:42.467,420.2474793220337,13
2024-09-19 10:54:42.469,420.2162294416909,6
2024-09-19 10:54:42.546,420.2038516582364,11
2024-09-19 10:54:42.556,420.2034460521895,995
2024-09-19 10:54:42.571,420.2340502286552,1000
2024-09-19 10:54:42.586,420.215473558408,1003
2024-09-19 10:54:42.628,420.2031126563626,96
2024-09-19 10:54:42.662,420.2239192779881,999
2024-09-19 10:54:42.708,420.20935482554495,11
2024-09-19 10:54:42.783,420.2051764788038,1005
2024-09-19 10:54:42.789,420.2048791691293,98
2024-09-19 10:54:42.895,420.2474588657215,1004
2024-09-19 10:54:42.924,420.2077145939997,98
2024-09-19 10:54:42.957,420.2047890119604,1004
2024-09-19 10:54:42.965,420.2139787651779,10
2024-09-19 10:54:43.018,420.24007005342094,10
2024-09-19 10:54:43.067,420.1883743397029,102
2024-09-19 10:54:43.086,420.1901529938901,99
2024-09-19 10:54:43.126,420.2648644961556,10
2024-09-19 10:54:43.184,420.20377349471255,9
2024-09-19 10:54:43.186,420.25569608604695,1003
2024-09-19 10:54:43.231,420.1931933628301,6
2024-09-19 10:54:43.251,420.20970002550087,998
2024-09-19 10:54:43.261,420.2154492586399,1003
2024-09-19 10:54:43.283,420.2163513934983,1001
2024-09-19 10:54:43.378,420.21454874964127,97
2024-09-19 10:54:43.525,420.2636714414735,999
2024-09-19 10:54:43.555,420.2354203735867,9
2024-09-19 10:54:43.557,,1001
2024-09-19 10:54:43.581,420.2264101079344,1003
2024-09-19 10:54:43.603,420.1828760018425,999
2024-09-19 10:54:43.605,420.1863491691175,96
2024-09-19 10:54:43.633,420.2328800936539,105
2024-09-19 10:54:43.702,420.1916551671726,996
2024-09-19 10:54:43.721,420.2483336423636,1002
2024-09-19 10:54:43.745,420.2558861349496,98
2024-09-19 10:54:43.815,420.1633877069193,1003
2024-09-19 10:54:43.826,420.208767122266,996
2024-09-19 10:54:43.882,420.2160746892725,1002
2024-09-19 10:54:43.941,420.2301454124917,14
2024-09-19 10:54:46.035,420.1510424789212,996
2024-09-19 10:54:46.512,420.14763971195487,996
2024-09-19 10:54:46.975,420.1504621813961,99
2024-09-19 10:54:47.053,420.0958324188276,1003
2024-09-19 10:54:47.089,420.1052070060622,1003
2024-09-19 10:54:47.090,420.0986147151171,9
2024-09-19 10:54:47.120,420.1331739120023,105
2024-09-19 10:54:47.144,420.0954140163365,8
2024-09-19 10:54:47.147,420.098837678258,100
2024-09-19 10:54:47.257,420.0829192515348,12
2024-09-19 10:54:47.329,420.1037676159747,6
2024-09-19 10:54:47.335,420.1665348715895,5
2024-09-19 10:54:47.430,420.0941748432541,11
2024-09-19 10:54:47.431,420.08133804959056,6
2024-09-19 10:54:47.478,420.13236163452046,7
2024-09-19 10:54:47.492,420.090309995522,1002
2024-09-19 10:54:47.636,420.12232313105886,10
2024-09-19 10:54:47.662,-420.0874831940969,997
2024-09-19 10:54:47.670,420.0920694060991,102
2024-09-19 10:54:47.714,420.1561173614242,104
2024-09-19 10:54:47.718,420.08713685062287,11
2024-09-19 10:54:47.778,420.1223393947079,95
2024-09-19 10:54:47.806,420.0963792439181,96
2024-09-19 10:54:47.816,420.1490009572132,96
2024-09-19 10:54:47.821,420.0855375503269,15
2024-09-19 10:54:47.824,420.0892308872925,95
2024-09-19 10:54:47.856,420.0860843179045,103
2024-09-19 10:54:47.878,420.1508747827389,102
2024-09-19 10:54:47.933,420.10017001056485,101
2024-09-19 10:54:47.945,420.1251940414193,8
2024-09-19 10:54:47.993,420.09711019983786,97
2024-09-19 10:54:48.003,420.0749402875858,995
2024-09-19 10:54:48.039,420.03626685165057,1002
2024-09-19 10:54:48.073,420.02429259999866,15
2024-09-19 10:54:48.082,420.04368353734986,105
2024-09-19 10:54:48.168,420.03794116292585,6
2024-09-19 10:54:48.232,420.0217225796354,7
2024-09-19 10:54:48.321,420.0562767203015,999
2024-09-19 10:54:48.377,420.0163561970927,997
2024-09-19 10:54:48.426,420.0769125725492,101
2024-09-19 10:54:48.608,42.00463533086332,97
2024-09-19 10:54:48.612,420.0373513097143,99
2024-09-19 10:54:48.697,420.0979176276237,997
2024-09-19 10:54:48.701,420.0324721115807,11
2024-09-19 10:54:48.711,420.0142525391316,1000
2024-09-19 10:54:48.718,420.0138503836485,15
2024-09-19 10:54:48.756,420.0391299146848,13
2024-09-19 10:54:48.798,420.0576924247725,998
2024-09-19 10:54:48.861,420.0298467403671,104
2024-09-19 10:54:48.899,420.0793564928904,999
2024-09-19 10:54:48.927,420.0449166174018,10
2024-09-19 10:54:48.975,420.0718443887877,102
2024-09-19 10:54:49.040,420.1473330140223,997
2024-09-19 10:54:49.060,-420.1094787210133,995
2024-09-19 10:54:49.085,420.1495288400437,1001
2024-09-19 10:54:49.223,420.0763748809639,5
2024-09-19 10:54:49.262,420.1396810671961,997
2024-09-19 10:54:49.276,420.13621290221846,1004
2024-09-19 10:54:49.291,420.1381899537647,14
2024-09-19 10:54:49.301,420.0548622763764,1003
2024-09-19 10:54:49.346,420.06832755952166,103
2024-09-19 10:54:49.350,420.0919775985277,98
2024-09-19 10:54:49.383,420.0593697128237,1004
2024-09-19 10:54:49.453,420.1452794651826,105
2024-09-19 10:54:49.458,420.15176914882,1002
2024-09-19 10:54:49.482,420.14682082143565,996
2024-09-19 10:54:49.516,420.1441712781321,104
2024-09-19 10:54:49.524,420.1340896821172,98
2024-09-19 10:54:49.531,420.1735626238281,101
2024-09-19 10:54:49.607,420.14493514021,15
2024-09-19 10:54:49.612,420.1513249002893,14
2024-09-19 10:54:49.620,420.1520854175138,997
2024-09-19 10:54:49.736,420.07770099210575,1004
2024-09-19 10:54:49.747,420.0663606549584,9
2024-09-19 10:54:49.758,420.12513200653257,10
2024-09-19 10:54:49.812,420.1398679138259,103
2024-09-19 10:54:49.841,420.1597682971065,996
2024-09-19 10:54:49.852,420.1790486565445,997
2024-09-19 10:54:49.917,420.0853304115855,10
2024-09-19 10:54:49.920,420.0976695775661,99
2024-09-19 10:54:49.966,420.1562792312648,999
2024-09-19 10:54:50.129,420.2154013139416,13
2024-09-19 10:54:50.140,420.196515669997,104
2024-09-19 10:54:50.174,420.13329212618527,8
2024-09-19 10:54:50.269,420.2053934151536,10
2024-09-19 10:54:50.338,420.2268669145533,96
2024-09-19 10:54:50.353,420.13881230484594,1001
2024-09-19 10:54:50.428,420.14799197263113,98
2024-09-19 10:54:50.442,420.1942693102064,995
2024-09-19 10:54:50.450,420.1112605074416,8
2024-09-19 10:54:50.482,420.1567160834508,105
2024-09-19 10:54:50.510,420.13840474129023,1000
2024-09-19 10:54:50.539,420.164716263324,102
2024-09-19 10:54:50.583,420.15785607413846,9
2024-09-19 10:54:50.901,420.1520182827083,8
2024-09-19 10:54:50.940,420.1912493661077,98
2024-09-19 10:54:50.957,420.1515414589825,104
2024-09-19 10:54:50.970,420.1502648776389,14
2024-09-19 10:54:51.005,420.1689065807545,95
2024-09-19 10:54:51.106,,1004
2024-09-19 10:54:51.147,420.1872682175555,6
2024-09-19 10:54:51.189,420.1578882404495,100
2024-09-19 10:54:51.217,420.2128101885418,999
2024-09-19 10:54:51.235,420.1516693251455,100
2024-09-19 10:54:51.239,420.1503594591031,11
2024-09-19 10:54:51.317,420.15365616086615,98
2024-09-19 10:54:51.381,420.1992905257431,98
2024-09-19 10:54:51.414,420.20544663493,1004
2024-09-19 10:54:51.605,420.1295106768354,1005
2024-09-19 10:54:51.628,420.1916293870129,1000
2024-09-19 10:54:51.704,420.1401843475968,1001
2024-09-19 10:54:51.811,420.1838405328376,104
2024-09-19 10:54:51.980,420.12626785668857,11
2024-09-19 10:54:51.981,420.2144696504622,1000
2024-09-19 10:54:52.044,420.0989053674881,98
2024-09-19 10:54:52.082,420.0948157877252,8
2024-09-19 10:54:52.171,420.1059413873512,95
2024-09-19 10:54:52.339,420.085360166392,99
2024-09-19 10:54:52.354,420.0836105498077,15
2024-09-19 10:54:52.400,420.0835137430618,103
2024-09-19 10:54:52.622,420.0952672180232,7
2024-09-19 10:54:52.635,420.1113428904306,98
2024-09-19 10:54:52.831,420.0946800452391,103
2024-09-19 10:54:52.909,420.1094535182624,7
2024-09-19 10:54:52.917,420.0977272260036,11
2024-09-19 10:54:53.024,420.0879314215817,9
2024-09-19 10:54:53.049,420.07343742620895,1003
2024-09-19 10:54:53.096,420.07364196787626,1000
2024-09-19 10:54:53.157,420.0711449458685,9
2024-09-19 10:54:53.207,420.08642308847897,999
2024-09-19 10:54:53.227,420.07760182959055,995
2024-09-19 10:54:53.250,420.07824483782895,105
2024-09-19 10:54:53.275,420.0944527628741,1002
2024-09-19 10:54:53.293,420.0868099665613,95
2024-09-19 10:54:53.348,,99
2024-09-19 10:54:53.440,420.1066162640788,1000
2024-09-19 10:54:53.559,420.0832040278383,100
2024-09-19 10:54:53.574,420.0981748404869,1003
2024-09-19 10:54:53.720,420.0730839861743,9
2024-09-19 10:54:53.726,420.08799094087726,10
2024-09-19 10:54:53.727,420.0874462004596,5
2024-09-19 10:54:53.934,420.1006369309351,97
2024-09-19 10:54:53.953,420.0731493375175,11
2024-09-19 10:54:53.974,420.083302419156,8
2024-09-19 10:54:54.016,420.0791052678789,99
2024-09-19 10:54:54.031,420.0638570591185,103
2024-09-19 10:54:54.057,420.0626341825971,98
2024-09-19 10:54:54.109,420.0733230888562,6
2024-09-19 10:54:54.157,420.0699407461824,6
2024-09-19 10:54:54.216,420.0470791828926,103
2024-09-19 10:54:54.221,420.0448549572256,9
2024-09-19 10:54:54.256,420.07651697527984,14
2024-09-19 10:54:54.373,420.08208876825233,5
2024-09-19 10:54:54.416,420.040023968422,9
2024-09-19 10:54:54.458,420.0650147778288,995
2024-09-19 10:54:54.460,-420.0759621868627,96
2024-09-19 10:54:54.508,420.01525221812847,995
2024-09-19 10:54:54.627,420.0791351263454,10
2024-09-19 10:54:54.653,420.01063425303465,8
2024-09-19 10:54:54.680,420.0534232995809,15
2024-09-19 10:54:54.686,420.0924669040175,1002
2024-09-19 10:54:54.721,420.0280962265659,11
2024-09-19 10:54:54.898,420.0790587255686,105
2024-09-19 10:54:54.918,420.0049383833223,104
2024-09-19 10:54:54.970,420.06597676259815,9
2024-09-19 10:54:55.035,420.05308546844026,102
2024-09-19 10:54:55.141,420.0300664561757,7
2024-09-19 10:54:55.158,420.01385057069854,997
2024-09-19 10:54:55.179,420.024406665188,7
2024-09-19 10:54:55.263,420.0222182998484,5
2024-09-19 10:54:55.332,420.0110963515448,15
2024-09-19 10:54:55.385,420.0574046207928,997
2024-09-19 10:54:55.393,420.0550177954386,1004
2024-09-19 10:54:55.416,420.032291406132,10
2024-09-19 10:54:55.527,420.0033825631864,997
2024-09-19 10:54:55.549,419.98888771555033,995
2024-09-19 10:54:55.553,420.0308516790421,11
2024-09-19 10:54:55.575,419.9939276199142,105
2024-09-19 10:54:55.600,420.0229611842784,998
2024-09-19 10:54:55.617,419.9782205796767,1005
2024-09-19 10:54:55.650,419.9877447708389,98
2024-09-19 10:54:55.766,420.0275183484601,13
2024-09-19 10:54:55.798,420.0438371666635,10
2024-09-19 10:54:55.809,420.0417656596996,95
2024-09-19 10:54:55.830,419.99535086753934,97
2024-09-19 10:54:55.897,420.0137520718771,98
2024-09-19 10:54:56.045,420.0136364201995,997
2024-09-19 10:54:56.048,-420.00548222375335,14
2024-09-19 10:54:56.227,419.9991170325684,1005
2024-09-19 10:54:56.339,420.0076276656311,13
2024-09-19 10:54:56.657,420.0452980332632,104
2024-09-19 10:54:56.676,420.0052656160439,14
2024-09-19 10:54:56.734,419.9872200105348,104
2024-09-19 10:54:56.767,420.0215881609747,105
2024-09-19 10:54:56.781,420.03058740930345,6
2024-09-19 10:54:56.912,419.97753764112696,1002
2024-09-19 10:54:56.914,419.9890194951751,997
2024-09-19 10:54:57.244,419.9992227691535,11
2024-09-19 10:54:57.388,420.0142504672241,97
2024-09-19 10:54:57.776,420.00100385419046,97
2024-09-19 10:54:59.046,420.0985401470893,103
2024-09-19 10:54:59.066,420.0572543802045,11
2024-09-19 10:54:59.066,420.0776103822219,998
2024-09-19 10:54:59.166,420.1118535697738,1004
2024-09-19 10:54:59.249,420.0291814632064,9
2024-09-19 10:54:59.343,-420.1139622231751,1001
2024-09-19 10:54:59.352,420.0121727205796,1001
2024-09-19 10:54:59.361,420.0443598043206,995
2024-09-19 10:54:59.368,420.09893464673024,1000
2024-09-19 10:54:59.395,420.0190099462292,96
2024-09-19 10:54:59.471,420.05238997946,96
2024-09-19 10:54:59.474,420.0862957714208,1000
2024-09-19 10:54:59.624,420.1171054994864,9
2024-09-19 10:54:59.671,420.06756463423,105
2024-09-19 10:54:59.795,420.0251777594218,1005
2024-09-19 10:54:59.826,420.0845903797469,99
2024-09-19 10:54:59.850,420.11343396099744,9
2024-09-19 10:54:59.977,420.0610570683296,996
