Timestamp,Price,Size
2024-09-20 15:46:00.244,428.6616749250951,1004
2024-09-20 15:46:00.317,428.6553193860716,996
2024-09-20 15:46:00.359,428.6309114246597,101
2024-09-20 15:46:00.645,428.6642444022089,7
2024-09-20 15:46:00.915,428.6382167148596,1005
2024-09-20 15:46:01.000,428.6384452603194,1000
2024-09-20 15:46:01.007,428.6493886295498,10
2024-09-20 15:46:01.042,-428.5993545360837,8
2024-09-20 15:46:01.056,428.644076831778,101
2024-09-20 15:46:01.313,428.6556229251742,997
2024-09-20 15:46:01.344,428.6453002236266,102
2024-09-20 15:46:01.364,428.63580878997664,12
2024-09-20 15:46:01.373,428.6490073633653,103
2024-09-20 15:46:01.418,428.614508672516,998
2024-09-20 15:46:01.476,428.6463161500917,8
2024-09-20 15:46:01.580,428.6591448948269,101
2024-09-20 15:46:01.582,428.6443463899933,97
2024-09-20 15:46:01.598,428.61888936884026,8
2024-09-20 15:46:01.605,428.64674683141794,5
2024-09-20 15:46:01.696,428.62636441207377,1004
2024-09-20 15:46:01.731,428.6242381507069,12
2024-09-20 15:46:01.788,428.6641845539736,999
2024-09-20 15:46:01.926,42.86416222601845,1002
2024-09-20 15:46:02.473,428.6600032355751,7
2024-09-20 15:46:02.546,428.6588062295103,8
2024-09-20 15:46:02.551,428.693542032882,1003
2024-09-20 15:46:02.596,423.9683768444647,998
2024-09-20 15:46:02.977,428.6712989733984,1000
2024-09-20 15:46:03.008,428.7638754671331,99
2024-09-20 15:46:03.061,428.7070541060165,98
2024-09-20 15:46:03.081,428.71869993431983,7
2024-09-20 15:46:03.105,428.7498040208201,8
2024-09-20 15:46:03.278,428.7410714301069,1003
2024-09-20 15:46:03.380,428.7636469829529,1002
2024-09-20 15:46:03.389,428.7431518898587,99
2024-09-20 15:46:03.598,428.7220251546119,104
2024-09-20 15:46:03.650,428.7536876866951,1002
2024-09-20 15:46:03.668,428.7444079937268,95
2024-09-20 15:46:03.726,428.7581533371074,14
2024-09-20 15:46:03.885,428.7273171025868,995
2024-09-20 15:46:03.890,428.71629335358494,1000
2024-09-20 15:46:03.897,428.7467214863147,13
2024-09-20 15:46:03.930,428.7060013082147,997
2024-09-20 15:46:03.948,428.71461076354655,1000
2024-09-20 15:46:03.954,428.73705955058585,15
2024-09-20 15:46:03.974,428.71598838401496,10
2024-09-20 15:46:03.975,428.7469193958148,15
2024-09-20 15:46:04.050,428.7745163132351,104
2024-09-20 15:46:04.259,428.774246356905,14
2024-09-20 15:46:04.590,428.771491672484,98
2024-09-20 15:46:04.794,428.78342466456985,104
2024-09-20 15:46:04.888,428.7748697915149,96
2024-09-20 15:46:05.057,428.798899906092,99
2024-09-20 15:46:05.132,428.82923751987846,12
2024-09-20 15:46:05.158,428.8149376348391,9
2024-09-20 15:46:05.307,428.7970058330884,100
2024-09-20 15:46:05.418,428.8004410342724,104
2024-09-20 15:46:05.658,428.8012199651897,15
2024-09-20 15:46:06.201,428.7872065979234,105
2024-09-20 15:46:06.328,428.7746954003341,995
2024-09-20 15:46:06.525,428.7800461405826,99
2024-09-20 15:46:06.927,428.7715874935873,15
2024-09-20 15:46:07.029,428.7161233009165,97
2024-09-20 15:46:07.039,428.757664171138,997
2024-09-20 15:46:07.123,428.7169490666769,8
2024-09-20 15:46:07.136,428.740621474264,999
2024-09-20 15:46:07.140,428.7045849087766,5
2024-09-20 15:46:07.174,428.73527484337416,10
2024-09-20 15:46:07.187,428.7675561972953,101
2024-09-20 15:46:07.371,428.7638333893858,11
2024-09-20 15:46:07.383,428.7382013292428,105
2024-09-20 15:46:07.412,428.731752050827,12
2024-09-20 15:46:07.413,428.73602125217286,97
2024-09-20 15:46:07.415,428.76964513557,105
2024-09-20 15:46:07.469,428.721427280045,999
2024-09-20 15:46:07.503,428.7193538276479,99
2024-09-20 15:46:07.517,428.7087666201567,1002
2024-09-20 15:46:07.521,428.7607916264659,96
2024-09-20 15:46:07.547,428.7513302561556,1000
2024-09-20 15:46:07.569,428.7766951032338,104
2024-09-20 15:46:07.634,428.70796083389047,1004
2024-09-20 15:46:07.653,428.750552743976,9
2024-09-20 15:46:07.666,428.7094186354887,12
2024-09-20 15:46:07.671,428.7590192294045,97
2024-09-20 15:46:07.738,428.7121816082683,1005
2024-09-20 15:46:07.746,428.7437050405356,1001
2024-09-20 15:46:07.767,428.7019418452497,102
2024-09-20 15:46:07.818,428.7439957931698,104
2024-09-20 15:46:07.992,428.7481062861012,101
2024-09-20 15:46:09.190,428.7334316195,97
2024-09-20 15:46:09.228,428.7323689476752,14
2024-09-20 15:46:09.304,428.81047502493374,10
2024-09-20 15:46:09.309,428.8689504962272,13
2024-09-20 15:46:09.344,428.798689260383,1004
2024-09-20 15:46:09.355,-428.7372601826829,5
2024-09-20 15:46:09.386,428.7297835132972,998
2024-09-20 15:46:09.473,,101
2024-09-20 15:46:09.497,428.7295978529241,15
2024-09-20 15:46:09.500,428.7458576433181,6
2024-09-20 15:46:09.669,428.8205384568876,7
2024-09-20 15:46:09.672,428.74470164221225,95
2024-09-20 15:46:09.675,428.81217089204017,98
2024-09-20 15:46:09.721,428.7451554499825,103
2024-09-20 15:46:09.766,428.819472669467,8
2024-09-20 15:46:09.773,428.7514888645689,104
2024-09-20 15:46:09.778,428.73419229457375,10
2024-09-20 15:46:09.850,428.862041194584,105
2024-09-20 15:46:09.873,428.76130953982255,998
2024-09-20 15:46:09.881,428.8433147779239,1004
2024-09-20 15:46:09.891,428.7335271923572,1005
2024-09-20 15:46:09.898,428.8334159618427,997
2024-09-20 15:46:09.913,428.85544462588746,1000
2024-09-20 15:46:09.934,428.7714922052096,999
2024-09-20 15:46:09.980,428.8091478507684,14
2024-09-20 15:46:10.011,428.85752208781616,997
2024-09-20 15:46:10.021,428.8459376502628,995
2024-09-20 15:46:10.059,428.8846921078596,12
2024-09-20 15:46:10.167,428.8554665537433,100
2024-09-20 15:46:10.187,428.8907147252154,98
2024-09-20 15:46:10.188,428.8383480671616,1002
2024-09-20 15:46:10.225,428.8883137766204,12
2024-09-20 15:46:10.236,428.8767983853453,995
2024-09-20 15:46:10.256,,96
2024-09-20 15:46:10.282,-428.863892755504,1003
2024-09-20 15:46:10.320,428.85907840497066,1005
2024-09-20 15:46:10.329,428.8453766896317,101
2024-09-20 15:46:10.402,428.87079901710666,1000
2024-09-20 15:46:10.413,428.8716341851252,99
2024-09-20 15:46:10.446,428.8549446795879,10
2024-09-20 15:46:10.462,-428.86164521737135,1005
2024-09-20 15:46:10.574,428.8754609052444,9
2024-09-20 15:46:10.617,428.8298693909757,1002
2024-09-20 15:46:10.623,428.8590800443037,1004
2024-09-20 15:46:10.644,428.85503958717146,13
2024-09-20 15:46:10.662,428.8647468989211,13
2024-09-20 15:46:10.755,,100
2024-09-20 15:46:10.900,428.8946139553204,1005
2024-09-20 15:46:10.916,428.8702005328643,13
2024-09-20 15:46:10.968,428.85977774861385,97
2024-09-20 15:46:10.990,428.82718435784057,1005
2024-09-20 15:46:11.080,428.8797134272384,96
2024-09-20 15:46:11.099,428.8854431796632,98
2024-09-20 15:46:11.129,428.8557490944263,100
2024-09-20 15:46:11.188,428.8433418210568,1003
2024-09-20 15:46:11.247,428.81375168461824,11
2024-09-20 15:46:11.272,428.8650441146824,105
2024-09-20 15:46:11.402,428.91268593858496,11
2024-09-20 15:46:11.409,428.8358302602217,105
2024-09-20 15:46:11.431,428.87277763218873,998
2024-09-20 15:46:11.440,428.8481501920948,11
2024-09-20 15:46:11.457,428.839817506753,99
2024-09-20 15:46:11.565,428.9029838028056,98
2024-09-20 15:46:11.641,428.9207071629685,104
2024-09-20 15:46:11.672,,6
2024-09-20 15:46:11.711,428.8779216308079,10
2024-09-20 15:46:11.796,428.8408903922533,998
2024-09-20 15:46:11.806,428.8150701070368,7
2024-09-20 15:46:11.848,428.8727883291295,15
2024-09-20 15:46:11.853,428.83598334124633,96
2024-09-20 15:46:11.875,423.9172529100322,104
2024-09-20 15:46:11.893,428.91819286028505,6
2024-09-20 15:46:12.150,428.8124657241783,1002
2024-09-20 15:46:13.037,428.8660347817367,1001
2024-09-20 15:46:13.098,428.8683679407725,102
2024-09-20 15:46:13.168,428.87722405673776,998
2024-09-20 15:46:13.304,428.9050550669761,1000
2024-09-20 15:46:13.321,428.9035013723022,13
2024-09-20 15:46:13.333,428.8957837902007,6
2024-09-20 15:46:13.334,428.8994551340445,100
2024-09-20 15:46:13.351,428.8171889107202,6
2024-09-20 15:46:13.376,428.94324340820697,9
2024-09-20 15:46:13.442,428.96284531464966,1005
2024-09-20 15:46:13.509,428.9015307743567,9
2024-09-20 15:46:13.523,428.90550988175227,1002
2024-09-20 15:46:13.527,428.8441862298075,97
2024-09-20 15:46:13.562,428.94051670035736,101
2024-09-20 15:46:13.665,428.9733180553363,13
2024-09-20 15:46:13.674,428.8549367170425,98
2024-09-20 15:46:13.784,428.9534139283538,999
2024-09-20 15:46:13.792,428.94008112464365,98
2024-09-20 15:46:13.795,428.8388803134647,96
2024-09-20 15:46:13.798,428.9365202583209,8
2024-09-20 15:46:13.808,428.8277255470149,995
2024-09-20 15:46:13.918,428.94959643304526,13
2024-09-20 15:46:13.935,-428.954212196076,995
2024-09-20 15:46:13.949,428.9680544254609,8
2024-09-20 15:46:13.956,428.81586627403686,1001
2024-09-20 15:46:14.202,428.979410046146,95
2024-09-20 15:46:14.238,428.985572654082,97
2024-09-20 15:46:14.280,428.99762598020845,97
2024-09-20 15:46:14.282,429.0004509319502,1000
2024-09-20 15:46:14.440,428.999133873655,96
2024-09-20 15:46:14.673,428.9845916904527,7
2024-09-20 15:46:14.894,428.9834702169907,997
2024-09-20 15:46:14.901,428.9911763066185,5
2024-09-20 15:46:14.958,429.0112724161881,6
2024-09-20 15:46:15.298,428.9777017481297,103
2024-09-20 15:46:16.020,428.92425075323706,105
2024-09-20 15:46:16.047,428.9157707073456,1005
2024-09-20 15:46:16.250,428.9159213432585,1001
2024-09-20 15:46:16.294,429.0041410864809,10
2024-09-20 15:46:16.420,428.9353892682862,9
2024-09-20 15:46:16.458,428.93210793899374,99
2024-09-20 15:46:16.471,428.9814182104621,6
2024-09-20 15:46:16.494,428.9324814543865,95
2024-09-20 15:46:16.514,428.9931174187283,997
2024-09-20 15:46:16.516,428.9735648640653,1004
2024-09-20 15:46:16.600,428.9721131143816,15
2024-09-20 15:46:16.669,428.9196987244882,100
2024-09-20 15:46:16.757,428.9320265330526,96
2024-09-20 15:46:16.808,428.9080039005021,12
2024-09-20 15:46:16.886,428.9470962059536,12
2024-09-20 15:46:16.895,428.9323337869337,102
2024-09-20 15:46:16.908,428.940972045572,1002
2024-09-20 15:46:16.966,428.9225132670269,1002
2024-09-20 15:46:17.150,428.9584859597786,103
2024-09-20 15:46:17.169,429.0268589238205,103
2024-09-20 15:46:17.208,428.9769615160911,103
2024-09-20 15:46:17.390,429.01113346199935,5
2024-09-20 15:46:17.494,429.0368356753034,15
2024-09-20 15:46:17.549,428.9868798360819,1002
2024-09-20 15:46:17.600,428.9746784726072,1001
2024-09-20 15:46:17.657,428.9816013351927,12
2024-09-20 15:46:17.674,428.9600144267616,96
2024-09-20 15:46:17.689,428.9647192627049,8
2024-09-20 15:46:17.740,428.9455566252906,9
2024-09-20 15:46:17.813,424.1991128464586,100
2024-09-20 15:46:17.965,429.0003411062527,14
2024-09-20 15:46:17.989,428.9509224635952,100
2024-09-20 15:46:18.002,429.0810460863824,995
2024-09-20 15:46:18.027,429.0261933554938,99
2024-09-20 15:46:18.105,429.0480436802473,6
2024-09-20 15:46:18.205,429.0658070405839,13
2024-09-20 15:46:18.267,429.0391755061168,995
2024-09-20 15:46:18.268,429.0527474373564,102
2024-09-20 15:46:18.309,429.0764511171553,15
2024-09-20 15:46:18.321,429.0631117822002,96
2024-09-20 15:46:18.395,429.0531496255696,12
2024-09-20 15:46:18.456,429.0586805765407,8
2024-09-20 15:46:18.490,429.0688249210009,1003
2024-09-20 15:46:18.520,429.0630440248639,104
2024-09-20 15:46:18.542,429.0607731997048,996
2024-09-20 15:46:18.553,429.048072955948,10
2024-09-20 15:46:18.628,429.04787661725146,999
2024-09-20 15:46:18.752,429.0580887651949,9
2024-09-20 15:46:18.769,429.06691937324126,1002
2024-09-20 15:46:18.919,429.0428558266528,103
2024-09-20 15:46:18.923,429.0402406166353,995
2024-09-20 15:46:18.954,429.0703863692124,1000
2024-09-20 15:46:19.005,424.1339044071237,15
2024-09-20 15:46:19.105,429.0834631569245,100
2024-09-20 15:46:19.133,429.1216623063007,9
2024-09-20 15:46:19.139,429.0459022883995,96
2024-09-20 15:46:19.149,429.04517678275806,5
2024-09-20 15:46:19.194,429.0794242940357,101
2024-09-20 15:46:19.219,429.0428451163731,11
2024-09-20 15:46:19.238,429.0657186147484,13
2024-09-20 15:46:19.317,429.0675742070004,6
2024-09-20 15:46:19.358,42.90891685284415,11
2024-09-20 15:46:19.375,429.0521727713648,11
2024-09-20 15:46:19.407,429.072280297167,997
2024-09-20 15:46:19.439,429.0553611346314,998
2024-09-20 15:46:19.641,429.087810398049,104
2024-09-20 15:46:19.720,429.0608084362726,15
2024-09-20 15:46:19.748,429.0865731622352,1001
2024-09-20 15:46:19.834,429.1131283479244,14
2024-09-20 15:46:19.957,429.0908588668386,6
2024-09-20 15:46:19.959,429.0688964546688,104
2024-09-20 15:46:19.988,429.0968133987573,7
2024-09-20 15:46:19.998,,9
2024-09-20 15:46:20.181,429.0108497877527,1003
2024-09-20 15:46:20.385,424.1579004013733,996
2024-09-20 15:46:20.422,429.0196381631667,7
2024-09-20 15:46:20.641,429.0317722756655,1002
2024-09-20 15:46:20.776,429.04355106493466,102
2024-09-20 15:46:20.802,42.90350072981387,96
2024-09-20 15:46:20.974,429.0297353055632,101
2024-09-20 15:46:21.117,429.0030849689807,6
2024-09-20 15:46:21.137,428.9936882889373,1003
2024-09-20 15:46:21.206,428.98831124293457,97
2024-09-20 15:46:21.334,42.9005092487769,1004
2024-09-20 15:46:21.419,-429.0148306158382,997
2024-09-20 15:46:21.480,429.0092943944627,1000
2024-09-20 15:46:21.886,428.9965075211023,1002
2024-09-20 15:46:21.975,429.0053792287037,8
2024-09-20 15:46:21.993,429.0189458272741,10
2024-09-20 15:46:22.038,428.90851829190433,98
2024-09-20 15:46:22.092,428.93757691094027,101
2024-09-20 15:46:22.137,429.0232451304783,1000
2024-09-20 15:46:22.175,428.9603936749397,996
2024-09-20 15:46:22.179,428.9080837967135,96
2024-09-20 15:46:22.198,429.0330711465552,1002
2024-09-20 15:46:22.207,428.9171826773463,996
2024-09-20 15:46:22.232,428.9110637769087,15
2024-09-20 15:46:22.262,428.8851793927176,12
2024-09-20 15:46:22.267,428.9358986810312,5
2024-09-20 15:46:22.408,428.9263025737644,1002
2024-09-20 15:46:22.425,428.8961421124007,104
2024-09-20 15:46:22.436,429.01250037671895,96
2024-09-20 15:46:22.436,429.02335729784335,997
2024-09-20 15:46:22.439,428.934432479866,995
2024-09-20 15:46:22.444,429.05057934270354,104
2024-09-20 15:46:22.447,428.89915779012944,9
2024-09-20 15:46:22.455,428.8934231896737,98
2024-09-20 15:46:22.553,428.91979056310834,9
2024-09-20 15:46:22.557,428.8995789471935,997
2024-09-20 15:46:22.616,428.9421823676647,100
2024-09-20 15:46:22.627,428.9929247217418,97
2024-09-20 15:46:22.643,428.9172625965127,103
2024-09-20 15:46:22.732,428.898755309816,12
2024-09-20 15:46:22.752,428.8927391909488,96
2024-09-20 15:46:22.848,429.0441665391598,13
2024-09-20 15:46:22.888,429.0452740238049,1005
2024-09-20 15:46:22.892,428.9080426673588,1000
2024-09-20 15:46:22.895,428.8859412333656,5
2024-09-20 15:46:22.992,429.00008784496526,10
2024-09-20 15:46:23.017,428.9030944754687,1004
2024-09-20 15:46:23.399,428.8931152610264,1002
2024-09-20 15:46:23.535,428.92709327033054,104
2024-09-20 15:46:23.671,428.90059819014095,104
2024-09-20 15:46:23.674,428.9125393575049,1002
2024-09-20 15:46:23.895,428.8945859028213,96
2024-09-20 15:46:23.925,428.9161728908583,99
2024-09-20 15:46:24.036,428.9410326857077,1005
2024-09-20 15:46:24.067,428.96333986583903,14
2024-09-20 15:46:24.107,428.9721419065896,11
2024-09-20 15:46:24.240,428.9210475245529,1001
2024-09-20 15:46:24.261,428.9044561659746,995
2024-09-20 15:46:24.295,428.9470891858496,11
2024-09-20 15:46:24.305,428.9343143624199,11
2024-09-20 15:46:24.309,428.9587700646677,105
2024-09-20 15:46:24.314,428.9466218301116,998
2024-09-20 15:46:24.341,428.92535365992654,100
2024-09-20 15:46:24.395,428.9574448089817,102
2024-09-20 15:46:24.442,428.9221876493114,98
2024-09-20 15:46:24.460,428.967934059997,99
2024-09-20 15:46:24.471,428.9303959982384,97
2024-09-20 15:46:24.496,428.9495648129906,997
2024-09-20 15:46:24.499,428.9575016479185,1003
2024-09-20 15:46:24.501,428.9519678863552,15
2024-09-20 15:46:24.736,428.95715878558536,1002
2024-09-20 15:46:24.740,428.9277384370643,13
2024-09-20 15:46:24.760,428.97112358035054,998
2024-09-20 15:46:24.785,428.9448792276042,103
2024-09-20 15:46:24.866,428.9504496874062,7
2024-09-20 15:46:24.907,428.92871180793287,103
2024-09-20 15:46:26.130,428.9217915610385,104
2024-09-20 15:46:26.139,428.9195934582573,103
2024-09-20 15:46:26.161,428.9286561401371,102
2024-09-20 15:46:26.257,428.9445189635575,5
2024-09-20 15:46:26.263,428.9165507261495,98
2024-09-20 15:46:26.280,428.9140250223575,997
2024-09-20 15:46:26.280,428.91047293836783,95
2024-09-20 15:46:26.280,428.9292726647335,10
2024-09-20 15:46:26.333,428.93656269212414,1004
2024-09-20 15:46:26.417,428.9121174002903,6
2024-09-20 15:46:26.478,428.94159781799976,99
2024-09-20 15:46:26.478,428.9227285872926,995
2024-09-20 15:46:26.485,428.9481250466842,101
2024-09-20 15:46:26.557,428.9208377389815,996
2024-09-20 15:46:26.573,428.90665366935184,995
2024-09-20 15:46:26.616,428.9534144240961,105
2024-09-20 15:46:26.659,428.949920814532,97
2024-09-20 15:46:26.682,428.9141287019047,998
2024-09-20 15:46:26.747,428.9140263205171,100
2024-09-20 15:46:26.776,428.9351697993619,97
2024-09-20 15:46:26.834,428.9189927908279,103
2024-09-20 15:46:26.856,428.9164926429525,999
2024-09-20 15:46:26.876,428.914414590166,12
2024-09-20 15:46:26.907,428.9303519229824,6
2024-09-20 15:46:26.934,428.9151767934564,997
2024-09-20 15:46:26.936,428.9111747278663,1005
2024-09-20 15:46:26.996,428.9321986024792,10
2024-09-20 15:46:27.113,428.9168956908868,105
2024-09-20 15:46:27.118,428.8850943803094,1003
2024-09-20 15:46:27.128,428.9174515716669,97
2024-09-20 15:46:27.155,428.9386987881508,15
2024-09-20 15:46:27.253,428.9390719005514,6
2024-09-20 15:46:27.257,428.9391145372806,98
2024-09-20 15:46:27.279,428.9270257766262,105
2024-09-20 15:46:27.343,428.9249776946261,15
2024-09-20 15:46:27.357,428.94546015111246,1002
2024-09-20 15:46:27.404,428.9246930256028,9
2024-09-20 15:46:27.404,428.9263064611292,105
2024-09-20 15:46:27.455,428.88427716322894,102
2024-09-20 15:46:27.455,428.9179216612486,13
2024-09-20 15:46:27.473,428.9324144792162,997
2024-09-20 15:46:27.475,428.9440939150016,96
2024-09-20 15:46:27.480,428.9246866420877,99
2024-09-20 15:46:27.562,42.89451851352473,98
2024-09-20 15:46:27.571,428.9296962236064,104
2024-09-20 15:46:27.583,428.947926242883,996
2024-09-20 15:46:27.642,428.9530537608799,6
2024-09-20 15:46:27.663,424.1427349999043,996
2024-09-20 15:46:27.669,428.9122412448431,98
2024-09-20 15:46:27.689,428.8825073729524,7
2024-09-20 15:46:27.742,428.9530231274749,100
2024-09-20 15:46:27.824,428.94430730677465,97
2024-09-20 15:46:27.841,428.949559171615,999
2024-09-20 15:46:27.841,428.9365595207514,1002
2024-09-20 15:46:27.861,428.9327751311093,1001
2024-09-20 15:46:27.878,428.9167248261739,996
2024-09-20 15:46:27.998,428.9316513074324,997
2024-09-20 15:46:28.025,428.83545824771846,101
2024-09-20 15:46:28.217,428.8760781178048,101
2024-09-20 15:46:28.440,428.8641128643922,995
2024-09-20 15:46:28.622,428.84103609472777,15
2024-09-20 15:46:28.675,428.8684769843861,10
2024-09-20 15:46:28.681,428.8658698354086,6
2024-09-20 15:46:28.738,428.86293320574526,995
2024-09-20 15:46:29.044,428.8488822841273,1000
2024-09-20 15:46:29.108,428.8764375135414,1001
2024-09-20 15:46:29.209,428.85584736939046,1004
2024-09-20 15:46:29.365,428.8354629389007,104
2024-09-20 15:46:29.441,428.858408568413,1002
2024-09-20 15:46:29.498,428.8231971962973,13
2024-09-20 15:46:29.529,428.83805675817456,9
2024-09-20 15:46:29.571,428.84890313941406,101
2024-09-20 15:46:29.574,428.8731126015213,7
2024-09-20 15:46:29.630,428.8472682556365,9
2024-09-20 15:46:29.760,,99
2024-09-20 15:46:29.765,428.84236846492655,13
2024-09-20 15:46:29.825,428.8844015995455,100
2024-09-20 15:46:29.834,428.8294354368534,95
2024-09-20 15:46:29.840,424.10534576065527,10
2024-09-20 15:46:29.861,428.83826699305655,997
2024-09-20 15:46:30.101,428.8829678809464,1003
2024-09-20 15:46:30.113,428.9153080733359,96
2024-09-20 15:46:30.137,428.88055493172266,13
2024-09-20 15:46:30.362,428.90522462896695,96
2024-09-20 15:46:30.606,428.89270078094165,999
2024-09-20 15:46:30.644,428.9129611072588,1005
2024-09-20 15:46:30.654,428.9055703987008,96
2024-09-20 15:46:30.665,42.88863305679155,6
2024-09-20 15:46:30.754,428.874725376154,7
2024-09-20 15:46:30.773,428.90485054165566,13
2024-09-20 15:46:30.797,428.8691283145809,105
2024-09-20 15:46:30.911,428.9040459894326,7
2024-09-20 15:46:30.936,428.8863401421782,5
2024-09-20 15:46:31.005,428.9124370453647,99
2024-09-20 15:46:31.143,428.9042992740283,97
2024-09-20 15:46:31.191,428.9497274447302,5
2024-09-20 15:46:31.199,-428.9347087582556,8
2024-09-20 15:46:31.233,428.9129995617731,8
2024-09-20 15:46:31.350,428.92956125356807,10
2024-09-20 15:46:31.357,428.9381497043752,1001
2024-09-20 15:46:31.399,428.9376024509093,10
2024-09-20 15:46:31.468,428.9408176994712,1005
2024-09-20 15:46:31.475,428.9467467567868,1001
2024-09-20 15:46:31.491,428.9302119455975,10
2024-09-20 15:46:31.620,428.944970356957,96
2024-09-20 15:46:31.664,428.9575230536751,99
2024-09-20 15:46:31.672,428.9447165504646,103
2024-09-20 15:46:31.746,428.93111116766346,1000
2024-09-20 15:46:31.779,428.8802530586245,997
2024-09-20 15:46:31.970,428.91309497442654,1001
2024-09-20 15:46:31.980,428.9423674655241,15
2024-09-20 15:46:32.108,428.8906682246324,997
2024-09-20 15:46:32.127,428.9155081695954,999
2024-09-20 15:46:32.141,428.8930301479219,997
2024-09-20 15:46:32.145,428.8753596590857,97
2024-09-20 15:46:32.167,428.8886399451954,97
2024-09-20 15:46:32.245,428.9358542453528,13
2024-09-20 15:46:32.283,428.9022417324263,102
2024-09-20 15:46:32.291,428.8858209087176,11
2024-09-20 15:46:32.325,428.8794827584256,998
2024-09-20 15:46:32.351,428.918743950974,8
2024-09-20 15:46:32.431,428.8926203405055,997
2024-09-20 15:46:32.434,428.9058144099234,1003
2024-09-20 15:46:32.470,428.907313954779,1001
2024-09-20 15:46:32.499,428.8775620916501,1002
2024-09-20 15:46:32.500,428.905083000936,5
2024-09-20 15:46:32.507,428.8818003731972,15
2024-09-20 15:46:32.573,428.931519089093,14
2024-09-20 15:46:32.600,,1003
2024-09-20 15:46:32.610,428.8882106521335,996
2024-09-20 15:46:32.650,428.879961153242,1001
2024-09-20 15:46:32.665,428.90019797133647,98
2024-09-20 15:46:32.728,428.91172947887566,12
2024-09-20 15:46:32.749,428.9173513199663,104
2024-09-20 15:46:32.761,428.9106037321552,1003
2024-09-20 15:46:32.852,428.8907358655376,14
2024-09-20 15:46:33.001,428.8987298027182,1004
2024-09-20 15:46:33.049,428.91196385666245,100
2024-09-20 15:46:33.056,428.9000769345938,95
2024-09-20 15:46:33.121,428.8875875401448,1000
2024-09-20 15:46:33.143,428.8713632186596,99
2024-09-20 15:46:33.150,428.8786250428875,100
2024-09-20 15:46:33.341,428.9413008498591,9
2024-09-20 15:46:33.343,428.8742478810872,102
2024-09-20 15:46:33.355,428.8820543537488,102
2024-09-20 15:46:33.480,428.9101595117626,998
2024-09-20 15:46:33.500,428.9374540403024,102
2024-09-20 15:46:33.612,428.8742561330845,101
2024-09-20 15:46:33.639,428.8945923241651,6
2024-09-20 15:46:33.676,428.944322627812,10
2024-09-20 15:46:33.677,428.9118165068081,1002
2024-09-20 15:46:33.696,428.9063218100719,1005
2024-09-20 15:46:33.701,428.9130897800316,12
2024-09-20 15:46:33.740,428.9291228839201,11
2024-09-20 15:46:33.741,428.93862027823263,1002
2024-09-20 15:46:33.777,428.917728369612,10
2024-09-20 15:46:33.843,428.8986920669499,100
2024-09-20 15:46:33.855,428.9435421116648,1005
2024-09-20 15:46:33.918,428.9351708307449,1003
2024-09-20 15:46:33.924,428.8791876827467,1005
2024-09-20 15:46:33.935,428.931680039156,1003
2024-09-20 15:46:33.980,428.8889736970524,97
2024-09-20 15:46:34.015,428.9277594402226,5
2024-09-20 15:46:34.062,428.9758725630769,97
2024-09-20 15:46:34.073,428.9766017406607,12
2024-09-20 15:46:34.118,428.9241258203306,12
2024-09-20 15:46:34.147,428.878533493456,6
2024-09-20 15:46:34.163,428.9556529706658,104
2024-09-20 15:46:34.203,428.92604259100864,103
2024-09-20 15:46:34.209,428.8732087437444,11
2024-09-20 15:46:34.216,428.93935840644815,100
2024-09-20 15:46:34.221,428.92653550709,1005
2024-09-20 15:46:34.229,428.8737642629783,6
2024-09-20 15:46:34.334,428.9201914331896,96
2024-09-20 15:46:34.453,428.93178304597166,101
2024-09-20 15:46:34.547,428.8989753635998,1004
2024-09-20 15:46:34.557,-428.88150495518914,105
2024-09-20 15:46:34.570,428.9646334968145,996
2024-09-20 15:46:34.675,428.9164523234298,5
2024-09-20 15:46:34.680,428.9557681413322,996
2024-09-20 15:46:34.704,428.9354212956584,12
2024-09-20 15:46:34.705,428.8888141811699,102
2024-09-20 15:46:34.754,428.9402636717144,1002
2024-09-20 15:46:34.773,428.8560194321544,103
2024-09-20 15:46:34.817,428.9534005870905,11
2024-09-20 15:46:34.829,428.9478828456009,6
2024-09-20 15:46:34.841,428.9195762124746,12
2024-09-20 15:46:34.865,428.9406768836871,8
2024-09-20 15:46:34.907,428.8970437673648,95
2024-09-20 15:46:34.909,428.886100767182,13
2024-09-20 15:46:35.000,428.945375789526,99
2024-09-20 15:46:35.323,428.96512631117184,7
2024-09-20 15:46:35.328,428.95060515418845,1005
2024-09-20 15:46:35.399,428.9525605942983,95
2024-09-20 15:46:35.402,428.9364790186388,102
2024-09-20 15:46:35.739,428.96552304970055,98
2024-09-20 15:46:35.759,428.9558557945856,996
2024-09-20 15:46:35.807,428.9333455339451,96
2024-09-20 15:46:35.962,428.9461902296587,95
2024-09-20 15:46:36.139,42.9016650789481,1003
2024-09-20 15:46:36.161,428.9955448602541,1004
2024-09-20 15:46:36.162,428.98800613960935,97
2024-09-20 15:46:36.291,428.9672409271617,15
2024-09-20 15:46:36.350,428.9847694942072,996
2024-09-20 15:46:36.366,428.9621598746376,997
2024-09-20 15:46:36.448,429.00145507262073,15
2024-09-20 15:46:36.539,429.0300880706785,103
2024-09-20 15:46:36.565,428.9948113101463,1000
2024-09-20 15:46:36.579,429.0164875238189,8
2024-09-20 15:46:36.585,429.0340934652819,999
2024-09-20 15:46:36.670,429.00179511655176,96
2024-09-20 15:46:36.695,429.00004192363497,14
2024-09-20 15:46:36.894,428.9964431621629,995
2024-09-20 15:46:36.905,429.01635132090576,1004
2024-09-20 15:46:36.905,429.0005015802415,7
2024-09-20 15:46:36.929,428.9746503583553,96
2024-09-20 15:46:37.056,428.9805421259302,95
2024-09-20 15:46:37.189,,1003
2024-09-20 15:46:37.191,428.8763319323475,101
2024-09-20 15:46:37.197,428.9655687716947,12
2024-09-20 15:46:37.220,428.9587601788733,999
2024-09-20 15:46:37.242,428.91519062081215,995
2024-09-20 15:46:37.287,428.979902648228,1005
2024-09-20 15:46:37.296,428.88532743716473,99
2024-09-20 15:46:37.325,428.9664581934959,95
2024-09-20 15:46:37.400,428.98872026339393,15
2024-09-20 15:46:37.426,429.0028179006944,998
2024-09-20 15:46:37.445,428.9606421817957,96
2024-09-20 15:46:37.452,429.01530330940216,95
2024-09-20 15:46:37.457,428.98405885009487,10
2024-09-20 15:46:37.501,428.88660988516006,99
2024-09-20 15:46:37.579,428.8643874920972,10
2024-09-20 15:46:37.599,428.97887192212056,9
2024-09-20 15:46:37.609,428.95884826487605,102
2024-09-20 15:46:37.655,429.0016691330068,97
2024-09-20 15:46:37.670,428.9643836122901,995
2024-09-20 15:46:37.685,429.0005688098993,1002
2024-09-20 15:46:37.723,428.9603053216494,97
2024-09-20 15:46:37.727,429.00515045302296,95
2024-09-20 15:46:37.777,428.9670575986991,98
2024-09-20 15:46:37.782,428.9581178933874,98
2024-09-20 15:46:37.836,429.0053751540847,10
2024-09-20 15:46:37.929,428.8536797590357,102
2024-09-20 15:46:37.942,-428.99613582115865,96
2024-09-20 15:46:37.980,428.8879064567992,12
2024-09-20 15:46:38.056,428.8503245897178,12
2024-09-20 15:46:39.052,428.869306791308,996
2024-09-20 15:46:39.290,428.87582139965656,999
2024-09-20 15:46:39.658,428.86048902110025,101
2024-09-20 15:46:39.908,428.8551918615164,8
2024-09-20 15:46:40.102,428.84067009466304,105
2024-09-20 15:46:40.114,428.8536233020917,997
2024-09-20 15:46:40.122,428.8325592608247,997
2024-09-20 15:46:40.133,428.82912392635575,999
2024-09-20 15:46:40.173,428.84195824656246,105
2024-09-20 15:46:40.242,428.8529776264317,1002
2024-09-20 15:46:40.293,428.8073956986062,104
2024-09-20 15:46:40.349,428.8280791397678,14
2024-09-20 15:46:40.396,428.8418934370986,14
2024-09-20 15:46:40.410,428.8262215031207,15
2024-09-20 15:46:40.490,428.8582328379911,999
2024-09-20 15:46:40.531,42.88544643529736,14
2024-09-20 15:46:40.647,428.86958447333353,1000
2024-09-20 15:46:40.678,428.8758353573105,1005
2024-09-20 15:46:40.705,428.8472599491505,999
2024-09-20 15:46:40.720,428.8477332548344,99
2024-09-20 15:46:40.761,428.8407872390954,97
2024-09-20 15:46:40.762,428.82123757584463,7
2024-09-20 15:46:40.766,428.83503445298993,999
2024-09-20 15:46:40.820,428.8221839970582,15
2024-09-20 15:46:40.825,428.84914605508135,13
2024-09-20 15:46:40.827,428.8373584371732,103
2024-09-20 15:46:40.902,428.8334410076498,98
2024-09-20 15:46:40.937,428.8443577621538,99
2024-09-20 15:46:40.955,428.8374128629216,6
2024-09-20 15:46:40.965,428.8243636356849,1003
2024-09-20 15:46:40.975,428.85263503499226,8
2024-09-20 15:46:40.985,428.8363424780605,7
2024-09-20 15:46:41.156,428.8441271376191,997
2024-09-20 15:46:42.075,428.8366039876501,998
2024-09-20 15:46:42.131,428.82528894523256,998
2024-09-20 15:46:42.157,428.84639182725147,97
2024-09-20 15:46:42.160,428.8258545500005,1000
2024-09-20 15:46:42.193,428.81079027383737,1002
2024-09-20 15:46:42.329,428.8462467358464,12
2024-09-20 15:46:42.348,428.8098438252732,1004
2024-09-20 15:46:42.411,428.89520383402726,97
2024-09-20 15:46:42.489,428.84751065314606,9
2024-09-20 15:46:42.550,428.8878579695395,15
2024-09-20 15:46:42.575,428.851104171481,101
2024-09-20 15:46:42.605,428.83301264413694,1005
2024-09-20 15:46:42.630,428.8397666163274,7
2024-09-20 15:46:42.653,428.830087961513,13
2024-09-20 15:46:42.766,428.8817534439518,10
2024-09-20 15:46:42.841,428.8452273311697,103
2024-09-20 15:46:42.912,428.8287447269604,1003
2024-09-20 15:46:42.969,428.8854180654003,997
2024-09-20 15:46:43.051,423.9614980166423,15
2024-09-20 15:46:43.402,428.8720252328259,15
2024-09-20 15:46:43.748,428.8748764527096,11
2024-09-20 15:46:43.764,423.9307648809216,997
2024-09-20 15:46:44.004,428.90600755850704,8
2024-09-20 15:46:44.029,428.9195182319968,14
2024-09-20 15:46:44.034,428.90930148051046,9
2024-09-20 15:46:44.131,428.9672498071081,999
2024-09-20 15:46:44.190,428.9626198922408,1002
2024-09-20 15:46:44.217,428.943098595861,98
2024-09-20 15:46:44.221,428.949447717448,101
2024-09-20 15:46:44.260,428.9426009169984,99
2024-09-20 15:46:44.276,428.9227895054049,15
2024-09-20 15:46:44.286,428.93026137469207,12
2024-09-20 15:46:44.340,428.9472999026852,1004
2024-09-20 15:46:44.391,428.9128680389732,1005
2024-09-20 15:46:44.393,428.989235281526,1003
2024-09-20 15:46:44.404,428.9646912903889,1004
2024-09-20 15:46:44.430,428.9862270041795,98
2024-09-20 15:46:44.459,428.94321181250734,5
2024-09-20 15:46:44.473,428.89553287449024,1000
2024-09-20 15:46:44.473,428.9750460337217,1003
2024-09-20 15:46:44.523,428.9569874647307,1005
2024-09-20 15:46:44.558,428.9368193268343,12
2024-09-20 15:46:44.600,428.9057390734225,997
2024-09-20 15:46:44.629,428.9033814514465,1005
2024-09-20 15:46:44.645,428.9286460163877,1005
2024-09-20 15:46:44.687,428.9685408288827,1001
2024-09-20 15:46:44.729,428.94717087547895,1001
2024-09-20 15:46:44.820,428.8953052252635,100
2024-09-20 15:46:44.824,428.9142892819231,1003
2024-09-20 15:46:44.829,,98
2024-09-20 15:46:44.983,428.98714636749065,995
2024-09-20 15:46:44.984,428.93134291372513,10
2024-09-20 15:46:45.004,428.90202863854114,97
2024-09-20 15:46:45.008,428.8829808025742,98
2024-09-20 15:46:45.037,428.8771876117752,11
2024-09-20 15:46:45.140,428.8789277287381,1005
2024-09-20 15:46:45.178,428.89056804583714,1001
2024-09-20 15:46:45.350,428.897322187622,8
2024-09-20 15:46:45.368,428.9098304687684,8
2024-09-20 15:46:45.389,428.90162652792185,11
2024-09-20 15:46:45.390,428.8998191538885,997
2024-09-20 15:46:45.442,428.8628611591541,1003
2024-09-20 15:46:45.455,428.8972109509812,105
2024-09-20 15:46:45.490,428.8932892006008,104
2024-09-20 15:46:45.514,428.9220466327913,101
2024-09-20 15:46:45.637,428.88922327807046,6
2024-09-20 15:46:45.682,428.9053941938941,11
2024-09-20 15:46:45.709,428.8952866335418,999
2024-09-20 15:46:45.768,428.8854456178289,96
2024-09-20 15:46:45.774,428.86753226624273,12
2024-09-20 15:46:45.872,428.89716632850224,14
2024-09-20 15:46:45.900,428.884724700116,14
2024-09-20 15:46:45.924,428.909400082646,105
2024-09-20 15:46:45.938,428.8678857209556,6
2024-09-20 15:46:45.979,428.9210427505909,999
2024-09-20 15:46:46.318,428.9013270328307,12
2024-09-20 15:46:46.419,428.8946347718227,6
2024-09-20 15:46:46.500,428.8978560661744,9
2024-09-20 15:46:46.522,428.8944868916833,6
2024-09-20 15:46:46.558,428.8749146000059,102
2024-09-20 15:46:46.574,428.90593355036464,1001
2024-09-20 15:46:46.832,428.91023288704633,12
2024-09-20 15:46:46.840,428.8846405726957,997
2024-09-20 15:46:47.138,428.9069977827086,98
2024-09-20 15:46:47.185,428.9046077321765,7
2024-09-20 15:46:47.283,428.8982606780492,10
2024-09-20 15:46:47.398,428.891148051349,1004
2024-09-20 15:46:47.828,428.9189372340604,999
2024-09-20 15:46:47.835,428.9191814445635,5
2024-09-20 15:46:47.869,428.928149305413,1001
2024-09-20 15:46:47.870,428.90536354545264,105
2024-09-20 15:46:47.902,428.913172176292,101
2024-09-20 15:46:47.988,428.93345690297474,105
2024-09-20 15:46:48.023,428.9448256532066,101
2024-09-20 15:46:48.049,428.9396590894775,97
2024-09-20 15:46:48.063,428.9662438319896,5
2024-09-20 15:46:48.106,-428.9241132442874,1004
2024-09-20 15:46:48.343,428.92766354235584,14
2024-09-20 15:46:48.428,428.9300987704036,1004
2024-09-20 15:46:48.450,428.92970520687953,13
2024-09-20 15:46:48.481,428.9576921048539,102
2024-09-20 15:46:48.591,428.94955877142536,103
2024-09-20 15:46:48.600,428.9510759538777,1001
2024-09-20 15:46:48.660,428.9433313575443,1003
2024-09-20 15:46:48.692,428.928602845908,102
2024-09-20 15:46:48.716,428.9403614786119,104
2024-09-20 15:46:48.884,428.9262707718508,101
2024-09-20 15:46:49.004,428.9475843963303,103
2024-09-20 15:46:49.016,428.9746985796844,1000
2024-09-20 15:46:49.026,428.9386402136542,1002
2024-09-20 15:46:49.062,428.9425358406077,102
2024-09-20 15:46:49.098,428.9273515696157,15
2024-09-20 15:46:49.125,428.95755015463817,15
2024-09-20 15:46:49.133,428.98763062866936,95
2024-09-20 15:46:49.230,428.9096294988998,105
2024-09-20 15:46:49.352,428.9828159487401,12
2024-09-20 15:46:49.486,428.9159714124826,99
2024-09-20 15:46:49.540,428.9532241648061,12
2024-09-20 15:46:49.580,428.9912952844446,998
2024-09-20 15:46:49.590,428.9829686329861,999
2024-09-20 15:46:49.611,428.94143229155657,1002
2024-09-20 15:46:49.640,428.90772549026025,97
2024-09-20 15:46:49.641,428.95581280617495,97
2024-09-20 15:46:49.659,428.9113643693667,1005
2024-09-20 15:46:49.720,428.97440838326736,97
2024-09-20 15:46:49.727,428.96477100659126,105
2024-09-20 15:46:49.752,428.9556502480488,995
2024-09-20 15:46:49.779,428.9342194181373,9
2024-09-20 15:46:49.794,428.9736743079672,97
2024-09-20 15:46:49.796,428.9414164331105,95
2024-09-20 15:46:49.800,428.9635297330067,9
2024-09-20 15:46:49.822,428.9249210325266,1001
2024-09-20 15:46:49.910,428.8926770063643,1002
2024-09-20 15:46:49.912,428.94358440179,9
2024-09-20 15:46:49.921,428.9102347356783,12
2024-09-20 15:46:49.958,428.9386906873041,15
2024-09-20 15:46:50.022,428.9772180177655,102
2024-09-20 15:46:50.089,428.9587399263967,1005
2024-09-20 15:46:50.100,428.9826767848821,102
2024-09-20 15:46:50.130,428.94981655371765,13
2024-09-20 15:46:50.180,428.93719979358906,96
2024-09-20 15:46:50.323,428.9872843602584,1005
2024-09-20 15:46:50.323,428.9859722732298,15
2024-09-20 15:46:50.393,428.9675873682101,96
2024-09-20 15:46:50.403,428.936685289525,98
2024-09-20 15:46:50.437,-428.9555424994227,102
2024-09-20 15:46:50.462,428.95563647782177,101
2024-09-20 15:46:50.484,428.9729509185229,7
2024-09-20 15:46:50.533,428.9873437284994,101
2024-09-20 15:46:50.556,428.9747587947139,12
2024-09-20 15:46:50.557,428.9972003814838,1002
2024-09-20 15:46:50.575,428.9838442864393,104
2024-09-20 15:46:50.605,429.0047221849643,10
2024-09-20 15:46:50.622,428.9842649316802,999
2024-09-20 15:46:50.637,-428.9963160651429,12
2024-09-20 15:46:50.683,428.9962291858645,1005
2024-09-20 15:46:50.716,428.9973765090664,15
2024-09-20 15:46:50.719,428.999644347474,13
2024-09-20 15:46:50.819,428.9878901791148,95
2024-09-20 15:46:50.819,428.9826657074897,7
2024-09-20 15:46:50.858,428.97457704806834,999
2024-09-20 15:46:50.872,428.9938808996856,998
2024-09-20 15:46:50.972,428.9856249308184,102
2024-09-20 15:46:51.018,429.003370317796,998
2024-09-20 15:46:51.062,428.9720567100076,7
2024-09-20 15:46:51.086,428.9980029855663,14
2024-09-20 15:46:51.138,429.12010849145565,11
2024-09-20 15:46:51.221,428.9715789556845,7
2024-09-20 15:46:51.249,429.0061861160072,15
2024-09-20 15:46:51.314,429.0454424195184,1000
2024-09-20 15:46:51.417,429.0523226195804,996
2024-09-20 15:46:51.525,429.0872816091112,96
2024-09-20 15:46:51.526,429.13183775874495,6
2024-09-20 15:46:51.573,429.01428853505234,1000
2024-09-20 15:46:51.617,429.0101385560709,104
2024-09-20 15:46:51.898,428.9980208655772,102
2024-09-20 15:46:52.021,42.912177705919405,6
2024-09-20 15:46:52.031,429.1781525858908,12
2024-09-20 15:46:52.053,429.1577431450313,1002
2024-09-20 15:46:52.064,429.1483651993898,5
2024-09-20 15:46:52.076,429.1381376985796,10
2024-09-20 15:46:52.123,429.137357921106,13
2024-09-20 15:46:52.186,429.1344726369389,6
2024-09-20 15:46:52.200,429.13111043948913,14
2024-09-20 15:46:52.212,429.1440766082287,15
2024-09-20 15:46:52.233,429.1534728300484,14
2024-09-20 15:46:52.276,429.1236224156181,104
2024-09-20 15:46:52.316,429.1501507349074,13
2024-09-20 15:46:52.386,429.1424871561977,1004
2024-09-20 15:46:52.401,429.16546141333896,5
2024-09-20 15:46:52.463,429.13461470423744,1001
2024-09-20 15:46:52.493,429.1434224414763,998
2024-09-20 15:46:52.538,429.1457462417317,999
2024-09-20 15:46:52.681,429.1056975045533,98
2024-09-20 15:46:52.685,429.1676178293824,5
2024-09-20 15:46:52.768,429.1356029095954,996
2024-09-20 15:46:52.776,429.1665634641248,1004
2024-09-20 15:46:52.794,429.13623567947366,11
2024-09-20 15:46:52.811,429.1447629159614,997
2024-09-20 15:46:52.839,429.1635702528846,11
2024-09-20 15:46:52.841,42.91652451421933,5
2024-09-20 15:46:52.907,429.1152610766296,1002
2024-09-20 15:46:52.913,429.1665706650699,1004
2024-09-20 15:46:52.929,429.13103755567886,10
2024-09-20 15:46:52.948,429.1455713566645,11
2024-09-20 15:46:53.036,429.1442351090309,11
2024-09-20 15:46:53.177,429.11926973911966,99
2024-09-20 15:46:53.190,429.1515446072517,1002
2024-09-20 15:46:53.249,429.1233723393278,98
2024-09-20 15:46:53.313,429.1076870858857,101
2024-09-20 15:46:53.412,429.1287212153288,7
2024-09-20 15:46:53.444,429.15062517545977,1003
2024-09-20 15:46:53.445,429.1059632056347,7
2024-09-20 15:46:53.471,429.1155665404565,105
2024-09-20 15:46:53.623,429.1235758929752,7
2024-09-20 15:46:53.801,429.0898820294375,996
2024-09-20 15:46:53.803,429.15180055046784,11
2024-09-20 15:46:53.871,429.1439958543874,1005
2024-09-20 15:46:54.036,429.12658289591405,10
2024-09-20 15:46:54.120,429.1031809088138,997
2024-09-20 15:46:54.258,429.1100943839237,1001
2024-09-20 15:46:54.268,429.121888652386,1001
2024-09-20 15:46:54.270,429.0992764951713,103
2024-09-20 15:46:54.304,429.08658689185006,103
2024-09-20 15:46:54.372,429.0834835560249,98
2024-09-20 15:46:54.406,429.1190322252611,14
2024-09-20 15:46:54.542,429.0982271552791,102
2024-09-20 15:46:54.609,429.1129019261727,102
2024-09-20 15:46:54.611,,97
2024-09-20 15:46:54.648,429.0989956248043,102
2024-09-20 15:46:54.665,429.105583696391,1005
2024-09-20 15:46:54.739,429.0998384206048,105
2024-09-20 15:46:54.749,429.11771800296674,995
2024-09-20 15:46:54.763,429.08685146908425,6
2024-09-20 15:46:54.770,429.106427313753,6
2024-09-20 15:46:54.803,429.10801379010064,101
2024-09-20 15:46:54.861,429.1005229967289,100
2024-09-20 15:46:54.888,429.1253723593985,1003
2024-09-20 15:46:54.952,429.10044632015416,102
2024-09-20 15:46:55.018,429.1667680136105,104
2024-09-20 15:46:55.035,429.14805943383175,96
2024-09-20 15:46:55.042,42.40747963747771,7
2024-09-20 15:46:55.089,429.157675511304,8
2024-09-20 15:46:55.124,429.1420194434527,98
2024-09-20 15:46:55.136,429.1781048310952,96
2024-09-20 15:46:55.180,429.17277040855225,8
2024-09-20 15:46:55.250,429.1625496200717,101
2024-09-20 15:46:55.317,429.13259796695854,996
2024-09-20 15:46:55.356,429.16478681807615,1002
2024-09-20 15:46:55.465,429.157825925504,1005
2024-09-20 15:46:55.483,429.16445057444906,103
2024-09-20 15:46:55.672,429.15614677072057,10
2024-09-20 15:46:55.678,429.1499685572188,99
2024-09-20 15:46:55.689,429.10722558342417,1003
2024-09-20 15:46:55.716,429.1118837239855,997
2024-09-20 15:46:55.781,429.19153776750727,1000
2024-09-20 15:46:55.903,429.13982250670495,1002
2024-09-20 15:46:55.936,429.11037244853736,1005
2024-09-20 15:46:55.996,429.1625514433802,8
2024-09-20 15:46:56.091,429.0816983580797,97
2024-09-20 15:46:56.100,429.0483652537949,1002
2024-09-20 15:46:56.132,429.10343682039473,6
2024-09-20 15:46:56.702,429.0511377104044,95
2024-09-20 15:46:56.757,429.1229989328208,9
2024-09-20 15:46:56.790,429.0202620432197,8
2024-09-20 15:46:56.865,429.0716077173992,12
2024-09-20 15:46:56.907,429.1063361910607,95
2024-09-20 15:46:56.950,429.109202411402,96
2024-09-20 15:46:56.979,429.03434519000746,12
2024-09-20 15:46:57.057,429.0077836652195,97
2024-09-20 15:46:57.214,428.99140252413497,997
2024-09-20 15:46:57.355,428.9798379496766,1005
2024-09-20 15:46:57.377,428.9949470399138,1002
2024-09-20 15:46:57.448,428.9982874174688,9
2024-09-20 15:46:57.478,428.9803951833316,1005
2024-09-20 15:46:57.483,428.9840727947873,999
2024-09-20 15:46:57.573,428.97261930327846,9
2024-09-20 15:46:57.675,428.97309775956825,15
2024-09-20 15:46:57.684,428.99879196552695,5
2024-09-20 15:46:58.001,428.9673770045899,9
2024-09-20 15:46:58.048,428.9904119631136,96
2024-09-20 15:46:58.055,428.9959757521269,997
2024-09-20 15:46:58.071,428.9817195798544,105
2024-09-20 15:46:58.138,428.9704120255324,995
2024-09-20 15:46:58.153,428.9894994644908,1001
2024-09-20 15:46:58.154,428.9653743025048,999
2024-09-20 15:46:58.227,429.00009360573455,998
2024-09-20 15:46:58.235,429.0005178464195,101
2024-09-20 15:46:58.263,428.9659498696413,103
2024-09-20 15:46:58.264,428.986072961324,995
2024-09-20 15:46:58.282,428.9695949792538,996
2024-09-20 15:46:58.301,428.99244637264974,1000
2024-09-20 15:46:58.335,428.963972878126,995
2024-09-20 15:46:58.400,428.9610882180964,996
2024-09-20 15:46:58.450,428.9929954940522,102
2024-09-20 15:46:58.468,428.9720119220276,101
2024-09-20 15:46:58.509,428.9737952718461,14
2024-09-20 15:46:58.528,428.9943303737929,7
2024-09-20 15:46:58.559,-428.9657090825509,996
2024-09-20 15:46:58.559,428.9899829811853,1001
2024-09-20 15:46:58.565,428.9860697742568,997
2024-09-20 15:46:58.592,429.008053766545,98
2024-09-20 15:46:58.644,428.9746002226727,1003
2024-09-20 15:46:58.700,428.97770885535,996
2024-09-20 15:46:58.757,428.9898735957645,103
2024-09-20 15:46:58.786,428.9950935430934,5
2024-09-20 15:46:58.929,428.9780741233306,97
2024-09-20 15:46:58.980,428.9911262544367,1005
2024-09-20 15:46:59.192,429.01082859612,1003
2024-09-20 15:46:59.212,428.98759190668,102
2024-09-20 15:46:59.219,429.0364961973967,103
2024-09-20 15:46:59.318,429.040207316304,98
2024-09-20 15:46:59.348,428.9947374506508,995
2024-09-20 15:46:59.370,429.02226183624265,996
2024-09-20 15:46:59.437,429.0189380918737,998
2024-09-20 15:46:59.459,429.0079066379868,98
2024-09-20 15:46:59.574,428.99668736438576,1001
2024-09-20 15:46:59.645,428.9953634458225,98
2024-09-20 15:46:59.654,429.0049744950656,96
2024-09-20 15:46:59.662,428.9971874147876,13
2024-09-20 15:46:59.666,428.9743824594723,12
2024-09-20 15:46:59.711,428.9997743586287,13
2024-09-20 15:46:59.912,429.0438087013089,10
2024-09-20 15:46:59.930,429.0214291098087,1003
2024-09-20 15:46:59.971,429.04822329526,8
