Timestamp,Price,Size
2024-09-20 15:24:00.049,429.2676148235471,10
2024-09-20 15:24:00.141,429.3101457450638,995
2024-09-20 15:24:00.142,429.3089866554868,101
2024-09-20 15:24:00.299,429.3599297891707,103
2024-09-20 15:24:00.349,429.22642119815816,10
2024-09-20 15:24:00.354,429.2673753528562,1000
2024-09-20 15:24:00.365,429.3482363423607,5
2024-09-20 15:24:00.384,429.3128164925148,997
2024-09-20 15:24:00.389,429.33887951739257,99
2024-09-20 15:24:00.396,429.3019291215767,6
2024-09-20 15:24:00.448,429.25232276199534,999
2024-09-20 15:24:00.471,429.24541999306274,97
2024-09-20 15:24:00.596,429.25467102004666,104
2024-09-20 15:24:00.596,429.3589877595283,996
2024-09-20 15:24:00.639,429.36418685273406,1003
2024-09-20 15:24:00.694,429.2746435641671,5
2024-09-20 15:24:00.766,429.27878799142206,96
2024-09-20 15:24:00.802,429.2839744158762,100
2024-09-20 15:24:00.805,429.3551104813844,999
2024-09-20 15:24:00.875,429.3276169050661,8
2024-09-20 15:24:00.881,429.26033260749153,995
2024-09-20 15:24:00.888,429.2649828451946,15
2024-09-20 15:24:00.901,429.3496872054291,8
2024-09-20 15:24:00.903,429.22617637214046,8
2024-09-20 15:24:01.021,429.2359353523008,1003
2024-09-20 15:24:01.161,429.1999276776295,102
2024-09-20 15:24:01.176,429.1878248326501,15
2024-09-20 15:24:01.184,429.2511903606489,1002
2024-09-20 15:24:01.206,429.1980446803873,101
2024-09-20 15:24:01.386,429.2610182711993,98
2024-09-20 15:24:01.391,429.2974877277377,1003
2024-09-20 15:24:01.467,429.25399317697537,1003
2024-09-20 15:24:01.489,429.2285511627838,14
2024-09-20 15:24:01.533,429.2839475225126,1000
2024-09-20 15:24:01.635,429.23440457932935,11
2024-09-20 15:24:01.658,429.2693352119929,1002
2024-09-20 15:24:01.658,429.1945062217064,11
2024-09-20 15:24:01.743,429.2736956267987,1002
2024-09-20 15:24:01.743,429.2877651766509,100
2024-09-20 15:24:01.838,429.3105547335633,98
2024-09-20 15:24:01.840,429.2966467343417,102
2024-09-20 15:24:01.863,429.2232101866699,14
2024-09-20 15:24:01.890,429.1850576908949,1003
2024-09-20 15:24:01.891,429.26687297738096,13
2024-09-20 15:24:01.949,429.22480939005976,99
2024-09-20 15:24:02.224,429.3397944213024,14
2024-09-20 15:24:02.731,429.32635395003336,97
2024-09-20 15:24:02.797,429.32047933770593,11
2024-09-20 15:24:03.163,429.323216700659,14
2024-09-20 15:24:03.767,429.33400584913176,996
2024-09-20 15:24:03.868,429.3329755995326,99
2024-09-20 15:24:04.034,429.31198414930674,995
2024-09-20 15:24:04.069,429.2759265518324,15
2024-09-20 15:24:04.098,429.30160098943554,104
2024-09-20 15:24:04.117,429.2952766552655,997
2024-09-20 15:24:04.171,429.3073863774012,104
2024-09-20 15:24:04.213,429.3233138233249,8
2024-09-20 15:24:04.267,429.32469284001183,100
2024-09-20 15:24:04.275,429.28980443788015,12
2024-09-20 15:24:04.531,429.3169710521683,95
2024-09-20 15:24:04.543,429.29509693161725,998
2024-09-20 15:24:04.565,429.28002053211577,97
2024-09-20 15:24:04.605,429.3141874264129,12
2024-09-20 15:24:04.625,429.3234399963031,96
2024-09-20 15:24:04.673,429.3115079612472,10
2024-09-20 15:24:04.871,429.2940435910372,7
2024-09-20 15:24:04.881,429.3201827167352,104
2024-09-20 15:24:04.916,429.3185907597323,7
2024-09-20 15:24:04.988,429.318064823164,1000
2024-09-20 15:24:05.036,429.2741137524274,1001
2024-09-20 15:24:05.085,429.29060581548094,5
2024-09-20 15:24:05.103,429.3084583558349,103
2024-09-20 15:24:05.178,429.2946242326205,10
2024-09-20 15:24:05.232,429.2782252500992,6
2024-09-20 15:24:05.264,429.3304876882152,8
2024-09-20 15:24:05.265,429.2862756956346,101
2024-09-20 15:24:05.327,429.2762602665971,996
2024-09-20 15:24:05.328,429.3078420780912,13
2024-09-20 15:24:05.421,429.3000175898749,103
2024-09-20 15:24:05.466,429.3002849264346,1004
2024-09-20 15:24:05.477,429.2934927578106,12
2024-09-20 15:24:05.578,429.3165990037637,996
2024-09-20 15:24:05.579,429.3081074816749,999
2024-09-20 15:24:05.582,429.2822883228451,104
2024-09-20 15:24:05.587,429.2812983909229,1004
2024-09-20 15:24:05.598,429.27406620149486,97
2024-09-20 15:24:05.633,429.332345557556,9
2024-09-20 15:24:05.776,429.32398795699,1005
2024-09-20 15:24:05.837,429.2961646326817,105
2024-09-20 15:24:05.861,429.2888472662512,7
2024-09-20 15:24:05.861,429.2850335931441,7
2024-09-20 15:24:05.891,429.3045014171701,101
2024-09-20 15:24:05.900,42.9278136320048,1005
2024-09-20 15:24:05.904,429.2924888901432,15
2024-09-20 15:24:05.910,429.2666331789055,103
2024-09-20 15:24:05.914,429.2887457961867,1002
2024-09-20 15:24:05.932,429.31095202708485,98
2024-09-20 15:24:06.044,429.29172799065776,15
2024-09-20 15:24:06.122,429.2743644953367,1000
2024-09-20 15:24:06.201,429.2904928922025,1004
2024-09-20 15:24:06.210,429.2899394087909,1002
2024-09-20 15:24:06.215,429.2780267579527,101
2024-09-20 15:24:06.252,429.2643968649726,9
2024-09-20 15:24:06.259,429.2923278598755,99
2024-09-20 15:24:06.326,429.2920711195824,12
2024-09-20 15:24:06.329,429.29652717595206,100
2024-09-20 15:24:06.384,429.278010134304,15
2024-09-20 15:24:06.389,429.2748711881503,1002
2024-09-20 15:24:06.499,429.2579489857258,1004
2024-09-20 15:24:06.537,429.2850997764842,1001
2024-09-20 15:24:06.556,429.2662822035008,997
2024-09-20 15:24:06.606,429.3054216607192,1005
2024-09-20 15:24:06.682,429.2869951496675,1001
2024-09-20 15:24:06.758,429.26865006289097,1000
2024-09-20 15:24:06.776,429.28523811356223,1002
2024-09-20 15:24:06.819,429.28238566804913,1000
2024-09-20 15:24:06.833,429.2698121103475,6
2024-09-20 15:24:06.833,429.2903943010534,11
2024-09-20 15:24:06.851,429.2886545431269,95
2024-09-20 15:24:06.937,429.2733771041891,103
2024-09-20 15:24:06.958,429.2765738493347,1000
2024-09-20 15:24:06.976,429.2785157551554,96
2024-09-20 15:24:07.014,429.2836679780525,9
2024-09-20 15:24:07.124,429.2542947082759,95
2024-09-20 15:24:07.360,429.3508843244041,7
2024-09-20 15:24:07.387,429.253836905642,1001
2024-09-20 15:24:07.399,429.3432178448721,1004
2024-09-20 15:24:07.404,429.23341102663153,95
2024-09-20 15:24:07.463,429.2681964230648,1001
2024-09-20 15:24:07.490,429.2415304666236,999
2024-09-20 15:24:07.496,429.3721978495589,995
2024-09-20 15:24:07.496,429.27174053394026,1003
2024-09-20 15:24:07.506,429.3126955844316,11
2024-09-20 15:24:07.638,429.283270568592,997
2024-09-20 15:24:07.740,429.2456852521292,97
2024-09-20 15:24:07.742,429.2826286305767,103
2024-09-20 15:24:07.769,429.2757328295626,102
2024-09-20 15:24:07.791,429.2610865864742,996
2024-09-20 15:24:07.833,429.240294622878,102
2024-09-20 15:24:07.834,429.3630169270519,105
2024-09-20 15:24:07.861,429.2547021310337,99
2024-09-20 15:24:07.925,429.23275879273257,1001
2024-09-20 15:24:07.963,429.2357587836216,13
2024-09-20 15:24:07.974,429.2586733015406,995
2024-09-20 15:24:07.986,429.28256180273127,14
2024-09-20 15:24:08.017,429.38020276270896,101
2024-09-20 15:24:08.089,429.33503736387325,104
2024-09-20 15:24:08.117,429.3075355313991,1002
2024-09-20 15:24:08.129,429.2986408194112,97
2024-09-20 15:24:08.136,429.308967489577,100
2024-09-20 15:24:08.161,429.2964750994576,9
2024-09-20 15:24:08.168,429.36695611144313,998
2024-09-20 15:24:08.244,429.36350234766473,104
2024-09-20 15:24:08.311,429.32039098847656,1002
2024-09-20 15:24:08.506,429.34259125148327,12
2024-09-20 15:24:08.532,429.34113308864016,97
2024-09-20 15:24:08.545,429.3033433097428,995
2024-09-20 15:24:08.559,429.34939243413993,1002
2024-09-20 15:24:08.571,429.3269108931419,1003
2024-09-20 15:24:08.625,429.3554338195431,1004
2024-09-20 15:24:08.631,-429.37858587397335,9
2024-09-20 15:24:08.656,429.3609193484457,998
2024-09-20 15:24:08.706,429.31037163162944,12
2024-09-20 15:24:08.810,429.3776652483622,97
2024-09-20 15:24:08.816,429.3280927991428,1004
2024-09-20 15:24:08.961,429.36086393697417,1003
2024-09-20 15:24:09.082,429.3139075759827,9
2024-09-20 15:24:09.090,42.9309951968497,105
2024-09-20 15:24:09.100,429.3010745811964,6
2024-09-20 15:24:09.161,,98
2024-09-20 15:24:09.170,429.3529033780001,104
2024-09-20 15:24:09.174,429.3258111985909,102
2024-09-20 15:24:09.220,429.3402391934509,95
2024-09-20 15:24:09.276,429.33270342977,100
2024-09-20 15:24:09.302,429.3586433448255,12
2024-09-20 15:24:09.305,429.3416349902286,996
2024-09-20 15:24:09.322,429.37768758157097,999
2024-09-20 15:24:09.338,429.3439174625692,15
2024-09-20 15:24:09.338,429.300633799235,6
2024-09-20 15:24:09.340,429.286996116656,105
2024-09-20 15:24:09.394,429.2867275197535,5
2024-09-20 15:24:09.398,429.3062460819682,10
2024-09-20 15:24:09.440,429.3068263906716,96
2024-09-20 15:24:09.443,429.2717993536821,1003
2024-09-20 15:24:09.578,429.3024584559429,97
2024-09-20 15:24:09.594,423.9005334792291,1002
2024-09-20 15:24:09.614,429.3061008894064,15
2024-09-20 15:24:09.645,429.29118741103287,996
2024-09-20 15:24:09.715,429.2720083249746,97
2024-09-20 15:24:09.775,429.3923427897456,95
2024-09-20 15:24:09.828,429.2667834625564,97
2024-09-20 15:24:09.939,429.3191929835492,1002
2024-09-20 15:24:09.958,429.333557934295,5
2024-09-20 15:24:09.998,429.3077442720339,95
2024-09-20 15:24:10.164,429.3600757589155,97
2024-09-20 15:24:10.338,429.45713926830905,14
2024-09-20 15:24:10.483,429.40815485637177,13
2024-09-20 15:24:10.553,429.3964146799016,11
2024-09-20 15:24:10.616,429.413001745146,996
2024-09-20 15:24:10.628,429.367895025604,9
2024-09-20 15:24:10.763,-429.3738690571375,9
2024-09-20 15:24:10.775,429.4281789669005,98
2024-09-20 15:24:11.187,429.4628117945636,102
2024-09-20 15:24:11.216,42.94561517233044,10
2024-09-20 15:24:11.331,429.438398128115,996
2024-09-20 15:24:11.340,429.43876407307965,102
2024-09-20 15:24:11.458,429.4574831442177,1001
2024-09-20 15:24:11.640,429.4395673595341,1003
2024-09-20 15:24:11.673,429.4362878529591,996
2024-09-20 15:24:11.684,429.4481488316072,95
2024-09-20 15:24:11.843,429.4354119492523,12
2024-09-20 15:24:11.943,429.4379143816271,104
2024-09-20 15:24:11.971,429.4694019040365,995
2024-09-20 15:24:11.988,429.4671363612974,6
2024-09-20 15:24:12.374,429.45206823349446,999
2024-09-20 15:24:12.434,429.4408991450172,96
2024-09-20 15:24:12.688,429.42748599943246,97
2024-09-20 15:24:12.791,429.44088745679295,1005
2024-09-20 15:24:12.837,429.41863110759897,15
2024-09-20 15:24:12.934,429.4350347059005,997
2024-09-20 15:24:13.120,429.5067274564937,102
2024-09-20 15:24:13.169,429.4133359777184,97
2024-09-20 15:24:13.175,429.4397557458942,998
2024-09-20 15:24:13.214,429.50815519066737,100
2024-09-20 15:24:13.361,429.4159127140118,14
2024-09-20 15:24:13.370,429.4031561521954,10
2024-09-20 15:24:13.501,429.44277695814367,997
2024-09-20 15:24:13.510,429.4210544542377,95
2024-09-20 15:24:13.515,429.4139496028965,105
2024-09-20 15:24:13.547,429.4531110760522,995
2024-09-20 15:24:13.554,429.3827077299781,7
2024-09-20 15:24:13.563,429.4073649247672,102
2024-09-20 15:24:13.569,429.3937539916466,996
2024-09-20 15:24:13.625,429.3997861699704,97
2024-09-20 15:24:13.636,429.45904234928025,99
2024-09-20 15:24:13.691,429.422737444188,1004
2024-09-20 15:24:13.715,429.42271336809125,12
2024-09-20 15:24:13.735,429.38909860426617,15
2024-09-20 15:24:13.768,429.41511187971366,13
2024-09-20 15:24:13.771,429.47438967668927,8
2024-09-20 15:24:13.778,429.3873657187533,99
2024-09-20 15:24:13.783,423.9108619497444,9
2024-09-20 15:24:13.811,429.4024774303783,97
2024-09-20 15:24:13.957,429.409025817263,1002
2024-09-20 15:24:13.984,429.4201220896088,999
2024-09-20 15:24:14.088,429.5086122343028,6
2024-09-20 15:24:14.118,429.4918607165711,7
2024-09-20 15:24:14.149,429.538763213546,7
2024-09-20 15:24:14.154,429.48448966192575,6
2024-09-20 15:24:14.184,429.4894377504588,996
2024-09-20 15:24:14.233,429.4872341235806,1004
2024-09-20 15:24:14.245,429.515855015754,10
2024-09-20 15:24:14.262,429.5071366043457,14
2024-09-20 15:24:14.356,429.52494715933176,14
2024-09-20 15:24:14.387,429.56123024865735,9
2024-09-20 15:24:14.389,429.5195350079193,7
2024-09-20 15:24:14.477,,999
2024-09-20 15:24:14.641,429.5146237170196,8
2024-09-20 15:24:14.670,429.4768793690608,6
2024-09-20 15:24:14.682,429.4955438365275,97
2024-09-20 15:24:14.684,429.47446486345456,14
2024-09-20 15:24:14.684,429.496802346477,15
2024-09-20 15:24:14.685,429.4871559817698,997
2024-09-20 15:24:14.743,429.56731275909294,13
2024-09-20 15:24:14.831,429.5374114949261,1005
2024-09-20 15:24:14.835,429.5236088894441,5
2024-09-20 15:24:14.842,429.5419747040902,105
2024-09-20 15:24:14.860,429.51618577727504,101
2024-09-20 15:24:14.891,429.4972373785965,95
2024-09-20 15:24:14.894,429.5154105019583,998
2024-09-20 15:24:14.920,429.5159689154997,1005
2024-09-20 15:24:14.987,429.52115051682335,996
2024-09-20 15:24:15.043,429.4735799394189,996
2024-09-20 15:24:15.056,429.5058975027712,12
2024-09-20 15:24:15.090,429.5217921033236,102
2024-09-20 15:24:15.171,429.4730080490135,104
2024-09-20 15:24:15.171,429.4295791656053,105
2024-09-20 15:24:15.190,429.5143224758637,999
2024-09-20 15:24:15.190,429.4652102356153,95
2024-09-20 15:24:15.245,429.4435134269402,1004
2024-09-20 15:24:15.255,429.50666305395913,7
2024-09-20 15:24:15.275,429.5183678680808,1005
2024-09-20 15:24:15.288,429.4688641755424,104
2024-09-20 15:24:15.304,429.4940812129708,1005
2024-09-20 15:24:15.392,429.4542538693755,998
2024-09-20 15:24:15.406,429.48340010265207,96
2024-09-20 15:24:15.413,42.943060638730536,10
2024-09-20 15:24:15.428,429.5283421137676,103
2024-09-20 15:24:15.429,429.5113079949596,97
2024-09-20 15:24:15.497,429.4736404767748,999
2024-09-20 15:24:15.598,429.52778047361926,15
2024-09-20 15:24:15.615,429.4605712826632,98
2024-09-20 15:24:15.657,429.4587305990689,1005
2024-09-20 15:24:15.693,429.4704243730995,101
2024-09-20 15:24:15.695,429.4900505862003,14
2024-09-20 15:24:15.728,429.5158976862777,105
2024-09-20 15:24:15.730,429.4442919530237,1002
2024-09-20 15:24:15.806,429.5079400587718,10
2024-09-20 15:24:15.946,429.5134575305018,1000
2024-09-20 15:24:15.949,429.5166335609924,6
2024-09-20 15:24:16.000,429.417794470754,10
2024-09-20 15:24:16.009,42.94331681682255,996
2024-09-20 15:24:16.092,429.39874076904505,12
2024-09-20 15:24:16.152,429.4213999030541,104
2024-09-20 15:24:16.155,429.4080985780756,996
2024-09-20 15:24:16.234,429.3837630401858,999
2024-09-20 15:24:16.276,429.4198416415924,996
2024-09-20 15:24:16.424,-429.392690334556,97
2024-09-20 15:24:16.479,429.3951303028283,997
2024-09-20 15:24:16.495,429.37554581268233,103
2024-09-20 15:24:16.544,429.423520779414,1001
2024-09-20 15:24:16.606,429.4233705189993,105
2024-09-20 15:24:16.647,,98
2024-09-20 15:24:16.664,429.415696265383,999
2024-09-20 15:24:16.679,429.4191053281911,101
2024-09-20 15:24:16.684,429.4288642002342,7
2024-09-20 15:24:16.718,429.41957322093066,6
2024-09-20 15:24:16.818,429.4077579872814,13
2024-09-20 15:24:16.835,429.42856757199536,5
2024-09-20 15:24:16.964,429.4193635074104,5
2024-09-20 15:24:16.965,429.3974319331636,998
2024-09-20 15:24:17.002,429.4371104746583,98
2024-09-20 15:24:17.004,429.4824140429368,12
2024-09-20 15:24:17.049,429.4817333805676,95
2024-09-20 15:24:17.087,429.4602684719145,105
2024-09-20 15:24:17.113,429.5263243408957,96
2024-09-20 15:24:17.148,429.4685281250683,996
2024-09-20 15:24:17.165,429.4660116198403,7
2024-09-20 15:24:17.262,429.48487921796544,96
2024-09-20 15:24:17.266,429.4211059923807,99
2024-09-20 15:24:17.285,429.4155483800077,1003
2024-09-20 15:24:17.290,429.48993301900265,7
2024-09-20 15:24:17.425,429.4165800743066,996
2024-09-20 15:24:17.436,429.5020428454051,1005
2024-09-20 15:24:17.436,42.95083198143976,999
2024-09-20 15:24:17.438,429.4804206494659,100
2024-09-20 15:24:17.439,429.44535215937447,98
2024-09-20 15:24:17.488,429.4622513229104,999
2024-09-20 15:24:17.507,429.4791236584737,5
2024-09-20 15:24:17.518,429.454813133022,11
2024-09-20 15:24:17.518,429.44262780328063,995
2024-09-20 15:24:17.609,429.4169766771728,1002
2024-09-20 15:24:17.653,429.4807309968061,98
2024-09-20 15:24:17.654,429.47249524595406,1000
2024-09-20 15:24:17.806,429.4527878570427,999
2024-09-20 15:24:17.900,429.4649338786214,103
2024-09-20 15:24:17.923,429.42765352353166,6
2024-09-20 15:24:17.940,429.4855432394341,100
2024-09-20 15:24:17.991,429.4748627090633,11
2024-09-20 15:24:18.052,429.54670944819526,101
2024-09-20 15:24:18.058,429.5316082203433,10
2024-09-20 15:24:18.083,429.5253012096466,6
2024-09-20 15:24:18.221,429.5497686786557,999
2024-09-20 15:24:18.291,429.5217987315687,7
2024-09-20 15:24:18.306,429.53637425374944,98
2024-09-20 15:24:18.357,429.5308936644411,96
2024-09-20 15:24:18.478,429.5485665022006,15
2024-09-20 15:24:18.507,429.5574429444833,13
2024-09-20 15:24:18.615,429.5522188927848,104
2024-09-20 15:24:18.682,429.5593030656631,1002
2024-09-20 15:24:18.762,429.52212781906985,8
2024-09-20 15:24:18.814,429.51952473234616,7
2024-09-20 15:24:18.838,429.53617216262006,1005
2024-09-20 15:24:18.921,429.52496781989794,12
2024-09-20 15:24:18.924,429.51453549778034,7
2024-09-20 15:24:19.028,429.591596368695,100
2024-09-20 15:24:19.067,429.5673702011337,103
2024-09-20 15:24:19.085,429.5786957072837,998
2024-09-20 15:24:19.124,429.5412082990861,15
2024-09-20 15:24:19.163,429.55264035397926,995
2024-09-20 15:24:19.215,429.5877987682211,1004
2024-09-20 15:24:19.301,429.5848764416101,1003
2024-09-20 15:24:19.352,429.5608394461884,95
2024-09-20 15:24:19.423,429.543204061625,6
2024-09-20 15:24:19.508,,13
2024-09-20 15:24:19.509,429.5884075420176,1003
2024-09-20 15:24:19.562,429.5873263001319,102
2024-09-20 15:24:19.652,429.57656480718674,9
2024-09-20 15:24:19.669,429.5702884010775,1002
2024-09-20 15:24:19.671,429.5794732513527,5
2024-09-20 15:24:19.796,429.5746867976685,997
2024-09-20 15:24:19.837,429.5757392383946,11
2024-09-20 15:24:19.909,429.5649794486608,1005
2024-09-20 15:24:19.950,429.58382637920175,95
2024-09-20 15:24:19.963,429.5844303160631,1001
2024-09-20 15:24:19.993,429.56820490760026,1004
2024-09-20 15:24:20.018,429.563864372339,1003
2024-09-20 15:24:20.152,429.5397717175038,15
2024-09-20 15:24:20.179,429.5237842813285,10
2024-09-20 15:24:20.215,429.5570066950651,7
2024-09-20 15:24:20.216,429.52276062023503,100
2024-09-20 15:24:20.241,429.54270139142494,8
2024-09-20 15:24:20.276,429.5035558782386,100
2024-09-20 15:24:20.341,429.51378481638505,1002
2024-09-20 15:24:20.409,429.5488245386474,103
2024-09-20 15:24:20.436,429.53138767752,102
2024-09-20 15:24:20.457,429.5154604190863,103
2024-09-20 15:24:20.552,429.5347416364368,1000
2024-09-20 15:24:20.632,429.53342294076873,1003
2024-09-20 15:24:20.683,429.5236232491748,1005
2024-09-20 15:24:20.712,429.5115380545298,8
2024-09-20 15:24:20.712,429.527772059707,1002
2024-09-20 15:24:20.724,429.5774251194943,1000
2024-09-20 15:24:20.785,429.5281221033493,9
2024-09-20 15:24:20.795,429.5503655664066,15
2024-09-20 15:24:20.808,429.5735911589173,8
2024-09-20 15:24:20.815,429.5097675910519,96
2024-09-20 15:24:20.849,429.53292112859566,996
2024-09-20 15:24:21.045,429.5588345773952,12
2024-09-20 15:24:21.254,429.5547335225714,1002
2024-09-20 15:24:21.292,429.5680308623713,1002
2024-09-20 15:24:21.332,429.5739288713098,15
2024-09-20 15:24:21.373,429.5496124340677,1003
2024-09-20 15:24:21.412,429.5850108469495,97
2024-09-20 15:24:21.433,429.5627528871696,1001
2024-09-20 15:24:21.452,429.5432568298101,996
2024-09-20 15:24:21.506,,1002
2024-09-20 15:24:21.566,429.5460482867993,12
2024-09-20 15:24:21.586,429.5487762999144,998
2024-09-20 15:24:21.668,429.5282104494663,1002
2024-09-20 15:24:21.796,429.5732024805097,104
2024-09-20 15:24:21.797,429.58839373937735,996
2024-09-20 15:24:21.865,429.5842078672676,10
2024-09-20 15:24:21.896,429.57360259264345,9
2024-09-20 15:24:21.990,429.5562703154014,98
2024-09-20 15:24:22.040,429.6390063666932,103
2024-09-20 15:24:22.042,429.5802565513934,998
2024-09-20 15:24:22.128,429.5929604301188,8
2024-09-20 15:24:22.142,429.6596666244319,96
2024-09-20 15:24:22.228,429.6913497096765,1002
2024-09-20 15:24:22.254,429.60255011412886,14
2024-09-20 15:24:22.258,429.66981948186753,5
2024-09-20 15:24:22.272,429.6919171748712,997
2024-09-20 15:24:22.277,429.65466969918833,5
2024-09-20 15:24:22.306,429.6012882337743,1000
2024-09-20 15:24:22.308,429.6116204583272,103
2024-09-20 15:24:22.327,429.6634508374312,6
2024-09-20 15:24:22.378,429.60367454806845,15
2024-09-20 15:24:22.404,429.6461765700486,998
2024-09-20 15:24:22.415,429.6117747643875,999
2024-09-20 15:24:22.436,429.6096568926008,96
2024-09-20 15:24:22.438,429.66182261496414,13
2024-09-20 15:24:22.485,429.6822661746892,1002
2024-09-20 15:24:22.630,429.6697080614812,998
2024-09-20 15:24:22.655,429.6065144394095,102
2024-09-20 15:24:22.694,429.5752779634669,12
2024-09-20 15:24:22.696,429.6698824427146,96
2024-09-20 15:24:22.704,429.6067157352436,11
2024-09-20 15:24:22.773,429.6684288945031,12
2024-09-20 15:24:22.777,429.6526315725608,12
2024-09-20 15:24:22.822,429.67896252308185,101
2024-09-20 15:24:22.909,429.65445270195903,1003
2024-09-20 15:24:22.922,429.5896571378096,99
2024-09-20 15:24:22.951,429.66963737634507,102
2024-09-20 15:24:23.077,429.62424723193055,9
2024-09-20 15:24:23.096,429.6443156794888,1001
2024-09-20 15:24:23.125,429.64158628351663,101
2024-09-20 15:24:23.169,429.64597726748656,104
2024-09-20 15:24:23.211,429.6464812571219,98
2024-09-20 15:24:23.240,429.6457558948173,8
2024-09-20 15:24:23.276,429.6427024903374,7
2024-09-20 15:24:23.335,429.65901988231246,996
2024-09-20 15:24:23.394,429.6340638944102,1002
2024-09-20 15:24:23.543,429.6437905087637,14
2024-09-20 15:24:23.658,429.6595601115049,96
2024-09-20 15:24:23.667,429.622150376723,102
2024-09-20 15:24:23.774,429.62971189475377,1003
2024-09-20 15:24:23.819,429.6564096847217,7
2024-09-20 15:24:23.894,429.5919138399176,6
2024-09-20 15:24:23.945,429.63771627892334,1002
2024-09-20 15:24:24.012,42.95960567532666,95
2024-09-20 15:24:24.052,429.6159526226875,105
2024-09-20 15:24:24.085,429.60332740129405,997
2024-09-20 15:24:24.145,429.63732418694974,9
2024-09-20 15:24:24.181,429.60396445900375,1001
2024-09-20 15:24:24.225,429.6252705859076,1002
2024-09-20 15:24:24.248,429.6112966440325,96
2024-09-20 15:24:24.275,429.6094194094268,97
2024-09-20 15:24:24.284,429.602930441137,95
2024-09-20 15:24:24.316,429.546565076733,999
2024-09-20 15:24:24.347,429.5727631784246,10
2024-09-20 15:24:24.361,429.6234213664746,97
2024-09-20 15:24:24.370,429.5880859225536,7
2024-09-20 15:24:24.391,429.615115844032,96
2024-09-20 15:24:24.412,429.5886330686228,995
2024-09-20 15:24:24.548,429.6137228423005,14
2024-09-20 15:24:24.587,429.6352518957519,6
2024-09-20 15:24:24.605,429.5969458302692,11
2024-09-20 15:24:24.626,429.5472782600688,95
2024-09-20 15:24:24.653,429.57506587403327,104
2024-09-20 15:24:24.654,429.5933662044333,998
2024-09-20 15:24:24.707,429.5906203124413,14
2024-09-20 15:24:24.807,429.5738747333016,99
2024-09-20 15:24:24.855,429.5809925623957,98
2024-09-20 15:24:24.869,429.6267385208492,101
2024-09-20 15:24:24.870,429.6132539601135,103
2024-09-20 15:24:24.955,429.6124181135284,9
2024-09-20 15:24:24.990,429.6409907220607,11
2024-09-20 15:24:25.127,429.5522075972558,1004
2024-09-20 15:24:25.150,429.5530241577517,1003
2024-09-20 15:24:25.172,429.61998265688703,1003
2024-09-20 15:24:25.314,429.61866262479305,14
2024-09-20 15:24:25.341,429.5996289083553,8
2024-09-20 15:24:25.345,429.56855458166416,996
2024-09-20 15:24:25.365,429.53925562845455,9
2024-09-20 15:24:25.423,429.5697054828729,10
2024-09-20 15:24:25.484,429.5567414995791,997
2024-09-20 15:24:25.494,429.62002959734593,98
2024-09-20 15:24:25.554,429.6217062610871,1001
2024-09-20 15:24:25.644,429.6143165114416,105
2024-09-20 15:24:25.696,429.48538166233214,13
2024-09-20 15:24:25.731,429.4810050543129,12
2024-09-20 15:24:25.742,429.48533677349246,1003
2024-09-20 15:24:25.787,429.546236448836,13
2024-09-20 15:24:25.821,429.5779341883236,1002
2024-09-20 15:24:25.823,429.6064128025018,101
2024-09-20 15:24:25.859,429.5644571790965,1002
2024-09-20 15:24:25.970,429.5079713757308,8
2024-09-20 15:24:25.980,429.5373168160862,8
2024-09-20 15:24:26.032,429.48892465927696,9
2024-09-20 15:24:26.076,429.5179247231518,11
2024-09-20 15:24:26.103,429.4701371307697,1004
2024-09-20 15:24:26.105,429.4937504923014,995
2024-09-20 15:24:26.159,42.950280218813326,95
2024-09-20 15:24:26.174,429.50925036823975,998
2024-09-20 15:24:26.184,429.475115756414,1004
2024-09-20 15:24:26.192,429.4263339057838,15
2024-09-20 15:24:26.193,429.5124015720759,9
2024-09-20 15:24:26.225,429.5069295092529,14
2024-09-20 15:24:26.308,429.5047179150424,997
2024-09-20 15:24:26.334,429.425962435376,999
2024-09-20 15:24:26.412,429.49514854616046,997
2024-09-20 15:24:26.479,429.4467430175901,97
2024-09-20 15:24:26.523,429.4746320965799,1005
2024-09-20 15:24:26.525,429.5011383633955,7
2024-09-20 15:24:26.531,429.4313663085207,105
2024-09-20 15:24:26.561,429.4581872493741,997
2024-09-20 15:24:26.574,429.4521168304912,102
2024-09-20 15:24:26.581,429.5053020560211,13
2024-09-20 15:24:26.628,429.5080645519308,999
2024-09-20 15:24:26.631,429.4995938771293,105
2024-09-20 15:24:26.665,429.5014084825498,7
2024-09-20 15:24:26.774,429.5106961438976,996
2024-09-20 15:24:26.814,429.50549223424633,12
2024-09-20 15:24:26.852,429.4785575811727,1002
2024-09-20 15:24:26.924,429.4911193594166,10
2024-09-20 15:24:26.934,429.4366634088076,998
2024-09-20 15:24:26.985,429.4739426338424,998
2024-09-20 15:24:26.988,429.4675605108987,999
2024-09-20 15:24:27.048,429.33375608291226,13
2024-09-20 15:24:27.121,429.4198780827202,103
2024-09-20 15:24:27.131,429.3507710221406,15
2024-09-20 15:24:27.139,429.4243885275895,13
2024-09-20 15:24:27.140,429.3883233020693,104
2024-09-20 15:24:27.265,429.4266802757909,11
2024-09-20 15:24:27.418,429.3358798133081,7
2024-09-20 15:24:27.424,429.4109712945032,14
2024-09-20 15:24:27.542,429.36369488297055,15
2024-09-20 15:24:27.585,429.34039259948696,104
2024-09-20 15:24:27.587,429.36219120822136,11
2024-09-20 15:24:27.591,429.334158762217,1001
2024-09-20 15:24:27.614,429.41299393231225,101
2024-09-20 15:24:27.623,429.3338752957092,998
2024-09-20 15:24:27.673,429.4323532564449,1004
2024-09-20 15:24:27.690,429.3611423389909,13
2024-09-20 15:24:27.692,429.3349601606518,996
2024-09-20 15:24:27.715,429.3594266120355,997
2024-09-20 15:24:27.764,429.4298857923927,100
2024-09-20 15:24:27.773,429.33969639066936,8
2024-09-20 15:24:27.790,429.3781959673949,999
2024-09-20 15:24:27.835,429.4293298824388,1003
2024-09-20 15:24:27.838,429.3471494125777,998
2024-09-20 15:24:27.911,429.3382501540255,8
2024-09-20 15:24:27.912,429.3248678393331,999
2024-09-20 15:24:27.934,429.3491459819214,98
2024-09-20 15:24:27.999,429.326087777984,1002
2024-09-20 15:24:28.002,429.3607058458804,102
2024-09-20 15:24:28.114,429.3777181950996,104
2024-09-20 15:24:28.520,429.3532426345725,105
2024-09-20 15:24:28.559,429.3724828532636,103
2024-09-20 15:24:28.568,429.36403682532784,7
2024-09-20 15:24:28.805,429.3316764094287,1000
2024-09-20 15:24:28.873,429.36531868055937,13
2024-09-20 15:24:29.014,429.4016190184452,9
2024-09-20 15:24:29.209,429.4008511488661,12
2024-09-20 15:24:29.307,429.37555702408406,1004
2024-09-20 15:24:29.370,429.3856493372724,7
2024-09-20 15:24:29.513,429.3886096414767,1004
2024-09-20 15:24:29.609,,1002
2024-09-20 15:24:29.690,429.3973298053817,15
2024-09-20 15:24:29.766,429.3827545459653,1003
2024-09-20 15:24:29.773,429.3872878091294,6
2024-09-20 15:24:29.870,423.7647913522583,102
2024-09-20 15:24:29.965,429.3828141520148,104
2024-09-20 15:24:30.327,429.32506751846313,10
2024-09-20 15:24:30.382,429.36674534760033,1002
2024-09-20 15:24:30.439,429.3683415505019,1000
2024-09-20 15:24:30.518,429.340623590466,103
2024-09-20 15:24:30.715,429.39003862859977,6
2024-09-20 15:24:31.177,429.3413321208328,1004
2024-09-20 15:24:31.224,423.78540504853794,99
2024-09-20 15:24:31.301,429.345447866113,999
2024-09-20 15:24:31.328,-429.32895220961535,95
2024-09-20 15:24:31.415,429.3329201699647,15
2024-09-20 15:24:31.622,429.3350611946724,999
2024-09-20 15:24:31.852,429.3524452022199,102
2024-09-20 15:24:31.855,429.316198854209,104
2024-09-20 15:24:32.018,429.37249631868434,102
2024-09-20 15:24:32.019,429.3835393539109,998
2024-09-20 15:24:32.136,429.3578056068743,1000
2024-09-20 15:24:32.168,429.4105296390769,998
2024-09-20 15:24:32.188,429.3988137014308,1002
2024-09-20 15:24:32.226,429.369102002146,1000
2024-09-20 15:24:32.302,429.37282278112855,13
2024-09-20 15:24:32.310,429.3691358319914,996
2024-09-20 15:24:32.360,429.4082312472605,1000
2024-09-20 15:24:32.361,429.3756569147144,101
2024-09-20 15:24:32.372,429.3451933432552,9
2024-09-20 15:24:32.422,429.39248981308106,96
2024-09-20 15:24:32.434,429.4029758326656,998
2024-09-20 15:24:32.448,429.4073650509679,95
2024-09-20 15:24:32.458,429.3726218443957,999
2024-09-20 15:24:32.521,429.3938550660126,105
2024-09-20 15:24:32.711,429.4055841381911,99
2024-09-20 15:24:32.764,429.3744157410783,102
2024-09-20 15:24:32.818,429.36040579618174,1001
2024-09-20 15:24:32.853,429.4177241571197,105
2024-09-20 15:24:32.876,429.3509617100887,99
2024-09-20 15:24:33.019,429.39071829366185,95
2024-09-20 15:24:33.065,429.2965640115419,1004
2024-09-20 15:24:33.076,429.3909424258732,12
2024-09-20 15:24:33.077,429.3828225196322,104
2024-09-20 15:24:33.099,429.3934353358425,98
2024-09-20 15:24:33.222,429.32022521944725,98
2024-09-20 15:24:33.242,429.36278812611664,1005
2024-09-20 15:24:33.247,429.30275449563874,1000
2024-09-20 15:24:33.322,429.36416683553415,996
2024-09-20 15:24:33.396,429.3903637468189,1001
2024-09-20 15:24:33.442,429.3697394901024,97
2024-09-20 15:24:33.461,429.3422249202541,102
2024-09-20 15:24:33.496,429.359403048594,104
2024-09-20 15:24:33.560,429.3886610174293,15
2024-09-20 15:24:33.579,429.3251980248187,13
2024-09-20 15:24:33.838,429.31200834000606,1005
2024-09-20 15:24:33.838,429.2944211183259,95
2024-09-20 15:24:33.893,429.385764172776,995
2024-09-20 15:24:33.906,429.3464925185739,97
2024-09-20 15:24:33.914,429.3262830307927,13
2024-09-20 15:24:33.917,429.36225956487385,12
2024-09-20 15:24:34.000,429.33059740429104,8
2024-09-20 15:24:34.059,429.4282323059453,11
2024-09-20 15:24:34.079,-429.40575475383815,7
2024-09-20 15:24:34.093,429.3749649290905,1000
2024-09-20 15:24:34.102,429.39431135658657,1003
2024-09-20 15:24:34.105,429.4149327982664,995
2024-09-20 15:24:34.156,429.3956785361743,97
2024-09-20 15:24:34.168,429.41484268949966,1000
2024-09-20 15:24:34.238,429.40053422801327,1003
2024-09-20 15:24:34.338,429.36101835787713,5
2024-09-20 15:24:34.357,429.4108336213076,9
2024-09-20 15:24:34.450,429.3469798151416,11
2024-09-20 15:24:34.452,429.3871293938327,101
2024-09-20 15:24:34.498,429.4253728687802,1005
2024-09-20 15:24:34.555,429.4205643110993,996
2024-09-20 15:24:34.575,429.3927872519927,12
2024-09-20 15:24:34.579,429.380241488882,1005
2024-09-20 15:24:34.588,429.41245100987726,1000
2024-09-20 15:24:34.601,429.4206989148088,1000
2024-09-20 15:24:34.676,429.390216870565,7
2024-09-20 15:24:34.720,429.34794189163017,102
2024-09-20 15:24:34.723,429.41775750703897,13
2024-09-20 15:24:34.732,429.4115470314391,100
2024-09-20 15:24:34.739,429.39168468405705,995
2024-09-20 15:24:34.771,429.394552846128,10
2024-09-20 15:24:34.838,429.4066885615608,101
2024-09-20 15:24:34.849,429.38699936994095,995
2024-09-20 15:24:34.876,429.4075455037977,15
2024-09-20 15:24:34.963,429.42032240224296,6
2024-09-20 15:24:35.164,429.4338969976784,99
2024-09-20 15:24:35.304,429.41960688608833,995
2024-09-20 15:24:35.351,429.4387293215408,996
2024-09-20 15:24:35.383,429.44454277131,8
2024-09-20 15:24:35.528,429.4451460509921,10
2024-09-20 15:24:35.840,429.4434104813741,5
2024-09-20 15:24:35.963,423.7390649748212,998
2024-09-20 15:24:35.979,429.44957858019086,10
2024-09-20 15:24:36.025,429.4204900982653,95
2024-09-20 15:24:36.052,429.41918366522384,997
2024-09-20 15:24:36.052,429.426229072661,5
2024-09-20 15:24:36.132,429.3688246163986,1000
2024-09-20 15:24:36.180,429.3938094859258,11
2024-09-20 15:24:36.188,429.3925460942732,101
2024-09-20 15:24:36.366,429.3817046401214,8
2024-09-20 15:24:36.446,429.4405132724388,97
2024-09-20 15:24:36.504,429.4431293081793,105
2024-09-20 15:24:36.602,429.3801732360719,1000
2024-09-20 15:24:36.640,429.40181226256834,999
2024-09-20 15:24:36.653,429.3726758710415,8
2024-09-20 15:24:36.747,429.4099538817066,1000
2024-09-20 15:24:36.789,429.4154940944,1000
2024-09-20 15:24:36.790,429.4025186789168,100
2024-09-20 15:24:36.824,429.42239481731457,105
2024-09-20 15:24:36.882,429.3941603252344,9
2024-09-20 15:24:36.971,429.43344680993897,10
2024-09-20 15:24:37.015,429.38736561452566,97
2024-09-20 15:24:37.027,429.40948335206417,15
2024-09-20 15:24:37.162,429.40214627286485,6
2024-09-20 15:24:37.236,429.4093783794344,105
2024-09-20 15:24:37.266,429.4125829684209,9
2024-09-20 15:24:37.274,429.3783552473893,1000
2024-09-20 15:24:37.481,429.4043766607742,14
2024-09-20 15:24:37.528,429.41224493134473,103
2024-09-20 15:24:37.532,-429.3748339997873,998
2024-09-20 15:24:37.584,429.3946233922866,97
2024-09-20 15:24:37.656,429.4079406606612,1001
2024-09-20 15:24:37.862,429.3872539213427,1000
2024-09-20 15:24:37.864,423.816137446349,95
2024-09-20 15:24:37.882,429.4028390185967,6
2024-09-20 15:24:38.046,429.29025659218206,98
2024-09-20 15:24:38.058,429.2660542085073,102
2024-09-20 15:24:38.063,429.3004590390841,998
2024-09-20 15:24:38.102,429.2850321816636,98
2024-09-20 15:24:38.112,429.2965257428512,11
2024-09-20 15:24:38.114,429.3306532336044,100
2024-09-20 15:24:38.152,423.936452083005,100
2024-09-20 15:24:38.176,429.2846657244515,1001
2024-09-20 15:24:38.219,429.3013097727261,998
2024-09-20 15:24:38.240,429.3516864474886,1002
2024-09-20 15:24:38.305,42.93555134749707,1004
2024-09-20 15:24:38.369,429.2992896259882,1003
2024-09-20 15:24:38.404,429.35037464697086,98
2024-09-20 15:24:38.427,429.3258338192854,15
2024-09-20 15:24:38.459,429.3745749130392,10
2024-09-20 15:24:38.460,429.2978483693103,995
2024-09-20 15:24:38.518,429.3016012913388,999
2024-09-20 15:24:38.592,429.357902183672,97
2024-09-20 15:24:38.605,429.2831574191956,97
2024-09-20 15:24:38.608,429.28720996031024,100
2024-09-20 15:24:38.613,429.3070526501117,999
2024-09-20 15:24:38.628,429.2752558221312,998
2024-09-20 15:24:38.633,429.31841201708033,105
2024-09-20 15:24:38.646,429.2917650328629,1001
2024-09-20 15:24:38.670,429.2833463378723,1001
2024-09-20 15:24:38.698,429.3090456557872,13
2024-09-20 15:24:38.700,429.35372110150655,103
2024-09-20 15:24:38.746,429.2796313856033,95
2024-09-20 15:24:38.785,429.3607812165385,1001
2024-09-20 15:24:38.789,429.3096921482408,1003
2024-09-20 15:24:39.054,429.2312168177954,99
2024-09-20 15:24:39.057,429.291190237571,1004
2024-09-20 15:24:39.090,429.3435482989825,6
2024-09-20 15:24:39.189,429.1905834328449,100
2024-09-20 15:24:39.199,429.28206186449904,97
2024-09-20 15:24:39.297,429.205207544466,5
2024-09-20 15:24:39.303,429.2194329162039,97
2024-09-20 15:24:39.303,429.3340969122589,8
2024-09-20 15:24:39.322,429.2742251903398,95
2024-09-20 15:24:39.392,429.235315666505,96
2024-09-20 15:24:39.500,429.2231852014909,996
2024-09-20 15:24:39.532,429.24299254865554,1001
2024-09-20 15:24:39.645,429.3021401581435,101
2024-09-20 15:24:39.687,429.26785193267295,1003
2024-09-20 15:24:39.739,429.2253894935551,10
2024-09-20 15:24:39.745,429.21239045929,100
2024-09-20 15:24:39.915,429.2149840476102,1001
2024-09-20 15:24:39.965,429.2706577377531,11
2024-09-20 15:24:40.041,429.37528668403473,101
2024-09-20 15:24:40.126,429.3626084570741,95
2024-09-20 15:24:40.483,429.388051580881,97
2024-09-20 15:24:40.499,429.3592648531656,995
2024-09-20 15:24:40.917,429.38478511851423,95
2024-09-20 15:24:41.153,429.4204137037478,13
2024-09-20 15:24:41.346,429.4261022371615,1002
2024-09-20 15:24:41.547,429.4142174333869,997
2024-09-20 15:24:42.095,429.3784853578807,11
2024-09-20 15:24:42.128,429.4023952179217,1002
2024-09-20 15:24:42.132,423.92091491531465,1001
2024-09-20 15:24:42.136,429.4114079628784,98
2024-09-20 15:24:42.165,429.3874813151174,995
2024-09-20 15:24:42.296,429.4148187583161,98
2024-09-20 15:24:42.313,429.4166432037802,1000
2024-09-20 15:24:42.357,429.4097432026997,1004
2024-09-20 15:24:42.392,429.4170453734051,100
2024-09-20 15:24:42.492,429.3797931352121,999
2024-09-20 15:24:42.493,429.4246665472284,95
2024-09-20 15:24:42.498,429.4254892189328,1000
2024-09-20 15:24:42.545,429.39727360931965,104
2024-09-20 15:24:42.546,42.93869418430386,1004
2024-09-20 15:24:42.574,429.4173844903503,10
2024-09-20 15:24:42.607,429.3783782997541,1004
2024-09-20 15:24:42.658,429.40550444056106,999
2024-09-20 15:24:42.688,429.3893155259363,995
2024-09-20 15:24:42.749,429.4307099881405,7
2024-09-20 15:24:42.760,429.4072153023045,15
2024-09-20 15:24:42.769,429.4013224306207,998
2024-09-20 15:24:42.901,429.4212633971391,1001
2024-09-20 15:24:42.918,429.399840284506,1000
2024-09-20 15:24:43.031,429.4371468457285,95
2024-09-20 15:24:43.105,429.42690492456205,102
2024-09-20 15:24:43.145,429.329428549326,95
2024-09-20 15:24:43.172,429.38340393708495,1004
2024-09-20 15:24:43.185,429.3610293989408,101
2024-09-20 15:24:43.196,429.4127764066519,103
2024-09-20 15:24:43.201,429.3665965616237,104
2024-09-20 15:24:43.252,429.404465387501,99
2024-09-20 15:24:43.258,429.4390150016951,10
2024-09-20 15:24:43.262,429.426974560788,6
2024-09-20 15:24:43.280,429.4120682800281,5
2024-09-20 15:24:43.361,429.43054623830415,9
2024-09-20 15:24:43.369,429.3665400370484,105
2024-09-20 15:24:43.401,429.39981309456215,1005
2024-09-20 15:24:43.410,429.2990549499703,105
2024-09-20 15:24:43.475,429.3254561794259,1004
2024-09-20 15:24:43.483,429.3993272358225,8
2024-09-20 15:24:43.544,429.4247901696379,998
2024-09-20 15:24:43.620,429.3900893952628,10
2024-09-20 15:24:43.647,429.42064688803765,7
2024-09-20 15:24:43.664,429.4128389720227,998
2024-09-20 15:24:43.672,,105
2024-09-20 15:24:43.683,429.4186044222466,12
2024-09-20 15:24:43.857,429.41417655441313,996
2024-09-20 15:24:43.900,429.40988786264376,96
2024-09-20 15:24:43.924,429.3805455950824,95
2024-09-20 15:24:44.478,429.27592324788577,12
2024-09-20 15:24:44.549,429.283061652868,1003
2024-09-20 15:24:44.682,429.2885615405795,15
2024-09-20 15:24:44.712,429.27997906021744,8
2024-09-20 15:24:44.795,429.2931692650854,13
2024-09-20 15:24:44.942,429.2882199900067,1005
2024-09-20 15:24:45.009,429.2802196490644,15
2024-09-20 15:24:45.048,429.2761596801513,7
2024-09-20 15:24:45.065,429.2371014211415,5
2024-09-20 15:24:45.109,429.22278635562793,1000
2024-09-20 15:24:45.209,429.2450928215557,105
2024-09-20 15:24:45.221,429.2290119850135,11
2024-09-20 15:24:45.311,429.274664631511,999
2024-09-20 15:24:45.342,429.2865622467801,105
2024-09-20 15:24:45.436,429.2875180273645,995
2024-09-20 15:24:45.562,429.2674285562718,995
2024-09-20 15:24:45.563,429.2972669561567,6
2024-09-20 15:24:45.568,429.243687415517,103
2024-09-20 15:24:45.620,429.2560365602823,6
2024-09-20 15:24:45.683,429.2724346328521,1003
2024-09-20 15:24:45.704,429.2949642347163,995
2024-09-20 15:24:45.718,429.275525785289,1002
2024-09-20 15:24:45.751,429.2490550817614,105
2024-09-20 15:24:45.792,42.92778905301071,1003
2024-09-20 15:24:45.799,429.2744606231657,9
2024-09-20 15:24:45.822,429.2778228554299,104
2024-09-20 15:24:45.838,429.2571108016477,10
2024-09-20 15:24:45.901,429.2709693374555,100
2024-09-20 15:24:45.954,429.25529247160864,101
2024-09-20 15:24:45.975,429.2437869079181,10
2024-09-20 15:24:46.585,429.29210508745433,13
2024-09-20 15:24:46.803,423.5979120142544,15
2024-09-20 15:24:47.035,429.3080456896705,99
2024-09-20 15:24:47.053,429.2833082812117,1004
2024-09-20 15:24:47.131,429.2989224679442,8
2024-09-20 15:24:47.150,429.2668877184316,8
2024-09-20 15:24:47.150,429.28512719647154,998
2024-09-20 15:24:47.167,429.2884837975288,1004
2024-09-20 15:24:47.170,429.290146729806,98
2024-09-20 15:24:47.237,429.2861036776598,14
2024-09-20 15:24:47.328,429.3098038064247,998
2024-09-20 15:24:47.393,429.3067611093859,14
2024-09-20 15:24:47.430,429.2923600365517,996
2024-09-20 15:24:47.431,429.3015559671198,997
2024-09-20 15:24:47.442,429.2942607290459,1001
2024-09-20 15:24:47.451,429.2965688824832,101
2024-09-20 15:24:47.502,429.291798061731,999
2024-09-20 15:24:47.652,429.2745959337604,9
2024-09-20 15:24:47.657,429.26666494485073,98
2024-09-20 15:24:47.698,429.2803243720397,15
2024-09-20 15:24:47.712,429.27803628764,14
2024-09-20 15:24:47.713,429.31792443030713,95
2024-09-20 15:24:47.739,429.2755875673316,11
2024-09-20 15:24:47.812,429.26602383000295,8
2024-09-20 15:24:47.819,429.2744560655453,13
2024-09-20 15:24:47.836,429.2916821722445,99
2024-09-20 15:24:47.971,429.2728635573094,5
2024-09-20 15:24:48.206,429.2866609760983,100
2024-09-20 15:24:49.016,429.2718308282047,1003
2024-09-20 15:24:49.070,429.2986718406225,1004
2024-09-20 15:24:49.080,429.31055269051865,96
2024-09-20 15:24:49.153,429.2537190990989,97
2024-09-20 15:24:49.259,429.2589401762379,103
2024-09-20 15:24:49.269,429.2667942252333,97
2024-09-20 15:24:49.351,429.3016032909573,1004
2024-09-20 15:24:49.430,429.256516596321,1003
2024-09-20 15:24:49.505,429.26088630540346,6
2024-09-20 15:24:49.626,429.26032487226814,100
2024-09-20 15:24:49.634,429.2983779798833,8
2024-09-20 15:24:49.649,429.2758514246997,14
2024-09-20 15:24:49.682,429.2659043237271,15
2024-09-20 15:24:49.691,429.2333895613001,104
2024-09-20 15:24:49.693,429.29086164376935,105
2024-09-20 15:24:49.727,429.26972091973056,997
2024-09-20 15:24:49.753,429.2855021189259,11
2024-09-20 15:24:49.931,429.27781765656937,997
2024-09-20 15:24:49.933,429.246963816204,1002
2024-09-20 15:24:49.977,429.2868382016821,97
2024-09-20 15:24:49.986,429.2904148606221,9
2024-09-20 15:24:50.147,429.2804800478887,1002
2024-09-20 15:24:50.214,429.3073505084942,997
2024-09-20 15:24:50.279,429.2555843969347,100
2024-09-20 15:24:50.362,429.3086497748818,10
2024-09-20 15:24:50.375,429.3207854135188,999
2024-09-20 15:24:50.380,429.30692051268943,95
2024-09-20 15:24:50.402,429.30077957509445,102
2024-09-20 15:24:50.422,429.2928264403729,7
2024-09-20 15:24:50.494,429.3065188093721,12
2024-09-20 15:24:50.622,423.5828476316435,13
2024-09-20 15:24:50.657,429.2629102565362,1002
2024-09-20 15:24:50.749,429.2977439278265,102
2024-09-20 15:24:50.808,429.2984408679798,103
2024-09-20 15:24:50.968,429.2624252651344,12
2024-09-20 15:24:51.097,429.3128411207573,998
2024-09-20 15:24:51.238,429.26030446870686,5
2024-09-20 15:24:51.260,429.2913906008908,15
2024-09-20 15:24:51.325,429.2692696138429,999
2024-09-20 15:24:51.582,429.2851886015925,1000
2024-09-20 15:24:51.669,429.3107193956214,13
2024-09-20 15:24:51.822,429.32066259634985,8
2024-09-20 15:24:51.899,429.3319590083506,96
2024-09-20 15:24:52.007,429.2741828448768,997
2024-09-20 15:24:52.061,429.41239412213673,10
2024-09-20 15:24:52.160,429.3251867244957,100
2024-09-20 15:24:52.168,429.34821177892167,1005
2024-09-20 15:24:52.301,429.242373310237,6
2024-09-20 15:24:52.322,429.2752622658527,999
2024-09-20 15:24:52.409,429.2724412379641,105
2024-09-20 15:24:52.433,429.3716961561236,12
2024-09-20 15:24:52.491,429.3609514560585,998
2024-09-20 15:24:52.496,,99
2024-09-20 15:24:52.509,429.3260569880524,11
2024-09-20 15:24:52.559,429.39115799791983,8
2024-09-20 15:24:52.590,429.30181668234894,1000
2024-09-20 15:24:52.609,429.2853117679134,996
2024-09-20 15:24:52.644,429.4061092167941,104
2024-09-20 15:24:52.672,429.2812882170747,96
2024-09-20 15:24:52.740,429.2742556495509,13
2024-09-20 15:24:52.754,429.25208199971286,14
2024-09-20 15:24:52.760,429.2674500331553,11
2024-09-20 15:24:52.790,429.2634578425735,1000
2024-09-20 15:24:52.799,429.40056631966974,6
2024-09-20 15:24:52.841,429.4112747555952,5
2024-09-20 15:24:52.914,429.3924311682122,101
2024-09-20 15:24:52.927,429.2583990734093,101
2024-09-20 15:24:52.960,429.3649968032358,995
2024-09-20 15:24:52.968,429.343699703698,14
2024-09-20 15:24:52.999,429.2639319573626,95
2024-09-20 15:24:53.025,429.3925741219943,97
2024-09-20 15:24:53.086,429.3958319671797,1002
2024-09-20 15:24:53.221,429.39999881781256,1000
2024-09-20 15:24:53.276,429.389498278201,998
2024-09-20 15:24:53.583,429.4088405853244,10
2024-09-20 15:24:53.760,-429.4060848578664,12
2024-09-20 15:24:54.006,429.3463638657988,11
2024-09-20 15:24:54.040,429.3775548270277,15
2024-09-20 15:24:54.143,429.3402964520441,101
2024-09-20 15:24:54.179,429.4308689345257,103
2024-09-20 15:24:54.208,429.4069939609735,996
2024-09-20 15:24:54.272,429.4203194758451,99
2024-09-20 15:24:54.286,429.3708638796346,10
2024-09-20 15:24:54.313,429.3712560607798,104
2024-09-20 15:24:54.414,429.3927334285833,1003
2024-09-20 15:24:54.442,429.3821165721984,10
2024-09-20 15:24:54.475,429.42104784890313,1003
2024-09-20 15:24:54.498,429.3683820617495,995
2024-09-20 15:24:54.516,429.3423092436775,1005
2024-09-20 15:24:54.630,429.3860323623656,100
2024-09-20 15:24:54.779,429.3337804774526,101
2024-09-20 15:24:54.790,429.3828471201661,105
2024-09-20 15:24:54.884,429.3792825681674,6
2024-09-20 15:24:54.890,429.3532174052864,999
2024-09-20 15:24:54.917,429.3685630830549,103
2024-09-20 15:24:54.957,429.3260165018037,5
2024-09-20 15:24:54.987,429.33991466328393,101
2024-09-20 15:24:55.181,429.3521189459783,1002
2024-09-20 15:24:55.620,429.3184929308632,100
2024-09-20 15:24:55.692,429.31340558992633,104
2024-09-20 15:24:55.937,429.3599802538476,1003
2024-09-20 15:24:56.051,429.3153592323358,5
2024-09-20 15:24:56.092,429.3642082155536,105
2024-09-20 15:24:56.154,429.35142887682696,9
2024-09-20 15:24:56.289,429.3294526336935,1001
2024-09-20 15:24:56.301,429.38043768295125,999
2024-09-20 15:24:56.322,-429.35435671745466,14
2024-09-20 15:24:56.420,429.3243917313315,15
2024-09-20 15:24:56.488,429.3350105317367,96
2024-09-20 15:24:56.495,429.3606115231145,102
2024-09-20 15:24:56.624,429.3521175433347,95
2024-09-20 15:24:56.628,429.3445423338685,7
2024-09-20 15:24:56.706,429.3483261228757,102
2024-09-20 15:24:56.709,429.36780477504783,15
2024-09-20 15:24:56.733,429.3294130022417,1003
2024-09-20 15:24:56.750,429.337732062985,15
2024-09-20 15:24:56.761,429.3341079473345,10
2024-09-20 15:24:56.767,429.3324731720035,1001
2024-09-20 15:24:56.827,429.3576411212367,104
2024-09-20 15:24:56.860,429.3717741954542,10
2024-09-20 15:24:56.885,429.337924733262,12
2024-09-20 15:24:56.920,429.3354874522358,7
2024-09-20 15:24:56.935,-429.3066985447993,12
2024-09-20 15:24:56.996,429.35520059747097,95
2024-09-20 15:24:57.160,429.3847906874479,102
2024-09-20 15:24:57.237,429.3879283603561,104
2024-09-20 15:24:57.293,429.3820999593633,96
2024-09-20 15:24:57.455,429.3519168236968,101
2024-09-20 15:24:57.570,429.36037479037554,10
2024-09-20 15:24:57.657,429.3735898359829,102
2024-09-20 15:24:57.658,429.357600552353,999
2024-09-20 15:24:57.696,429.3882349622841,7
2024-09-20 15:24:57.710,429.3423640843089,95
2024-09-20 15:24:57.797,429.3569808959514,1001
2024-09-20 15:24:57.867,429.34500892119496,1003
2024-09-20 15:24:58.097,429.33370533608553,14
2024-09-20 15:24:58.219,429.3258461198678,98
2024-09-20 15:24:58.235,429.3237806557353,1002
2024-09-20 15:24:58.305,429.3224510637695,1003
2024-09-20 15:24:58.344,429.3227255166622,8
2024-09-20 15:24:58.351,429.34852133628607,13
2024-09-20 15:24:58.402,429.2308759692891,996
2024-09-20 15:24:58.498,429.2918578804369,1004
2024-09-20 15:24:58.606,429.2797353414704,99
2024-09-20 15:24:58.606,429.287333557909,101
2024-09-20 15:24:58.683,429.2396537061031,1004
2024-09-20 15:24:58.684,429.2456595841747,9
2024-09-20 15:24:58.688,429.2936765690434,105
2024-09-20 15:24:58.728,429.3177907041076,1003
2024-09-20 15:24:58.904,429.3506988962922,97
2024-09-20 15:24:58.928,429.3032766371358,8
2024-09-20 15:24:58.929,429.3194360284859,99
2024-09-20 15:24:59.017,429.2075472088061,14
2024-09-20 15:24:59.099,429.2144189225208,15
2024-09-20 15:24:59.141,429.2158413211909,95
2024-09-20 15:24:59.142,429.21639857907854,100
2024-09-20 15:24:59.291,429.2412222571845,998
2024-09-20 15:24:59.324,429.25865729270896,997
2024-09-20 15:24:59.325,429.2333504985842,99
2024-09-20 15:24:59.336,429.2297769651323,102
2024-09-20 15:24:59.337,429.189455779077,995
2024-09-20 15:24:59.344,429.2224917102972,999
2024-09-20 15:24:59.345,429.1915678314378,11
2024-09-20 15:24:59.473,429.12319366224045,8
2024-09-20 15:24:59.516,429.14705609796863,1002
2024-09-20 15:24:59.518,429.24889258882496,1003
2024-09-20 15:24:59.540,429.198780012463,95
2024-09-20 15:24:59.575,429.1942187217599,1000
2024-09-20 15:24:59.621,429.2413959420889,1002
2024-09-20 15:24:59.646,429.15477704980526,1003
2024-09-20 15:24:59.661,429.2056039986281,99
2024-09-20 15:24:59.721,429.2036438744043,10
2024-09-20 15:24:59.732,429.2411005462948,998
2024-09-20 15:24:59.738,429.2106692100496,98
2024-09-20 15:24:59.764,429.1849082727764,98
2024-09-20 15:24:59.894,429.2665205815102,997
2024-09-20 15:24:59.912,429.14898319485656,99
2024-09-20 15:24:59.914,429.157195614618,996
2024-09-20 15:24:59.991,429.1019903960847,1004
