Timestamp,Price,Size
2024-09-19 13:11:00.067,421.88475105858623,9
2024-09-19 13:11:00.399,421.8631981739973,96
2024-09-19 13:11:00.411,421.8673663745517,101
2024-09-19 13:11:00.596,421.9269575661639,97
2024-09-19 13:11:00.602,421.8745906385885,1004
2024-09-19 13:11:00.828,421.9097701577914,102
2024-09-19 13:11:00.861,421.8523099285453,9
2024-09-19 13:11:00.863,421.8795087135789,998
2024-09-19 13:11:01.024,421.9368667476529,1003
2024-09-19 13:11:01.035,421.918990486433,996
2024-09-19 13:11:01.055,,97
2024-09-19 13:11:01.272,421.932634282733,95
2024-09-19 13:11:01.328,421.9645337399045,1004
2024-09-19 13:11:01.350,421.9548726221717,15
2024-09-19 13:11:01.429,421.9556372216709,1003
2024-09-19 13:11:01.501,421.9622298730783,98
2024-09-19 13:11:01.528,421.9501200674506,103
2024-09-19 13:11:01.590,421.9671958543736,998
2024-09-19 13:11:01.616,421.9891978747172,996
2024-09-19 13:11:01.638,421.97511114081607,995
2024-09-19 13:11:01.674,421.9631353483945,1000
2024-09-19 13:11:01.707,421.9829139112516,101
2024-09-19 13:11:01.708,421.9502139461141,14
2024-09-19 13:11:01.780,421.9467523188055,13
2024-09-19 13:11:01.796,421.9331130597327,103
2024-09-19 13:11:01.816,421.96935194965897,14
2024-09-19 13:11:01.832,421.9765289255535,1000
2024-09-19 13:11:01.878,421.9802399616361,103
2024-09-19 13:11:01.956,421.9621747523901,7
2024-09-19 13:11:01.977,421.9553403311229,99
2024-09-19 13:11:02.098,421.9668836765625,99
2024-09-19 13:11:02.100,421.9287345681142,9
2024-09-19 13:11:02.142,421.9710283251775,995
2024-09-19 13:11:02.178,421.9338196026497,11
2024-09-19 13:11:02.264,421.9512636331153,13
2024-09-19 13:11:02.338,421.9717359548145,10
2024-09-19 13:11:02.365,421.96048221942345,1002
2024-09-19 13:11:02.376,421.9617896011284,95
2024-09-19 13:11:02.435,421.9806138817967,1004
2024-09-19 13:11:02.468,421.9546895400373,1004
2024-09-19 13:11:02.492,421.96795985875417,104
2024-09-19 13:11:02.565,421.935077489196,96
2024-09-19 13:11:02.607,421.95935500237584,14
2024-09-19 13:11:02.627,421.94742016774376,996
2024-09-19 13:11:02.662,421.9559261105239,15
2024-09-19 13:11:02.680,421.9322704281203,104
2024-09-19 13:11:02.680,421.9616691657319,1004
2024-09-19 13:11:02.692,421.9319787135792,1001
2024-09-19 13:11:02.722,421.9689721735442,6
2024-09-19 13:11:02.729,421.9800342448713,997
2024-09-19 13:11:02.800,421.9686806500912,101
2024-09-19 13:11:02.802,421.9602259733916,1002
2024-09-19 13:11:02.813,421.9613320067375,99
2024-09-19 13:11:02.874,421.96293261234223,998
2024-09-19 13:11:02.901,421.9389946807317,1002
2024-09-19 13:11:02.910,421.9702159292539,99
2024-09-19 13:11:02.916,421.96721922984005,99
2024-09-19 13:11:03.019,421.9192903330259,103
2024-09-19 13:11:03.146,421.9507814218988,15
2024-09-19 13:11:03.149,421.8802941311517,100
2024-09-19 13:11:03.231,421.9127686152628,12
2024-09-19 13:11:03.290,421.8737096339232,999
2024-09-19 13:11:03.317,421.8849457038783,8
2024-09-19 13:11:03.377,421.88667058000885,97
2024-09-19 13:11:03.390,421.9642592363186,104
2024-09-19 13:11:03.458,421.93622495991656,105
2024-09-19 13:11:03.494,421.8746994796126,104
2024-09-19 13:11:03.497,421.9291171531355,102
2024-09-19 13:11:03.532,421.9241859533084,10
2024-09-19 13:11:03.533,421.8915277684534,1003
2024-09-19 13:11:03.554,421.96817459878,11
2024-09-19 13:11:03.588,421.9114821330445,8
2024-09-19 13:11:03.641,421.85900704805385,996
2024-09-19 13:11:03.717,421.9139499897872,8
2024-09-19 13:11:03.878,421.9693779558408,95
2024-09-19 13:11:03.883,421.9221654214989,97
2024-09-19 13:11:03.953,421.8637798838883,104
2024-09-19 13:11:03.962,421.9605968631121,995
2024-09-19 13:11:04.739,421.88839510195,1005
2024-09-19 13:11:04.880,421.88979415961217,10
2024-09-19 13:11:05.073,421.8769135817702,103
2024-09-19 13:11:05.105,421.8740225315872,105
2024-09-19 13:11:05.119,421.89753828634383,96
2024-09-19 13:11:05.133,421.9082355459186,1003
2024-09-19 13:11:05.165,421.9084281865727,5
2024-09-19 13:11:05.239,421.8716351974173,995
2024-09-19 13:11:05.269,42.18926863117965,996
2024-09-19 13:11:05.386,421.8670847190244,998
2024-09-19 13:11:05.535,421.87142038951146,1004
2024-09-19 13:11:05.591,421.8590289322608,14
2024-09-19 13:11:05.613,421.8578799338429,99
2024-09-19 13:11:05.618,421.88404360332464,99
2024-09-19 13:11:05.679,421.8713817456901,10
2024-09-19 13:11:05.704,421.8663947921901,9
2024-09-19 13:11:05.713,421.9113901830917,1000
2024-09-19 13:11:05.717,421.9205314597801,12
2024-09-19 13:11:05.740,421.8688588385798,100
2024-09-19 13:11:05.788,421.86559161020494,995
2024-09-19 13:11:05.858,421.8811876788541,97
2024-09-19 13:11:05.995,421.9071313571648,996
2024-09-19 13:11:06.133,421.8986531703936,15
2024-09-19 13:11:06.198,421.8957737356579,105
2024-09-19 13:11:06.223,421.8882833935402,1000
2024-09-19 13:11:06.261,421.8794566347404,1003
2024-09-19 13:11:06.346,421.8663447994948,99
2024-09-19 13:11:06.610,-421.8860548398815,995
2024-09-19 13:11:06.692,421.8620079257655,9
2024-09-19 13:11:06.698,421.8672532137112,97
2024-09-19 13:11:06.846,421.8768440330766,996
2024-09-19 13:11:07.186,421.8873478347231,1001
2024-09-19 13:11:08.006,421.9432582755339,12
2024-09-19 13:11:08.098,421.9546180697987,11
2024-09-19 13:11:08.111,421.901571567528,95
2024-09-19 13:11:08.229,421.9786262604824,8
2024-09-19 13:11:08.345,421.8864459212269,998
2024-09-19 13:11:08.391,421.9253942498294,1000
2024-09-19 13:11:08.424,42.19587434643987,1003
2024-09-19 13:11:08.444,421.926811102077,104
2024-09-19 13:11:08.481,421.8885457236076,14
2024-09-19 13:11:08.510,421.94589881927743,7
2024-09-19 13:11:08.535,421.9663835370444,98
2024-09-19 13:11:08.578,421.95115126153775,995
2024-09-19 13:11:08.653,421.9535974234381,1004
2024-09-19 13:11:08.743,421.9509151304178,1004
2024-09-19 13:11:08.771,421.9035232905338,8
2024-09-19 13:11:08.773,421.9267861270258,12
2024-09-19 13:11:08.779,421.92891079577873,12
2024-09-19 13:11:08.808,421.915429997161,1001
2024-09-19 13:11:08.813,421.9555263892343,996
2024-09-19 13:11:08.833,421.89492533754753,12
2024-09-19 13:11:08.866,421.9193472242492,1004
2024-09-19 13:11:08.880,421.975643630481,10
2024-09-19 13:11:08.904,421.9634863625952,8
2024-09-19 13:11:08.946,421.970902726163,999
2024-09-19 13:11:09.002,421.9334497130548,100
2024-09-19 13:11:09.045,421.9997608368244,1004
2024-09-19 13:11:09.075,421.9665722326185,995
2024-09-19 13:11:09.109,422.0154004464115,15
2024-09-19 13:11:09.166,421.97678559226,95
2024-09-19 13:11:09.207,422.00857229488486,5
2024-09-19 13:11:09.213,421.9845531989536,96
2024-09-19 13:11:09.244,421.958701858058,996
2024-09-19 13:11:09.255,421.95925304051786,999
2024-09-19 13:11:09.317,421.94374196853016,15
2024-09-19 13:11:09.390,421.95351736654914,10
2024-09-19 13:11:09.398,421.9135797530672,999
2024-09-19 13:11:09.401,421.9806443313826,11
2024-09-19 13:11:09.402,422.0051030838493,997
2024-09-19 13:11:09.555,421.94869317374224,101
2024-09-19 13:11:09.641,421.9712986926489,5
2024-09-19 13:11:09.654,422.0296636139874,8
2024-09-19 13:11:09.757,421.9767447221987,5
2024-09-19 13:11:09.958,421.9516819804053,95
2024-09-19 13:11:09.978,421.9783220287903,102
2024-09-19 13:11:09.992,421.9800981898614,14
2024-09-19 13:11:10.040,421.991388162502,1002
2024-09-19 13:11:10.189,422.0334406571225,10
2024-09-19 13:11:10.203,422.02170317520006,99
2024-09-19 13:11:10.286,421.9937416567104,1004
2024-09-19 13:11:10.312,422.0241427814293,98
2024-09-19 13:11:10.374,422.02848247055306,97
2024-09-19 13:11:10.393,422.02306182374303,101
2024-09-19 13:11:10.411,421.98771643564345,1004
2024-09-19 13:11:10.464,422.04802357542894,1004
2024-09-19 13:11:10.508,422.0383691614375,100
2024-09-19 13:11:10.535,422.031905772268,100
2024-09-19 13:11:10.583,422.0290069974801,996
2024-09-19 13:11:10.682,422.0375085903426,95
2024-09-19 13:11:10.698,421.973588267327,8
2024-09-19 13:11:10.727,422.05518903649534,102
2024-09-19 13:11:10.746,422.0084196075939,7
2024-09-19 13:11:10.759,422.0085290498842,103
2024-09-19 13:11:10.763,421.9752184351094,97
2024-09-19 13:11:10.811,421.956404175109,10
2024-09-19 13:11:10.830,422.0280400759955,7
2024-09-19 13:11:10.860,422.0130437166167,8
2024-09-19 13:11:10.878,422.0366886059598,1005
2024-09-19 13:11:10.958,422.0270594729967,1001
2024-09-19 13:11:10.967,422.0253683358548,8
2024-09-19 13:11:11.068,421.9675831836876,999
2024-09-19 13:11:11.242,421.9891236431992,13
2024-09-19 13:11:11.323,-421.9650533339816,997
2024-09-19 13:11:11.330,421.9680407849157,5
2024-09-19 13:11:11.347,421.980937883638,7
2024-09-19 13:11:11.374,421.9981787084024,5
2024-09-19 13:11:11.387,421.9980862828105,998
2024-09-19 13:11:11.388,421.98127697264,97
2024-09-19 13:11:11.426,421.9764289703096,6
2024-09-19 13:11:11.437,421.9559131700606,998
2024-09-19 13:11:11.447,421.9795455063693,103
2024-09-19 13:11:11.515,421.9848417838912,14
2024-09-19 13:11:11.516,422.019628508988,1005
2024-09-19 13:11:11.623,422.00467667248506,100
2024-09-19 13:11:11.623,421.97466770552666,15
2024-09-19 13:11:11.638,422.0180952585264,1000
2024-09-19 13:11:11.694,421.9531549618869,96
2024-09-19 13:11:11.694,421.9598895511695,7
2024-09-19 13:11:11.701,421.99084289386445,995
2024-09-19 13:11:11.736,422.01681071464026,103
2024-09-19 13:11:11.771,421.99442760874496,1000
2024-09-19 13:11:11.798,421.9671479244706,997
2024-09-19 13:11:11.817,421.9443665275755,100
2024-09-19 13:11:11.956,421.99160163952376,998
2024-09-19 13:11:12.000,421.9778942403363,105
2024-09-19 13:11:12.105,421.9811453804325,97
2024-09-19 13:11:12.188,421.9699204105812,13
2024-09-19 13:11:12.209,421.96306774114913,96
2024-09-19 13:11:12.442,421.9816503715242,96
2024-09-19 13:11:12.514,421.9995322864336,996
2024-09-19 13:11:12.575,421.99280463933314,7
2024-09-19 13:11:12.832,421.9681610446024,96
2024-09-19 13:11:12.898,421.9464680407232,11
2024-09-19 13:11:12.973,421.9852264771965,996
2024-09-19 13:11:13.020,421.98877408971646,105
2024-09-19 13:11:13.149,421.99271560182734,101
2024-09-19 13:11:13.325,421.9736549902061,12
2024-09-19 13:11:13.562,421.9667532788291,100
2024-09-19 13:11:13.579,421.9912058537936,1000
2024-09-19 13:11:13.927,421.9959297318276,1005
2024-09-19 13:11:14.034,421.9127221451139,8
2024-09-19 13:11:14.068,421.9445532696361,95
2024-09-19 13:11:14.080,421.9514920478416,998
2024-09-19 13:11:14.130,421.9323552671519,7
2024-09-19 13:11:14.153,421.95462517938967,1001
2024-09-19 13:11:14.171,421.955592844686,7
2024-09-19 13:11:14.183,421.96699206541217,97
2024-09-19 13:11:14.192,421.9640608172234,13
2024-09-19 13:11:14.197,421.9336766610986,1001
2024-09-19 13:11:14.202,421.9405062608324,13
2024-09-19 13:11:14.298,42.19419327782117,104
2024-09-19 13:11:14.322,421.95518463340414,100
2024-09-19 13:11:14.376,421.93752606559417,11
2024-09-19 13:11:14.421,421.9463910837746,100
2024-09-19 13:11:14.433,421.9771725491353,105
2024-09-19 13:11:14.463,421.95621282954266,8
2024-09-19 13:11:14.470,421.9441141664377,1002
2024-09-19 13:11:14.520,,1005
2024-09-19 13:11:14.532,421.9262017798071,11
2024-09-19 13:11:14.546,421.968728194067,9
2024-09-19 13:11:14.561,421.9362597958172,99
2024-09-19 13:11:14.619,421.95962151885664,100
2024-09-19 13:11:14.632,421.9629907597419,997
2024-09-19 13:11:14.650,421.9538956439581,98
2024-09-19 13:11:14.724,421.9203878868405,6
2024-09-19 13:11:14.734,421.9289058219678,97
2024-09-19 13:11:14.735,421.9176955918263,12
2024-09-19 13:11:14.774,421.9542277792553,8
2024-09-19 13:11:14.848,421.9261332614997,98
2024-09-19 13:11:15.111,421.99719195360456,1005
2024-09-19 13:11:15.117,421.9817308891592,102
2024-09-19 13:11:15.122,422.0810098841861,15
2024-09-19 13:11:15.194,421.9737122286483,11
2024-09-19 13:11:15.204,422.0377422090336,105
2024-09-19 13:11:15.217,422.0124056085805,100
2024-09-19 13:11:15.262,422.0201403863876,997
2024-09-19 13:11:15.319,421.96018422545023,1004
2024-09-19 13:11:15.340,422.0537155064428,1004
2024-09-19 13:11:15.344,422.0337859880587,5
2024-09-19 13:11:15.416,422.046335287418,999
2024-09-19 13:11:15.452,422.02899991000345,13
2024-09-19 13:11:15.526,422.0835875446588,10
2024-09-19 13:11:15.553,422.0600236018821,104
2024-09-19 13:11:15.562,421.99196987867407,101
2024-09-19 13:11:15.567,422.0382566043619,1002
2024-09-19 13:11:15.587,422.0325122431914,1001
2024-09-19 13:11:15.635,422.0357044686001,105
2024-09-19 13:11:15.642,422.0334125712916,95
2024-09-19 13:11:15.689,422.04768077100346,997
2024-09-19 13:11:15.696,421.98401762879,9
2024-09-19 13:11:15.776,422.0633475636205,11
2024-09-19 13:11:15.841,422.0596859100776,5
2024-09-19 13:11:15.846,422.0033819554953,1005
2024-09-19 13:11:15.857,422.0435325738179,100
2024-09-19 13:11:15.864,421.9787233595235,1004
2024-09-19 13:11:15.880,422.0086735491091,999
2024-09-19 13:11:15.904,422.03239411970446,100
2024-09-19 13:11:15.905,422.041586321152,12
2024-09-19 13:11:15.984,422.0548054574952,10
2024-09-19 13:11:16.032,422.0738582050899,100
2024-09-19 13:11:16.034,422.05219577942745,8
2024-09-19 13:11:16.036,422.0832157283098,14
2024-09-19 13:11:16.047,422.104224194596,7
2024-09-19 13:11:16.228,422.062311751269,99
2024-09-19 13:11:16.235,422.0654916861373,96
2024-09-19 13:11:16.235,422.0179154744487,100
2024-09-19 13:11:16.245,422.0636059122825,1002
2024-09-19 13:11:16.253,422.07027889776367,99
2024-09-19 13:11:16.282,422.0849951846712,10
2024-09-19 13:11:16.300,422.1094463255212,96
2024-09-19 13:11:16.340,422.07168633638486,103
2024-09-19 13:11:16.341,422.0728794478981,10
2024-09-19 13:11:16.391,422.01948311836986,11
2024-09-19 13:11:16.401,422.0865687605855,10
2024-09-19 13:11:16.483,422.0643334133456,15
2024-09-19 13:11:16.526,422.05913662866095,6
2024-09-19 13:11:16.530,422.0872028267405,7
2024-09-19 13:11:16.632,422.0418659047207,1003
2024-09-19 13:11:16.656,422.1057102734239,100
2024-09-19 13:11:16.707,422.0720457258957,97
2024-09-19 13:11:16.739,422.0145995108351,103
2024-09-19 13:11:16.788,422.0253779791912,5
2024-09-19 13:11:16.805,422.0695262914825,999
2024-09-19 13:11:16.809,422.04106918511394,11
2024-09-19 13:11:16.815,422.05587365293934,7
2024-09-19 13:11:16.849,422.01998203958766,10
2024-09-19 13:11:16.874,422.0188877721428,99
2024-09-19 13:11:16.953,,7
2024-09-19 13:11:17.372,,11
2024-09-19 13:11:17.505,422.0227186302056,6
2024-09-19 13:11:17.873,422.0434841653727,1000
2024-09-19 13:11:17.900,422.0357956601168,13
2024-09-19 13:11:18.359,-422.0432008287671,102
2024-09-19 13:11:18.435,422.0380720216856,999
2024-09-19 13:11:18.956,422.04091465935113,104
2024-09-19 13:11:20.108,422.077525805682,101
2024-09-19 13:11:20.154,422.0462875248695,1001
2024-09-19 13:11:20.322,422.0727348363526,96
2024-09-19 13:11:20.382,422.102629017081,103
2024-09-19 13:11:20.528,422.05984940096624,999
2024-09-19 13:11:20.645,422.0963101544851,13
2024-09-19 13:11:20.712,422.0576206196844,995
2024-09-19 13:11:20.739,422.06297709128137,8
2024-09-19 13:11:20.787,422.0286587151885,997
2024-09-19 13:11:20.789,422.0874504146404,1004
2024-09-19 13:11:20.863,422.0528440956551,999
2024-09-19 13:11:20.890,422.006108190297,96
2024-09-19 13:11:20.951,422.0729144062086,6
2024-09-19 13:11:21.026,422.1008254382317,9
2024-09-19 13:11:21.070,422.09653665807537,103
2024-09-19 13:11:21.325,422.10801860003806,104
2024-09-19 13:11:21.428,422.10688560931567,105
2024-09-19 13:11:21.445,422.115264789238,10
2024-09-19 13:11:21.517,422.1218787330407,7
2024-09-19 13:11:21.716,422.0962913136025,102
2024-09-19 13:11:21.836,422.1090644647727,6
2024-09-19 13:11:22.635,422.0889301273882,11
2024-09-19 13:11:22.681,422.0924870942398,99
2024-09-19 13:11:22.793,422.0895329666277,5
2024-09-19 13:11:22.795,422.0984048902583,13
2024-09-19 13:11:22.919,422.0964925107154,105
2024-09-19 13:11:23.032,422.1043668265904,103
2024-09-19 13:11:23.103,422.0996897293968,999
2024-09-19 13:11:23.173,422.1052508092109,12
2024-09-19 13:11:23.177,422.0969976452271,12
2024-09-19 13:11:23.186,422.118237539937,12
2024-09-19 13:11:23.275,422.0866406358393,100
2024-09-19 13:11:23.303,422.0846570546289,104
2024-09-19 13:11:23.328,422.0952452847336,95
2024-09-19 13:11:23.364,422.0872248209993,14
2024-09-19 13:11:23.372,422.1228384339136,5
2024-09-19 13:11:23.515,422.1068599867834,99
2024-09-19 13:11:23.601,422.0976438284385,103
2024-09-19 13:11:23.897,422.0853475991871,13
2024-09-19 13:11:24.065,422.2002827314264,7
2024-09-19 13:11:24.080,422.1536921345523,9
2024-09-19 13:11:24.090,422.21732487658335,96
2024-09-19 13:11:24.091,422.22035799672574,99
2024-09-19 13:11:24.168,422.1465574811347,1005
2024-09-19 13:11:24.267,422.2155396630245,11
2024-09-19 13:11:24.271,422.2089465182354,98
2024-09-19 13:11:24.355,422.105839574118,10
2024-09-19 13:11:24.408,422.15088939154174,95
2024-09-19 13:11:24.415,422.2013095397298,5
2024-09-19 13:11:24.456,422.217430169325,101
2024-09-19 13:11:24.488,422.1767651742477,14
2024-09-19 13:11:24.511,422.2113872244653,98
2024-09-19 13:11:24.586,422.1654101852593,997
2024-09-19 13:11:24.607,422.11609617762855,100
2024-09-19 13:11:24.628,422.1706476592369,15
2024-09-19 13:11:24.704,422.18642356688247,102
2024-09-19 13:11:24.715,422.195337743234,7
2024-09-19 13:11:24.727,422.2229989522256,5
2024-09-19 13:11:24.733,422.217393838984,999
2024-09-19 13:11:24.735,422.127943136096,8
2024-09-19 13:11:24.738,422.2160256112542,1005
2024-09-19 13:11:24.763,422.1621239780464,96
2024-09-19 13:11:24.791,422.1403675830204,1003
2024-09-19 13:11:24.845,422.1906084757452,99
2024-09-19 13:11:24.856,422.2026510274155,100
2024-09-19 13:11:24.862,422.1736735023007,1000
2024-09-19 13:11:24.906,422.18606249233295,101
2024-09-19 13:11:24.907,422.19416757884255,998
2024-09-19 13:11:24.939,422.1251071996167,105
2024-09-19 13:11:25.850,422.2298178350338,9
2024-09-19 13:11:26.104,422.2120148223132,6
2024-09-19 13:11:26.187,422.1495812292858,1003
2024-09-19 13:11:26.266,422.2041772537577,999
2024-09-19 13:11:26.464,422.2054591129261,995
2024-09-19 13:11:26.788,422.20268979139246,9
2024-09-19 13:11:26.863,422.2127664382528,13
2024-09-19 13:11:26.875,422.1910727115495,7
2024-09-19 13:11:26.929,422.1484792063108,7
2024-09-19 13:11:26.947,422.1950468183696,1001
2024-09-19 13:11:26.964,422.17116116848325,999
2024-09-19 13:11:26.971,422.1606319836966,14
2024-09-19 13:11:27.001,422.1186081158626,995
2024-09-19 13:11:27.076,422.1116970347196,998
2024-09-19 13:11:27.090,422.1602281349528,8
2024-09-19 13:11:27.133,422.0599062350293,9
2024-09-19 13:11:27.164,422.1408943742228,1002
2024-09-19 13:11:27.234,422.14092328223256,6
2024-09-19 13:11:27.261,422.1398620092718,995
2024-09-19 13:11:27.281,422.0778893623275,1000
2024-09-19 13:11:27.289,422.1491811533538,995
2024-09-19 13:11:27.375,42.213355515712806,1002
2024-09-19 13:11:27.375,422.1025747450423,95
2024-09-19 13:11:27.387,422.08031416953673,102
2024-09-19 13:11:27.590,422.06693247173695,99
2024-09-19 13:11:27.603,422.0824224070292,995
2024-09-19 13:11:27.645,422.1355372857123,15
2024-09-19 13:11:27.778,422.0826252776034,100
2024-09-19 13:11:27.913,422.1021561223178,997
2024-09-19 13:11:27.916,422.1444618276202,1005
2024-09-19 13:11:27.979,422.11684594722647,105
2024-09-19 13:11:27.994,422.1190064389736,997
2024-09-19 13:11:27.999,422.11080364445456,15
2024-09-19 13:11:28.073,422.120666392826,102
2024-09-19 13:11:28.075,422.14569974185366,998
2024-09-19 13:11:28.100,422.1638653857319,997
2024-09-19 13:11:28.142,422.1581192460566,11
2024-09-19 13:11:28.173,422.149060698054,100
2024-09-19 13:11:28.183,422.1545664008924,105
2024-09-19 13:11:28.223,422.138855793122,12
2024-09-19 13:11:28.241,422.0983874689589,1000
2024-09-19 13:11:28.273,422.0798907632218,100
2024-09-19 13:11:28.296,422.15930270242274,11
2024-09-19 13:11:28.300,422.1857674937736,13
2024-09-19 13:11:28.317,422.1394130520613,101
2024-09-19 13:11:28.318,422.18336073673726,100
2024-09-19 13:11:28.335,422.0902188135179,999
2024-09-19 13:11:28.347,422.1601960830539,104
2024-09-19 13:11:28.356,422.17694358350815,97
2024-09-19 13:11:28.409,422.0895644875808,998
2024-09-19 13:11:28.440,422.0909090576801,104
2024-09-19 13:11:28.445,422.0764130417036,98
2024-09-19 13:11:28.466,422.16506415714014,9
2024-09-19 13:11:28.502,422.0974383536235,96
2024-09-19 13:11:28.518,422.1423430548618,95
2024-09-19 13:11:28.587,422.08625887480025,1005
2024-09-19 13:11:28.821,422.1672627074206,5
2024-09-19 13:11:28.827,422.0754203179839,98
2024-09-19 13:11:28.880,422.1106521357712,10
2024-09-19 13:11:28.904,422.1649272549337,1000
2024-09-19 13:11:29.205,422.13672148820433,10
2024-09-19 13:11:29.277,422.1618946721664,14
2024-09-19 13:11:29.511,422.1695710108562,10
2024-09-19 13:11:29.782,422.1520405369502,9
2024-09-19 13:11:29.903,422.15423524216914,997
2024-09-19 13:11:30.045,422.1516690163943,97
2024-09-19 13:11:30.374,422.1390026129576,102
2024-09-19 13:11:30.388,422.1231850269604,1004
2024-09-19 13:11:30.417,422.2113350671731,995
2024-09-19 13:11:30.478,422.1962614968071,1002
2024-09-19 13:11:30.492,422.1373506724111,999
2024-09-19 13:11:30.540,422.2022919791671,12
2024-09-19 13:11:30.770,422.1271704704388,101
2024-09-19 13:11:30.823,422.2048763966803,1001
2024-09-19 13:11:30.862,422.14204951483816,995
2024-09-19 13:11:30.894,422.1953096778209,997
2024-09-19 13:11:30.994,422.2013443697311,7
2024-09-19 13:11:31.501,422.1993336573564,1005
2024-09-19 13:11:31.517,422.2074515521677,999
2024-09-19 13:11:31.896,42.22118805812704,996
2024-09-19 13:11:32.076,422.2370392705929,12
2024-09-19 13:11:32.165,422.2396682623236,95
2024-09-19 13:11:32.218,422.2546835711463,14
2024-09-19 13:11:32.278,422.25202891702384,10
2024-09-19 13:11:32.324,422.2475143734815,999
2024-09-19 13:11:32.447,422.2608440939227,12
2024-09-19 13:11:32.479,422.20678016750514,12
2024-09-19 13:11:32.514,422.2605589247302,12
2024-09-19 13:11:32.639,422.214262537683,102
2024-09-19 13:11:32.693,422.2398125067843,13
2024-09-19 13:11:32.694,422.2035560161365,998
2024-09-19 13:11:32.701,422.2243615657047,1000
2024-09-19 13:11:32.711,422.2406132449193,96
2024-09-19 13:11:32.770,422.2520223525048,96
2024-09-19 13:11:32.772,422.26373798260624,97
2024-09-19 13:11:32.865,422.2287509375493,99
2024-09-19 13:11:32.927,422.2529558574288,995
2024-09-19 13:11:32.928,422.2152304526065,101
2024-09-19 13:11:32.935,422.2550614862437,100
2024-09-19 13:11:32.961,422.2623660456291,6
2024-09-19 13:11:32.985,422.2578628251024,5
2024-09-19 13:11:33.036,422.2332220555583,7
2024-09-19 13:11:33.123,422.23842523362026,99
2024-09-19 13:11:33.130,422.2483901358545,102
2024-09-19 13:11:33.152,422.22208909283125,1002
2024-09-19 13:11:33.176,422.2372663027716,14
2024-09-19 13:11:33.262,422.23857948304345,999
2024-09-19 13:11:33.269,422.2297790037316,104
2024-09-19 13:11:33.483,422.2291955742751,1000
2024-09-19 13:11:33.630,422.2304970768173,8
2024-09-19 13:11:33.664,422.2276946858572,1001
2024-09-19 13:11:33.724,422.2507940517029,998
2024-09-19 13:11:33.854,422.2398183363978,5
2024-09-19 13:11:33.948,422.2195504565289,96
2024-09-19 13:11:33.954,422.2546094433749,98
2024-09-19 13:11:33.982,422.21889754713294,9
2024-09-19 13:11:34.081,422.25532833306943,1001
2024-09-19 13:11:34.085,422.254373280476,996
2024-09-19 13:11:34.109,422.2237710917592,99
2024-09-19 13:11:34.184,422.2486971134492,1003
2024-09-19 13:11:34.204,422.1717855291053,105
2024-09-19 13:11:34.278,422.2284978650064,996
2024-09-19 13:11:34.320,422.2456797442589,7
2024-09-19 13:11:34.320,422.1646063238664,1005
2024-09-19 13:11:34.340,422.18395097986354,999
2024-09-19 13:11:34.430,422.2268700472732,99
2024-09-19 13:11:34.496,422.1711015418573,996
2024-09-19 13:11:34.522,422.2549755705683,13
2024-09-19 13:11:34.531,422.2386989732476,7
2024-09-19 13:11:34.569,422.2444498321644,99
2024-09-19 13:11:34.584,422.1567376766598,14
2024-09-19 13:11:34.597,422.1558067193837,6
2024-09-19 13:11:34.652,422.15462312670303,11
2024-09-19 13:11:34.671,422.2126313936203,1003
2024-09-19 13:11:34.682,422.2343174068965,96
2024-09-19 13:11:34.695,422.1658847947304,13
2024-09-19 13:11:34.736,422.1580938221757,999
2024-09-19 13:11:34.769,422.1553990883814,5
2024-09-19 13:11:34.783,422.1618585975765,99
2024-09-19 13:11:34.840,422.2198660463205,11
2024-09-19 13:11:34.869,422.2182377974355,96
2024-09-19 13:11:34.940,422.21813662595554,1005
2024-09-19 13:11:34.952,422.2044527085539,998
2024-09-19 13:11:34.958,422.14580755619016,6
2024-09-19 13:11:35.005,422.1322970954707,1002
2024-09-19 13:11:35.051,422.1327463160728,996
2024-09-19 13:11:35.075,422.1438789820551,102
2024-09-19 13:11:35.189,422.16055552280426,104
2024-09-19 13:11:35.437,422.1617673799345,99
2024-09-19 13:11:35.459,422.1444032308857,105
2024-09-19 13:11:35.475,422.1511796526944,1002
2024-09-19 13:11:35.511,422.1194460792391,998
2024-09-19 13:11:35.757,422.1372049353523,99
2024-09-19 13:11:35.761,422.14447737822417,11
2024-09-19 13:11:36.169,422.1082004570568,1003
2024-09-19 13:11:36.439,422.1154811087685,12
2024-09-19 13:11:36.477,422.1073126090624,1003
2024-09-19 13:11:36.882,422.091199163592,1001
2024-09-19 13:11:36.926,422.1175980466335,103
2024-09-19 13:11:37.012,422.08365189865634,999
2024-09-19 13:11:37.030,422.0843557464124,15
2024-09-19 13:11:37.103,422.09086375101873,98
2024-09-19 13:11:37.431,422.07537157428817,6
2024-09-19 13:11:39.003,422.14689016145735,7
2024-09-19 13:11:39.011,422.0624605149025,7
2024-09-19 13:11:39.193,422.1413247909661,6
2024-09-19 13:11:39.254,422.0636180021913,997
2024-09-19 13:11:39.294,422.1463479959356,8
2024-09-19 13:11:39.395,422.09459896765526,14
2024-09-19 13:11:39.407,422.1453856900925,1001
2024-09-19 13:11:39.410,422.0951372121917,15
2024-09-19 13:11:39.432,422.0544103848983,11
2024-09-19 13:11:39.573,422.1134487232132,12
2024-09-19 13:11:39.656,422.0675606076798,102
2024-09-19 13:11:39.673,422.0653855434945,101
2024-09-19 13:11:39.809,422.09151771732064,96
2024-09-19 13:11:39.815,422.0815798892984,98
2024-09-19 13:11:39.847,422.1079666456256,1005
2024-09-19 13:11:39.946,422.0944449354093,14
2024-09-19 13:11:39.946,422.0810045768109,11
2024-09-19 13:11:39.948,422.1193962953458,8
2024-09-19 13:11:40.168,422.1612466987476,996
2024-09-19 13:11:40.168,422.1526731992307,97
2024-09-19 13:11:40.500,422.1538347336661,14
2024-09-19 13:11:40.648,422.17168921674346,11
2024-09-19 13:11:40.778,422.1686060188567,995
2024-09-19 13:11:40.784,422.1654644269766,101
2024-09-19 13:11:41.024,422.0204098402911,8
2024-09-19 13:11:41.062,422.020893152017,103
2024-09-19 13:11:41.160,422.0432761186056,14
2024-09-19 13:11:41.228,422.0434325979418,95
2024-09-19 13:11:41.288,,8
2024-09-19 13:11:41.293,422.00979659616064,995
2024-09-19 13:11:41.307,422.12736649560856,14
2024-09-19 13:11:41.384,422.0825573632008,96
2024-09-19 13:11:41.433,422.0344532682537,1003
2024-09-19 13:11:41.442,422.1225847233827,105
2024-09-19 13:11:41.680,422.0225781167708,100
2024-09-19 13:11:41.689,422.06834929804296,95
2024-09-19 13:11:41.691,422.0352207064763,8
2024-09-19 13:11:41.700,422.0411277435758,96
2024-09-19 13:11:41.779,422.0500569586013,99
2024-09-19 13:11:41.927,422.0223078610526,1005
2024-09-19 13:11:41.971,422.1095863700078,102
2024-09-19 13:11:42.243,422.0489974738347,14
2024-09-19 13:11:42.602,422.0600914412185,15
2024-09-19 13:11:42.636,422.0222777279475,1001
2024-09-19 13:11:42.771,422.06726585941016,999
2024-09-19 13:11:42.863,422.0064640176718,997
2024-09-19 13:11:42.864,422.01419042012105,103
2024-09-19 13:11:42.882,422.0539126476645,101
2024-09-19 13:11:42.884,422.0076382898621,95
2024-09-19 13:11:42.984,422.0358173198424,999
2024-09-19 13:11:43.041,422.03360285366114,11
2024-09-19 13:11:43.071,422.0283424560973,6
2024-09-19 13:11:43.224,422.0431900042586,11
2024-09-19 13:11:43.245,422.0172393592737,11
2024-09-19 13:11:43.472,422.0299671692039,1000
2024-09-19 13:11:43.737,422.0249086754897,7
2024-09-19 13:11:43.747,422.0463025934529,995
2024-09-19 13:11:43.784,422.0366687721127,100
2024-09-19 13:11:43.944,422.0217793259643,11
2024-09-19 13:11:44.010,422.0471649498648,14
2024-09-19 13:11:44.111,422.0446329011609,96
2024-09-19 13:11:44.210,422.0338113179998,100
2024-09-19 13:11:44.251,422.04654549940153,997
2024-09-19 13:11:44.265,422.0289968770697,7
2024-09-19 13:11:44.275,422.0042790782056,1003
2024-09-19 13:11:44.286,421.96757537624575,100
2024-09-19 13:11:44.469,421.9761061733648,7
2024-09-19 13:11:44.580,421.9636424298055,1004
2024-09-19 13:11:44.623,421.95566446477744,5
2024-09-19 13:11:44.677,422.0552912518114,97
2024-09-19 13:11:44.804,421.9664555722128,97
2024-09-19 13:11:44.844,422.0521572374938,13
2024-09-19 13:11:44.859,421.9904216396455,1000
2024-09-19 13:11:44.913,421.95852073718765,998
2024-09-19 13:11:44.963,422.0394676032458,104
2024-09-19 13:11:45.087,422.0420327232866,95
2024-09-19 13:11:45.106,421.96996224443706,14
2024-09-19 13:11:45.240,422.0554234744943,1002
2024-09-19 13:11:45.272,421.9774625524113,996
2024-09-19 13:11:45.274,422.0195189182982,101
2024-09-19 13:11:45.280,422.0319054883057,95
2024-09-19 13:11:45.338,422.0885375327812,6
2024-09-19 13:11:45.339,421.9777249409288,997
2024-09-19 13:11:45.374,421.96204603409655,101
2024-09-19 13:11:45.393,421.965267625534,104
2024-09-19 13:11:45.429,422.0944249919218,99
2024-09-19 13:11:45.543,422.0923461872992,11
2024-09-19 13:11:45.582,421.9890862349873,998
2024-09-19 13:11:45.633,422.0631634203389,103
2024-09-19 13:11:45.641,422.0661193025188,6
2024-09-19 13:11:45.659,422.0721116152061,101
2024-09-19 13:11:45.691,421.9852498683642,105
2024-09-19 13:11:45.700,421.9619858057812,999
2024-09-19 13:11:45.738,42.19738793995905,996
2024-09-19 13:11:45.910,42.20589616281982,1005
2024-09-19 13:11:45.920,422.02674712197273,15
2024-09-19 13:11:45.968,422.0024865172681,998
2024-09-19 13:11:45.989,42.19683655649114,10
2024-09-19 13:11:46.050,422.1266149254441,1003
2024-09-19 13:11:46.154,422.1133943128786,98
2024-09-19 13:11:46.254,422.1116475831342,105
2024-09-19 13:11:46.496,422.1030646491859,99
2024-09-19 13:11:46.521,422.1055892499306,14
2024-09-19 13:11:46.687,422.1097775225775,97
2024-09-19 13:11:47.038,422.1331086346639,12
2024-09-19 13:11:47.041,422.0546371224209,11
2024-09-19 13:11:47.084,422.0589575578402,98
2024-09-19 13:11:47.146,422.0846433926755,997
2024-09-19 13:11:47.190,422.0589134800313,105
2024-09-19 13:11:47.216,422.0973793159101,5
2024-09-19 13:11:47.219,422.076607174987,5
2024-09-19 13:11:47.278,422.1021166379991,6
2024-09-19 13:11:47.303,422.0973612703763,12
2024-09-19 13:11:47.317,422.06858474679086,101
2024-09-19 13:11:47.366,422.0451757732641,13
2024-09-19 13:11:47.426,422.08657982399257,97
2024-09-19 13:11:47.431,422.06722458274817,97
2024-09-19 13:11:47.460,422.11253488351264,104
2024-09-19 13:11:47.504,422.1209875926893,999
2024-09-19 13:11:47.576,422.078433470246,9
2024-09-19 13:11:47.613,422.0948118683698,97
2024-09-19 13:11:47.727,422.08753254447385,98
2024-09-19 13:11:47.822,422.0297311710342,15
2024-09-19 13:11:47.968,422.0637553600358,7
2024-09-19 13:11:47.981,422.112325161995,95
2024-09-19 13:11:48.050,422.1920408862621,10
2024-09-19 13:11:48.053,422.1719888497154,105
2024-09-19 13:11:48.141,422.16753513702406,6
2024-09-19 13:11:48.191,422.18206596266094,6
2024-09-19 13:11:48.249,422.1847127499953,96
2024-09-19 13:11:48.250,422.18444633776295,99
2024-09-19 13:11:48.296,422.2052073160749,12
2024-09-19 13:11:48.305,422.1617837648437,14
2024-09-19 13:11:48.370,422.1348746036216,12
2024-09-19 13:11:48.409,422.1896569366164,100
2024-09-19 13:11:48.436,422.1388261698155,14
2024-09-19 13:11:48.537,422.19924140116416,100
2024-09-19 13:11:48.538,422.1699680272369,99
2024-09-19 13:11:48.554,422.1920721323047,9
2024-09-19 13:11:48.568,422.1938344821119,8
2024-09-19 13:11:48.600,422.16599749426535,103
2024-09-19 13:11:48.606,422.1733116732272,14
2024-09-19 13:11:48.661,422.16488006274807,105
2024-09-19 13:11:48.684,422.1760932233645,100
2024-09-19 13:11:48.720,422.153707640965,8
2024-09-19 13:11:48.722,422.154633513197,14
2024-09-19 13:11:48.789,422.12417854507225,1005
2024-09-19 13:11:48.796,422.1725285856718,95
2024-09-19 13:11:48.955,-422.2036859257068,1005
2024-09-19 13:11:48.960,422.18504526839087,998
2024-09-19 13:11:49.077,422.2431236665513,15
2024-09-19 13:11:49.137,422.178875311402,15
2024-09-19 13:11:49.171,422.2168886345696,10
2024-09-19 13:11:49.176,422.2493303555703,100
2024-09-19 13:11:49.260,422.1800848548247,996
2024-09-19 13:11:49.306,422.20284522339074,99
2024-09-19 13:11:49.307,422.2043926020714,98
2024-09-19 13:11:49.406,422.185852523676,101
2024-09-19 13:11:49.416,422.1734284568989,6
2024-09-19 13:11:49.417,422.1800740052505,15
2024-09-19 13:11:49.428,422.193315867206,10
2024-09-19 13:11:49.493,422.2273277814994,100
2024-09-19 13:11:49.638,422.19839371516537,9
2024-09-19 13:11:49.771,422.2492551239408,995
2024-09-19 13:11:49.806,422.1939447548916,12
2024-09-19 13:11:49.851,422.2492349009644,103
2024-09-19 13:11:49.859,422.2373534950467,105
2024-09-19 13:11:49.862,422.2182845696255,1004
2024-09-19 13:11:49.962,422.2536035099821,1004
2024-09-19 13:11:49.982,422.2223629686614,12
2024-09-19 13:11:50.043,422.25751382368793,995
2024-09-19 13:11:50.115,422.2513110159182,11
2024-09-19 13:11:50.156,422.2621812713395,11
2024-09-19 13:11:50.159,422.22380942283297,10
2024-09-19 13:11:50.222,422.24895618214447,1004
2024-09-19 13:11:50.242,422.24918195398914,995
2024-09-19 13:11:50.247,422.24797338638143,100
2024-09-19 13:11:50.398,422.26578808394646,997
2024-09-19 13:11:50.424,422.27745383978674,997
2024-09-19 13:11:50.464,422.24225527688014,11
2024-09-19 13:11:50.498,422.25066517194927,8
2024-09-19 13:11:50.511,422.2551728359866,7
2024-09-19 13:11:50.613,422.2915103723196,103
2024-09-19 13:11:50.615,422.2423276766192,995
2024-09-19 13:11:50.644,,101
2024-09-19 13:11:50.693,422.25686291886393,101
2024-09-19 13:11:50.921,422.2792581825827,1001
2024-09-19 13:11:50.930,422.2532851808851,997
2024-09-19 13:11:50.939,422.2502484617572,14
2024-09-19 13:11:50.985,422.2322791378815,996
2024-09-19 13:11:50.987,422.2497812680178,11
2024-09-19 13:11:52.195,,996
2024-09-19 13:11:52.211,422.3231663759,10
2024-09-19 13:11:52.347,422.29608025413467,95
2024-09-19 13:11:52.426,422.305217473934,1005
2024-09-19 13:11:52.495,422.320089852493,998
2024-09-19 13:11:52.549,422.2964769877773,104
2024-09-19 13:11:52.678,422.32273343607903,10
2024-09-19 13:11:52.802,422.3060284017163,995
2024-09-19 13:11:52.860,422.3208767583106,1002
2024-09-19 13:11:52.862,422.32124345758825,15
2024-09-19 13:11:52.946,422.31394325377966,7
2024-09-19 13:11:53.036,422.2735506531264,95
2024-09-19 13:11:53.151,422.2629839022583,102
2024-09-19 13:11:53.189,422.2595368270324,97
2024-09-19 13:11:53.195,422.2726231123568,999
2024-09-19 13:11:53.227,422.23270148822985,998
2024-09-19 13:11:53.309,422.2600261632296,997
2024-09-19 13:11:53.345,422.2784012756519,7
2024-09-19 13:11:53.435,422.30304554439147,104
2024-09-19 13:11:53.448,422.2375750071713,15
2024-09-19 13:11:53.450,422.2469363009766,102
2024-09-19 13:11:53.453,422.2310161098801,999
2024-09-19 13:11:53.510,422.24127690053433,97
2024-09-19 13:11:53.514,422.2625389222011,1001
2024-09-19 13:11:53.548,422.28871863571015,104
2024-09-19 13:11:53.580,422.28500794427055,1003
2024-09-19 13:11:53.642,422.294208519677,101
2024-09-19 13:11:53.648,422.2873113661978,995
2024-09-19 13:11:53.841,422.27742581957,104
2024-09-19 13:11:53.852,422.294326055741,104
2024-09-19 13:11:53.872,422.2751082115748,15
2024-09-19 13:11:53.877,422.28540587414176,12
2024-09-19 13:11:53.888,422.3049390988295,9
2024-09-19 13:11:53.935,422.2900303499428,105
2024-09-19 13:11:54.004,422.2822708882693,100
2024-09-19 13:11:54.024,422.2653861131051,9
2024-09-19 13:11:54.106,42.22661089189626,13
2024-09-19 13:11:54.176,422.27709284115735,105
2024-09-19 13:11:54.209,422.280313196068,8
2024-09-19 13:11:54.215,422.28750683899386,5
2024-09-19 13:11:54.216,422.2864357614658,103
2024-09-19 13:11:54.227,422.2499565492396,7
2024-09-19 13:11:54.289,422.2676836315625,998
2024-09-19 13:11:54.293,422.2756100617141,10
2024-09-19 13:11:54.297,422.2604260575092,999
2024-09-19 13:11:54.321,422.2702309999858,14
2024-09-19 13:11:54.327,422.2442464796896,995
2024-09-19 13:11:54.331,422.2559441231725,998
2024-09-19 13:11:54.356,422.2498601970126,101
2024-09-19 13:11:54.393,422.2548029100102,5
2024-09-19 13:11:54.432,422.2793859768085,998
2024-09-19 13:11:54.433,422.2823875849068,997
2024-09-19 13:11:54.465,422.27996221394,97
2024-09-19 13:11:54.509,422.2992917981942,998
2024-09-19 13:11:54.550,422.27587728925977,999
2024-09-19 13:11:54.555,422.2496821920033,995
2024-09-19 13:11:54.606,422.2770135159118,1000
2024-09-19 13:11:54.718,422.2781617728652,12
2024-09-19 13:11:54.780,422.2703752512658,95
2024-09-19 13:11:54.812,422.2645240629511,97
2024-09-19 13:11:54.831,422.2625345357368,6
2024-09-19 13:11:54.849,422.2929099628696,995
2024-09-19 13:11:54.882,422.2883318436128,1000
2024-09-19 13:11:54.983,422.2548752520458,1002
2024-09-19 13:11:55.016,422.269725941508,1000
2024-09-19 13:11:55.029,422.2505110563386,1005
2024-09-19 13:11:55.180,422.2716649860498,102
2024-09-19 13:11:55.219,422.2721199443101,103
2024-09-19 13:11:55.302,422.2738345174469,998
2024-09-19 13:11:55.325,422.2435770146935,1001
2024-09-19 13:11:55.440,422.26549074715234,98
2024-09-19 13:11:55.460,422.26735632999134,96
2024-09-19 13:11:55.556,422.2724925446567,9
2024-09-19 13:11:55.610,422.2639266876201,100
2024-09-19 13:11:55.613,422.25685166532617,9
2024-09-19 13:11:55.793,422.2445342439557,11
2024-09-19 13:11:55.826,422.2550527007457,5
2024-09-19 13:11:55.919,,12
2024-09-19 13:11:55.981,422.2871941402933,8
2024-09-19 13:11:55.989,422.2513069212534,13
2024-09-19 13:11:56.069,422.2785019646445,996
2024-09-19 13:11:56.177,422.27703198710446,14
2024-09-19 13:11:56.215,422.263365501703,11
2024-09-19 13:11:56.243,422.2947470009465,14
2024-09-19 13:11:56.247,422.2931975964478,100
2024-09-19 13:11:56.394,422.3021250219989,1004
2024-09-19 13:11:56.545,422.2772133953135,11
2024-09-19 13:11:56.751,422.2597147598218,101
2024-09-19 13:11:56.761,422.255732298911,1003
2024-09-19 13:11:56.778,422.2898597481879,101
2024-09-19 13:11:56.815,422.2760930262141,1005
2024-09-19 13:11:56.822,422.2654569744783,1004
2024-09-19 13:11:56.883,422.2590890144986,105
2024-09-19 13:11:56.917,422.3147053393616,95
2024-09-19 13:11:56.994,422.2753123101022,1002
2024-09-19 13:11:57.094,422.2546070368531,1001
2024-09-19 13:11:57.191,422.2491604903915,13
2024-09-19 13:11:57.255,422.2829122434764,996
2024-09-19 13:11:57.288,422.2806697677885,13
2024-09-19 13:11:57.324,422.28798204023394,100
2024-09-19 13:11:57.330,422.2811158014604,97
2024-09-19 13:11:57.404,422.2504795469186,99
2024-09-19 13:11:57.437,422.2729284988069,1004
2024-09-19 13:11:57.441,422.257231296128,997
2024-09-19 13:11:57.550,422.2594382831774,95
2024-09-19 13:11:57.611,422.2893357276757,103
2024-09-19 13:11:57.630,422.2767031776041,1000
2024-09-19 13:11:57.689,422.2760022587592,6
2024-09-19 13:11:57.759,422.28051938469895,995
2024-09-19 13:11:57.765,422.2774916527226,996
2024-09-19 13:11:57.828,422.27286999649294,6
2024-09-19 13:11:57.874,422.2777179367504,103
2024-09-19 13:11:57.910,422.2864536132341,99
2024-09-19 13:11:57.941,422.2623790978667,96
2024-09-19 13:11:58.039,422.2922895221769,105
2024-09-19 13:11:58.151,422.2972403184151,96
2024-09-19 13:11:58.213,422.2813784388268,1002
2024-09-19 13:11:58.278,422.2972589714642,997
2024-09-19 13:11:58.357,422.2622939341403,96
2024-09-19 13:11:58.424,422.2878339387333,8
2024-09-19 13:11:58.430,422.2520232044953,14
2024-09-19 13:11:58.471,422.2831130205734,105
2024-09-19 13:11:58.473,422.2659350426018,1005
2024-09-19 13:11:58.617,422.2928640133885,101
2024-09-19 13:11:58.725,422.2806656027402,999
2024-09-19 13:11:58.771,422.29369337028334,95
2024-09-19 13:11:58.848,422.2999658570636,1004
2024-09-19 13:11:58.892,422.28320006160016,103
2024-09-19 13:11:59.018,422.2995818894783,98
2024-09-19 13:11:59.049,422.2973595929538,1005
2024-09-19 13:11:59.058,422.29225449755495,1002
2024-09-19 13:11:59.106,422.31913973679616,102
2024-09-19 13:11:59.120,422.3271042384062,95
2024-09-19 13:11:59.127,422.32384444183367,997
2024-09-19 13:11:59.134,422.2982949973927,13
2024-09-19 13:11:59.190,422.2938470508784,105
2024-09-19 13:11:59.196,422.31754657493633,97
2024-09-19 13:11:59.228,422.2759679399015,97
2024-09-19 13:11:59.240,422.2937477885279,5
2024-09-19 13:11:59.318,422.3083360969089,97
2024-09-19 13:11:59.350,422.3197331751529,96
2024-09-19 13:11:59.396,422.3122283030217,15
2024-09-19 13:11:59.418,422.2862509472155,9
2024-09-19 13:11:59.465,422.3060511508375,13
2024-09-19 13:11:59.526,422.3134622572579,11
2024-09-19 13:11:59.591,422.3351653505375,96
2024-09-19 13:11:59.667,422.2984402782755,5
2024-09-19 13:11:59.676,422.3180941992052,98
2024-09-19 13:11:59.679,422.3128263819,100
2024-09-19 13:11:59.696,422.3064708821693,999
2024-09-19 13:11:59.755,422.29550039028186,995
2024-09-19 13:11:59.854,422.3289327654173,999
2024-09-19 13:11:59.858,422.287420525871,96
2024-09-19 13:11:59.875,422.3152442319259,99
2024-09-19 13:11:59.888,422.31611198443176,97
2024-09-19 13:11:59.890,422.3105733565372,1001
