Timestamp,Price,Size
2024-09-18 10:37:00.495,412.2198062343406,14
2024-09-18 10:37:01.014,412.24608919522507,99
2024-09-18 10:37:01.073,412.2630616717584,995
2024-09-18 10:37:01.078,412.2490899498637,13
2024-09-18 10:37:01.099,412.2528416851314,15
2024-09-18 10:37:01.195,412.25808419585934,96
2024-09-18 10:37:01.232,412.2450474841409,1000
2024-09-18 10:37:01.290,412.2816095992172,1004
2024-09-18 10:37:01.292,412.2916226841724,1005
2024-09-18 10:37:01.473,412.2524044501917,6
2024-09-18 10:37:01.559,412.2451749844644,1001
2024-09-18 10:37:01.589,412.2397706920936,1002
2024-09-18 10:37:01.626,412.26977681978303,99
2024-09-18 10:37:01.676,412.251571769934,14
2024-09-18 10:37:01.691,412.25116304515336,12
2024-09-18 10:37:01.699,412.2380157516192,997
2024-09-18 10:37:01.722,412.24886558015976,1005
2024-09-18 10:37:01.847,412.2428667513249,98
2024-09-18 10:37:01.873,412.2600827942497,999
2024-09-18 10:37:02.033,412.2592410596512,1003
2024-09-18 10:37:02.040,412.3142140706084,997
2024-09-18 10:37:02.126,412.3120170034472,95
2024-09-18 10:37:02.152,412.2916638896265,1001
2024-09-18 10:37:02.166,412.2906759157292,1001
2024-09-18 10:37:02.183,412.2933975683464,11
2024-09-18 10:37:02.268,412.30156418840926,1002
2024-09-18 10:37:02.332,412.2559710571194,1000
2024-09-18 10:37:02.371,412.2841489807143,999
2024-09-18 10:37:02.384,412.289484593867,998
2024-09-18 10:37:02.447,412.2829831541222,5
2024-09-18 10:37:02.450,412.25605531343376,6
2024-09-18 10:37:02.493,412.2889483008911,996
2024-09-18 10:37:02.549,412.27523132583207,102
2024-09-18 10:37:02.560,412.2904823214117,101
2024-09-18 10:37:02.622,412.2887277225042,101
2024-09-18 10:37:02.653,412.2983908193275,5
2024-09-18 10:37:02.701,412.2617880250251,1004
2024-09-18 10:37:02.745,-412.30133077881743,1002
2024-09-18 10:37:02.876,412.2628977135957,15
2024-09-18 10:37:02.903,412.29797397741066,999
2024-09-18 10:37:02.936,412.2782705493889,1003
2024-09-18 10:37:02.997,412.27199718409287,998
2024-09-18 10:37:03.100,412.27139116329073,5
2024-09-18 10:37:03.141,412.3201833971612,1001
2024-09-18 10:37:03.149,412.3059060189048,7
2024-09-18 10:37:03.159,412.305649674297,6
2024-09-18 10:37:03.165,412.32053895890095,9
2024-09-18 10:37:03.191,412.3152660988436,995
2024-09-18 10:37:03.255,412.33801378786967,1002
2024-09-18 10:37:03.289,412.3007259327984,1004
2024-09-18 10:37:03.431,412.2998649405989,15
2024-09-18 10:37:03.476,412.3361458815082,10
2024-09-18 10:37:03.623,412.33399060747126,11
2024-09-18 10:37:03.625,412.33675539067343,1002
2024-09-18 10:37:03.655,412.3402765409861,9
2024-09-18 10:37:03.670,412.3423280848042,13
2024-09-18 10:37:03.710,412.3407045589698,1002
2024-09-18 10:37:03.742,412.335113318023,1005
2024-09-18 10:37:03.759,412.32457199725866,12
2024-09-18 10:37:03.794,412.32474696690014,996
2024-09-18 10:37:03.804,412.3403971404354,95
2024-09-18 10:37:03.808,412.3631261672811,10
2024-09-18 10:37:03.884,412.2861417451954,9
2024-09-18 10:37:03.937,412.33651563766045,1001
2024-09-18 10:37:03.951,412.3444550757447,15
2024-09-18 10:37:04.201,412.30612887436325,96
2024-09-18 10:37:04.334,412.3246301717928,15
2024-09-18 10:37:04.442,412.3336582884901,105
2024-09-18 10:37:04.597,412.3531935949727,103
2024-09-18 10:37:04.712,412.34854283642255,1001
2024-09-18 10:37:04.874,412.3287005889736,1000
2024-09-18 10:37:04.900,412.2856754498477,9
2024-09-18 10:37:04.959,412.3052636630339,104
2024-09-18 10:37:04.980,412.3184597683496,1000
2024-09-18 10:37:05.049,412.3093381998066,1000
2024-09-18 10:37:05.057,412.33376707166735,95
2024-09-18 10:37:05.073,412.3007815926306,9
2024-09-18 10:37:05.326,412.3227856404167,10
2024-09-18 10:37:05.447,412.3058833263302,1000
2024-09-18 10:37:05.454,412.34739704854087,10
2024-09-18 10:37:05.596,412.3244346002608,96
2024-09-18 10:37:05.617,412.3404378029708,997
2024-09-18 10:37:05.639,412.3173184492181,997
2024-09-18 10:37:05.789,412.32275917340064,1001
2024-09-18 10:37:05.899,412.3261855671085,12
2024-09-18 10:37:05.901,412.3259702493646,996
2024-09-18 10:37:05.946,41.23100274971972,98
2024-09-18 10:37:05.989,412.31984669023,15
2024-09-18 10:37:06.063,412.3044780315342,998
2024-09-18 10:37:06.138,412.3068738651693,97
2024-09-18 10:37:06.469,412.3063054561469,7
2024-09-18 10:37:06.532,412.3120622765561,10
2024-09-18 10:37:06.587,412.3074685902618,95
2024-09-18 10:37:06.598,412.3062911289243,102
2024-09-18 10:37:06.763,412.3092799362357,996
2024-09-18 10:37:06.888,412.3153137368548,999
2024-09-18 10:37:06.972,412.3109228132709,9
2024-09-18 10:37:07.001,412.2708943382232,5
2024-09-18 10:37:07.067,412.3027531291308,995
2024-09-18 10:37:07.141,412.281503667244,995
2024-09-18 10:37:07.170,412.2545820756612,101
2024-09-18 10:37:07.181,412.32087924901816,1001
2024-09-18 10:37:07.208,412.2780017551496,7
2024-09-18 10:37:07.219,412.2815947161934,102
2024-09-18 10:37:07.268,412.28637940577806,11
2024-09-18 10:37:07.278,412.3287932103371,1005
2024-09-18 10:37:07.298,412.2728729371067,103
2024-09-18 10:37:07.315,412.2662506116863,997
2024-09-18 10:37:07.396,412.240706450305,103
2024-09-18 10:37:07.455,412.3336482813999,8
2024-09-18 10:37:07.483,412.2377213614655,995
2024-09-18 10:37:07.509,412.2556707396602,7
2024-09-18 10:37:07.547,412.3396239747219,102
2024-09-18 10:37:07.578,412.2880176546551,8
2024-09-18 10:37:07.606,412.31675154947,15
2024-09-18 10:37:07.617,412.2736903043364,100
2024-09-18 10:37:07.661,412.3362116001312,997
2024-09-18 10:37:07.671,412.3104670876,8
2024-09-18 10:37:07.700,412.244378657922,104
2024-09-18 10:37:07.741,412.30868168970426,1001
2024-09-18 10:37:07.876,412.2564568858089,98
2024-09-18 10:37:07.966,412.27744408346416,8
2024-09-18 10:37:08.037,412.4352265674829,8
2024-09-18 10:37:08.048,412.372353943425,15
2024-09-18 10:37:08.151,412.40982011647134,96
2024-09-18 10:37:08.167,412.384350294642,1004
2024-09-18 10:37:08.173,412.34909973051214,6
2024-09-18 10:37:08.249,412.4183314373605,103
2024-09-18 10:37:08.273,412.4244528064881,997
2024-09-18 10:37:08.326,412.351882546235,12
2024-09-18 10:37:08.365,412.4120555979439,1001
2024-09-18 10:37:08.381,412.42906545374615,10
2024-09-18 10:37:08.520,412.3802500801973,101
2024-09-18 10:37:08.584,412.4207229169191,99
2024-09-18 10:37:08.593,412.3444839146057,95
2024-09-18 10:37:08.632,412.41014597143686,997
2024-09-18 10:37:08.639,412.41747725512266,102
2024-09-18 10:37:08.658,412.43703173708207,101
2024-09-18 10:37:08.717,412.4019801677158,5
2024-09-18 10:37:08.717,412.428165773862,997
2024-09-18 10:37:08.749,412.4317610704136,101
2024-09-18 10:37:08.787,412.42943260646535,97
2024-09-18 10:37:08.800,412.38713155201776,95
2024-09-18 10:37:08.812,412.43693272450287,104
2024-09-18 10:37:08.891,412.4327291379983,102
2024-09-18 10:37:08.919,412.3798848149242,1003
2024-09-18 10:37:08.921,412.42774950109,5
2024-09-18 10:37:08.986,412.41960691246175,995
2024-09-18 10:37:08.997,412.4204095157552,6
2024-09-18 10:37:09.247,412.4100246570852,103
2024-09-18 10:37:09.384,412.4049434821463,10
2024-09-18 10:37:09.494,412.47955008213336,1005
2024-09-18 10:37:09.500,412.41906990799015,1004
2024-09-18 10:37:09.742,412.44400958611175,995
2024-09-18 10:37:09.780,412.41237735116727,996
2024-09-18 10:37:09.910,412.47832130496647,1004
2024-09-18 10:37:09.941,412.4609917116904,1000
2024-09-18 10:37:09.970,,1005
2024-09-18 10:37:10.003,412.4868614563722,1000
2024-09-18 10:37:10.042,412.5247183619932,105
2024-09-18 10:37:10.047,412.56157995204205,8
2024-09-18 10:37:10.047,412.5221152172036,15
2024-09-18 10:37:10.137,412.5281508643716,15
2024-09-18 10:37:10.223,412.5186516159272,104
2024-09-18 10:37:10.226,412.5210329989925,13
2024-09-18 10:37:10.241,412.5091375557739,1001
2024-09-18 10:37:10.266,412.5175033560124,14
2024-09-18 10:37:10.382,412.5169154464786,9
2024-09-18 10:37:10.394,412.5503952029673,11
2024-09-18 10:37:10.416,412.5067645716069,1002
2024-09-18 10:37:10.421,412.55490783418014,996
2024-09-18 10:37:10.461,412.5030479548632,999
2024-09-18 10:37:10.483,412.5484381614128,995
2024-09-18 10:37:10.628,412.487600747957,104
2024-09-18 10:37:10.659,412.5093297813519,10
2024-09-18 10:37:10.662,412.5149951906302,100
2024-09-18 10:37:10.702,412.5295801205826,1004
2024-09-18 10:37:10.778,412.55291821419297,1002
2024-09-18 10:37:10.798,412.55218268924136,12
2024-09-18 10:37:10.806,412.54589614311874,102
2024-09-18 10:37:10.827,412.4947723047472,101
2024-09-18 10:37:10.952,412.4897665873252,99
2024-09-18 10:37:10.971,412.5553425281481,996
2024-09-18 10:37:10.990,412.5482124134036,98
2024-09-18 10:37:11.018,412.6123467205069,15
2024-09-18 10:37:11.024,412.5576781806302,997
2024-09-18 10:37:11.096,412.6166316337009,14
2024-09-18 10:37:11.210,412.6358872285815,998
2024-09-18 10:37:11.219,412.62600547880857,1001
2024-09-18 10:37:11.240,412.6383504343761,999
2024-09-18 10:37:11.240,412.62681761101504,105
2024-09-18 10:37:11.249,412.6100097174149,7
2024-09-18 10:37:11.256,412.6430252142666,9
2024-09-18 10:37:11.289,412.5657406466863,101
2024-09-18 10:37:11.328,412.55227119255846,1002
2024-09-18 10:37:11.368,412.61069564848,8
2024-09-18 10:37:11.369,,102
2024-09-18 10:37:11.429,412.6322752326643,97
2024-09-18 10:37:11.482,412.6366206561432,98
2024-09-18 10:37:11.660,412.6131143330393,96
2024-09-18 10:37:11.698,412.62142517460666,997
2024-09-18 10:37:11.739,412.58212522604447,105
2024-09-18 10:37:11.749,412.63303984939495,103
2024-09-18 10:37:11.757,412.62182161240673,104
2024-09-18 10:37:11.764,412.62927265854216,1000
2024-09-18 10:37:11.789,412.6250158370088,1004
2024-09-18 10:37:11.821,412.63208754775104,105
2024-09-18 10:37:11.885,412.5554070747697,8
2024-09-18 10:37:11.907,412.6258409277826,13
2024-09-18 10:37:11.938,412.6166845421717,101
2024-09-18 10:37:11.955,412.5647350181687,12
2024-09-18 10:37:11.969,412.6256813613718,999
2024-09-18 10:37:11.973,412.6198702818937,1001
2024-09-18 10:37:12.085,412.6617809476152,95
2024-09-18 10:37:12.302,412.6486286714373,103
2024-09-18 10:37:12.489,-412.654058488665,998
2024-09-18 10:37:12.491,412.6405030682935,1005
2024-09-18 10:37:12.570,412.65174399756506,10
2024-09-18 10:37:12.632,412.6417988110599,15
2024-09-18 10:37:12.769,412.64658789052135,95
2024-09-18 10:37:12.806,412.6448741941576,104
2024-09-18 10:37:12.829,412.6518679900751,997
2024-09-18 10:37:12.876,412.6490441263963,1003
2024-09-18 10:37:12.937,412.6521454640214,1003
2024-09-18 10:37:13.101,412.6307949174826,8
2024-09-18 10:37:13.321,412.65543236530885,1000
2024-09-18 10:37:13.456,412.6441568525634,6
2024-09-18 10:37:13.465,412.6223472891974,105
2024-09-18 10:37:13.482,412.6680975227517,1003
2024-09-18 10:37:13.558,412.6585650323784,12
2024-09-18 10:37:13.578,41.262748076114285,6
2024-09-18 10:37:14.005,412.6877269582535,103
2024-09-18 10:37:14.028,412.6251183217778,9
2024-09-18 10:37:14.121,412.64770549066594,7
2024-09-18 10:37:14.185,412.73890073720816,14
2024-09-18 10:37:14.217,412.6767345342301,104
2024-09-18 10:37:14.276,412.65791972021736,7
2024-09-18 10:37:14.288,412.6287457532901,15
2024-09-18 10:37:14.429,412.7496760447838,1000
2024-09-18 10:37:14.436,412.6356465103103,11
2024-09-18 10:37:14.498,412.6706635250645,10
2024-09-18 10:37:14.543,412.6383420879595,14
2024-09-18 10:37:14.545,412.608862267603,1000
2024-09-18 10:37:14.570,412.59866727706327,1003
2024-09-18 10:37:14.627,412.6254462039713,96
2024-09-18 10:37:14.662,412.6140569798889,104
2024-09-18 10:37:14.707,412.6952247128608,996
2024-09-18 10:37:14.724,412.6575235970021,1004
2024-09-18 10:37:14.757,412.6123301768595,1000
2024-09-18 10:37:14.762,412.6684429208978,101
2024-09-18 10:37:14.888,412.72560907001656,6
2024-09-18 10:37:14.892,412.76021569035294,15
2024-09-18 10:37:14.953,412.6582764366204,97
2024-09-18 10:37:15.041,412.7696003208789,1004
2024-09-18 10:37:15.047,412.7824812859658,13
2024-09-18 10:37:15.148,412.7285819666552,101
2024-09-18 10:37:15.190,412.8085497553965,5
2024-09-18 10:37:15.200,412.7935816083343,1004
2024-09-18 10:37:15.210,412.7548968316656,998
2024-09-18 10:37:15.216,412.7776523616727,95
2024-09-18 10:37:15.377,412.8120330945411,11
2024-09-18 10:37:15.384,412.7852961984385,100
2024-09-18 10:37:15.485,412.74648925658136,8
2024-09-18 10:37:15.646,412.7953419845988,104
2024-09-18 10:37:15.705,412.778414528485,11
2024-09-18 10:37:15.975,412.7614186476201,98
2024-09-18 10:37:16.957,412.7755624360885,1001
2024-09-18 10:37:17.089,412.7733985588533,103
2024-09-18 10:37:17.101,412.768584397093,105
2024-09-18 10:37:17.103,412.7678248904325,98
2024-09-18 10:37:17.313,412.7730528108581,12
2024-09-18 10:37:17.333,412.7767109890593,98
2024-09-18 10:37:17.367,412.74305304149584,101
2024-09-18 10:37:17.453,412.77694043745146,996
2024-09-18 10:37:17.467,412.7737005508124,1001
2024-09-18 10:37:17.474,412.7598713633574,95
2024-09-18 10:37:17.476,412.7406953083876,995
2024-09-18 10:37:17.506,412.7610152950954,97
2024-09-18 10:37:17.697,412.77052914554974,999
2024-09-18 10:37:17.785,412.7784306180872,1004
2024-09-18 10:37:17.819,412.752601877993,103
2024-09-18 10:37:17.960,412.7689023387933,1000
2024-09-18 10:37:18.335,412.7776121148419,1002
2024-09-18 10:37:18.381,412.7908522716761,1004
2024-09-18 10:37:18.546,412.74435752288673,97
2024-09-18 10:37:18.756,412.7607491247403,12
2024-09-18 10:37:18.782,412.7917136146499,1000
2024-09-18 10:37:19.027,412.7931584389544,1002
2024-09-18 10:37:19.036,412.7928276140996,12
2024-09-18 10:37:19.127,412.75709181687006,105
2024-09-18 10:37:19.139,412.7765640260237,5
2024-09-18 10:37:19.168,412.8290498562369,12
2024-09-18 10:37:19.174,412.7706163042905,12
2024-09-18 10:37:19.174,-412.7949396449354,996
2024-09-18 10:37:19.303,412.80958561683167,14
2024-09-18 10:37:19.392,412.7666535885109,1004
2024-09-18 10:37:19.417,412.8057795153432,1001
2024-09-18 10:37:19.418,412.82470967378015,1002
2024-09-18 10:37:19.444,412.8097588326425,995
2024-09-18 10:37:19.495,412.7409021164683,105
2024-09-18 10:37:19.537,412.81198607449096,9
2024-09-18 10:37:19.547,412.83095414526224,10
2024-09-18 10:37:19.560,412.817844977576,105
2024-09-18 10:37:19.628,412.8217255483149,105
2024-09-18 10:37:19.767,412.8034447431817,12
2024-09-18 10:37:19.795,412.8200883695087,96
2024-09-18 10:37:19.795,412.8266955725591,98
2024-09-18 10:37:19.832,412.81699398522,1005
2024-09-18 10:37:19.897,412.8077653627343,97
2024-09-18 10:37:19.933,412.7875140863063,7
2024-09-18 10:37:19.945,412.8167634855247,104
2024-09-18 10:37:19.982,412.8307824431898,1004
2024-09-18 10:37:19.993,412.8260750688689,1005
2024-09-18 10:37:20.198,412.8292424573703,13
2024-09-18 10:37:20.213,412.8189531493737,8
2024-09-18 10:37:20.334,412.8090535320948,12
2024-09-18 10:37:20.705,412.8180230317532,102
2024-09-18 10:37:20.770,412.8099125848051,97
2024-09-18 10:37:20.813,412.8055988213437,1005
2024-09-18 10:37:20.982,412.81781818535467,1004
2024-09-18 10:37:22.362,412.78621210773287,8
2024-09-18 10:37:22.633,412.7893390216481,100
2024-09-18 10:37:23.011,412.8311950908784,95
2024-09-18 10:37:23.027,412.8582396785162,7
2024-09-18 10:37:23.125,,998
2024-09-18 10:37:23.140,412.7925462056288,5
2024-09-18 10:37:23.202,412.8391770415546,100
2024-09-18 10:37:23.224,,100
2024-09-18 10:37:23.252,412.84500675561054,10
2024-09-18 10:37:23.318,412.8252711413839,12
2024-09-18 10:37:23.411,412.7721897862769,998
2024-09-18 10:37:23.636,412.8242611177949,8
2024-09-18 10:37:23.686,412.8283763467938,98
2024-09-18 10:37:23.788,412.7768508837221,10
2024-09-18 10:37:23.814,412.7979285832541,996
2024-09-18 10:37:23.946,412.7814279264607,98
2024-09-18 10:37:24.055,412.7741425906215,10
2024-09-18 10:37:24.072,412.78006908405183,11
2024-09-18 10:37:24.111,412.7260260645633,1005
2024-09-18 10:37:24.175,412.7117721020965,1000
2024-09-18 10:37:24.185,412.76774914441535,97
2024-09-18 10:37:24.233,412.7447015176037,7
2024-09-18 10:37:24.244,412.8030163458462,13
2024-09-18 10:37:24.391,41.275049311015465,103
2024-09-18 10:37:24.532,412.7180171325749,7
2024-09-18 10:37:24.589,412.74666433890224,9
2024-09-18 10:37:24.600,412.7949666650471,11
2024-09-18 10:37:24.649,412.75800902545234,9
2024-09-18 10:37:24.777,412.8025094924955,105
2024-09-18 10:37:24.900,412.7114964698858,96
2024-09-18 10:37:24.918,412.7905903615625,99
2024-09-18 10:37:24.936,412.7534621214445,1005
2024-09-18 10:37:25.025,412.7846337070287,105
2024-09-18 10:37:25.027,412.81393314264034,102
2024-09-18 10:37:25.031,412.7869644891861,6
2024-09-18 10:37:25.073,,1005
2024-09-18 10:37:25.154,412.8214731777816,14
2024-09-18 10:37:25.197,-412.7805064792203,99
2024-09-18 10:37:25.208,412.7749760823113,103
2024-09-18 10:37:25.248,412.82194645278713,996
2024-09-18 10:37:25.327,412.77385701395207,97
2024-09-18 10:37:25.351,412.7965072234969,100
2024-09-18 10:37:25.383,412.7738728594949,997
2024-09-18 10:37:25.421,412.7800976499137,998
2024-09-18 10:37:25.425,412.7995535970336,103
2024-09-18 10:37:25.510,412.7809309136822,8
2024-09-18 10:37:25.553,412.79662074008985,11
2024-09-18 10:37:25.567,412.7925819899763,1001
2024-09-18 10:37:25.572,412.81673863787614,13
2024-09-18 10:37:25.599,412.789387865292,97
2024-09-18 10:37:25.628,412.76792574123175,1002
2024-09-18 10:37:25.715,412.7980912511651,997
2024-09-18 10:37:25.735,412.7994365872175,7
2024-09-18 10:37:25.789,412.7936448326869,10
2024-09-18 10:37:25.829,412.8049073765921,99
2024-09-18 10:37:25.862,412.80006929434666,11
2024-09-18 10:37:25.978,412.7980917985267,97
2024-09-18 10:37:26.049,412.7062588256246,998
2024-09-18 10:37:26.127,412.7719698142684,102
2024-09-18 10:37:26.175,412.7153553963717,14
2024-09-18 10:37:26.227,412.7179359658509,15
2024-09-18 10:37:26.295,412.7098222019083,104
2024-09-18 10:37:26.414,412.7474193937624,100
2024-09-18 10:37:26.422,412.75149748150113,102
2024-09-18 10:37:26.447,412.8066327094506,15
2024-09-18 10:37:26.520,412.7845239238712,15
2024-09-18 10:37:26.523,412.6976642079954,995
2024-09-18 10:37:26.529,412.7667330769235,99
2024-09-18 10:37:26.567,412.7113531422568,14
2024-09-18 10:37:26.570,412.7177166007657,998
2024-09-18 10:37:26.598,412.7203124557023,998
2024-09-18 10:37:26.620,412.8048089936684,8
2024-09-18 10:37:26.639,412.7203037802975,105
2024-09-18 10:37:26.655,-412.7686542105343,11
2024-09-18 10:37:26.670,412.766549515191,6
2024-09-18 10:37:26.694,412.75407803328574,98
2024-09-18 10:37:26.719,412.7233372645482,13
2024-09-18 10:37:26.763,412.75333387069736,95
2024-09-18 10:37:26.804,412.7566122338832,998
2024-09-18 10:37:26.805,412.73804476528994,10
2024-09-18 10:37:26.885,,7
2024-09-18 10:37:27.195,412.7967299200002,15
2024-09-18 10:37:27.250,412.7446769149816,100
2024-09-18 10:37:27.352,412.7641937981462,100
2024-09-18 10:37:27.544,412.786217680804,1003
2024-09-18 10:37:27.723,412.7686840789616,104
2024-09-18 10:37:27.993,412.75313824298246,14
2024-09-18 10:37:28.039,412.7202142108714,9
2024-09-18 10:37:28.118,412.723761557915,11
2024-09-18 10:37:28.193,412.7365800281204,9
2024-09-18 10:37:28.216,412.7686125053818,96
2024-09-18 10:37:28.228,412.72196112510346,15
2024-09-18 10:37:28.377,412.76425678271033,104
2024-09-18 10:37:28.505,412.76961824729824,99
2024-09-18 10:37:28.677,412.7685534758343,11
2024-09-18 10:37:28.685,412.793344377537,9
2024-09-18 10:37:28.839,412.76266760036384,14
2024-09-18 10:37:28.902,412.7325306405763,105
2024-09-18 10:37:28.926,412.722350345234,105
2024-09-18 10:37:28.959,412.7268991176644,103
2024-09-18 10:37:29.021,412.6693675982653,8
2024-09-18 10:37:29.062,412.6821470931,100
2024-09-18 10:37:29.090,412.6887268732357,95
2024-09-18 10:37:29.092,412.6736058533614,10
2024-09-18 10:37:29.165,412.67165316966486,14
2024-09-18 10:37:29.287,412.6864087677065,99
2024-09-18 10:37:29.305,412.7053581868616,97
2024-09-18 10:37:29.308,412.69670140780863,12
2024-09-18 10:37:29.309,412.65965934036217,1000
2024-09-18 10:37:29.318,412.6880219916981,6
2024-09-18 10:37:29.524,412.6999610147227,7
2024-09-18 10:37:29.600,412.6663345466952,13
2024-09-18 10:37:29.616,412.6710711191144,998
2024-09-18 10:37:29.631,412.68184232125606,1002
2024-09-18 10:37:29.643,412.6780241305017,105
2024-09-18 10:37:29.651,412.673591212748,995
2024-09-18 10:37:29.666,412.6800642944856,7
2024-09-18 10:37:29.714,412.67392848892473,98
2024-09-18 10:37:29.770,412.6724080279172,1002
2024-09-18 10:37:29.822,412.6826114219467,1000
2024-09-18 10:37:29.826,412.69706597814167,103
2024-09-18 10:37:29.863,412.6865652182296,15
2024-09-18 10:37:29.960,412.70590712571214,99
2024-09-18 10:37:30.004,412.6734945428243,997
2024-09-18 10:37:30.063,412.6202617067254,95
2024-09-18 10:37:30.135,412.61388824143006,103
2024-09-18 10:37:30.146,412.6708612016511,998
2024-09-18 10:37:30.147,412.68082901287073,104
2024-09-18 10:37:30.150,412.6192615571021,1004
2024-09-18 10:37:30.172,412.5985020257609,95
2024-09-18 10:37:30.184,412.6367642019104,1003
2024-09-18 10:37:30.216,412.6080887244196,105
2024-09-18 10:37:30.216,412.6114474303723,97
2024-09-18 10:37:30.318,412.65113052053016,104
2024-09-18 10:37:30.365,412.6798463673112,1002
2024-09-18 10:37:30.366,412.5930383374834,96
2024-09-18 10:37:30.406,412.626979351633,102
2024-09-18 10:37:30.464,412.6612950411121,998
2024-09-18 10:37:30.472,412.6208779413048,1003
2024-09-18 10:37:30.473,412.6338893846396,96
2024-09-18 10:37:30.501,412.627587041946,998
2024-09-18 10:37:30.515,412.6359884187215,13
2024-09-18 10:37:30.591,412.6172829498857,15
2024-09-18 10:37:30.631,412.6773495153906,99
2024-09-18 10:37:30.753,412.62301734148514,96
2024-09-18 10:37:30.852,412.6200251984837,14
2024-09-18 10:37:30.977,412.661359084454,995
2024-09-18 10:37:31.420,412.6083342108026,10
2024-09-18 10:37:31.883,412.5951009274357,995
2024-09-18 10:37:32.072,412.64855005154834,14
2024-09-18 10:37:32.123,412.58923266721393,100
2024-09-18 10:37:32.129,412.6287124807048,15
2024-09-18 10:37:32.134,412.6394534856937,10
2024-09-18 10:37:32.252,412.5785191852799,998
2024-09-18 10:37:32.261,412.634843140864,15
2024-09-18 10:37:32.272,412.5664294761148,98
2024-09-18 10:37:32.282,412.6435440700648,15
2024-09-18 10:37:32.304,412.63434988094224,98
2024-09-18 10:37:32.331,412.6105020178303,10
2024-09-18 10:37:32.350,412.607781453664,9
2024-09-18 10:37:32.382,412.6301288253724,1000
2024-09-18 10:37:32.456,412.6405816418068,1000
2024-09-18 10:37:32.461,412.6356075664612,10
2024-09-18 10:37:32.478,412.5670387216226,1004
2024-09-18 10:37:32.489,412.567800597052,995
2024-09-18 10:37:32.530,412.6449911910462,7
2024-09-18 10:37:32.625,412.6554696947301,95
2024-09-18 10:37:32.627,412.6360266423685,102
2024-09-18 10:37:32.708,412.6234283789351,5
2024-09-18 10:37:32.785,412.6382582701696,1005
2024-09-18 10:37:32.791,412.6519274880317,105
2024-09-18 10:37:32.849,412.6440908407383,1003
2024-09-18 10:37:32.895,412.6375216417111,95
2024-09-18 10:37:32.997,412.6056381154267,11
2024-09-18 10:37:33.056,412.6784893188628,104
2024-09-18 10:37:33.058,412.6949430854133,98
2024-09-18 10:37:33.167,412.6865088637291,11
2024-09-18 10:37:33.192,412.65225366615886,99
2024-09-18 10:37:33.220,412.612947683099,999
2024-09-18 10:37:33.233,412.64753045779406,996
2024-09-18 10:37:33.246,412.69547548005073,102
2024-09-18 10:37:33.266,412.6469709348239,1000
2024-09-18 10:37:33.301,412.63668199994777,95
2024-09-18 10:37:33.311,412.6359540819538,15
2024-09-18 10:37:33.341,412.6549697268416,105
2024-09-18 10:37:33.368,412.6895320243116,98
2024-09-18 10:37:33.395,412.69219196935006,1002
2024-09-18 10:37:33.455,412.6289101327336,1000
2024-09-18 10:37:33.478,412.6429410472745,98
2024-09-18 10:37:33.577,412.6849406469564,1000
2024-09-18 10:37:33.629,412.6451670104175,10
2024-09-18 10:37:33.690,412.6398646393364,8
2024-09-18 10:37:33.707,412.6609059932818,11
2024-09-18 10:37:33.750,412.6519456278546,996
2024-09-18 10:37:33.778,412.6396704146845,101
2024-09-18 10:37:33.802,412.67797010895407,10
2024-09-18 10:37:33.892,412.64055119172,9
2024-09-18 10:37:33.939,412.7017754248188,1000
2024-09-18 10:37:33.946,412.67671113264026,997
2024-09-18 10:37:33.980,412.67089755112846,14
2024-09-18 10:37:34.118,412.6911446219603,9
2024-09-18 10:37:34.183,412.7061724038643,1005
2024-09-18 10:37:34.184,412.6830305407796,1002
2024-09-18 10:37:34.192,412.6672037209252,998
2024-09-18 10:37:34.242,412.6829113283513,9
2024-09-18 10:37:34.455,412.7090189718078,100
2024-09-18 10:37:34.474,412.6774214067461,5
2024-09-18 10:37:34.522,412.6962612125,998
2024-09-18 10:37:34.574,412.660931236183,1002
2024-09-18 10:37:34.703,412.7074116137845,100
2024-09-18 10:37:34.706,412.6776345032919,99
2024-09-18 10:37:34.709,412.6968104170177,1002
2024-09-18 10:37:34.762,412.6965658057472,11
2024-09-18 10:37:34.889,412.7072454396841,998
2024-09-18 10:37:34.909,412.7165957515503,7
2024-09-18 10:37:34.936,412.683190386824,1004
2024-09-18 10:37:34.980,412.674987998968,999
2024-09-18 10:37:35.015,412.67748769772425,1004
2024-09-18 10:37:35.033,412.6532726684922,95
2024-09-18 10:37:35.110,412.637393756096,996
2024-09-18 10:37:35.169,412.63297824559805,1004
2024-09-18 10:37:35.224,412.6311105608477,1004
2024-09-18 10:37:35.250,412.6645728854209,8
2024-09-18 10:37:35.343,412.66958482538905,104
2024-09-18 10:37:35.375,412.6595300113752,1004
2024-09-18 10:37:35.455,412.64413133843647,98
2024-09-18 10:37:35.533,412.65283240444,1004
2024-09-18 10:37:35.603,412.63083369968166,105
2024-09-18 10:37:35.674,412.6036182199679,1000
2024-09-18 10:37:35.682,412.6620252176307,14
2024-09-18 10:37:35.727,412.63210822325374,998
2024-09-18 10:37:35.865,41.26682872249463,1002
2024-09-18 10:37:35.873,412.6157678311004,10
2024-09-18 10:37:35.912,412.645282634558,13
2024-09-18 10:37:35.912,412.64390353319067,998
2024-09-18 10:37:35.924,412.6583509176442,7
2024-09-18 10:37:35.940,412.6604009743811,12
2024-09-18 10:37:35.962,412.6518794046044,11
2024-09-18 10:37:36.189,412.6507255520679,8
2024-09-18 10:37:36.346,412.62469797092166,7
2024-09-18 10:37:36.584,412.6716673430247,996
2024-09-18 10:37:36.697,412.6364971786872,97
2024-09-18 10:37:37.071,412.66296137933983,101
2024-09-18 10:37:37.233,412.6848902514412,11
2024-09-18 10:37:37.246,412.6402530494902,95
2024-09-18 10:37:37.283,412.6641824912856,996
2024-09-18 10:37:37.293,412.6792580468005,96
2024-09-18 10:37:37.313,412.65802688707913,102
2024-09-18 10:37:37.333,412.6105457902687,998
2024-09-18 10:37:37.374,412.6928905506065,9
2024-09-18 10:37:37.402,412.587599607958,11
2024-09-18 10:37:37.413,412.5939244875289,100
2024-09-18 10:37:37.422,412.654199207533,103
2024-09-18 10:37:37.484,412.6603859595213,99
2024-09-18 10:37:37.505,412.5990724259324,14
2024-09-18 10:37:37.679,412.6173424669747,95
2024-09-18 10:37:37.723,412.6654959758194,11
2024-09-18 10:37:37.741,412.6478580819919,14
2024-09-18 10:37:37.837,412.59350132338375,999
2024-09-18 10:37:37.912,412.6574683759639,97
2024-09-18 10:37:37.989,412.6003998657375,1004
2024-09-18 10:37:38.124,412.59660956481,105
2024-09-18 10:37:38.356,412.5858557274316,95
2024-09-18 10:37:38.361,412.61151055259177,101
2024-09-18 10:37:38.364,412.5567475711932,6
2024-09-18 10:37:38.419,412.6024083790325,1005
2024-09-18 10:37:38.465,412.5535166395174,9
2024-09-18 10:37:38.482,412.6044347535961,100
2024-09-18 10:37:38.578,412.56632502834367,5
2024-09-18 10:37:38.703,412.54730806067016,13
2024-09-18 10:37:38.728,412.55219695231307,97
2024-09-18 10:37:38.770,412.56367634537446,11
2024-09-18 10:37:38.777,41.26024965786336,1000
2024-09-18 10:37:38.788,412.560177283168,5
2024-09-18 10:37:38.797,412.6151087762103,996
2024-09-18 10:37:38.827,412.56521890883744,10
2024-09-18 10:37:38.841,412.5585987127999,996
2024-09-18 10:37:38.841,412.5666531366123,8
2024-09-18 10:37:38.917,412.621121394768,1003
2024-09-18 10:37:38.918,412.59577153290354,104
2024-09-18 10:37:38.966,412.5686710035109,98
2024-09-18 10:37:38.974,412.5547314146066,14
2024-09-18 10:37:39.014,412.5107459619758,96
2024-09-18 10:37:39.019,412.4607792214118,9
2024-09-18 10:37:39.030,412.4764337804021,97
2024-09-18 10:37:39.082,412.52608278611694,1000
2024-09-18 10:37:39.135,412.4559453803847,10
2024-09-18 10:37:39.276,412.5191168480192,995
2024-09-18 10:37:39.422,412.5413227383706,99
2024-09-18 10:37:39.508,412.49119334548544,100
2024-09-18 10:37:39.515,412.502538376201,996
2024-09-18 10:37:39.582,412.4888011483018,95
2024-09-18 10:37:39.655,-412.5256781875773,15
2024-09-18 10:37:39.811,412.4625359948103,102
2024-09-18 10:37:39.838,412.47816338634266,1000
2024-09-18 10:37:40.006,412.4600388745751,1000
2024-09-18 10:37:40.302,41.24681761374992,15
2024-09-18 10:37:40.790,412.4612609718437,104
2024-09-18 10:37:40.805,412.4607979946487,996
2024-09-18 10:37:40.829,412.46519525575394,1005
2024-09-18 10:37:41.004,412.4984965118478,102
2024-09-18 10:37:41.009,412.4645855061269,15
2024-09-18 10:37:41.056,412.46949406808267,100
2024-09-18 10:37:41.080,412.4784340499899,15
2024-09-18 10:37:41.131,412.48513108897055,1002
2024-09-18 10:37:41.163,412.4686399474178,6
2024-09-18 10:37:41.196,412.4881652949082,13
2024-09-18 10:37:41.243,412.463898219856,105
2024-09-18 10:37:41.308,412.4771089848392,13
2024-09-18 10:37:41.316,412.4757905597471,998
2024-09-18 10:37:41.426,412.4955540836132,10
2024-09-18 10:37:41.570,412.4695368949872,104
2024-09-18 10:37:41.580,412.5004213356709,15
2024-09-18 10:37:41.592,412.4645968765583,10
2024-09-18 10:37:41.597,412.4903562563329,15
2024-09-18 10:37:41.653,412.4807020815632,1003
2024-09-18 10:37:41.698,412.4815668423084,996
2024-09-18 10:37:41.737,412.4696592235191,997
2024-09-18 10:37:41.746,412.4835013013473,101
2024-09-18 10:37:41.778,412.4764601143203,6
2024-09-18 10:37:41.788,412.4564560663399,100
2024-09-18 10:37:41.819,412.47940511551633,15
2024-09-18 10:37:41.822,412.4730082968714,103
2024-09-18 10:37:41.865,412.4870975895296,1005
2024-09-18 10:37:41.913,412.4793095841273,999
2024-09-18 10:37:41.994,412.4934672508911,96
2024-09-18 10:37:42.508,412.5013630856226,999
2024-09-18 10:37:42.775,412.49385269749087,998
2024-09-18 10:37:43.013,412.45155439529066,7
2024-09-18 10:37:43.014,412.4598701830632,98
2024-09-18 10:37:43.017,412.39633243231225,9
2024-09-18 10:37:43.084,412.4173706885292,10
2024-09-18 10:37:43.168,412.4402992342826,100
2024-09-18 10:37:43.196,412.4329137435836,100
2024-09-18 10:37:43.196,412.4416895801946,98
2024-09-18 10:37:43.205,412.4173553745495,1001
2024-09-18 10:37:43.350,412.421001911026,97
2024-09-18 10:37:43.383,412.44862099038806,95
2024-09-18 10:37:43.410,412.4246456713288,102
2024-09-18 10:37:43.432,412.4021374708244,14
2024-09-18 10:37:43.477,412.42026445768965,103
2024-09-18 10:37:43.510,412.4513921480647,101
2024-09-18 10:37:43.584,412.4334185582318,998
2024-09-18 10:37:43.670,412.4674123052039,1000
2024-09-18 10:37:43.681,412.43882032767135,7
2024-09-18 10:37:43.689,412.4179523319879,6
2024-09-18 10:37:43.721,412.45142356389465,997
2024-09-18 10:37:43.739,412.4786820607669,103
2024-09-18 10:37:43.758,412.38411798644046,5
2024-09-18 10:37:43.777,412.44639725065866,15
2024-09-18 10:37:43.808,412.43356978836624,1002
2024-09-18 10:37:43.843,412.4342517244016,13
2024-09-18 10:37:43.859,412.4806441109351,996
2024-09-18 10:37:43.874,412.4391754975128,1000
2024-09-18 10:37:43.898,412.37909835721416,1002
2024-09-18 10:37:43.963,412.4242952773004,999
2024-09-18 10:37:43.985,412.4065043216369,1003
2024-09-18 10:37:44.017,412.3738059997678,8
2024-09-18 10:37:44.035,412.4118363723352,97
2024-09-18 10:37:44.083,412.3563192038314,12
2024-09-18 10:37:44.130,412.3506446155674,102
2024-09-18 10:37:44.196,412.3463379248632,12
2024-09-18 10:37:44.209,412.34158341903367,6
2024-09-18 10:37:44.245,412.3476164586867,1003
2024-09-18 10:37:44.259,412.3640345940819,1002
2024-09-18 10:37:44.412,412.3838932042247,97
2024-09-18 10:37:44.468,412.4009649289459,1002
2024-09-18 10:37:44.601,412.3893365873359,8
2024-09-18 10:37:44.619,412.3197818590141,996
2024-09-18 10:37:44.748,412.3432220454837,95
2024-09-18 10:37:44.809,412.4171548585292,104
2024-09-18 10:37:44.911,412.4042892439739,999
2024-09-18 10:37:44.923,412.3401603430754,9
2024-09-18 10:37:44.966,412.3486923753674,8
2024-09-18 10:37:45.001,412.3461996860622,101
2024-09-18 10:37:45.015,412.2990867734928,1003
2024-09-18 10:37:45.032,412.2896731540472,995
2024-09-18 10:37:45.067,412.3170797225079,1000
2024-09-18 10:37:45.083,412.2532315813398,7
2024-09-18 10:37:45.109,412.2545151905624,1001
2024-09-18 10:37:45.115,412.2688654762519,1005
2024-09-18 10:37:45.200,412.3364511225973,997
2024-09-18 10:37:45.274,412.2771256823202,1002
2024-09-18 10:37:45.298,412.344684533201,8
2024-09-18 10:37:45.305,412.29500577102647,9
2024-09-18 10:37:45.485,412.340352429071,1002
2024-09-18 10:37:45.525,412.2743584282526,1005
2024-09-18 10:37:45.556,412.3321765624677,95
2024-09-18 10:37:45.565,412.28539563864695,5
2024-09-18 10:37:45.614,-412.273193677485,5
2024-09-18 10:37:45.677,412.3251495671352,1000
2024-09-18 10:37:45.680,412.3307090293928,1002
2024-09-18 10:37:45.710,412.2793682875371,95
2024-09-18 10:37:45.725,412.3363031393332,103
2024-09-18 10:37:45.756,412.2666533509986,11
2024-09-18 10:37:45.784,412.3210976728175,104
2024-09-18 10:37:45.988,412.3063870916602,999
2024-09-18 10:37:46.081,412.3147740620616,1004
2024-09-18 10:37:46.088,412.3259790233896,12
2024-09-18 10:37:46.131,412.3288585838037,99
2024-09-18 10:37:46.140,412.3373545769483,98
2024-09-18 10:37:46.185,412.3250030499706,101
2024-09-18 10:37:46.194,412.3354110659877,13
2024-09-18 10:37:46.202,412.3525538100243,5
2024-09-18 10:37:46.217,412.33952578126485,1000
2024-09-18 10:37:46.265,412.3129563975706,7
2024-09-18 10:37:46.381,412.3295102701813,14
2024-09-18 10:37:46.399,412.3528492182844,14
2024-09-18 10:37:46.459,412.3394550337511,996
2024-09-18 10:37:46.544,412.328193203709,95
2024-09-18 10:37:46.554,412.3400187992029,1000
2024-09-18 10:37:46.556,412.3430719409378,97
2024-09-18 10:37:46.608,412.32074130532334,105
2024-09-18 10:37:46.670,412.3412046520375,10
2024-09-18 10:37:46.704,412.3074498593911,1005
2024-09-18 10:37:46.809,412.3369931298618,95
2024-09-18 10:37:46.880,412.3432397554625,996
2024-09-18 10:37:46.945,41.23221669981299,14
2024-09-18 10:37:46.951,412.3128278354136,100
2024-09-18 10:37:46.960,412.3319463884607,99
2024-09-18 10:37:47.028,412.2639610204601,8
2024-09-18 10:37:47.030,412.3208709294456,101
2024-09-18 10:37:47.053,412.2549652598556,104
2024-09-18 10:37:47.270,-412.23561438933496,12
2024-09-18 10:37:47.272,412.2581360202394,13
2024-09-18 10:37:47.305,412.2430445686836,102
2024-09-18 10:37:47.345,412.2877637039277,15
2024-09-18 10:37:47.376,412.272601087527,105
2024-09-18 10:37:47.378,412.2399787856228,996
2024-09-18 10:37:47.409,412.25537882035337,104
2024-09-18 10:37:47.411,412.24214508441526,97
2024-09-18 10:37:47.462,412.332504586725,1003
2024-09-18 10:37:47.467,,104
2024-09-18 10:37:47.501,412.3035785569429,9
2024-09-18 10:37:47.517,412.3136930656105,10
2024-09-18 10:37:47.552,412.3083149987855,99
2024-09-18 10:37:47.609,412.2481860408638,97
2024-09-18 10:37:47.640,412.2649475070467,1000
2024-09-18 10:37:47.700,412.2685336882142,7
2024-09-18 10:37:47.716,412.2922720289733,998
2024-09-18 10:37:47.732,412.3172887412008,7
2024-09-18 10:37:47.768,412.2415697301248,10
2024-09-18 10:37:47.813,412.2617889660157,998
2024-09-18 10:37:47.823,412.2948849634427,1005
2024-09-18 10:37:47.927,412.2913458923865,997
2024-09-18 10:37:47.937,412.2618615561332,104
2024-09-18 10:37:47.976,412.2353849721948,5
2024-09-18 10:37:47.988,412.28476583679645,102
2024-09-18 10:37:47.993,412.31284602763367,997
2024-09-18 10:37:48.099,412.3099773559092,13
2024-09-18 10:37:48.154,412.3425244374216,104
2024-09-18 10:37:48.266,412.3446352090712,996
2024-09-18 10:37:48.269,412.3258894726458,995
2024-09-18 10:37:48.293,412.321975574156,102
2024-09-18 10:37:48.320,412.3338298145473,95
2024-09-18 10:37:48.340,412.35168856633567,104
2024-09-18 10:37:48.374,412.3103602841453,98
2024-09-18 10:37:48.387,412.31362305977694,96
2024-09-18 10:37:48.403,412.331676879596,104
2024-09-18 10:37:48.488,412.3678421973015,95
2024-09-18 10:37:48.499,41.23372584998177,98
2024-09-18 10:37:48.566,412.31285881994216,997
2024-09-18 10:37:48.575,412.3210367944932,15
2024-09-18 10:37:48.735,412.33842186657694,999
2024-09-18 10:37:48.810,412.3224681136522,103
2024-09-18 10:37:48.866,412.3219283935399,10
2024-09-18 10:37:48.997,412.3441092704553,100
2024-09-18 10:37:49.012,41.23619252164252,97
2024-09-18 10:37:49.014,412.3402218863858,996
2024-09-18 10:37:49.071,412.3639490136018,105
2024-09-18 10:37:49.077,412.42433642331656,995
2024-09-18 10:37:49.113,412.4012868133057,999
2024-09-18 10:37:49.136,412.3599068562083,102
2024-09-18 10:37:49.169,412.3693952457041,99
2024-09-18 10:37:49.254,412.3618281815554,998
2024-09-18 10:37:49.344,412.3447393198008,1001
2024-09-18 10:37:49.390,412.3499972104347,96
2024-09-18 10:37:49.445,412.4265278657516,11
2024-09-18 10:37:49.456,412.35751738144114,101
2024-09-18 10:37:49.469,412.35990007104016,1005
2024-09-18 10:37:49.484,412.4299427655514,8
2024-09-18 10:37:49.549,412.3335416003864,13
2024-09-18 10:37:49.747,412.3675978744078,105
2024-09-18 10:37:49.776,412.42878790750206,1001
2024-09-18 10:37:49.810,412.3646671914389,1001
2024-09-18 10:37:49.851,412.4346451601,5
2024-09-18 10:37:49.908,412.34215926172885,1003
2024-09-18 10:37:50.947,412.4313837626359,15
2024-09-18 10:37:50.960,412.4304376814842,103
2024-09-18 10:37:51.023,412.533346025528,1000
2024-09-18 10:37:51.047,412.4526419643088,11
2024-09-18 10:37:51.134,412.3946304992711,6
2024-09-18 10:37:51.140,412.4275148809237,14
2024-09-18 10:37:51.181,412.40031526273737,8
2024-09-18 10:37:51.267,412.5211815796721,8
2024-09-18 10:37:51.269,412.4344369377274,97
2024-09-18 10:37:51.321,412.42500802100784,104
2024-09-18 10:37:51.335,412.4311645300215,10
2024-09-18 10:37:51.341,412.50946149554056,10
2024-09-18 10:37:51.349,412.47352245882735,103
2024-09-18 10:37:51.382,412.40284883103845,1003
2024-09-18 10:37:51.499,412.5156239882953,12
2024-09-18 10:37:51.624,412.5335121180383,98
2024-09-18 10:37:51.639,412.3994871029362,99
2024-09-18 10:37:51.694,412.4254572727229,11
2024-09-18 10:37:51.786,412.4325685008436,8
2024-09-18 10:37:51.805,412.40512058187534,100
2024-09-18 10:37:51.815,412.439357612867,1003
2024-09-18 10:37:51.821,412.51378264232704,7
2024-09-18 10:37:51.866,412.4933671673284,95
2024-09-18 10:37:51.877,412.5013416853035,999
2024-09-18 10:37:51.881,412.43466777552027,996
2024-09-18 10:37:51.957,412.5284953416183,1005
2024-09-18 10:37:51.968,412.5342347219895,999
2024-09-18 10:37:52.001,412.5295458762965,9
2024-09-18 10:37:52.070,412.5422692242586,999
2024-09-18 10:37:52.370,412.5665097235448,98
2024-09-18 10:37:52.432,412.51372922335975,5
2024-09-18 10:37:52.579,412.5083425712493,104
2024-09-18 10:37:52.689,412.53774846930696,104
2024-09-18 10:37:52.749,412.5073698205215,1003
2024-09-18 10:37:53.030,412.59701341284335,96
2024-09-18 10:37:53.271,412.5795986468889,9
2024-09-18 10:37:53.298,412.6643985107797,104
2024-09-18 10:37:53.370,412.6635312972025,9
2024-09-18 10:37:53.488,412.5726775336468,14
2024-09-18 10:37:53.507,412.5830531325018,997
2024-09-18 10:37:53.531,412.58867544007495,996
2024-09-18 10:37:53.580,412.6118364447968,14
2024-09-18 10:37:53.658,,103
2024-09-18 10:37:53.713,412.66456544566114,1004
2024-09-18 10:37:53.746,412.5978951440409,103
2024-09-18 10:37:53.831,412.6860750871218,105
2024-09-18 10:37:53.877,412.6716288862136,95
2024-09-18 10:37:53.946,412.6750479782214,100
2024-09-18 10:37:53.979,412.67184760241054,102
2024-09-18 10:37:53.987,412.6718705329744,10
2024-09-18 10:37:53.993,412.6609537424869,101
2024-09-18 10:37:54.011,412.6634879621288,999
2024-09-18 10:37:54.030,412.6640610996574,12
2024-09-18 10:37:54.036,412.6432273865639,104
2024-09-18 10:37:54.041,412.6473180534944,104
2024-09-18 10:37:54.178,412.65692198171314,13
2024-09-18 10:37:54.186,412.65405936887583,997
2024-09-18 10:37:54.232,412.6473935632729,8
2024-09-18 10:37:54.274,412.668478764101,6
2024-09-18 10:37:54.300,412.6633348974125,1001
2024-09-18 10:37:54.462,412.657333448792,14
2024-09-18 10:37:54.480,412.6504621276427,1003
2024-09-18 10:37:54.530,412.6546214359609,998
2024-09-18 10:37:54.637,412.6438507494867,6
2024-09-18 10:37:54.749,412.6775448878954,15
2024-09-18 10:37:54.756,412.6636643263873,1001
2024-09-18 10:37:54.932,412.644148006323,995
2024-09-18 10:37:54.953,412.6540157676483,1003
2024-09-18 10:37:55.161,412.6853342482865,996
2024-09-18 10:37:55.234,412.6857303968174,1003
2024-09-18 10:37:55.371,412.6558139344572,6
2024-09-18 10:37:55.513,412.6405660269791,10
2024-09-18 10:37:55.562,412.6280684266079,1001
2024-09-18 10:37:55.583,412.6201724287052,14
2024-09-18 10:37:55.658,412.6661669444914,99
2024-09-18 10:37:55.669,412.6304038110715,103
2024-09-18 10:37:55.756,412.63315608628704,14
2024-09-18 10:37:55.759,412.62694294895766,8
2024-09-18 10:37:55.890,412.6313913932237,999
2024-09-18 10:37:55.964,412.6558603033607,12
2024-09-18 10:37:55.994,412.6369886826301,97
2024-09-18 10:37:56.022,412.6235164114345,97
2024-09-18 10:37:56.049,412.6106796935424,999
2024-09-18 10:37:56.079,412.619390878728,998
2024-09-18 10:37:56.109,412.6213660406697,1003
2024-09-18 10:37:56.121,412.5973484419756,999
2024-09-18 10:37:56.177,412.6095495437256,102
2024-09-18 10:37:56.183,412.622508865112,7
2024-09-18 10:37:56.202,412.63776713258665,12
2024-09-18 10:37:56.230,412.610095073576,95
2024-09-18 10:37:56.253,412.65235054149866,104
2024-09-18 10:37:56.265,412.61979610001146,12
2024-09-18 10:37:56.334,412.5938885603383,12
2024-09-18 10:37:56.446,412.5974602942404,999
2024-09-18 10:37:56.494,412.6439326869258,8
2024-09-18 10:37:56.550,412.6395134546835,11
2024-09-18 10:37:56.608,412.61697086073895,1000
2024-09-18 10:37:56.655,412.6015944613464,103
2024-09-18 10:37:56.708,412.6044910370532,13
2024-09-18 10:37:56.755,412.5939502699757,99
2024-09-18 10:37:56.791,412.6543983098621,101
2024-09-18 10:37:56.886,412.64151582410295,5
2024-09-18 10:37:56.975,412.6196881361536,9
2024-09-18 10:37:57.254,412.58094002597136,104
2024-09-18 10:37:57.282,412.5464937149321,102
2024-09-18 10:37:57.408,412.6067498729371,11
2024-09-18 10:37:57.412,412.5873852143261,5
2024-09-18 10:37:57.505,412.6075744837317,1002
2024-09-18 10:37:57.548,412.5468641316869,996
2024-09-18 10:37:57.553,412.5819806315548,12
2024-09-18 10:37:57.562,412.604127391315,96
2024-09-18 10:37:57.704,412.5531078795335,105
2024-09-18 10:37:57.767,412.59559179741854,103
2024-09-18 10:37:57.770,412.61625159729925,103
2024-09-18 10:37:57.776,412.59499456566977,1005
2024-09-18 10:37:57.967,412.6176333895616,103
2024-09-18 10:37:58.172,412.5967941471868,1002
2024-09-18 10:37:58.179,412.5946772464815,10
2024-09-18 10:37:58.204,412.5507159435296,996
2024-09-18 10:37:58.234,412.606221029981,996
2024-09-18 10:37:58.379,412.5675450284467,14
2024-09-18 10:37:58.398,412.57680656502765,101
2024-09-18 10:37:58.624,412.605591305891,996
2024-09-18 10:37:58.627,412.5613514942804,995
2024-09-18 10:37:58.629,-412.59847929766994,10
2024-09-18 10:37:58.740,412.6074558897701,995
2024-09-18 10:37:58.758,412.551912898445,10
2024-09-18 10:37:58.834,412.5952360499557,96
2024-09-18 10:37:58.856,412.58949558245496,9
2024-09-18 10:37:58.931,412.5870958928336,997
2024-09-18 10:37:58.949,412.5529019663996,8
2024-09-18 10:37:59.204,412.58822806313214,97
2024-09-18 10:37:59.721,412.5867724488908,6
