Timestamp,Price,Size
2024-09-16 14:51:00.004,416.2771358421107,995
2024-09-16 14:51:00.013,416.1971793731911,1003
2024-09-16 14:51:00.030,416.27536923927386,1003
2024-09-16 14:51:00.083,416.3242410844457,103
2024-09-16 14:51:00.090,416.2412085535706,105
2024-09-16 14:51:00.128,416.30640697097135,101
2024-09-16 14:51:00.130,416.2609963544666,996
2024-09-16 14:51:00.170,416.27982080824336,10
2024-09-16 14:51:00.179,416.2570598775373,1001
2024-09-16 14:51:00.186,416.2708154408146,1005
2024-09-16 14:51:00.226,416.2607924213231,1004
2024-09-16 14:51:00.226,416.2174426664264,6
2024-09-16 14:51:00.292,416.2540951187608,7
2024-09-16 14:51:00.353,416.3017667895392,1003
2024-09-16 14:51:00.393,416.3105327674321,15
2024-09-16 14:51:00.493,416.21041118054256,102
2024-09-16 14:51:00.554,416.244704141676,5
2024-09-16 14:51:00.599,416.2695025355361,102
2024-09-16 14:51:00.633,416.303195028279,103
2024-09-16 14:51:00.662,416.2705270175756,6
2024-09-16 14:51:00.672,416.27815341603474,8
2024-09-16 14:51:00.712,416.2506015656988,12
2024-09-16 14:51:00.726,416.2737536696552,104
2024-09-16 14:51:00.789,416.24952854766514,101
2024-09-16 14:51:00.813,416.1977061614125,96
2024-09-16 14:51:00.821,416.2623016668792,1001
2024-09-16 14:51:00.825,416.2549331833537,9
2024-09-16 14:51:00.889,416.2716217763775,1000
2024-09-16 14:51:01.059,416.3267022986682,997
2024-09-16 14:51:01.112,416.2981045505906,5
2024-09-16 14:51:01.113,416.317736688477,97
2024-09-16 14:51:01.121,416.3264765865386,105
2024-09-16 14:51:01.157,416.2875082431929,11
2024-09-16 14:51:01.189,416.3065664943448,11
2024-09-16 14:51:01.200,416.288295261112,13
2024-09-16 14:51:01.229,416.2985328546847,101
2024-09-16 14:51:01.243,416.2784815268456,6
2024-09-16 14:51:01.288,416.3050929061304,104
2024-09-16 14:51:01.295,416.3085405187158,1000
2024-09-16 14:51:01.329,416.3135786777687,7
2024-09-16 14:51:01.361,416.2639996645487,11
2024-09-16 14:51:01.427,416.28726076025976,9
2024-09-16 14:51:01.441,416.34566084965735,997
2024-09-16 14:51:01.508,416.27921768232767,96
2024-09-16 14:51:01.516,416.3225245451737,1004
2024-09-16 14:51:01.753,416.2995369447439,99
2024-09-16 14:51:01.767,416.2870531603989,12
2024-09-16 14:51:01.791,416.27634637418606,105
2024-09-16 14:51:01.891,416.2931929653646,96
2024-09-16 14:51:01.922,416.2903387866895,11
2024-09-16 14:51:01.972,416.2967823171016,1005
2024-09-16 14:51:01.998,416.359838697976,15
2024-09-16 14:51:02.014,416.283178131071,1002
2024-09-16 14:51:02.300,416.30236998583234,15
2024-09-16 14:51:02.310,416.2203933489392,995
2024-09-16 14:51:02.336,416.2476778053192,103
2024-09-16 14:51:02.405,416.2578225966445,100
2024-09-16 14:51:02.528,416.2203943577306,11
2024-09-16 14:51:02.713,416.26081550341,7
2024-09-16 14:51:02.798,416.2376481859562,13
2024-09-16 14:51:02.846,416.275181876418,104
2024-09-16 14:51:02.950,416.221222216864,7
2024-09-16 14:51:02.957,416.2443277428502,13
2024-09-16 14:51:02.961,416.2378100821709,102
2024-09-16 14:51:03.021,416.23211818758335,14
2024-09-16 14:51:03.072,416.21557080820713,6
2024-09-16 14:51:03.149,416.221750460536,98
2024-09-16 14:51:03.185,416.2212556530123,11
2024-09-16 14:51:03.207,416.2248874703725,995
2024-09-16 14:51:03.299,416.2287594311132,997
2024-09-16 14:51:03.405,,98
2024-09-16 14:51:03.510,416.2168608560258,1002
2024-09-16 14:51:03.572,416.2146890527049,12
2024-09-16 14:51:03.628,416.2109774582526,1005
2024-09-16 14:51:03.680,416.2071449488493,7
2024-09-16 14:51:03.695,416.2154535655358,97
2024-09-16 14:51:03.770,416.2133310735268,12
2024-09-16 14:51:03.913,416.21413994552273,104
2024-09-16 14:51:03.976,416.2360180405196,1005
2024-09-16 14:51:04.018,416.204350463106,11
2024-09-16 14:51:04.134,416.1575068766597,9
2024-09-16 14:51:04.354,416.2022235735772,101
2024-09-16 14:51:04.379,416.1226369674392,11
2024-09-16 14:51:04.878,416.187709081136,102
2024-09-16 14:51:04.968,416.1371615964906,104
2024-09-16 14:51:05.105,416.1340563777448,998
2024-09-16 14:51:05.247,416.1341132232925,7
2024-09-16 14:51:05.354,416.1238858068239,1005
2024-09-16 14:51:05.363,416.1785300064065,105
2024-09-16 14:51:05.429,416.1799233133835,1004
2024-09-16 14:51:05.438,416.13779419914783,1002
2024-09-16 14:51:05.465,416.1528151335147,1000
2024-09-16 14:51:05.495,416.1639583750408,97
2024-09-16 14:51:05.512,416.1308163185059,6
2024-09-16 14:51:05.518,416.12625913665335,12
2024-09-16 14:51:05.598,416.1438174321313,7
2024-09-16 14:51:05.646,418.1281960069323,95
2024-09-16 14:51:05.692,416.14765381150136,13
2024-09-16 14:51:05.911,416.13382546589287,1001
2024-09-16 14:51:05.992,416.1888700073455,13
2024-09-16 14:51:05.997,416.19984963198016,1001
2024-09-16 14:51:06.002,416.2036269656316,96
2024-09-16 14:51:06.084,416.2498444212742,9
2024-09-16 14:51:06.397,416.223187645638,12
2024-09-16 14:51:06.404,416.2528903542254,103
2024-09-16 14:51:06.525,416.2305266976447,98
2024-09-16 14:51:06.532,416.24517981881934,7
2024-09-16 14:51:06.649,416.2079768544644,1001
2024-09-16 14:51:06.691,416.25959948687046,1003
2024-09-16 14:51:06.789,416.2188196082423,10
2024-09-16 14:51:06.839,416.2324565089495,998
2024-09-16 14:51:06.870,416.20783983200033,995
2024-09-16 14:51:06.990,416.2318070332,9
2024-09-16 14:51:07.098,416.2844163646079,1003
2024-09-16 14:51:07.114,416.269176831173,97
2024-09-16 14:51:07.273,416.2341356590004,103
2024-09-16 14:51:07.300,416.23052444010426,14
2024-09-16 14:51:07.312,416.2724943550508,1003
2024-09-16 14:51:07.418,416.2747417144272,100
2024-09-16 14:51:07.555,416.2422341680212,998
2024-09-16 14:51:07.562,416.2465727879776,999
2024-09-16 14:51:07.598,416.24442861811673,101
2024-09-16 14:51:07.640,416.2303184052456,5
2024-09-16 14:51:07.641,416.24714401092,5
2024-09-16 14:51:07.746,41.62780353205862,8
2024-09-16 14:51:07.946,416.2344173629023,1003
2024-09-16 14:51:08.074,416.2410917781714,103
2024-09-16 14:51:08.121,416.2771777320388,996
2024-09-16 14:51:08.147,416.2560729758753,100
2024-09-16 14:51:08.147,416.2782923482449,95
2024-09-16 14:51:08.324,416.27022661256177,1002
2024-09-16 14:51:08.442,416.25349884520887,101
2024-09-16 14:51:08.468,416.29354753526735,95
2024-09-16 14:51:08.514,416.2567093667797,8
2024-09-16 14:51:08.567,416.2595092937854,102
2024-09-16 14:51:08.654,416.2847553183709,1003
2024-09-16 14:51:08.836,416.2513843260472,999
2024-09-16 14:51:08.876,416.25330760953386,1002
2024-09-16 14:51:08.886,416.2675292096765,14
2024-09-16 14:51:08.893,416.2484889412799,1005
2024-09-16 14:51:08.926,416.29390485218,104
2024-09-16 14:51:08.963,416.2459799801165,15
2024-09-16 14:51:09.103,416.2665084948695,1002
2024-09-16 14:51:09.178,416.2360772700253,10
2024-09-16 14:51:09.512,416.2787627492544,995
2024-09-16 14:51:09.512,416.2561036265763,104
2024-09-16 14:51:09.519,416.266687850764,6
2024-09-16 14:51:09.585,416.2099697441101,1004
2024-09-16 14:51:09.731,416.21720128937255,7
2024-09-16 14:51:09.808,416.2560124442868,1004
2024-09-16 14:51:09.809,416.2689576126025,8
2024-09-16 14:51:09.873,-416.2505437677731,101
2024-09-16 14:51:09.923,416.24227824288624,14
2024-09-16 14:51:10.016,416.2618118354183,101
2024-09-16 14:51:10.040,416.22171325215385,105
2024-09-16 14:51:10.050,416.2739672261719,104
2024-09-16 14:51:10.094,416.37106306388506,7
2024-09-16 14:51:10.128,416.3190134706665,95
2024-09-16 14:51:10.147,416.2424067428907,1001
2024-09-16 14:51:10.233,416.2678498581639,99
2024-09-16 14:51:10.322,416.3510980393538,98
2024-09-16 14:51:10.352,416.3207817870852,95
2024-09-16 14:51:10.406,416.35836028450586,13
2024-09-16 14:51:10.553,416.2707220386879,103
2024-09-16 14:51:10.594,416.2833068199164,10
2024-09-16 14:51:10.596,416.2966828018845,995
2024-09-16 14:51:10.611,416.3726721726582,102
2024-09-16 14:51:10.664,416.314470059506,1002
2024-09-16 14:51:10.688,416.3523493175216,997
2024-09-16 14:51:10.709,416.2904826833041,96
2024-09-16 14:51:10.714,416.27346742455535,8
2024-09-16 14:51:10.734,416.2768322111743,1004
2024-09-16 14:51:10.740,416.2756039947428,14
2024-09-16 14:51:10.745,416.3332603481641,5
2024-09-16 14:51:10.775,416.3297215507236,98
2024-09-16 14:51:10.834,416.3275176786832,1003
2024-09-16 14:51:10.857,416.266070957281,995
2024-09-16 14:51:10.871,416.3260705666366,12
2024-09-16 14:51:10.925,416.3004704132136,101
2024-09-16 14:51:10.934,416.3058740960189,1001
2024-09-16 14:51:10.964,416.3720387674711,104
2024-09-16 14:51:11.105,416.3028767880228,8
2024-09-16 14:51:11.175,416.29537921752654,102
2024-09-16 14:51:11.200,416.2497886253624,97
2024-09-16 14:51:11.200,416.2675230730874,96
2024-09-16 14:51:11.247,416.22591247203474,10
2024-09-16 14:51:11.364,416.2964709034387,1000
2024-09-16 14:51:11.369,416.31151386195023,7
2024-09-16 14:51:11.377,416.1963111397412,997
2024-09-16 14:51:11.388,416.220453855413,102
2024-09-16 14:51:11.448,,997
2024-09-16 14:51:11.459,416.2555310190537,9
2024-09-16 14:51:11.522,416.2496025611653,1004
2024-09-16 14:51:11.529,416.2685597479697,102
2024-09-16 14:51:11.535,416.2865517076111,6
2024-09-16 14:51:11.537,416.2865488862543,996
2024-09-16 14:51:11.541,416.2488839166224,95
2024-09-16 14:51:11.586,416.2175119985666,999
2024-09-16 14:51:11.717,416.2913540353647,1004
2024-09-16 14:51:11.787,416.2966639080255,1004
2024-09-16 14:51:11.817,416.1853128160106,15
2024-09-16 14:51:11.935,416.25839671886513,9
2024-09-16 14:51:11.955,,103
2024-09-16 14:51:11.974,416.2951083854642,97
2024-09-16 14:51:12.022,416.17738127759753,100
2024-09-16 14:51:12.026,416.1753023732253,96
2024-09-16 14:51:12.123,416.1850150192973,103
2024-09-16 14:51:12.139,416.1866851053418,11
2024-09-16 14:51:12.161,416.1688075857485,8
2024-09-16 14:51:12.285,416.17914226361006,12
2024-09-16 14:51:12.303,416.15314997151023,98
2024-09-16 14:51:12.341,416.1695309682365,996
2024-09-16 14:51:12.410,416.1672409695442,95
2024-09-16 14:51:12.443,416.1778678514872,102
2024-09-16 14:51:12.513,416.1633149424689,5
2024-09-16 14:51:12.530,416.17047130587497,1001
2024-09-16 14:51:12.555,416.1383702105227,101
2024-09-16 14:51:12.569,416.14230112442937,6
2024-09-16 14:51:12.573,416.1755399123986,97
2024-09-16 14:51:12.637,416.1435584873092,997
2024-09-16 14:51:12.639,416.16207306365305,95
2024-09-16 14:51:12.667,416.1632177677384,102
2024-09-16 14:51:12.670,416.1669620082411,102
2024-09-16 14:51:12.807,416.1928041780589,995
2024-09-16 14:51:12.836,416.1651495508563,10
2024-09-16 14:51:12.916,416.1688793371548,5
2024-09-16 14:51:13.079,416.1327071776676,100
2024-09-16 14:51:13.080,416.1845540853835,997
2024-09-16 14:51:13.081,416.1422848272642,14
2024-09-16 14:51:13.098,416.1784794612461,10
2024-09-16 14:51:13.145,416.1522483584441,103
2024-09-16 14:51:13.220,416.1634387862537,13
2024-09-16 14:51:13.242,416.1547314583672,105
2024-09-16 14:51:13.252,416.1304834726266,1001
2024-09-16 14:51:13.374,416.16786154713,103
2024-09-16 14:51:13.449,416.1334298425084,95
2024-09-16 14:51:13.449,416.1379213705381,1003
2024-09-16 14:51:13.485,416.1818110769894,999
2024-09-16 14:51:13.508,416.1711526074115,99
2024-09-16 14:51:13.580,416.1615775099538,9
2024-09-16 14:51:13.612,416.16878058058575,101
2024-09-16 14:51:13.621,416.1734841110329,96
2024-09-16 14:51:13.850,416.1246940336727,95
2024-09-16 14:51:13.920,416.1674526415148,998
2024-09-16 14:51:13.961,416.1790069822257,97
2024-09-16 14:51:14.146,416.1250271357345,997
2024-09-16 14:51:14.237,416.1119486389118,7
2024-09-16 14:51:14.357,416.1265021159007,105
2024-09-16 14:51:14.393,416.1397048972904,103
2024-09-16 14:51:14.398,416.1408596154548,1005
2024-09-16 14:51:14.546,416.1253018259392,105
2024-09-16 14:51:14.693,416.1240398383232,1001
2024-09-16 14:51:14.744,416.1372718717202,14
2024-09-16 14:51:14.852,416.1143439319701,997
2024-09-16 14:51:14.897,416.13546220844194,999
2024-09-16 14:51:14.917,416.1363632179577,102
2024-09-16 14:51:14.924,416.1294169309997,10
2024-09-16 14:51:15.033,416.1758991078116,999
2024-09-16 14:51:15.059,416.1635576480597,6
2024-09-16 14:51:15.220,416.1484444877137,12
2024-09-16 14:51:15.297,416.1996191592813,103
2024-09-16 14:51:15.334,416.21587083338073,97
2024-09-16 14:51:15.389,416.1899747259975,102
2024-09-16 14:51:15.395,416.1856414863343,1000
2024-09-16 14:51:15.488,416.1860687744916,102
2024-09-16 14:51:15.552,416.15392337676695,7
2024-09-16 14:51:15.636,416.14153127332304,1001
2024-09-16 14:51:15.711,416.1404314389941,96
2024-09-16 14:51:15.729,416.1888077687859,997
2024-09-16 14:51:15.756,416.16435741781976,8
2024-09-16 14:51:15.762,,103
2024-09-16 14:51:15.824,416.2197849608749,105
2024-09-16 14:51:15.844,416.1542113618645,1000
2024-09-16 14:51:15.849,416.1885539053037,101
2024-09-16 14:51:15.885,416.16881122344313,15
2024-09-16 14:51:15.899,416.1732857804445,105
2024-09-16 14:51:15.899,416.21360614462816,103
2024-09-16 14:51:15.934,416.1688581391368,1005
2024-09-16 14:51:15.975,416.15523421999774,15
2024-09-16 14:51:16.054,416.2233022415312,8
2024-09-16 14:51:16.086,416.2293877827395,998
2024-09-16 14:51:16.160,416.20608341614434,1004
2024-09-16 14:51:16.260,416.2075826298296,7
2024-09-16 14:51:16.297,416.2267127022481,10
2024-09-16 14:51:16.302,416.20438217145016,95
2024-09-16 14:51:16.328,416.2058066702615,95
2024-09-16 14:51:16.374,416.23853239065903,99
2024-09-16 14:51:16.419,416.1806202123672,998
2024-09-16 14:51:16.475,416.2013738163392,5
2024-09-16 14:51:16.510,416.2275511851473,98
2024-09-16 14:51:16.577,416.1796399166786,6
2024-09-16 14:51:16.578,416.1898044176456,12
2024-09-16 14:51:16.633,416.2065667937501,998
2024-09-16 14:51:16.673,416.2263231160267,7
2024-09-16 14:51:16.816,416.214693615694,98
2024-09-16 14:51:16.819,416.2166953317957,13
2024-09-16 14:51:16.844,416.22212865392976,11
2024-09-16 14:51:16.872,416.21252270283566,100
2024-09-16 14:51:17.077,416.2047922873773,100
2024-09-16 14:51:17.156,418.2512869276488,104
2024-09-16 14:51:17.159,416.1957325457357,12
2024-09-16 14:51:17.225,416.2729858758362,1002
2024-09-16 14:51:17.252,416.20593072215297,105
2024-09-16 14:51:17.300,416.2547502422396,15
2024-09-16 14:51:17.344,416.2012694381157,10
2024-09-16 14:51:17.362,416.2573160408189,6
2024-09-16 14:51:17.382,41.62493432116065,1001
2024-09-16 14:51:17.391,-416.2292666582693,104
2024-09-16 14:51:17.450,416.1888042902021,95
2024-09-16 14:51:17.707,416.20207993881394,1004
2024-09-16 14:51:17.799,416.19719670301856,1000
2024-09-16 14:51:17.878,416.20459915144335,1003
2024-09-16 14:51:17.967,416.2403227035889,10
2024-09-16 14:51:18.000,416.2499036888023,1002
2024-09-16 14:51:18.048,416.2522076647724,7
2024-09-16 14:51:18.078,416.2490294078814,998
2024-09-16 14:51:18.121,416.24459381984633,101
2024-09-16 14:51:18.143,416.2746802337333,8
2024-09-16 14:51:18.181,416.22532874335167,100
2024-09-16 14:51:18.325,416.2276823946463,1004
2024-09-16 14:51:18.344,416.2806510442535,15
2024-09-16 14:51:18.351,416.2623646632918,103
2024-09-16 14:51:18.354,416.2755448579548,999
2024-09-16 14:51:18.366,416.259067721935,15
2024-09-16 14:51:18.368,416.2529237515116,12
2024-09-16 14:51:18.433,416.2521744506761,997
2024-09-16 14:51:18.463,416.256080389891,104
2024-09-16 14:51:18.576,416.2656827601154,100
2024-09-16 14:51:18.672,416.2397644105823,9
2024-09-16 14:51:18.678,416.2432809291656,105
2024-09-16 14:51:18.679,416.28322525378087,13
2024-09-16 14:51:18.715,416.26068855328526,995
2024-09-16 14:51:18.746,416.2500722918308,10
2024-09-16 14:51:18.907,416.2471311519584,10
2024-09-16 14:51:18.927,-416.259308931441,95
2024-09-16 14:51:18.951,416.2821837163171,99
2024-09-16 14:51:19.018,416.24592839472825,97
2024-09-16 14:51:19.057,416.3179465818328,1001
2024-09-16 14:51:19.068,416.2982212124595,96
2024-09-16 14:51:19.091,416.2944111962762,1005
2024-09-16 14:51:19.157,416.3045022532765,105
2024-09-16 14:51:19.227,416.279724763582,11
2024-09-16 14:51:19.238,416.26278976229634,1003
2024-09-16 14:51:19.473,416.2604741787488,96
2024-09-16 14:51:19.485,416.2683661080807,998
2024-09-16 14:51:19.529,416.2951781874222,12
2024-09-16 14:51:19.584,416.2594663165081,998
2024-09-16 14:51:19.615,416.2623522468444,996
2024-09-16 14:51:19.686,416.2697433580847,95
2024-09-16 14:51:19.744,416.2791105154668,998
2024-09-16 14:51:19.777,416.2693638903517,98
2024-09-16 14:51:19.791,416.2564684848376,1001
2024-09-16 14:51:19.840,416.2745956839284,6
2024-09-16 14:51:19.856,,101
2024-09-16 14:51:19.897,416.25290926091424,103
2024-09-16 14:51:19.986,416.2362144098436,9
2024-09-16 14:51:20.099,416.2984917841932,101
2024-09-16 14:51:20.588,-416.297324187094,96
2024-09-16 14:51:20.868,416.30105858985854,96
2024-09-16 14:51:21.020,416.4252144433668,103
2024-09-16 14:51:21.088,416.374114443205,105
2024-09-16 14:51:21.170,416.3341445674923,13
2024-09-16 14:51:21.174,416.3478413196901,996
2024-09-16 14:51:21.204,416.3878894911151,1001
2024-09-16 14:51:21.219,416.4241972933339,104
2024-09-16 14:51:21.266,416.4151971192076,1005
2024-09-16 14:51:21.285,416.3501282252769,102
2024-09-16 14:51:21.326,416.3299343971882,13
2024-09-16 14:51:21.351,416.4035348181453,105
2024-09-16 14:51:21.495,416.30782751552846,100
2024-09-16 14:51:21.532,416.3986095886537,6
2024-09-16 14:51:21.578,416.4321911426508,13
2024-09-16 14:51:21.672,416.31458110874985,995
2024-09-16 14:51:21.688,416.3652819157954,1003
2024-09-16 14:51:21.755,416.4241806079882,1001
2024-09-16 14:51:21.806,416.41338607073175,8
2024-09-16 14:51:21.955,416.4070592533907,14
2024-09-16 14:51:21.971,416.4088402477479,97
2024-09-16 14:51:21.983,416.4239813307752,1002
2024-09-16 14:51:22.567,416.41133663734416,96
2024-09-16 14:51:23.062,416.4138792486967,8
2024-09-16 14:51:23.074,416.45916560131815,6
2024-09-16 14:51:23.088,416.4240858307549,9
2024-09-16 14:51:23.090,416.45955429831423,11
2024-09-16 14:51:23.104,416.4177024977264,103
2024-09-16 14:51:23.112,416.4875469070981,104
2024-09-16 14:51:23.115,416.45687003471744,8
2024-09-16 14:51:23.123,416.44522370201344,997
2024-09-16 14:51:23.156,416.38689976004576,100
2024-09-16 14:51:23.198,416.4180139805016,9
2024-09-16 14:51:23.234,416.4484854260305,95
2024-09-16 14:51:23.235,416.39705676808126,1003
2024-09-16 14:51:23.275,416.4186385060313,12
2024-09-16 14:51:23.419,416.4125171179902,6
2024-09-16 14:51:23.423,416.44993225666616,1003
2024-09-16 14:51:23.449,416.41932056516606,1004
2024-09-16 14:51:23.517,416.46333928946,100
2024-09-16 14:51:23.575,416.4153983179747,13
2024-09-16 14:51:23.601,416.4191959865324,11
2024-09-16 14:51:23.605,416.4593688778733,99
2024-09-16 14:51:23.649,416.4219083584706,11
2024-09-16 14:51:23.678,416.4341193865532,12
2024-09-16 14:51:23.705,416.4235524958582,11
2024-09-16 14:51:23.764,416.3851405957994,15
2024-09-16 14:51:23.784,416.4680421913322,1001
2024-09-16 14:51:23.803,416.424819781571,105
2024-09-16 14:51:23.916,416.4306771762568,1001
2024-09-16 14:51:24.013,416.4827748962092,5
2024-09-16 14:51:24.059,416.4964598073979,11
2024-09-16 14:51:24.088,416.4857409590557,102
2024-09-16 14:51:24.098,416.4509404346636,1005
2024-09-16 14:51:24.105,416.47237070903606,996
2024-09-16 14:51:24.108,416.4445345502622,1004
2024-09-16 14:51:24.193,416.48329862052174,9
2024-09-16 14:51:24.408,416.4568087268603,999
2024-09-16 14:51:24.410,416.461457539012,103
2024-09-16 14:51:24.444,416.4623852524368,7
2024-09-16 14:51:24.458,416.4825323992623,97
2024-09-16 14:51:24.516,416.4602608782826,999
2024-09-16 14:51:24.529,416.4476621177167,1005
2024-09-16 14:51:24.717,416.4782290980029,95
2024-09-16 14:51:24.805,416.4520071115868,995
2024-09-16 14:51:24.876,416.45307831024905,8
2024-09-16 14:51:24.945,416.4492482445001,95
2024-09-16 14:51:25.033,416.4646322458259,97
2024-09-16 14:51:26.039,416.4111374216364,103
2024-09-16 14:51:26.040,416.4364844901663,11
2024-09-16 14:51:26.102,416.44101943632586,95
2024-09-16 14:51:26.120,416.4441804751884,103
2024-09-16 14:51:26.198,416.4606603931776,996
2024-09-16 14:51:26.303,416.4611266817869,1004
2024-09-16 14:51:26.326,416.4095849046846,7
2024-09-16 14:51:26.415,416.4337018151895,9
2024-09-16 14:51:26.443,416.4494804426983,99
2024-09-16 14:51:26.459,416.4599482508367,6
2024-09-16 14:51:26.460,416.4207352581684,13
2024-09-16 14:51:26.522,416.4406966003274,96
2024-09-16 14:51:26.686,416.4417832058661,11
2024-09-16 14:51:26.729,416.4156918202869,1000
2024-09-16 14:51:26.784,416.4335342065811,98
2024-09-16 14:51:26.803,416.40844697588136,998
2024-09-16 14:51:26.824,416.44160839301736,96
2024-09-16 14:51:26.853,416.414803501698,11
2024-09-16 14:51:26.858,416.4208953683229,105
2024-09-16 14:51:26.916,416.42663136323375,9
2024-09-16 14:51:26.938,416.4169184985909,1001
2024-09-16 14:51:26.964,416.4546318607341,9
2024-09-16 14:51:27.022,416.3959936013258,995
2024-09-16 14:51:27.238,416.34676176773655,1000
2024-09-16 14:51:27.276,416.4057620024434,999
2024-09-16 14:51:27.426,416.3680787164313,7
2024-09-16 14:51:27.455,416.3714316359132,13
2024-09-16 14:51:27.523,416.3877830386887,102
2024-09-16 14:51:27.690,416.3468480231234,102
2024-09-16 14:51:27.700,416.3814740777468,105
2024-09-16 14:51:27.712,416.3691921254598,5
2024-09-16 14:51:27.767,416.37565478281965,995
2024-09-16 14:51:27.878,416.4046620380542,1003
2024-09-16 14:51:27.935,416.4244133610271,95
2024-09-16 14:51:27.955,416.4317193404679,98
2024-09-16 14:51:27.960,,1001
2024-09-16 14:51:28.067,416.3003905027203,997
2024-09-16 14:51:28.114,416.32273969861774,101
2024-09-16 14:51:28.239,416.3283330635732,13
2024-09-16 14:51:28.303,416.3298043094803,15
2024-09-16 14:51:28.312,416.3253657663111,1004
2024-09-16 14:51:28.320,416.3097407119213,9
2024-09-16 14:51:28.468,416.2900080782308,99
2024-09-16 14:51:28.480,416.3176171030313,1005
2024-09-16 14:51:28.489,416.3306968013327,104
2024-09-16 14:51:28.507,416.3099345024061,15
2024-09-16 14:51:28.562,416.3252065351761,95
2024-09-16 14:51:28.563,416.3243673644975,15
2024-09-16 14:51:28.607,416.3452058815225,995
2024-09-16 14:51:28.625,416.288305573797,999
2024-09-16 14:51:28.633,416.2990884381493,1000
2024-09-16 14:51:28.651,416.2883353844434,13
2024-09-16 14:51:28.677,416.3273526809418,103
2024-09-16 14:51:28.791,416.2974887037787,8
2024-09-16 14:51:28.808,416.3065732337444,1002
2024-09-16 14:51:28.816,416.28811067381264,6
2024-09-16 14:51:28.827,416.317966657144,105
2024-09-16 14:51:28.828,416.2977458894573,95
2024-09-16 14:51:28.843,416.3221049271662,1003
2024-09-16 14:51:28.880,416.3129530581228,8
2024-09-16 14:51:28.883,416.3245680393141,1002
2024-09-16 14:51:28.884,416.3302612342544,96
2024-09-16 14:51:28.902,416.30781104389575,1003
2024-09-16 14:51:28.938,416.2963260887474,995
2024-09-16 14:51:28.998,416.2968319031312,1004
2024-09-16 14:51:29.049,416.31933233982267,12
2024-09-16 14:51:29.057,416.339392588113,13
2024-09-16 14:51:29.065,416.3103106608208,12
2024-09-16 14:51:29.070,416.3242679433914,8
2024-09-16 14:51:29.091,416.33141097738593,105
2024-09-16 14:51:29.099,416.3490996991756,95
2024-09-16 14:51:29.111,416.30900374273193,6
2024-09-16 14:51:29.118,416.3280937193024,8
2024-09-16 14:51:29.118,416.32822469095066,995
2024-09-16 14:51:29.216,416.33453790521816,1004
2024-09-16 14:51:29.349,416.3382602735666,997
2024-09-16 14:51:29.352,416.33921180621,9
2024-09-16 14:51:29.391,416.3159995943987,15
2024-09-16 14:51:29.504,416.3355097868787,1001
2024-09-16 14:51:29.637,416.3574999467922,10
2024-09-16 14:51:29.655,416.34766883766207,1004
2024-09-16 14:51:29.674,416.3311502306236,10
2024-09-16 14:51:29.689,416.3353747316298,13
2024-09-16 14:51:29.724,416.3321400098273,99
2024-09-16 14:51:29.852,416.3289175342424,8
2024-09-16 14:51:29.938,,98
2024-09-16 14:51:29.964,416.33850375352864,1001
2024-09-16 14:51:29.972,416.3322791601368,98
2024-09-16 14:51:29.975,416.3561450298865,999
2024-09-16 14:51:29.980,416.33534690451927,98
2024-09-16 14:51:30.087,416.3134327267689,997
2024-09-16 14:51:30.134,416.340178963292,15
2024-09-16 14:51:30.168,416.3301694126614,15
2024-09-16 14:51:30.205,,999
2024-09-16 14:51:30.222,416.3367312677133,96
2024-09-16 14:51:30.322,416.33404791113713,1005
2024-09-16 14:51:30.323,416.32649975724667,9
2024-09-16 14:51:30.387,416.3231609927203,103
2024-09-16 14:51:30.456,418.21108801048007,1001
2024-09-16 14:51:30.543,416.3380748596856,105
2024-09-16 14:51:30.549,416.3421805240106,96
2024-09-16 14:51:30.719,416.34941999231177,1001
2024-09-16 14:51:30.769,416.3305491500242,97
2024-09-16 14:51:30.855,416.3421894447991,10
2024-09-16 14:51:30.863,416.3346190261236,102
2024-09-16 14:51:30.929,416.3417961903609,105
2024-09-16 14:51:30.939,416.3510677045599,103
2024-09-16 14:51:30.976,416.3191851330315,12
2024-09-16 14:51:31.025,416.3558549903016,7
2024-09-16 14:51:31.070,416.359860173998,1000
2024-09-16 14:51:31.117,416.3674736067891,1003
2024-09-16 14:51:31.224,416.3833745521153,12
2024-09-16 14:51:31.350,416.3634079186112,15
2024-09-16 14:51:31.444,416.3574450737227,999
2024-09-16 14:51:31.454,416.3450239848893,997
2024-09-16 14:51:31.461,416.3346718672851,5
2024-09-16 14:51:31.645,416.3563359261994,1003
2024-09-16 14:51:31.698,416.3260651014441,5
2024-09-16 14:51:31.794,416.36460880944776,97
2024-09-16 14:51:31.882,416.37000016091446,105
2024-09-16 14:51:31.951,416.366497922615,104
2024-09-16 14:51:31.977,416.3348806517403,1005
2024-09-16 14:51:32.014,416.3394939210652,995
2024-09-16 14:51:32.064,416.34665618697295,96
2024-09-16 14:51:32.079,418.2343512552748,1001
2024-09-16 14:51:32.117,416.31764318220047,96
2024-09-16 14:51:32.129,-416.3517171441952,99
2024-09-16 14:51:32.182,416.3614013691162,12
2024-09-16 14:51:32.195,416.3761899868928,98
2024-09-16 14:51:32.216,416.3862820587611,95
2024-09-16 14:51:32.249,416.3556086751436,96
2024-09-16 14:51:32.264,416.3854226821844,1003
2024-09-16 14:51:32.307,416.3812074582585,998
2024-09-16 14:51:32.326,416.3837365687877,10
2024-09-16 14:51:32.356,416.37410292364416,1003
2024-09-16 14:51:32.380,416.3720472189094,1005
2024-09-16 14:51:32.411,416.34415982734953,102
2024-09-16 14:51:32.473,416.31083856057467,100
2024-09-16 14:51:32.640,416.391383024329,95
2024-09-16 14:51:32.653,416.35887434669786,1004
2024-09-16 14:51:32.686,416.3913313124122,6
2024-09-16 14:51:32.754,416.3634517017533,995
2024-09-16 14:51:32.759,416.3351895428237,10
2024-09-16 14:51:32.788,416.3866048354455,12
2024-09-16 14:51:32.869,416.3850498519417,15
2024-09-16 14:51:32.920,416.381614018938,8
2024-09-16 14:51:32.941,41.63571439024114,995
2024-09-16 14:51:32.978,416.3923289947865,9
2024-09-16 14:51:33.057,416.32860105916495,96
2024-09-16 14:51:33.059,416.3441663052836,6
2024-09-16 14:51:33.085,416.3461216542236,995
2024-09-16 14:51:33.109,416.3279737548357,101
2024-09-16 14:51:33.167,416.362482076989,102
2024-09-16 14:51:33.167,416.3356011609304,96
2024-09-16 14:51:33.188,416.3414117037802,103
2024-09-16 14:51:33.190,416.366657456662,7
2024-09-16 14:51:33.230,416.3542779136039,100
2024-09-16 14:51:33.244,416.3610226663357,105
2024-09-16 14:51:33.376,416.3418726200133,14
2024-09-16 14:51:33.405,416.34307958432873,7
2024-09-16 14:51:33.661,416.3192082964211,6
2024-09-16 14:51:33.705,416.3408162786286,105
2024-09-16 14:51:33.752,416.3603310536729,10
2024-09-16 14:51:33.795,,7
2024-09-16 14:51:33.832,-416.35644598322585,15
2024-09-16 14:51:33.882,416.3671780015474,95
2024-09-16 14:51:33.905,416.3551840474954,995
2024-09-16 14:51:34.115,416.3495616814865,997
2024-09-16 14:51:34.256,416.36287937283146,13
2024-09-16 14:51:34.404,416.3601883219483,999
2024-09-16 14:51:34.479,416.3859746863167,6
2024-09-16 14:51:34.671,416.3924601661204,98
2024-09-16 14:51:34.774,416.379314817054,13
2024-09-16 14:51:34.845,416.3662345658596,13
2024-09-16 14:51:34.955,416.37764919053785,1001
2024-09-16 14:51:34.986,416.38791394409424,1001
2024-09-16 14:51:35.002,416.38878122621657,98
2024-09-16 14:51:35.052,416.39911634144806,997
2024-09-16 14:51:35.073,416.41575621246415,15
2024-09-16 14:51:35.108,416.39203831919895,97
2024-09-16 14:51:35.129,416.3797075807519,1002
2024-09-16 14:51:35.189,416.3992707690925,97
2024-09-16 14:51:35.267,416.4029449283227,996
2024-09-16 14:51:35.292,416.40024769774334,96
2024-09-16 14:51:35.359,416.4060772130077,12
2024-09-16 14:51:35.441,416.4081531175671,105
2024-09-16 14:51:35.488,416.3866294389223,98
2024-09-16 14:51:35.492,416.3801088586296,99
2024-09-16 14:51:35.570,416.3791147180922,14
2024-09-16 14:51:35.581,416.3799787740239,997
2024-09-16 14:51:35.600,41.64007139791046,998
2024-09-16 14:51:35.617,416.39006424019226,999
2024-09-16 14:51:35.642,416.39816071025007,1000
2024-09-16 14:51:35.682,416.4121737038007,999
2024-09-16 14:51:35.707,416.3858748970024,103
2024-09-16 14:51:35.767,416.3866636137378,11
2024-09-16 14:51:35.775,416.4040313785207,7
2024-09-16 14:51:35.799,416.4100715195858,101
2024-09-16 14:51:35.828,416.3951083495729,1003
2024-09-16 14:51:35.845,416.3909702302673,15
2024-09-16 14:51:35.862,416.4081720092472,7
2024-09-16 14:51:35.957,416.4024403965664,102
2024-09-16 14:51:35.973,416.4099860331609,998
2024-09-16 14:51:36.026,416.3525052694282,1005
2024-09-16 14:51:36.073,416.38550173977,995
2024-09-16 14:51:36.080,416.3680253522581,998
2024-09-16 14:51:36.080,416.3803618443373,8
2024-09-16 14:51:36.086,416.42380311805226,11
2024-09-16 14:51:36.124,416.3245996547957,15
2024-09-16 14:51:36.167,416.3483327650495,9
2024-09-16 14:51:36.199,416.3675287525862,99
2024-09-16 14:51:36.204,416.399038724084,1001
2024-09-16 14:51:36.208,416.3707377251255,102
2024-09-16 14:51:36.366,416.44053234657787,96
2024-09-16 14:51:36.414,416.3811866082668,996
2024-09-16 14:51:36.452,416.36570971098746,7
2024-09-16 14:51:36.467,416.35573636261216,96
2024-09-16 14:51:36.529,416.4096527543033,996
2024-09-16 14:51:36.538,416.3052596153274,1005
2024-09-16 14:51:36.565,416.3647530286156,14
2024-09-16 14:51:36.573,416.3126475702505,1000
2024-09-16 14:51:36.658,416.4358240428938,6
2024-09-16 14:51:36.802,416.4273544657228,995
2024-09-16 14:51:36.846,416.3495350204274,12
2024-09-16 14:51:36.858,-416.4026467527824,10
2024-09-16 14:51:36.863,416.3157258327136,96
2024-09-16 14:51:37.068,416.3426218420549,995
2024-09-16 14:51:37.165,416.3463591969404,5
2024-09-16 14:51:37.313,416.3439116933093,6
2024-09-16 14:51:37.349,-416.34814688156,6
2024-09-16 14:51:37.363,416.3980185886256,1001
2024-09-16 14:51:37.410,416.4090099224257,95
2024-09-16 14:51:37.521,416.3727024650508,1001
2024-09-16 14:51:37.664,416.36286601176056,1005
2024-09-16 14:51:37.778,416.3381495962174,996
2024-09-16 14:51:37.805,416.3412485775122,995
2024-09-16 14:51:37.816,416.3580458108326,13
2024-09-16 14:51:37.848,416.40641834702814,9
2024-09-16 14:51:37.865,416.41746076686496,7
2024-09-16 14:51:37.900,416.32817093256176,997
2024-09-16 14:51:37.903,416.3492015407468,8
2024-09-16 14:51:37.910,416.37423956300825,1000
2024-09-16 14:51:37.930,416.3358154837726,10
2024-09-16 14:51:37.946,416.3252306060344,999
2024-09-16 14:51:37.969,416.3688925115544,995
2024-09-16 14:51:38.056,416.4319069615437,100
2024-09-16 14:51:38.097,416.43833179230086,1002
2024-09-16 14:51:38.111,416.4228483195077,15
2024-09-16 14:51:38.270,416.4369372957411,998
2024-09-16 14:51:38.274,416.4201941460169,1001
2024-09-16 14:51:38.300,416.4189331236044,11
2024-09-16 14:51:38.423,416.4434625843807,14
2024-09-16 14:51:38.726,416.4260283576328,97
2024-09-16 14:51:38.884,416.4484583747551,1003
2024-09-16 14:51:38.966,416.4173692460443,995
2024-09-16 14:51:39.018,416.4383757649084,997
2024-09-16 14:51:39.080,416.5253891930834,15
2024-09-16 14:51:39.154,416.4282674471575,1001
2024-09-16 14:51:39.159,416.4799641450813,10
2024-09-16 14:51:39.260,416.458857297689,998
2024-09-16 14:51:39.267,416.48453511188944,995
2024-09-16 14:51:39.285,,995
2024-09-16 14:51:39.360,416.4326169059035,999
2024-09-16 14:51:39.381,416.4260270432183,12
2024-09-16 14:51:39.401,416.4281012119178,997
2024-09-16 14:51:39.435,416.4968719439735,996
2024-09-16 14:51:39.440,416.498511540637,995
2024-09-16 14:51:39.471,416.4249080207549,6
2024-09-16 14:51:39.490,416.49288764924887,5
2024-09-16 14:51:39.499,416.4187827018932,104
2024-09-16 14:51:39.560,416.5102076762464,997
2024-09-16 14:51:39.581,-416.5018395939426,1003
2024-09-16 14:51:39.657,416.4436368354888,10
2024-09-16 14:51:39.713,416.43781433755424,97
2024-09-16 14:51:39.725,416.5012495855876,97
2024-09-16 14:51:39.817,416.4373952276595,997
2024-09-16 14:51:39.839,416.50930930610815,996
2024-09-16 14:51:39.960,416.46588407491566,1001
2024-09-16 14:51:39.977,416.444569495789,1000
2024-09-16 14:51:40.011,416.5368555874987,103
2024-09-16 14:51:40.080,416.4921798847844,101
2024-09-16 14:51:40.087,416.4806352378285,13
2024-09-16 14:51:40.515,416.495311712416,96
2024-09-16 14:51:40.607,416.49145539983897,103
2024-09-16 14:51:40.731,416.5051633197512,7
2024-09-16 14:51:40.801,416.538986192732,9
2024-09-16 14:51:40.829,416.5160421366611,102
2024-09-16 14:51:40.916,416.4837231926021,1001
2024-09-16 14:51:41.015,416.5469489367591,5
2024-09-16 14:51:41.131,416.5076805185882,13
2024-09-16 14:51:41.141,416.5046091381103,100
2024-09-16 14:51:41.175,416.5484764322531,101
2024-09-16 14:51:41.200,416.4832786231597,96
2024-09-16 14:51:41.221,416.5023426557712,104
2024-09-16 14:51:41.259,416.5063981425504,102
2024-09-16 14:51:41.278,416.4888316382822,997
2024-09-16 14:51:41.318,416.533490692841,1004
2024-09-16 14:51:41.319,416.5153008805261,999
2024-09-16 14:51:41.373,416.5437543175126,12
2024-09-16 14:51:41.405,416.559154846752,95
2024-09-16 14:51:41.421,416.5042878456361,12
2024-09-16 14:51:41.460,,995
2024-09-16 14:51:41.487,416.5560243995508,98
2024-09-16 14:51:41.517,416.5548701111092,103
2024-09-16 14:51:41.544,416.5046558242568,104
2024-09-16 14:51:41.620,416.51727521301177,1000
2024-09-16 14:51:41.687,416.54216727212287,1005
2024-09-16 14:51:41.688,416.5016075324392,10
2024-09-16 14:51:41.747,416.5333324421241,1000
2024-09-16 14:51:41.761,416.4972643471577,96
2024-09-16 14:51:41.776,416.5395846779501,7
2024-09-16 14:51:41.838,416.5366597063437,997
2024-09-16 14:51:41.870,416.55098021229713,995
2024-09-16 14:51:41.871,,10
2024-09-16 14:51:41.943,416.5289064376694,10
2024-09-16 14:51:41.960,416.51873184767226,9
2024-09-16 14:51:42.035,416.5708439355751,15
2024-09-16 14:51:42.049,416.5920389284851,11
2024-09-16 14:51:42.056,416.5301570082005,996
2024-09-16 14:51:42.094,416.5016308674392,7
2024-09-16 14:51:42.153,416.5631702120022,99
2024-09-16 14:51:42.157,416.5942679581229,97
2024-09-16 14:51:42.247,416.5102686025974,12
2024-09-16 14:51:42.250,416.54734967829,1000
2024-09-16 14:51:42.251,416.5655484225357,105
2024-09-16 14:51:42.302,416.5311902380898,104
2024-09-16 14:51:42.371,416.5842427590602,5
2024-09-16 14:51:42.387,416.5788063199566,12
2024-09-16 14:51:42.419,416.5353131133437,1001
2024-09-16 14:51:42.420,416.5979836175108,1002
2024-09-16 14:51:42.686,416.6113105039609,1003
2024-09-16 14:51:42.711,416.4954590894892,99
2024-09-16 14:51:42.725,416.5782567742641,995
2024-09-16 14:51:42.789,416.5312429230845,97
2024-09-16 14:51:42.853,416.54785824076765,101
2024-09-16 14:51:42.898,416.5573040124043,12
2024-09-16 14:51:42.908,416.4880233272255,996
2024-09-16 14:51:42.918,416.57100722230285,5
2024-09-16 14:51:43.013,416.5803055759786,997
2024-09-16 14:51:43.233,416.5766624550271,997
2024-09-16 14:51:43.749,416.6072700070585,1003
2024-09-16 14:51:43.980,416.5853990686819,99
2024-09-16 14:51:44.128,416.6192239637717,13
2024-09-16 14:51:44.155,416.623996721121,100
2024-09-16 14:51:44.181,416.581404385871,996
2024-09-16 14:51:44.577,416.59745476866544,103
2024-09-16 14:51:44.728,416.6124417027426,996
2024-09-16 14:51:44.898,416.6075387774708,95
2024-09-16 14:51:44.937,416.5807554512206,6
2024-09-16 14:51:44.954,416.60189155876543,7
2024-09-16 14:51:45.103,416.6614139523638,97
2024-09-16 14:51:45.299,416.6439692330681,98
2024-09-16 14:51:45.347,416.6469786602653,1005
2024-09-16 14:51:45.526,416.6714947122911,6
2024-09-16 14:51:45.545,416.6670144201572,6
2024-09-16 14:51:45.576,416.6378903409373,998
2024-09-16 14:51:45.593,416.6432354574986,6
2024-09-16 14:51:45.676,416.6598924809281,100
2024-09-16 14:51:45.686,416.6698527523106,101
2024-09-16 14:51:45.688,416.6465868708773,6
2024-09-16 14:51:45.752,416.6439549599248,103
2024-09-16 14:51:45.822,416.6464522947786,15
2024-09-16 14:51:45.839,416.6496650997372,1003
2024-09-16 14:51:45.844,416.68058288803246,102
2024-09-16 14:51:45.867,416.6713465156525,105
2024-09-16 14:51:45.910,416.6480428576255,997
2024-09-16 14:51:45.964,416.6438947595781,999
2024-09-16 14:51:45.988,416.6596202605262,15
2024-09-16 14:51:45.992,416.663867044569,15
2024-09-16 14:51:46.020,416.7379460802501,11
2024-09-16 14:51:46.026,416.744486619796,996
2024-09-16 14:51:46.031,416.677170475536,1005
2024-09-16 14:51:46.109,416.6812801652521,14
2024-09-16 14:51:46.120,416.6595547453648,97
2024-09-16 14:51:46.267,416.6688004723286,8
2024-09-16 14:51:46.309,416.6619418536929,102
2024-09-16 14:51:46.320,416.73636891501286,105
2024-09-16 14:51:46.325,416.7351479597779,8
2024-09-16 14:51:46.365,416.6683679296568,11
2024-09-16 14:51:46.442,416.66363441835824,1003
2024-09-16 14:51:46.596,416.715783319926,14
2024-09-16 14:51:46.600,416.6784349177672,10
2024-09-16 14:51:46.805,416.6740176752919,104
2024-09-16 14:51:46.820,416.69065889415634,8
2024-09-16 14:51:46.879,416.6580637814522,12
2024-09-16 14:51:46.964,416.6740796716895,1000
2024-09-16 14:51:46.982,416.6862370506467,98
2024-09-16 14:51:47.058,416.7775971911825,97
2024-09-16 14:51:47.214,416.7905893173864,12
2024-09-16 14:51:47.255,416.7788616055064,104
2024-09-16 14:51:47.285,416.7557731411272,98
2024-09-16 14:51:47.292,416.76159952417765,98
2024-09-16 14:51:47.301,416.75604138274855,97
2024-09-16 14:51:47.409,416.7907251222189,5
2024-09-16 14:51:47.453,416.794635403053,1003
2024-09-16 14:51:47.524,416.7369560386852,999
2024-09-16 14:51:47.690,416.78728111920697,11
2024-09-16 14:51:47.717,416.7547099197814,103
2024-09-16 14:51:47.917,416.7745152503826,98
2024-09-16 14:51:48.092,416.8161835290158,5
2024-09-16 14:51:48.109,416.8466395649871,1001
2024-09-16 14:51:48.356,-416.8146853354127,1001
2024-09-16 14:51:48.433,416.8075486994687,12
2024-09-16 14:51:48.471,416.7821700581941,12
2024-09-16 14:51:48.541,416.7959070236518,99
2024-09-16 14:51:48.578,416.8432742241016,1001
2024-09-16 14:51:48.604,416.83536043637287,105
2024-09-16 14:51:48.638,416.8286715015112,11
2024-09-16 14:51:48.675,416.8506733638701,11
2024-09-16 14:51:48.745,416.8037103413963,998
2024-09-16 14:51:48.841,416.8432966205465,12
2024-09-16 14:51:48.847,416.839004610858,99
2024-09-16 14:51:48.849,416.7836231555692,997
2024-09-16 14:51:48.902,416.80944357283977,995
2024-09-16 14:51:48.917,416.7957273897695,1002
2024-09-16 14:51:49.104,416.83525982899874,95
2024-09-16 14:51:49.176,416.8640697175933,1005
2024-09-16 14:51:49.216,416.8434649436084,995
2024-09-16 14:51:49.253,416.9032292013566,1000
2024-09-16 14:51:49.327,416.8558824481948,996
2024-09-16 14:51:49.353,416.8285440357044,101
2024-09-16 14:51:49.420,416.8822584253932,1002
2024-09-16 14:51:49.498,416.8987757457045,8
2024-09-16 14:51:49.507,416.902770993625,1004
2024-09-16 14:51:49.556,416.8266989448969,6
2024-09-16 14:51:49.627,416.8486430133049,8
2024-09-16 14:51:49.699,418.2028134490056,100
2024-09-16 14:51:49.774,416.8891237533773,101
2024-09-16 14:51:49.774,416.89280852405,15
2024-09-16 14:51:49.860,416.8850002948952,103
2024-09-16 14:51:49.950,416.88829088808734,14
2024-09-16 14:51:50.028,416.8777698650792,10
2024-09-16 14:51:50.044,416.9840986184674,105
2024-09-16 14:51:50.164,416.81492678585846,996
2024-09-16 14:51:50.180,416.94004195964175,103
2024-09-16 14:51:50.180,416.9180569292931,9
2024-09-16 14:51:50.229,416.9383835463428,5
2024-09-16 14:51:50.276,416.9435913691751,11
2024-09-16 14:51:50.303,416.88585182896446,1000
2024-09-16 14:51:50.354,416.880018742699,8
2024-09-16 14:51:50.434,416.86973824609447,95
2024-09-16 14:51:50.470,416.9549091494562,13
2024-09-16 14:51:50.497,416.8543200199682,9
2024-09-16 14:51:50.522,416.96314785505086,96
2024-09-16 14:51:50.537,416.8963387634502,102
2024-09-16 14:51:50.543,416.88567072553127,105
2024-09-16 14:51:50.553,416.9402230329847,1001
2024-09-16 14:51:50.578,416.94777894765815,11
2024-09-16 14:51:50.605,416.9006516600084,11
2024-09-16 14:51:50.642,416.879629519326,999
2024-09-16 14:51:50.652,416.9293303746382,1002
2024-09-16 14:51:50.691,416.9617092756978,5
2024-09-16 14:51:50.728,-416.8784878572367,103
2024-09-16 14:51:50.739,41.68770298661321,12
2024-09-16 14:51:50.812,416.8787314143693,9
2024-09-16 14:51:50.978,416.8681045174288,14
2024-09-16 14:51:51.144,416.94230391237465,995
2024-09-16 14:51:51.206,416.9539410620853,1004
2024-09-16 14:51:51.354,416.9388833149618,102
2024-09-16 14:51:51.795,416.9365278646709,996
2024-09-16 14:51:51.840,416.9602816874085,15
2024-09-16 14:51:52.036,416.942489681968,95
2024-09-16 14:51:52.107,416.9372433653145,1001
2024-09-16 14:51:52.245,416.9372117436229,1003
2024-09-16 14:51:52.366,416.9751342233439,95
2024-09-16 14:51:52.434,416.9758949792321,97
2024-09-16 14:51:52.501,416.9554921825751,95
2024-09-16 14:51:52.771,416.9568156423625,1002
2024-09-16 14:51:52.922,416.9419067302714,104
2024-09-16 14:51:52.990,416.9755763984346,100
2024-09-16 14:51:53.654,416.92899396247896,999
2024-09-16 14:51:54.023,416.8706593065127,997
2024-09-16 14:51:54.079,416.8246057448004,1005
2024-09-16 14:51:54.079,416.8397868897951,999
2024-09-16 14:51:54.082,416.9398320661049,996
2024-09-16 14:51:54.121,416.935269685875,11
2024-09-16 14:51:54.178,416.8457079409666,998
2024-09-16 14:51:54.242,416.8135269682634,995
2024-09-16 14:51:54.350,416.8568401812272,14
2024-09-16 14:51:54.426,416.8576744893235,1003
2024-09-16 14:51:54.484,416.8134791109564,1000
2024-09-16 14:51:54.538,416.7770205768807,101
2024-09-16 14:51:54.559,416.8959275423044,1002
2024-09-16 14:51:54.582,416.87111614077423,98
2024-09-16 14:51:54.590,416.80841927446994,5
2024-09-16 14:51:54.623,416.87997141169046,1004
2024-09-16 14:51:54.726,416.7979053946973,1002
2024-09-16 14:51:54.797,416.8443554857715,101
2024-09-16 14:51:54.821,416.9198566884817,1003
2024-09-16 14:51:54.834,416.8784583075824,999
2024-09-16 14:51:54.947,416.8056042518715,5
2024-09-16 14:51:54.964,416.8306400085456,998
2024-09-16 14:51:54.988,416.9138870182772,997
2024-09-16 14:51:55.010,416.7809307626354,1001
2024-09-16 14:51:55.188,416.7710708885826,995
2024-09-16 14:51:55.570,416.770662059942,105
2024-09-16 14:51:55.594,416.7990343154792,997
2024-09-16 14:51:55.970,416.7765256431663,1003
2024-09-16 14:51:56.021,416.8070912874024,1001
2024-09-16 14:51:56.035,416.7897515988934,10
2024-09-16 14:51:56.124,416.74899187348944,15
2024-09-16 14:51:56.127,416.7927878165518,96
2024-09-16 14:51:56.191,416.7855332254208,996
2024-09-16 14:51:56.231,416.7896780466626,7
2024-09-16 14:51:56.266,416.7745785078797,104
2024-09-16 14:51:56.279,416.7473677198923,999
2024-09-16 14:51:56.371,416.77504284708834,10
2024-09-16 14:51:56.388,416.8033739756806,97
2024-09-16 14:51:56.401,416.7914205880851,15
2024-09-16 14:51:56.628,416.7864682010404,12
2024-09-16 14:51:56.664,416.79249769779307,96
2024-09-16 14:51:56.686,416.798569414429,101
2024-09-16 14:51:56.727,416.77184934991817,105
2024-09-16 14:51:56.730,416.7579780416496,13
2024-09-16 14:51:56.749,416.7868228053169,95
2024-09-16 14:51:56.786,416.775249575776,6
2024-09-16 14:51:56.786,416.75068394119705,1001
2024-09-16 14:51:56.787,416.7669955698358,999
2024-09-16 14:51:56.818,416.771849098214,12
2024-09-16 14:51:56.859,41.67775473088732,11
2024-09-16 14:51:56.879,416.75084189207615,103
2024-09-16 14:51:56.883,416.7629331141372,1001
2024-09-16 14:51:56.906,416.78642771418185,96
2024-09-16 14:51:56.909,416.7637006691194,96
2024-09-16 14:51:56.931,416.7668418535613,10
2024-09-16 14:51:57.064,416.8223737509285,1002
2024-09-16 14:51:57.100,416.8005897254703,1000
2024-09-16 14:51:57.132,416.8021853315447,12
2024-09-16 14:51:57.186,416.81259037390834,7
2024-09-16 14:51:57.292,416.8079050909493,997
2024-09-16 14:51:57.349,416.8213266477429,12
2024-09-16 14:51:57.368,416.83023539255504,996
2024-09-16 14:51:57.378,416.8199474205738,9
2024-09-16 14:51:57.385,416.800126655522,96
2024-09-16 14:51:57.486,416.80816155112495,10
2024-09-16 14:51:57.604,416.80136511967737,1004
2024-09-16 14:51:57.608,416.81884256093855,1000
2024-09-16 14:51:57.643,416.7961586733319,104
2024-09-16 14:51:57.658,416.821585255482,98
2024-09-16 14:51:57.686,416.8084223213931,102
2024-09-16 14:51:57.689,416.82351621806686,996
2024-09-16 14:51:57.723,416.80485707489805,9
2024-09-16 14:51:57.745,416.8088778265188,9
2024-09-16 14:51:57.793,416.82162295375895,998
2024-09-16 14:51:57.808,416.7996292862162,15
2024-09-16 14:51:57.837,416.7973401702851,995
2024-09-16 14:51:57.852,416.81047910266193,103
2024-09-16 14:51:57.879,416.8043671247814,13
2024-09-16 14:51:57.884,416.80760243936766,1005
2024-09-16 14:51:57.897,416.8102522761452,15
2024-09-16 14:51:57.912,416.8085909271688,102
2024-09-16 14:51:57.964,416.816663316504,6
2024-09-16 14:51:58.041,416.77977843838994,6
2024-09-16 14:51:58.099,416.7939050317223,103
2024-09-16 14:51:58.128,416.8003834870974,96
2024-09-16 14:51:58.220,416.8055580334182,1002
2024-09-16 14:51:58.253,416.8003097705135,995
2024-09-16 14:51:58.269,416.8038288590262,5
2024-09-16 14:51:58.313,416.7908106194537,98
2024-09-16 14:51:58.336,416.79504207044994,11
2024-09-16 14:51:58.337,416.79528511175096,95
2024-09-16 14:51:58.384,416.7953019278562,1005
2024-09-16 14:51:58.416,416.79878891206266,5
2024-09-16 14:51:58.501,416.7646379288968,101
2024-09-16 14:51:58.541,416.7838752500495,12
2024-09-16 14:51:58.616,416.80630925868303,6
2024-09-16 14:51:58.703,416.7701204619189,101
2024-09-16 14:51:58.796,416.7887343982139,98
2024-09-16 14:51:58.838,416.78658430768127,99
2024-09-16 14:51:58.894,416.7862382744284,98
2024-09-16 14:51:58.919,416.80285270191735,7
2024-09-16 14:51:58.977,416.8079577531937,1003
2024-09-16 14:51:59.312,416.7373346255043,6
2024-09-16 14:51:59.392,416.7550095494554,999
2024-09-16 14:51:59.415,416.7534561717504,1005
2024-09-16 14:51:59.467,416.7496143676112,98
2024-09-16 14:51:59.483,416.7367273632614,8
2024-09-16 14:51:59.501,416.75338759595934,995
2024-09-16 14:51:59.522,416.7163130380709,998
2024-09-16 14:51:59.650,416.77292335235234,95
2024-09-16 14:51:59.795,416.7277501306476,1004
2024-09-16 14:51:59.864,416.7551449184381,12
2024-09-16 14:51:59.887,416.7696431567167,999
2024-09-16 14:51:59.967,416.7603095969026,12
