Timestamp,Price,Size
2024-09-19 11:16:00.006,419.7411704291938,9
2024-09-19 11:16:00.013,419.7427643857546,7
2024-09-19 11:16:00.029,419.762938411187,1003
2024-09-19 11:16:00.099,419.7558727626212,10
2024-09-19 11:16:00.136,419.6919958405439,998
2024-09-19 11:16:00.144,419.7670382744368,99
2024-09-19 11:16:00.204,419.7220903231769,999
2024-09-19 11:16:00.215,419.7344547422461,13
2024-09-19 11:16:00.222,419.6971471468572,103
2024-09-19 11:16:00.230,419.69796782278337,1003
2024-09-19 11:16:00.352,419.7625125298606,1003
2024-09-19 11:16:00.434,419.7718444568784,98
2024-09-19 11:16:00.468,419.74613648630736,1002
2024-09-19 11:16:00.473,419.751708500292,13
2024-09-19 11:16:00.527,419.7456365466239,104
2024-09-19 11:16:00.532,419.76411885251446,1000
2024-09-19 11:16:00.543,419.7230140718615,105
2024-09-19 11:16:00.560,419.7891719520258,1004
2024-09-19 11:16:00.610,419.7667234220904,997
2024-09-19 11:16:00.625,419.728430762983,1002
2024-09-19 11:16:00.642,419.75063470386834,1004
2024-09-19 11:16:00.653,419.7181728239295,997
2024-09-19 11:16:00.786,419.7937094671034,1004
2024-09-19 11:16:00.797,419.75743739410245,1002
2024-09-19 11:16:00.805,419.69421686175656,995
2024-09-19 11:16:00.868,419.7684156405289,99
2024-09-19 11:16:00.907,419.7274407490928,104
2024-09-19 11:16:00.912,419.6945273635625,9
2024-09-19 11:16:01.013,419.7321662787711,14
2024-09-19 11:16:01.097,419.7404332327983,105
2024-09-19 11:16:01.169,419.7481142768177,999
2024-09-19 11:16:01.174,419.73428224285897,11
2024-09-19 11:16:01.210,419.7623474578331,14
2024-09-19 11:16:01.226,419.7507917506418,999
2024-09-19 11:16:01.310,419.72543806891326,14
2024-09-19 11:16:01.315,419.7377629381537,7
2024-09-19 11:16:01.427,419.7298889993429,11
2024-09-19 11:16:01.456,419.7189050708413,96
2024-09-19 11:16:01.503,419.7410453545932,98
2024-09-19 11:16:01.546,419.7494383636397,6
2024-09-19 11:16:01.583,419.7355221317791,998
2024-09-19 11:16:01.593,419.7377092187472,13
2024-09-19 11:16:01.696,419.7466602453316,999
2024-09-19 11:16:01.829,419.7504608341349,103
2024-09-19 11:16:01.941,419.7637886981888,997
2024-09-19 11:16:01.983,419.73505887615727,105
2024-09-19 11:16:02.050,,7
2024-09-19 11:16:02.099,419.731629429959,12
2024-09-19 11:16:02.123,419.7544854926195,97
2024-09-19 11:16:02.176,419.7471570820227,997
2024-09-19 11:16:02.237,419.77802280701945,98
2024-09-19 11:16:02.286,419.76541729529833,96
2024-09-19 11:16:02.316,419.7079632642975,103
2024-09-19 11:16:02.363,419.7342620347425,1000
2024-09-19 11:16:02.391,419.77316126603466,1001
2024-09-19 11:16:02.413,419.7600574169903,99
2024-09-19 11:16:02.452,419.78646375492497,1004
2024-09-19 11:16:02.506,419.7767160895484,997
2024-09-19 11:16:02.524,419.77060278303566,105
2024-09-19 11:16:02.651,419.7627287874375,105
2024-09-19 11:16:02.662,419.77872345489016,1005
2024-09-19 11:16:02.709,419.698162732068,1001
2024-09-19 11:16:02.822,419.6795051439138,15
2024-09-19 11:16:02.886,419.7835688027584,103
2024-09-19 11:16:02.980,419.6893211532644,10
2024-09-19 11:16:03.065,-419.6884284226899,1004
2024-09-19 11:16:03.110,419.6950586183424,104
2024-09-19 11:16:03.147,419.70690306775214,15
2024-09-19 11:16:03.158,419.7239311714813,999
2024-09-19 11:16:03.173,419.65747880275705,96
2024-09-19 11:16:03.260,419.6429846568924,103
2024-09-19 11:16:03.269,419.7168398939114,9
2024-09-19 11:16:03.336,419.66115608409655,11
2024-09-19 11:16:03.407,419.6933570537993,1003
2024-09-19 11:16:03.414,419.7253566924704,8
2024-09-19 11:16:03.444,419.7302466753229,998
2024-09-19 11:16:03.447,419.6864264726044,100
2024-09-19 11:16:03.470,419.72506325101847,6
2024-09-19 11:16:03.569,,98
2024-09-19 11:16:03.655,419.6516882418954,997
2024-09-19 11:16:03.693,419.71769527344617,98
2024-09-19 11:16:03.791,419.70090473734206,999
2024-09-19 11:16:03.823,419.71351651831606,1002
2024-09-19 11:16:03.831,419.7251792719493,997
2024-09-19 11:16:03.941,419.6802320472244,103
2024-09-19 11:16:04.077,419.7322358160882,6
2024-09-19 11:16:04.461,419.72204818948353,95
2024-09-19 11:16:05.004,419.6992358572028,5
2024-09-19 11:16:05.009,419.6723449332669,997
2024-09-19 11:16:05.069,419.6771176575364,12
2024-09-19 11:16:05.162,419.6759608755242,1005
2024-09-19 11:16:05.459,419.703402535345,12
2024-09-19 11:16:05.637,419.6922137457942,999
2024-09-19 11:16:05.721,419.6919922066993,15
2024-09-19 11:16:06.104,419.68101705299097,100
2024-09-19 11:16:06.206,419.6904636179073,995
2024-09-19 11:16:06.339,419.6815673930148,8
2024-09-19 11:16:06.608,419.6663223960909,98
2024-09-19 11:16:07.017,419.7723340447881,10
2024-09-19 11:16:07.023,419.6780193456343,14
2024-09-19 11:16:07.177,419.6933690380308,101
2024-09-19 11:16:07.212,419.7031032723243,996
2024-09-19 11:16:07.277,419.66769663070687,1003
2024-09-19 11:16:07.289,419.6640280170225,6
2024-09-19 11:16:07.311,419.6963615553596,100
2024-09-19 11:16:07.395,419.6752819828838,14
2024-09-19 11:16:07.443,419.73643036690106,999
2024-09-19 11:16:07.480,419.709624348367,97
2024-09-19 11:16:07.480,419.6998435192986,14
2024-09-19 11:16:07.545,419.7396297399487,8
2024-09-19 11:16:07.612,419.7283258480187,1003
2024-09-19 11:16:07.613,419.6895680475872,104
2024-09-19 11:16:07.647,419.70279328431184,99
2024-09-19 11:16:07.664,419.6942058462768,96
2024-09-19 11:16:07.670,419.7545038605925,96
2024-09-19 11:16:07.700,419.6629124492513,999
2024-09-19 11:16:07.733,419.67369413791465,1001
2024-09-19 11:16:07.757,419.7437782156342,98
2024-09-19 11:16:07.815,419.6886223118901,10
2024-09-19 11:16:07.853,419.6783599690888,8
2024-09-19 11:16:08.167,419.7473827411304,95
2024-09-19 11:16:08.172,419.76498509083183,1000
2024-09-19 11:16:08.528,419.7464446260523,1004
2024-09-19 11:16:08.912,419.7438982993648,1004
2024-09-19 11:16:09.048,419.80426633324055,1001
2024-09-19 11:16:09.130,419.7492094115741,1002
2024-09-19 11:16:09.174,419.7763959929286,95
2024-09-19 11:16:09.188,419.8243683179904,1001
2024-09-19 11:16:09.189,419.8292165661696,8
2024-09-19 11:16:09.251,419.8283373897768,997
2024-09-19 11:16:09.296,419.7621997006733,102
2024-09-19 11:16:09.302,419.8228653146531,13
2024-09-19 11:16:09.321,419.82034510112857,1001
2024-09-19 11:16:09.323,419.799963989388,1001
2024-09-19 11:16:09.357,419.8011515308489,9
2024-09-19 11:16:09.386,419.8035760380134,97
2024-09-19 11:16:09.473,419.8211838292383,1003
2024-09-19 11:16:09.506,419.76333692743424,12
2024-09-19 11:16:09.558,419.80990558381205,10
2024-09-19 11:16:09.624,,5
2024-09-19 11:16:09.641,419.83241519664455,102
2024-09-19 11:16:09.649,419.7798084128257,998
2024-09-19 11:16:09.681,419.78707565171896,996
2024-09-19 11:16:09.692,419.82167939123485,95
2024-09-19 11:16:09.716,419.8162159847143,1005
2024-09-19 11:16:09.757,419.815546428693,99
2024-09-19 11:16:09.779,419.8346222429524,999
2024-09-19 11:16:09.835,419.8244219059783,996
2024-09-19 11:16:09.874,419.77650867584094,6
2024-09-19 11:16:09.878,419.7776270816849,998
2024-09-19 11:16:09.956,419.8004260056732,10
2024-09-19 11:16:09.957,419.7654535871681,97
2024-09-19 11:16:09.959,419.7650221085052,104
2024-09-19 11:16:10.001,419.7956652315361,996
2024-09-19 11:16:10.079,419.8534426066732,997
2024-09-19 11:16:10.134,419.8084250621537,1002
2024-09-19 11:16:10.158,419.87878206854265,6
2024-09-19 11:16:10.186,419.8945067075392,7
2024-09-19 11:16:10.251,419.87012837639895,6
2024-09-19 11:16:10.292,419.8220009579509,15
2024-09-19 11:16:10.393,,11
2024-09-19 11:16:10.485,419.8309382698416,5
2024-09-19 11:16:10.568,419.8900761194956,998
2024-09-19 11:16:10.576,419.8900944191017,12
2024-09-19 11:16:10.586,419.872710247945,97
2024-09-19 11:16:10.630,419.8095067547844,997
2024-09-19 11:16:10.643,419.8648095847443,1005
2024-09-19 11:16:10.719,419.8272077345028,98
2024-09-19 11:16:10.732,419.7840067253348,10
2024-09-19 11:16:10.759,419.8465472714105,996
2024-09-19 11:16:10.803,419.80067267600816,100
2024-09-19 11:16:10.821,419.81740063323,9
2024-09-19 11:16:10.849,419.8119300313667,999
2024-09-19 11:16:10.894,419.876861845608,1001
2024-09-19 11:16:10.912,419.8889614931905,95
2024-09-19 11:16:10.979,419.8689584781753,9
2024-09-19 11:16:11.020,419.9412869220666,1005
2024-09-19 11:16:11.076,419.9263513482756,99
2024-09-19 11:16:11.105,419.9539494031921,100
2024-09-19 11:16:11.205,419.93399956509006,1000
2024-09-19 11:16:11.432,419.92184396508185,14
2024-09-19 11:16:11.483,419.9386965910364,5
2024-09-19 11:16:11.534,419.8589047701906,1002
2024-09-19 11:16:11.619,419.95719960480864,104
2024-09-19 11:16:11.639,419.9443555414012,1001
2024-09-19 11:16:11.643,419.94346787538615,8
2024-09-19 11:16:11.647,419.8887279026512,8
2024-09-19 11:16:11.710,419.9423111182875,15
2024-09-19 11:16:11.740,419.946081665533,995
2024-09-19 11:16:11.888,419.9485461287314,1001
2024-09-19 11:16:11.923,419.8917218595972,95
2024-09-19 11:16:11.946,419.8819220491409,1005
2024-09-19 11:16:12.020,419.9566823210505,103
2024-09-19 11:16:12.076,419.9340840530588,9
2024-09-19 11:16:12.092,419.9341297455228,997
2024-09-19 11:16:12.163,419.9385753377527,96
2024-09-19 11:16:12.216,419.91151640639816,99
2024-09-19 11:16:12.316,419.9280876095273,996
2024-09-19 11:16:12.320,419.94709787254624,12
2024-09-19 11:16:12.372,419.92179830062895,102
2024-09-19 11:16:12.427,419.9563648964326,14
2024-09-19 11:16:12.537,419.9391336057949,5
2024-09-19 11:16:12.572,419.94544146419406,10
2024-09-19 11:16:12.648,419.9221052028836,14
2024-09-19 11:16:12.677,419.91907950066513,1005
2024-09-19 11:16:12.704,419.9331309407805,99
2024-09-19 11:16:12.725,419.9305126320911,99
2024-09-19 11:16:12.736,419.9274743428793,95
2024-09-19 11:16:12.787,419.9540775851227,1000
2024-09-19 11:16:12.931,419.9427066271089,103
2024-09-19 11:16:13.095,419.9205451558108,5
2024-09-19 11:16:13.290,419.9623895414929,99
2024-09-19 11:16:13.304,419.9599052571991,105
2024-09-19 11:16:13.328,419.9739301415474,7
2024-09-19 11:16:13.363,419.93922189304544,999
2024-09-19 11:16:13.386,419.9746217303263,6
2024-09-19 11:16:13.393,419.9762526872948,1001
2024-09-19 11:16:13.476,419.9561397675001,10
2024-09-19 11:16:13.514,419.9494856785188,1000
2024-09-19 11:16:13.572,419.9549960186131,97
2024-09-19 11:16:13.591,419.9880200593164,1005
2024-09-19 11:16:13.596,419.974021368059,14
2024-09-19 11:16:13.682,419.9849489248359,995
2024-09-19 11:16:13.814,419.9711647097176,14
2024-09-19 11:16:13.891,419.9869107159369,7
2024-09-19 11:16:13.892,419.9407645979463,98
2024-09-19 11:16:13.895,419.9663037353756,104
2024-09-19 11:16:13.938,419.9944569061696,1004
2024-09-19 11:16:14.009,419.8362738109335,104
2024-09-19 11:16:14.074,419.9184194273859,105
2024-09-19 11:16:14.075,419.9058400551645,8
2024-09-19 11:16:14.084,419.8990366422767,1002
2024-09-19 11:16:14.114,419.9071344416117,98
2024-09-19 11:16:14.128,419.9131196018873,98
2024-09-19 11:16:14.227,419.9216426636789,1004
2024-09-19 11:16:14.254,419.8932742398955,1004
2024-09-19 11:16:14.278,419.88284914659954,11
2024-09-19 11:16:14.288,419.9034131257856,999
2024-09-19 11:16:14.300,419.9207158000663,997
2024-09-19 11:16:14.316,419.9128283481203,97
2024-09-19 11:16:14.360,419.86990508357815,1000
2024-09-19 11:16:14.490,419.8981936452527,101
2024-09-19 11:16:14.495,419.9107297764709,996
2024-09-19 11:16:14.506,419.8664345631301,1004
2024-09-19 11:16:14.547,419.8347164086925,99
2024-09-19 11:16:14.618,419.8838157146651,105
2024-09-19 11:16:14.622,419.8357508456031,998
2024-09-19 11:16:14.656,419.8678328441091,995
2024-09-19 11:16:14.770,419.8791140871508,96
2024-09-19 11:16:14.829,419.9120402583866,996
2024-09-19 11:16:14.869,419.8601946380094,98
2024-09-19 11:16:14.872,419.9187357474394,97
2024-09-19 11:16:14.887,419.9156840588452,999
2024-09-19 11:16:15.088,419.80802040220186,95
2024-09-19 11:16:15.218,419.7960938031685,101
2024-09-19 11:16:15.347,419.7949469525456,14
2024-09-19 11:16:15.418,419.8066793386647,105
2024-09-19 11:16:15.496,419.8348688216014,104
2024-09-19 11:16:15.505,419.83865749962087,97
2024-09-19 11:16:15.691,419.8451646214248,1004
2024-09-19 11:16:15.869,419.8025903101358,1005
2024-09-19 11:16:15.979,419.82261667314816,95
2024-09-19 11:16:16.937,419.7670665318363,104
2024-09-19 11:16:16.985,419.7852019549544,8
2024-09-19 11:16:17.149,419.7653488235887,9
2024-09-19 11:16:17.154,419.73009022275545,1004
2024-09-19 11:16:17.197,419.78026340699887,10
2024-09-19 11:16:17.252,419.73186267146906,5
2024-09-19 11:16:17.272,419.7316973655809,12
2024-09-19 11:16:17.275,419.777749239299,1000
2024-09-19 11:16:17.313,419.70758690357,9
2024-09-19 11:16:17.315,419.7701068173659,101
2024-09-19 11:16:17.357,419.7649250597878,1003
2024-09-19 11:16:17.404,419.75810949333993,999
2024-09-19 11:16:17.456,419.7527474931434,100
2024-09-19 11:16:17.587,419.7695118303948,95
2024-09-19 11:16:17.650,419.771516017528,101
2024-09-19 11:16:17.669,419.70750755912286,5
2024-09-19 11:16:17.679,419.75318987056943,13
2024-09-19 11:16:17.698,419.7655852502757,1003
2024-09-19 11:16:17.720,419.76197753302057,999
2024-09-19 11:16:17.764,419.7660348585142,101
2024-09-19 11:16:17.800,419.7523307053672,98
2024-09-19 11:16:17.817,419.789073004947,999
2024-09-19 11:16:17.823,419.7706390777385,96
2024-09-19 11:16:18.058,419.7021295073599,100
2024-09-19 11:16:18.062,419.6763177484947,1000
2024-09-19 11:16:18.064,419.6809580554463,14
2024-09-19 11:16:18.075,419.7343127966087,12
2024-09-19 11:16:18.107,-419.7424980490655,7
2024-09-19 11:16:18.111,419.7482434569462,11
2024-09-19 11:16:18.145,419.715297764403,999
2024-09-19 11:16:18.147,41.965274373813685,1000
2024-09-19 11:16:18.155,419.6713096674275,998
2024-09-19 11:16:18.162,419.7284344287617,5
2024-09-19 11:16:18.169,419.7313964370205,998
2024-09-19 11:16:18.199,419.7145840760496,13
2024-09-19 11:16:18.243,419.729130550872,15
2024-09-19 11:16:18.302,419.7084045083784,999
2024-09-19 11:16:18.352,419.7117711843397,1000
2024-09-19 11:16:18.377,419.73575664693385,5
2024-09-19 11:16:18.434,419.6676054785366,999
2024-09-19 11:16:18.502,419.7018779970383,998
2024-09-19 11:16:18.621,419.7106036851436,11
2024-09-19 11:16:18.653,419.7234790624318,96
2024-09-19 11:16:18.668,419.7041189638797,1003
2024-09-19 11:16:18.797,419.70855290267633,10
2024-09-19 11:16:18.817,419.6673754585447,96
2024-09-19 11:16:18.875,419.70831723767975,98
2024-09-19 11:16:19.015,419.6772865561596,14
2024-09-19 11:16:19.107,419.67380360739503,1003
2024-09-19 11:16:19.117,419.6869428776042,97
2024-09-19 11:16:19.137,419.6741332735506,8
2024-09-19 11:16:19.336,419.67495476463534,1000
2024-09-19 11:16:19.559,419.69331542519103,9
2024-09-19 11:16:19.653,419.6635594595769,13
2024-09-19 11:16:19.762,419.7012415361658,12
2024-09-19 11:16:19.823,419.6929635933498,10
2024-09-19 11:16:19.891,419.6743109227976,96
2024-09-19 11:16:19.893,419.6722731705021,98
2024-09-19 11:16:19.934,419.6976162325895,1000
2024-09-19 11:16:20.012,419.6733985685101,8
2024-09-19 11:16:20.161,419.6949003012783,995
2024-09-19 11:16:20.307,419.6689401131871,995
2024-09-19 11:16:20.310,419.6857110008776,998
2024-09-19 11:16:20.355,419.7215456592355,11
2024-09-19 11:16:20.375,419.7330900518076,98
2024-09-19 11:16:20.467,419.7445987361824,997
2024-09-19 11:16:20.471,419.734541923851,1004
2024-09-19 11:16:20.589,419.6756227734419,9
2024-09-19 11:16:20.651,419.6992346264582,103
2024-09-19 11:16:20.728,419.6822705440183,997
2024-09-19 11:16:20.738,419.68364090320085,995
2024-09-19 11:16:20.739,419.6986564431944,11
2024-09-19 11:16:20.876,419.7337860473425,1004
2024-09-19 11:16:20.903,419.73029083891765,7
2024-09-19 11:16:21.055,419.7231235215285,1003
2024-09-19 11:16:21.105,419.7279520001601,996
2024-09-19 11:16:21.180,419.7113632626714,105
2024-09-19 11:16:21.296,419.7507233988789,12
2024-09-19 11:16:21.319,419.7293724842939,1001
2024-09-19 11:16:21.338,419.72094862409375,5
2024-09-19 11:16:21.391,419.7272302388298,105
2024-09-19 11:16:21.487,419.7063139335073,15
2024-09-19 11:16:21.521,419.7220613306009,999
2024-09-19 11:16:21.693,419.71200127930086,1003
2024-09-19 11:16:21.773,419.6965504199888,11
2024-09-19 11:16:22.021,419.73849469143823,105
2024-09-19 11:16:22.209,419.7044236439602,998
2024-09-19 11:16:22.267,419.72552509960855,105
2024-09-19 11:16:22.269,419.7497513559516,99
2024-09-19 11:16:22.287,-419.7339363606252,100
2024-09-19 11:16:22.303,419.7538443899142,5
2024-09-19 11:16:22.307,419.7451001453342,7
2024-09-19 11:16:22.401,419.75072464802736,7
2024-09-19 11:16:22.450,419.7512559910186,995
2024-09-19 11:16:22.527,419.7539327236975,98
2024-09-19 11:16:22.555,419.7366609015029,998
2024-09-19 11:16:22.628,419.7368284834764,1003
2024-09-19 11:16:22.708,419.75545052224857,102
2024-09-19 11:16:22.720,419.73282899998935,10
2024-09-19 11:16:22.742,419.7290775979304,97
2024-09-19 11:16:22.768,419.76088431956856,9
2024-09-19 11:16:22.784,419.7579863003746,1005
2024-09-19 11:16:22.846,419.7430943231066,15
2024-09-19 11:16:22.888,-419.7343231408794,105
2024-09-19 11:16:22.897,419.7266341972932,101
2024-09-19 11:16:23.052,419.7495887801207,999
2024-09-19 11:16:23.064,419.6691066428484,14
2024-09-19 11:16:23.066,419.6845503134397,15
2024-09-19 11:16:23.121,419.7363519301885,102
2024-09-19 11:16:23.159,419.7023049086891,1004
2024-09-19 11:16:23.191,419.7490419963468,96
2024-09-19 11:16:23.345,419.67290192487695,6
2024-09-19 11:16:23.404,419.6950837450005,100
2024-09-19 11:16:23.417,419.6825327219034,11
2024-09-19 11:16:23.442,419.6912547637851,997
2024-09-19 11:16:23.471,419.695968708492,13
2024-09-19 11:16:23.479,419.6750104990068,998
2024-09-19 11:16:23.740,-419.6946053913245,7
2024-09-19 11:16:23.811,419.71293653286807,14
2024-09-19 11:16:23.857,419.7534887782472,1004
2024-09-19 11:16:23.924,419.68071239190033,99
2024-09-19 11:16:23.933,419.6791463050714,996
2024-09-19 11:16:23.978,419.7352657268876,101
2024-09-19 11:16:23.996,419.7330313156581,104
2024-09-19 11:16:23.999,419.661463995901,100
2024-09-19 11:16:24.145,419.6782964460581,1003
2024-09-19 11:16:24.157,419.6648644019992,104
2024-09-19 11:16:24.198,419.6533013625046,1002
2024-09-19 11:16:24.218,419.6568431790448,1002
2024-09-19 11:16:24.222,41.96150267083608,1000
2024-09-19 11:16:24.280,419.67124617475247,1002
2024-09-19 11:16:24.303,419.65196535459984,97
2024-09-19 11:16:24.318,419.6458711942556,100
2024-09-19 11:16:24.347,419.63978152703805,105
2024-09-19 11:16:24.375,419.65448160627255,99
2024-09-19 11:16:24.394,419.6450779416548,6
2024-09-19 11:16:24.430,419.648381424732,99
2024-09-19 11:16:24.508,419.63278692885456,1004
2024-09-19 11:16:24.541,419.6421323494928,999
2024-09-19 11:16:24.552,419.61828268961887,13
2024-09-19 11:16:24.568,419.63015151916295,1003
2024-09-19 11:16:24.568,419.637455330048,995
2024-09-19 11:16:24.609,419.6308746421396,996
2024-09-19 11:16:24.680,419.6621213435306,7
2024-09-19 11:16:24.835,419.615744502631,14
2024-09-19 11:16:24.858,419.680281032332,12
2024-09-19 11:16:24.893,419.66737415394016,11
2024-09-19 11:16:24.924,419.6288287237268,998
2024-09-19 11:16:24.931,419.6359502562293,9
2024-09-19 11:16:24.942,419.6294728778962,7
2024-09-19 11:16:24.967,419.6529192091242,998
2024-09-19 11:16:24.979,419.6608460124244,12
2024-09-19 11:16:25.003,419.5735458555416,15
2024-09-19 11:16:25.046,419.5602959627445,102
2024-09-19 11:16:25.069,419.6133331879403,14
2024-09-19 11:16:25.074,419.5764607892375,97
2024-09-19 11:16:25.243,419.6112828432831,11
2024-09-19 11:16:25.267,419.6009345576291,9
2024-09-19 11:16:25.288,419.5615222631732,97
2024-09-19 11:16:25.422,419.558354893766,103
2024-09-19 11:16:25.427,419.5762300189914,14
2024-09-19 11:16:25.480,419.5781831298764,6
2024-09-19 11:16:25.567,419.5873726997304,12
2024-09-19 11:16:25.609,419.5741104422432,10
2024-09-19 11:16:25.780,419.5634303653192,998
2024-09-19 11:16:25.803,419.59071132102287,1004
2024-09-19 11:16:25.879,419.6199798723836,10
2024-09-19 11:16:25.958,419.61410924449433,101
2024-09-19 11:16:26.294,419.5758695477157,10
2024-09-19 11:16:27.028,419.5738233709137,1005
2024-09-19 11:16:27.170,419.5479034321676,1002
2024-09-19 11:16:27.270,419.5702082292499,999
2024-09-19 11:16:27.369,419.58317936977903,1001
2024-09-19 11:16:27.442,419.5961292166105,995
2024-09-19 11:16:27.479,419.559115378589,96
2024-09-19 11:16:27.550,419.5973559268793,15
2024-09-19 11:16:27.764,419.5681887869854,1000
2024-09-19 11:16:27.821,419.52498402289393,14
2024-09-19 11:16:27.847,41.95800945236811,102
2024-09-19 11:16:27.882,419.569831309546,104
2024-09-19 11:16:27.895,419.5688357837406,5
2024-09-19 11:16:27.901,419.5363016569206,5
2024-09-19 11:16:27.971,419.550301568552,998
2024-09-19 11:16:27.995,41.95508579987771,102
2024-09-19 11:16:28.004,41.95583172338296,100
2024-09-19 11:16:28.042,419.5679807954896,103
2024-09-19 11:16:28.054,419.5616996928967,997
2024-09-19 11:16:28.142,419.53883682392615,5
2024-09-19 11:16:28.290,419.5494633813576,7
2024-09-19 11:16:28.338,419.5420356742667,11
2024-09-19 11:16:28.592,419.5825406631812,1001
2024-09-19 11:16:28.685,419.5855033328435,998
2024-09-19 11:16:28.700,419.5245872421133,105
2024-09-19 11:16:28.904,419.5346500539657,996
2024-09-19 11:16:30.025,419.5601296933025,97
2024-09-19 11:16:30.152,419.5810416653893,98
2024-09-19 11:16:30.160,419.56541420123904,7
2024-09-19 11:16:30.171,419.5631262776656,105
2024-09-19 11:16:30.295,419.5558904617038,104
2024-09-19 11:16:30.530,419.5696796198319,96
2024-09-19 11:16:30.669,419.5389717399583,1000
2024-09-19 11:16:30.683,419.5681873730669,10
2024-09-19 11:16:30.781,419.55498124473104,8
2024-09-19 11:16:30.783,419.58285294042383,9
2024-09-19 11:16:30.806,419.5632556032829,105
2024-09-19 11:16:31.077,419.5265352390356,104
2024-09-19 11:16:31.270,419.5501874082259,999
2024-09-19 11:16:31.424,419.4996711612166,8
2024-09-19 11:16:31.523,419.53528945216266,6
2024-09-19 11:16:31.731,419.5196355963901,99
2024-09-19 11:16:32.019,419.46681720292776,13
2024-09-19 11:16:32.035,419.4906852274353,1005
2024-09-19 11:16:32.036,419.48135233801895,102
2024-09-19 11:16:32.095,419.4759795442724,999
2024-09-19 11:16:32.247,419.47210490842906,103
2024-09-19 11:16:32.254,419.4854033362645,101
2024-09-19 11:16:32.333,419.4757155368956,98
2024-09-19 11:16:32.368,419.46356378930113,102
2024-09-19 11:16:32.406,419.4500706341794,10
2024-09-19 11:16:32.424,419.4557976920344,998
2024-09-19 11:16:32.476,419.46189050956616,1001
2024-09-19 11:16:32.542,419.4820811705517,14
2024-09-19 11:16:32.674,419.49649602028194,103
2024-09-19 11:16:32.683,419.46802609714393,1003
2024-09-19 11:16:32.735,419.4842314827579,1004
2024-09-19 11:16:32.773,419.50260651867023,1001
2024-09-19 11:16:32.797,419.5030131978754,13
2024-09-19 11:16:32.833,419.489195207873,995
2024-09-19 11:16:33.032,419.4908803064819,99
2024-09-19 11:16:33.109,419.50786341863136,996
2024-09-19 11:16:33.191,419.5447512993193,14
2024-09-19 11:16:33.210,419.5446861495221,13
2024-09-19 11:16:33.223,419.499913452184,99
2024-09-19 11:16:33.285,419.5264662384622,11
2024-09-19 11:16:33.287,419.47150713187233,8
2024-09-19 11:16:33.287,419.4941408597168,995
2024-09-19 11:16:33.296,419.48449141114696,8
2024-09-19 11:16:33.309,419.4810968938551,101
2024-09-19 11:16:33.315,419.4930128293378,999
2024-09-19 11:16:33.324,419.47255848661297,102
2024-09-19 11:16:33.346,419.49183248793,96
2024-09-19 11:16:33.355,419.47896107347856,1002
2024-09-19 11:16:33.374,419.47878438728304,102
2024-09-19 11:16:33.451,419.5063270123861,999
2024-09-19 11:16:33.461,419.5130756328004,104
2024-09-19 11:16:33.479,419.4865705538812,97
2024-09-19 11:16:33.514,419.5465065035767,15
2024-09-19 11:16:33.557,419.486867123269,101
2024-09-19 11:16:33.625,419.4809021490298,5
2024-09-19 11:16:33.685,419.4874956787058,8
2024-09-19 11:16:33.707,419.5221115661295,1000
2024-09-19 11:16:33.802,419.4871099308433,13
2024-09-19 11:16:33.811,419.4979988675481,5
2024-09-19 11:16:33.916,419.49111786456,9
2024-09-19 11:16:33.963,419.4849683138086,95
2024-09-19 11:16:34.032,419.4673436754082,11
2024-09-19 11:16:34.035,419.419415203889,97
2024-09-19 11:16:34.070,419.443433014711,96
2024-09-19 11:16:34.125,419.4869183638452,1001
2024-09-19 11:16:34.153,419.4268582944521,1005
2024-09-19 11:16:34.200,419.4369929042212,105
2024-09-19 11:16:34.295,419.4547157509532,7
2024-09-19 11:16:34.333,419.44888227030617,14
2024-09-19 11:16:34.361,,104
2024-09-19 11:16:34.379,419.440562235679,1005
2024-09-19 11:16:34.379,419.52954431597067,97
2024-09-19 11:16:34.391,419.4836986909842,7
2024-09-19 11:16:34.393,419.4977304348539,95
2024-09-19 11:16:34.396,419.4393134064801,96
2024-09-19 11:16:34.419,419.4862962768573,15
2024-09-19 11:16:34.474,419.50085682344985,999
2024-09-19 11:16:34.481,419.4844508946932,6
2024-09-19 11:16:34.552,419.48826451478135,9
2024-09-19 11:16:34.590,419.4808122044295,1000
2024-09-19 11:16:34.650,419.4735566257507,5
2024-09-19 11:16:34.699,419.4689683710863,995
2024-09-19 11:16:34.806,419.50988169396754,14
2024-09-19 11:16:34.908,419.4338720511672,1002
2024-09-19 11:16:34.925,419.4995009276372,1000
2024-09-19 11:16:34.948,419.5110220332507,5
2024-09-19 11:16:34.972,419.4297759033848,13
2024-09-19 11:16:34.977,419.4967592128768,11
2024-09-19 11:16:35.340,419.4723458770584,996
2024-09-19 11:16:35.371,419.4561808483021,95
2024-09-19 11:16:35.841,419.4794116198835,11
2024-09-19 11:16:35.981,419.4911354621512,1005
2024-09-19 11:16:36.018,419.441884304382,999
2024-09-19 11:16:36.045,419.47567654835854,99
2024-09-19 11:16:36.066,419.48342252098985,999
2024-09-19 11:16:36.111,419.4792463124885,998
2024-09-19 11:16:36.120,419.49623742673054,999
2024-09-19 11:16:36.177,419.475770869475,15
2024-09-19 11:16:36.185,419.5111758941258,1000
2024-09-19 11:16:36.251,419.4969872852113,8
2024-09-19 11:16:36.282,419.4752217200598,102
2024-09-19 11:16:36.310,419.4726919053498,1004
2024-09-19 11:16:36.396,419.4988871872889,6
2024-09-19 11:16:36.495,419.5000426037633,97
2024-09-19 11:16:36.605,419.4461344908826,997
2024-09-19 11:16:36.620,-419.4606321983514,1000
2024-09-19 11:16:36.624,419.4909964758717,1004
2024-09-19 11:16:36.690,419.4909113654724,15
2024-09-19 11:16:36.696,419.45524050844347,95
2024-09-19 11:16:36.877,419.4872365352924,11
2024-09-19 11:16:36.899,419.4567908071048,97
2024-09-19 11:16:36.966,419.44567210228143,14
2024-09-19 11:16:36.986,419.496910780712,999
2024-09-19 11:16:37.010,419.4340476915182,100
2024-09-19 11:16:37.031,419.4544749095068,96
2024-09-19 11:16:37.078,419.4664660625736,1000
2024-09-19 11:16:37.184,419.431957300655,100
2024-09-19 11:16:37.234,419.4436991774864,1004
2024-09-19 11:16:37.240,419.4594473444001,1003
2024-09-19 11:16:37.252,419.4334779451577,1001
2024-09-19 11:16:37.263,419.448245426121,1001
2024-09-19 11:16:37.280,419.4559177129602,10
2024-09-19 11:16:37.334,419.4791484584813,996
2024-09-19 11:16:37.468,419.4604751177041,104
2024-09-19 11:16:37.471,419.4957862101213,997
2024-09-19 11:16:37.589,419.45587001155417,103
2024-09-19 11:16:37.606,419.49713369146775,998
2024-09-19 11:16:37.659,419.41378555900286,7
2024-09-19 11:16:37.704,419.45824443171534,103
2024-09-19 11:16:37.735,419.45051706289655,998
2024-09-19 11:16:37.792,419.4829916185324,10
2024-09-19 11:16:37.887,41.94530869946476,1003
2024-09-19 11:16:37.897,419.4881692811683,997
2024-09-19 11:16:38.209,419.4810184048529,104
2024-09-19 11:16:38.948,419.4832031437095,101
2024-09-19 11:16:39.035,419.4590492947217,1004
2024-09-19 11:16:39.122,419.4498847411797,14
2024-09-19 11:16:39.137,419.4601870997325,14
2024-09-19 11:16:39.222,419.4571207404689,10
2024-09-19 11:16:39.276,419.46241458506944,996
2024-09-19 11:16:39.343,419.4444879198144,1001
2024-09-19 11:16:39.352,419.4623871860324,997
2024-09-19 11:16:39.368,419.456014099738,96
2024-09-19 11:16:39.401,419.4512389902395,998
2024-09-19 11:16:39.430,419.45371484096114,1002
2024-09-19 11:16:39.448,419.46066818634034,97
2024-09-19 11:16:39.449,419.4395608770982,1004
2024-09-19 11:16:39.508,419.4578031260813,99
2024-09-19 11:16:39.542,419.4748990368323,1001
2024-09-19 11:16:39.587,419.4393013565233,999
2024-09-19 11:16:39.677,419.4504426882149,7
2024-09-19 11:16:39.916,419.4383527685478,1001
2024-09-19 11:16:40.012,419.491150621031,98
2024-09-19 11:16:40.101,419.4829095503346,14
2024-09-19 11:16:40.144,419.5171779695445,96
2024-09-19 11:16:40.196,419.4906624134724,8
2024-09-19 11:16:40.270,419.52581530609314,995
2024-09-19 11:16:40.306,419.4976544456936,7
2024-09-19 11:16:40.332,419.5005702596314,100
2024-09-19 11:16:40.345,419.4961495316507,102
2024-09-19 11:16:40.384,,1004
2024-09-19 11:16:40.390,419.5238367005581,12
2024-09-19 11:16:40.425,419.481075548111,11
2024-09-19 11:16:40.455,419.4907161593434,1001
2024-09-19 11:16:40.497,419.52040875848655,1005
2024-09-19 11:16:40.514,419.4760405929193,97
2024-09-19 11:16:40.524,419.5065371967586,105
2024-09-19 11:16:40.686,419.5121862570453,98
2024-09-19 11:16:40.792,419.5136074705341,104
2024-09-19 11:16:41.007,419.54933775917584,13
2024-09-19 11:16:41.177,419.55810096286143,8
2024-09-19 11:16:41.364,419.5305194435192,6
2024-09-19 11:16:41.378,419.5688813482605,105
2024-09-19 11:16:41.383,419.5396965789306,97
2024-09-19 11:16:41.628,419.5609344125509,99
2024-09-19 11:16:41.644,419.5650827833459,101
2024-09-19 11:16:41.742,419.5435060075216,101
2024-09-19 11:16:41.788,419.56484639621993,12
2024-09-19 11:16:41.843,419.5601995149486,1004
2024-09-19 11:16:41.948,419.56470956861307,1005
2024-09-19 11:16:42.201,419.5587150865971,103
2024-09-19 11:16:42.212,419.5765802459127,11
2024-09-19 11:16:42.219,419.5497245908748,103
2024-09-19 11:16:42.225,419.5306711724569,1001
2024-09-19 11:16:42.244,419.56760700862,103
2024-09-19 11:16:42.329,419.5508282667221,103
2024-09-19 11:16:42.369,419.55457364980793,98
2024-09-19 11:16:42.422,419.5488457240211,9
2024-09-19 11:16:42.453,419.5913155832655,13
2024-09-19 11:16:42.458,419.56813459962336,1000
2024-09-19 11:16:42.567,419.6006512242063,1000
2024-09-19 11:16:42.817,419.58577381107455,98
2024-09-19 11:16:42.858,419.5575374978112,998
2024-09-19 11:16:42.859,419.5786445949548,997
2024-09-19 11:16:42.873,419.5624058714845,997
2024-09-19 11:16:42.918,419.5742962066186,102
2024-09-19 11:16:42.966,419.5666414898012,999
2024-09-19 11:16:43.014,419.60725510573167,14
2024-09-19 11:16:43.129,419.6116457147305,1005
2024-09-19 11:16:43.262,419.6317899637754,98
2024-09-19 11:16:43.388,419.6228803341205,95
2024-09-19 11:16:43.388,419.6185447552663,997
2024-09-19 11:16:43.517,419.61607270211135,11
2024-09-19 11:16:43.595,419.6099274506732,97
2024-09-19 11:16:43.686,419.6152059035736,13
2024-09-19 11:16:43.963,419.6195340949269,1000
2024-09-19 11:16:44.329,419.6237749343959,11
2024-09-19 11:16:44.528,419.620937538923,15
2024-09-19 11:16:44.716,419.6049643773831,100
2024-09-19 11:16:45.026,419.5070912791815,95
2024-09-19 11:16:45.026,419.4766605484954,103
2024-09-19 11:16:45.038,419.4919924973035,100
2024-09-19 11:16:45.069,419.55094448675,1003
2024-09-19 11:16:45.093,419.6093064141292,97
2024-09-19 11:16:45.096,419.5957625700836,1000
2024-09-19 11:16:45.110,419.51786066463023,1000
2024-09-19 11:16:45.217,419.4961383444683,1005
2024-09-19 11:16:45.265,419.53885493398224,104
2024-09-19 11:16:45.316,419.548871525363,1003
2024-09-19 11:16:45.348,419.46518501868456,10
2024-09-19 11:16:45.370,419.4907979429396,1005
2024-09-19 11:16:45.381,419.47045739097473,8
2024-09-19 11:16:45.446,419.4921627452717,999
2024-09-19 11:16:45.531,419.5240940247765,13
2024-09-19 11:16:45.692,419.50754598811886,1003
2024-09-19 11:16:45.895,419.6003456193252,6
2024-09-19 11:16:45.904,419.5106724634071,12
2024-09-19 11:16:45.937,419.5610910864991,104
2024-09-19 11:16:46.009,419.521502497603,1002
2024-09-19 11:16:46.025,419.54948397820834,14
2024-09-19 11:16:46.059,419.6094642928813,101
2024-09-19 11:16:46.115,419.6142921891472,8
2024-09-19 11:16:46.134,419.5252198510038,103
2024-09-19 11:16:46.217,419.52335481228135,100
2024-09-19 11:16:46.232,419.5803034977068,13
2024-09-19 11:16:46.276,419.5550186570304,100
2024-09-19 11:16:46.279,419.5533138088942,1003
2024-09-19 11:16:46.432,419.5384128192904,998
2024-09-19 11:16:46.468,419.5221560077529,14
2024-09-19 11:16:46.469,419.5065815032408,11
2024-09-19 11:16:46.473,419.5543657294722,98
2024-09-19 11:16:46.501,419.531621120293,1002
2024-09-19 11:16:46.526,419.534019278117,102
2024-09-19 11:16:46.553,419.5389938528331,95
2024-09-19 11:16:46.561,419.5334252952823,1003
2024-09-19 11:16:46.643,419.5490754272225,11
2024-09-19 11:16:46.680,419.6178312418779,1005
2024-09-19 11:16:46.680,419.6208468989238,100
2024-09-19 11:16:46.724,419.5903211099994,13
2024-09-19 11:16:46.757,419.5623740913889,100
2024-09-19 11:16:46.806,419.6014151474541,995
2024-09-19 11:16:46.837,-419.5111298406971,995
2024-09-19 11:16:46.888,419.53945478466153,101
2024-09-19 11:16:46.944,419.6043665065958,6
2024-09-19 11:16:46.975,419.5961795707984,995
2024-09-19 11:16:47.035,419.62893053034105,6
2024-09-19 11:16:47.057,419.6332664234642,11
2024-09-19 11:16:47.135,419.60956845796153,96
2024-09-19 11:16:47.139,419.6289872830576,1001
2024-09-19 11:16:47.167,419.6265877113496,15
2024-09-19 11:16:47.230,419.6323396244304,997
2024-09-19 11:16:47.233,419.6059083298199,97
2024-09-19 11:16:47.352,419.6257384612783,1003
2024-09-19 11:16:47.369,419.6295066935825,96
2024-09-19 11:16:47.386,419.6412788996969,13
2024-09-19 11:16:47.407,41.962378734938085,102
2024-09-19 11:16:47.448,419.6237786035216,1005
2024-09-19 11:16:47.503,419.6252403836435,13
2024-09-19 11:16:47.576,419.6224916477048,11
2024-09-19 11:16:47.612,419.6272380696548,97
2024-09-19 11:16:47.680,419.6321341999556,105
2024-09-19 11:16:47.799,419.639102822298,13
2024-09-19 11:16:47.910,419.6442543201849,995
2024-09-19 11:16:48.140,419.63303613568337,95
2024-09-19 11:16:48.154,419.800836353909,995
2024-09-19 11:16:48.225,419.6997757182704,998
2024-09-19 11:16:48.227,419.77605921475873,8
2024-09-19 11:16:48.272,419.706320532928,13
2024-09-19 11:16:48.473,419.7768123450012,13
2024-09-19 11:16:48.481,419.794797117201,103
2024-09-19 11:16:48.486,419.7788591594534,95
2024-09-19 11:16:48.549,419.6863582185331,104
2024-09-19 11:16:48.551,419.76336019646334,8
2024-09-19 11:16:48.579,419.66351637092686,105
2024-09-19 11:16:48.590,419.67683609113976,1000
2024-09-19 11:16:48.607,419.8021449023422,12
2024-09-19 11:16:48.656,419.6925273513853,1000
2024-09-19 11:16:48.671,419.75329858910266,995
2024-09-19 11:16:48.679,419.64349567448494,1000
2024-09-19 11:16:48.686,419.7691927086841,103
2024-09-19 11:16:48.713,419.7641268443506,100
2024-09-19 11:16:48.809,419.76982413532977,6
2024-09-19 11:16:48.848,419.68153996809656,7
2024-09-19 11:16:48.896,419.7869139364694,97
2024-09-19 11:16:48.915,419.693229978905,97
2024-09-19 11:16:48.979,419.64704387546107,997
2024-09-19 11:16:49.161,419.7769205027662,1005
2024-09-19 11:16:49.224,419.78649823327095,6
2024-09-19 11:16:49.264,419.8110696367526,103
2024-09-19 11:16:49.300,419.7829313083574,96
2024-09-19 11:16:49.335,419.792538309809,12
2024-09-19 11:16:49.341,419.79567277770417,999
2024-09-19 11:16:49.378,419.7914457122029,101
2024-09-19 11:16:49.384,419.7774688916891,998
2024-09-19 11:16:49.457,419.7752959171186,103
2024-09-19 11:16:49.461,419.8016003872466,1003
2024-09-19 11:16:49.497,419.78912752317103,98
2024-09-19 11:16:49.562,419.8011442033226,999
2024-09-19 11:16:49.576,419.7676983113341,997
2024-09-19 11:16:49.579,419.8604170352395,15
2024-09-19 11:16:49.587,419.7972029809845,95
2024-09-19 11:16:49.624,419.7865359472583,15
2024-09-19 11:16:49.669,419.785416368309,98
2024-09-19 11:16:49.680,419.79384941069264,1001
2024-09-19 11:16:49.737,419.81104666103664,1000
2024-09-19 11:16:49.752,419.7979265857426,98
2024-09-19 11:16:49.763,419.77181189017006,15
2024-09-19 11:16:49.771,419.8018889886159,15
2024-09-19 11:16:49.814,419.7677777464929,1004
2024-09-19 11:16:49.840,419.8337060854092,13
2024-09-19 11:16:49.864,419.7478812810012,1005
2024-09-19 11:16:49.930,419.79469199739697,998
2024-09-19 11:16:49.957,419.7688992677327,997
2024-09-19 11:16:49.984,419.7926687666794,998
2024-09-19 11:16:49.987,419.7877636452239,1002
2024-09-19 11:16:49.991,419.7640624544257,1005
2024-09-19 11:16:50.193,,96
2024-09-19 11:16:50.526,419.8689799550408,10
2024-09-19 11:16:50.532,419.8663380813943,1004
2024-09-19 11:16:51.010,419.9301045446074,5
2024-09-19 11:16:51.012,419.8542842781319,997
2024-09-19 11:16:51.024,419.9497966500074,97
2024-09-19 11:16:51.044,419.9383881404859,13
2024-09-19 11:16:51.061,419.9840703448618,997
2024-09-19 11:16:51.126,419.9421767175321,6
2024-09-19 11:16:51.127,419.86701965647694,13
2024-09-19 11:16:51.140,419.9294759880837,1003
2024-09-19 11:16:51.198,419.8668662028294,13
2024-09-19 11:16:51.257,419.8584897748093,1004
2024-09-19 11:16:51.286,419.95622026138153,12
2024-09-19 11:16:51.362,419.8608768055875,9
2024-09-19 11:16:51.369,419.91110020874464,1001
2024-09-19 11:16:51.392,419.9505436172832,14
2024-09-19 11:16:51.447,419.83155841403743,5
2024-09-19 11:16:51.465,419.870096302909,14
2024-09-19 11:16:51.553,419.9669690872735,98
2024-09-19 11:16:51.572,419.93650180552487,13
2024-09-19 11:16:51.596,419.9741024762953,10
2024-09-19 11:16:51.652,419.8877544310378,98
2024-09-19 11:16:51.664,419.82996484345193,11
2024-09-19 11:16:51.851,419.8649389429692,5
2024-09-19 11:16:51.854,419.9565240317061,15
2024-09-19 11:16:52.141,419.94008837102064,15
2024-09-19 11:16:52.297,419.9253815042164,99
2024-09-19 11:16:52.351,419.935015510123,105
2024-09-19 11:16:52.362,419.9247015347543,1005
2024-09-19 11:16:52.412,419.93624314256857,8
2024-09-19 11:16:52.449,419.9395966888483,11
2024-09-19 11:16:52.602,419.95201742343846,101
2024-09-19 11:16:52.791,419.9388473899858,1000
2024-09-19 11:16:52.889,,97
2024-09-19 11:16:52.995,419.9197373382725,97
2024-09-19 11:16:53.102,419.9144831102746,1003
2024-09-19 11:16:53.434,419.928784440848,11
2024-09-19 11:16:54.012,419.9793214250848,101
2024-09-19 11:16:54.063,419.9248275055424,998
2024-09-19 11:16:54.071,419.92967704939616,6
2024-09-19 11:16:54.087,419.9983095046562,97
2024-09-19 11:16:54.107,419.92288019836576,9
2024-09-19 11:16:54.111,41.99362598314607,8
2024-09-19 11:16:54.116,419.9458307411218,995
2024-09-19 11:16:54.129,419.9851192214082,1000
2024-09-19 11:16:54.206,419.9571615622555,12
2024-09-19 11:16:54.256,419.9338899043085,95
2024-09-19 11:16:54.303,419.9404887821639,6
2024-09-19 11:16:54.348,419.92359152311,13
2024-09-19 11:16:54.375,419.945514687144,99
2024-09-19 11:16:54.442,419.9969627142849,8
2024-09-19 11:16:54.503,419.9722167294319,999
2024-09-19 11:16:54.513,419.9161381140515,7
2024-09-19 11:16:54.575,419.92090481798107,99
2024-09-19 11:16:54.578,-419.92268466635113,95
2024-09-19 11:16:54.762,419.95683039520185,105
2024-09-19 11:16:54.803,419.956298095038,99
2024-09-19 11:16:54.824,419.9856118660985,999
2024-09-19 11:16:54.869,419.9705036235492,1001
2024-09-19 11:16:54.873,419.9879831357071,1001
2024-09-19 11:16:54.933,419.995942115278,12
2024-09-19 11:16:54.983,419.9612936083694,1004
2024-09-19 11:16:54.987,419.9242283608151,7
2024-09-19 11:16:55.003,419.9573617128398,13
2024-09-19 11:16:55.223,419.9475495965722,1000
2024-09-19 11:16:55.368,419.9344972939734,996
2024-09-19 11:16:55.381,419.9267353265751,14
2024-09-19 11:16:55.431,419.9428188030132,102
2024-09-19 11:16:55.473,419.907527396173,10
2024-09-19 11:16:55.512,419.92399309424,1000
2024-09-19 11:16:55.548,419.9150300647543,102
2024-09-19 11:16:55.605,419.9099227541538,9
2024-09-19 11:16:55.735,419.97527094952574,95
2024-09-19 11:16:55.763,419.9171778164087,997
2024-09-19 11:16:55.795,419.9217741556623,1001
2024-09-19 11:16:55.810,419.911132572381,6
2024-09-19 11:16:55.832,419.9140261654461,1002
2024-09-19 11:16:56.009,419.94754746822167,10
2024-09-19 11:16:56.177,419.9232844139359,7
2024-09-19 11:16:56.260,419.9595011547148,5
2024-09-19 11:16:56.341,419.94737918424914,6
2024-09-19 11:16:56.528,419.9257974460656,13
2024-09-19 11:16:56.648,419.9451106132904,8
2024-09-19 11:16:56.689,419.9374333193606,98
2024-09-19 11:16:56.716,419.9384180918289,8
2024-09-19 11:16:56.742,419.9906682522256,9
2024-09-19 11:16:56.750,419.9548128145221,12
2024-09-19 11:16:56.826,419.95086231966366,10
2024-09-19 11:16:56.898,419.9392075093826,1001
2024-09-19 11:16:56.946,419.9711103604216,98
2024-09-19 11:16:56.964,419.94854726420857,999
2024-09-19 11:16:56.993,419.937655011905,99
2024-09-19 11:16:57.015,419.9894332487586,15
2024-09-19 11:16:57.110,420.0144428060866,104
2024-09-19 11:16:57.113,420.0154782508535,99
2024-09-19 11:16:57.168,420.00980276601314,97
2024-09-19 11:16:57.283,420.0239901440855,10
2024-09-19 11:16:57.331,420.02183615695225,102
2024-09-19 11:16:57.393,420.0430652519215,1003
2024-09-19 11:16:57.433,419.97784553001634,100
2024-09-19 11:16:57.666,420.00811241173983,999
2024-09-19 11:16:57.749,420.0392424266242,103
2024-09-19 11:16:57.856,420.0195096899369,12
2024-09-19 11:16:58.048,419.978221240246,12
2024-09-19 11:16:58.108,419.9472444179695,10
2024-09-19 11:16:58.110,419.9305931527068,998
2024-09-19 11:16:58.196,419.9586089736353,996
2024-09-19 11:16:58.198,419.9240242321153,9
2024-09-19 11:16:58.329,420.0303350486047,13
2024-09-19 11:16:58.379,419.9329134228666,1000
2024-09-19 11:16:58.465,419.914682059164,101
2024-09-19 11:16:58.508,419.9292469702346,6
2024-09-19 11:16:58.530,419.9218088149804,998
2024-09-19 11:16:58.547,419.9450776068428,1005
2024-09-19 11:16:58.641,419.92202168610015,15
2024-09-19 11:16:58.682,419.9220884772117,1004
2024-09-19 11:16:58.682,420.02325779735,5
2024-09-19 11:16:58.708,419.93720445365176,97
2024-09-19 11:16:58.768,419.9367180872343,96
2024-09-19 11:16:58.894,419.94858362187233,101
2024-09-19 11:16:59.034,420.0329767965493,1005
2024-09-19 11:16:59.095,419.9380389962992,995
2024-09-19 11:16:59.131,419.9241701788417,96
2024-09-19 11:16:59.161,420.0515726939488,104
2024-09-19 11:16:59.198,419.9625773606215,15
2024-09-19 11:16:59.282,419.9152499666475,999
2024-09-19 11:16:59.324,419.9868356382119,102
2024-09-19 11:16:59.334,419.9617887613325,99
2024-09-19 11:16:59.440,420.0377750871351,10
2024-09-19 11:16:59.487,420.0393463200355,997
2024-09-19 11:16:59.508,419.941988565296,99
2024-09-19 11:16:59.526,420.0186964217209,100
2024-09-19 11:16:59.554,420.0455835990333,11
2024-09-19 11:16:59.581,420.027358194468,995
2024-09-19 11:16:59.649,419.98957745368295,995
2024-09-19 11:16:59.703,420.0381285061311,10
2024-09-19 11:16:59.705,420.01785794157695,1000
2024-09-19 11:16:59.731,420.04550283139525,105
2024-09-19 11:16:59.740,420.056583930216,11
2024-09-19 11:16:59.758,420.0501781496614,98
2024-09-19 11:16:59.760,419.9210620189813,104
2024-09-19 11:16:59.789,419.9423766924157,100
2024-09-19 11:16:59.836,420.0121649408858,100
2024-09-19 11:16:59.892,419.9840530879633,7
2024-09-19 11:16:59.893,420.02045970363855,104
2024-09-19 11:16:59.902,419.9507229356005,99
2024-09-19 11:16:59.912,420.0235109921919,997
2024-09-19 11:16:59.930,419.9075474413289,1000
2024-09-19 11:16:59.968,420.06343214045353,7
