Timestamp,Price,Size
2024-09-17 12:31:00.020,407.6344043306502,105
2024-09-17 12:31:00.135,407.6466100672514,1001
2024-09-17 12:31:00.147,-407.6373004355275,1005
2024-09-17 12:31:00.226,407.5968538715393,96
2024-09-17 12:31:00.291,407.57669468366834,996
2024-09-17 12:31:00.395,407.63824761366766,1001
2024-09-17 12:31:00.472,407.6525066506596,100
2024-09-17 12:31:00.583,407.6145762519817,11
2024-09-17 12:31:00.587,407.5832799469869,1003
2024-09-17 12:31:00.701,407.5978701243504,97
2024-09-17 12:31:00.720,407.5899792348828,98
2024-09-17 12:31:00.789,407.6188588828082,8
2024-09-17 12:31:01.087,407.622833307273,99
2024-09-17 12:31:01.129,407.5857600085255,1005
2024-09-17 12:31:01.163,407.59925653725776,97
2024-09-17 12:31:01.249,407.58207363340233,15
2024-09-17 12:31:01.333,407.5743429589934,15
2024-09-17 12:31:01.373,407.6366254154853,100
2024-09-17 12:31:01.597,407.5964409302453,7
2024-09-17 12:31:01.607,407.63291575178334,9
2024-09-17 12:31:01.687,407.588743595502,999
2024-09-17 12:31:01.697,407.63420766287305,9
2024-09-17 12:31:01.734,407.6185688927757,105
2024-09-17 12:31:01.739,407.6089610633624,999
2024-09-17 12:31:01.852,407.5850459466386,5
2024-09-17 12:31:01.930,407.6407457446747,995
2024-09-17 12:31:01.942,407.5890720495341,1003
2024-09-17 12:31:01.984,407.58076676516765,1003
2024-09-17 12:31:02.078,407.6698342449556,10
2024-09-17 12:31:02.092,,996
2024-09-17 12:31:02.108,407.66726636743385,11
2024-09-17 12:31:02.131,407.7219063491141,101
2024-09-17 12:31:02.152,407.6473293092921,5
2024-09-17 12:31:02.179,407.7152116681902,998
2024-09-17 12:31:02.206,407.6206990554488,13
2024-09-17 12:31:02.257,407.7371814650995,5
2024-09-17 12:31:02.257,407.7098934899288,1002
2024-09-17 12:31:02.295,407.7335746133432,995
2024-09-17 12:31:02.378,407.6093707928815,99
2024-09-17 12:31:02.436,407.7258425105715,98
2024-09-17 12:31:02.472,407.6667098095842,10
2024-09-17 12:31:02.474,-407.67692004747937,1000
2024-09-17 12:31:02.489,407.6153644821488,997
2024-09-17 12:31:02.540,407.6508364406182,12
2024-09-17 12:31:02.543,407.706912061681,997
2024-09-17 12:31:02.571,407.60350315765135,11
2024-09-17 12:31:02.609,407.7088903379029,1001
2024-09-17 12:31:02.695,407.6711309889015,11
2024-09-17 12:31:02.730,407.7101187353015,100
2024-09-17 12:31:02.795,407.7132058032276,1003
2024-09-17 12:31:02.872,407.62153035578825,105
2024-09-17 12:31:02.886,407.7344155091085,1002
2024-09-17 12:31:02.915,407.707543423806,9
2024-09-17 12:31:02.921,407.6910335780871,100
2024-09-17 12:31:02.938,407.71446440179926,98
2024-09-17 12:31:02.954,407.73687859551535,1004
2024-09-17 12:31:02.963,407.73411957859616,1003
2024-09-17 12:31:02.972,407.6272341544693,1004
2024-09-17 12:31:03.035,407.71340907039047,95
2024-09-17 12:31:03.054,407.7373435562261,102
2024-09-17 12:31:03.070,407.7167749588965,7
2024-09-17 12:31:03.083,407.724735584909,7
2024-09-17 12:31:03.096,407.7210063695111,1002
2024-09-17 12:31:03.138,407.718824417196,1002
2024-09-17 12:31:03.229,407.7276761633206,102
2024-09-17 12:31:03.353,407.72735216219,1000
2024-09-17 12:31:03.364,407.7112823557141,12
2024-09-17 12:31:03.502,407.7287466970509,999
2024-09-17 12:31:03.569,407.73734542092814,13
2024-09-17 12:31:03.635,407.7277759188013,97
2024-09-17 12:31:03.690,407.7155120535377,14
2024-09-17 12:31:03.691,407.72862103523374,105
2024-09-17 12:31:03.703,407.7280951347297,1001
2024-09-17 12:31:03.826,407.71369904097673,11
2024-09-17 12:31:03.834,407.72964678706506,97
2024-09-17 12:31:03.890,407.73670042718845,6
2024-09-17 12:31:03.956,407.72802074138906,11
2024-09-17 12:31:03.992,407.7168916552916,6
2024-09-17 12:31:05.158,40.77281442545637,14
2024-09-17 12:31:05.237,407.7435184855594,1000
2024-09-17 12:31:05.394,407.7510513680962,96
2024-09-17 12:31:05.439,407.7255810999941,999
2024-09-17 12:31:05.456,407.7574118083634,1005
2024-09-17 12:31:05.460,407.72810555586943,103
2024-09-17 12:31:05.612,407.7330266678684,97
2024-09-17 12:31:05.696,407.7387756016561,996
2024-09-17 12:31:05.698,407.7522885748223,999
2024-09-17 12:31:05.727,407.7498169469094,5
2024-09-17 12:31:05.738,407.7491592913949,14
2024-09-17 12:31:05.745,407.7451653736235,996
2024-09-17 12:31:05.786,407.7527154812937,14
2024-09-17 12:31:05.811,407.7376746824837,9
2024-09-17 12:31:05.821,407.7533612026441,1005
2024-09-17 12:31:05.873,407.7359254007105,9
2024-09-17 12:31:05.928,407.71624401914585,1003
2024-09-17 12:31:05.972,407.7131435666852,105
2024-09-17 12:31:05.985,407.7682808832967,1005
2024-09-17 12:31:06.030,407.7685614755939,102
2024-09-17 12:31:06.173,407.7253290412601,100
2024-09-17 12:31:06.204,407.73029965610806,1001
2024-09-17 12:31:06.325,407.7523972926768,98
2024-09-17 12:31:06.388,407.7535333713841,97
2024-09-17 12:31:06.486,407.75535838536007,6
2024-09-17 12:31:06.486,407.7426755005108,11
2024-09-17 12:31:06.583,407.7324371748958,104
2024-09-17 12:31:06.639,407.7524650246674,5
2024-09-17 12:31:06.719,407.7576712702948,1000
2024-09-17 12:31:06.803,407.7188486745343,15
2024-09-17 12:31:06.855,407.774622382393,1004
2024-09-17 12:31:06.944,407.7368141163625,104
2024-09-17 12:31:06.948,407.7593677129691,97
2024-09-17 12:31:06.989,40.77451319309773,99
2024-09-17 12:31:07.019,407.70802666408,1000
2024-09-17 12:31:07.035,407.7527905878553,99
2024-09-17 12:31:07.043,407.71594184123177,102
2024-09-17 12:31:07.051,407.7149050874802,98
2024-09-17 12:31:07.136,407.72393368752944,6
2024-09-17 12:31:07.176,407.7123253429885,1004
2024-09-17 12:31:07.232,407.7446223108073,95
2024-09-17 12:31:07.282,407.72455737073886,998
2024-09-17 12:31:07.415,407.7314651547107,105
2024-09-17 12:31:07.461,407.7280107379429,997
2024-09-17 12:31:07.491,407.7193495398641,5
2024-09-17 12:31:07.616,407.6933353168436,105
2024-09-17 12:31:07.619,407.7165873840207,11
2024-09-17 12:31:07.634,407.7215677317377,997
2024-09-17 12:31:08.013,407.8622656580982,102
2024-09-17 12:31:08.042,407.78688781028353,1002
2024-09-17 12:31:08.054,407.78294372750537,11
2024-09-17 12:31:08.105,407.8271228543977,96
2024-09-17 12:31:08.132,407.83370409458337,6
2024-09-17 12:31:08.133,407.8375373500762,8
2024-09-17 12:31:08.144,407.7813006870562,100
2024-09-17 12:31:08.165,407.7874757975405,999
2024-09-17 12:31:08.189,407.7887814515519,13
2024-09-17 12:31:08.221,407.7435197865536,999
2024-09-17 12:31:08.252,407.7571534067811,96
2024-09-17 12:31:08.260,407.8734221768361,1000
2024-09-17 12:31:08.283,407.7763768485476,13
2024-09-17 12:31:08.358,407.8306633975848,14
2024-09-17 12:31:08.385,407.8172543114193,999
2024-09-17 12:31:08.457,407.8580060673356,996
2024-09-17 12:31:08.552,407.7805037215372,996
2024-09-17 12:31:08.606,407.8325360766424,8
2024-09-17 12:31:08.612,407.7349147939879,96
2024-09-17 12:31:08.654,407.7938710812406,99
2024-09-17 12:31:08.660,407.8395774004749,104
2024-09-17 12:31:08.756,407.8643708889328,7
2024-09-17 12:31:08.778,407.7746087400308,997
2024-09-17 12:31:08.787,407.8115292769458,997
2024-09-17 12:31:08.818,407.7362234034935,998
2024-09-17 12:31:08.845,407.80922806421415,997
2024-09-17 12:31:08.943,407.7953233115758,103
2024-09-17 12:31:09.115,407.8532349543236,103
2024-09-17 12:31:09.139,407.8094401749594,15
2024-09-17 12:31:09.142,407.8190312401356,7
2024-09-17 12:31:09.238,407.81687258470345,99
2024-09-17 12:31:09.254,407.82016026399424,14
2024-09-17 12:31:09.321,407.8893607297724,999
2024-09-17 12:31:09.364,407.7893750827584,1000
2024-09-17 12:31:09.367,407.8055548217735,96
2024-09-17 12:31:09.369,407.82356067217887,999
2024-09-17 12:31:09.379,407.809779697556,9
2024-09-17 12:31:09.448,407.8031994902537,1004
2024-09-17 12:31:09.480,407.8187060873975,101
2024-09-17 12:31:09.606,407.8011477469319,95
2024-09-17 12:31:09.656,407.8158546776097,10
2024-09-17 12:31:09.695,407.8721867828602,102
2024-09-17 12:31:09.738,407.8200173417774,105
2024-09-17 12:31:09.777,407.8100156635497,1001
2024-09-17 12:31:09.813,407.85146009413785,15
2024-09-17 12:31:09.996,407.8352594008791,96
2024-09-17 12:31:09.998,407.8315155971195,9
2024-09-17 12:31:10.044,407.8540760680893,104
2024-09-17 12:31:10.079,407.8143177869206,103
2024-09-17 12:31:10.090,407.79736236499616,9
2024-09-17 12:31:10.119,407.9000172115629,12
2024-09-17 12:31:10.134,407.8636441284254,1003
2024-09-17 12:31:10.164,407.86905026464245,999
2024-09-17 12:31:10.181,407.90239508724727,103
2024-09-17 12:31:10.200,407.86519871609806,102
2024-09-17 12:31:10.203,407.9172832156085,997
2024-09-17 12:31:10.210,407.8384433210274,103
2024-09-17 12:31:10.218,407.8968568451194,13
2024-09-17 12:31:10.249,407.8000188206374,12
2024-09-17 12:31:10.258,407.85494384823096,10
2024-09-17 12:31:10.293,407.8136999598561,101
2024-09-17 12:31:10.449,407.8046247028656,998
2024-09-17 12:31:10.469,407.8570270380803,96
2024-09-17 12:31:10.483,407.8482773675653,95
2024-09-17 12:31:10.505,407.85043335062494,103
2024-09-17 12:31:10.518,407.9032960534428,998
2024-09-17 12:31:10.523,407.8381752410603,9
2024-09-17 12:31:10.527,407.8923680744103,1000
2024-09-17 12:31:10.538,407.8667273195708,6
2024-09-17 12:31:10.543,407.81940611086304,1003
2024-09-17 12:31:10.546,407.9113678599503,1001
2024-09-17 12:31:10.606,407.8090563456356,6
2024-09-17 12:31:10.634,407.8289517829589,999
2024-09-17 12:31:10.762,407.88100207300175,13
2024-09-17 12:31:10.959,407.8576699760334,103
2024-09-17 12:31:10.968,407.8162459039351,100
2024-09-17 12:31:11.016,407.8354803997137,96
2024-09-17 12:31:11.044,407.8596128729412,103
2024-09-17 12:31:11.052,407.86207097455184,15
2024-09-17 12:31:11.057,407.8403870738773,9
2024-09-17 12:31:11.096,407.8507125986029,102
2024-09-17 12:31:11.170,407.8180611551303,1002
2024-09-17 12:31:11.221,407.8616671412111,98
2024-09-17 12:31:11.240,407.80987050289104,9
2024-09-17 12:31:11.260,407.8602996287,5
2024-09-17 12:31:11.302,407.8261314212297,98
2024-09-17 12:31:11.308,407.8305317591238,101
2024-09-17 12:31:11.363,407.867759398362,98
2024-09-17 12:31:11.404,407.803381763416,102
2024-09-17 12:31:11.432,407.80513327417634,11
2024-09-17 12:31:11.503,407.8392443131984,96
2024-09-17 12:31:11.611,407.8015065953597,1003
2024-09-17 12:31:11.660,407.85134636855696,997
2024-09-17 12:31:11.726,407.8505107860349,102
2024-09-17 12:31:11.752,407.8323819801873,96
2024-09-17 12:31:11.752,407.8761790789153,99
2024-09-17 12:31:11.779,407.84488697694405,12
2024-09-17 12:31:11.802,407.8718308911194,9
2024-09-17 12:31:11.814,407.80820736781686,999
2024-09-17 12:31:11.818,407.8519464414752,97
2024-09-17 12:31:11.946,407.7893517539062,7
2024-09-17 12:31:12.044,407.81735048899833,101
2024-09-17 12:31:12.075,407.8070854234252,101
2024-09-17 12:31:13.147,407.80930331256087,102
2024-09-17 12:31:14.277,407.786654734753,98
2024-09-17 12:31:14.408,407.7933586557267,99
2024-09-17 12:31:14.519,407.7500373489138,96
2024-09-17 12:31:14.609,407.78015538261536,6
2024-09-17 12:31:15.027,407.7465714627428,11
2024-09-17 12:31:15.129,407.71270196368806,1002
2024-09-17 12:31:15.134,407.7158640490395,105
2024-09-17 12:31:15.192,407.7530708919556,10
2024-09-17 12:31:15.334,407.724249498168,1005
2024-09-17 12:31:15.521,407.7362729263148,995
2024-09-17 12:31:15.589,407.73179782747184,97
2024-09-17 12:31:15.750,407.72895127043546,999
2024-09-17 12:31:15.758,40.77282252265328,8
2024-09-17 12:31:15.934,407.7294413299783,13
2024-09-17 12:31:16.078,407.6303474136753,99
2024-09-17 12:31:16.096,407.666971372315,95
2024-09-17 12:31:16.137,407.6723155329091,997
2024-09-17 12:31:16.138,407.6631925082991,1002
2024-09-17 12:31:16.152,407.65916837580784,100
2024-09-17 12:31:16.216,407.6553257444716,1004
2024-09-17 12:31:16.261,407.65215280738965,8
2024-09-17 12:31:16.267,407.64081862202073,15
2024-09-17 12:31:16.303,407.6252486043599,15
2024-09-17 12:31:16.364,407.6393686970383,1005
2024-09-17 12:31:16.412,407.6987028925335,1001
2024-09-17 12:31:16.478,407.6470383179228,9
2024-09-17 12:31:16.512,407.6583572003799,14
2024-09-17 12:31:16.539,407.6504416042958,95
2024-09-17 12:31:16.543,407.65614700988834,9
2024-09-17 12:31:16.604,407.72040879175495,998
2024-09-17 12:31:16.702,407.7110463372287,97
2024-09-17 12:31:16.773,407.66120304168106,7
2024-09-17 12:31:16.777,407.6513464320595,995
2024-09-17 12:31:16.797,407.6473124064195,102
2024-09-17 12:31:16.802,407.72138472223145,10
2024-09-17 12:31:16.803,407.7262319090868,13
2024-09-17 12:31:16.848,407.6472406174622,96
2024-09-17 12:31:16.871,407.6568695018102,5
2024-09-17 12:31:16.897,407.6994482901759,98
2024-09-17 12:31:16.936,407.6850598470667,14
2024-09-17 12:31:16.981,407.6506769295132,999
2024-09-17 12:31:17.251,407.61687088782,105
2024-09-17 12:31:17.647,407.61245022195607,997
2024-09-17 12:31:18.006,407.65228521207104,7
2024-09-17 12:31:18.025,407.6749662427183,13
2024-09-17 12:31:18.041,407.7110475250269,103
2024-09-17 12:31:18.222,407.71184387656217,102
2024-09-17 12:31:18.249,407.713304533778,14
2024-09-17 12:31:18.254,407.7518845831034,996
2024-09-17 12:31:18.285,407.75049625484985,999
2024-09-17 12:31:18.305,407.67454098420177,11
2024-09-17 12:31:18.309,407.654029885014,97
2024-09-17 12:31:18.347,407.7104555757503,1004
2024-09-17 12:31:18.348,407.75016522992,1004
2024-09-17 12:31:18.352,407.6380963009818,96
2024-09-17 12:31:18.367,407.7012744412317,105
2024-09-17 12:31:18.381,407.72300361826416,105
2024-09-17 12:31:18.384,407.6822849770796,102
2024-09-17 12:31:18.412,407.70326032312585,7
2024-09-17 12:31:18.434,407.7091094920903,103
2024-09-17 12:31:18.556,407.70548405952167,995
2024-09-17 12:31:18.619,407.654263292195,104
2024-09-17 12:31:18.631,407.7041013982381,15
2024-09-17 12:31:18.688,407.6447032499072,96
2024-09-17 12:31:18.808,407.7116348235585,996
2024-09-17 12:31:18.813,407.7283803898615,997
2024-09-17 12:31:18.868,-407.67880323007176,995
2024-09-17 12:31:18.929,407.73193407782816,12
2024-09-17 12:31:20.133,407.76703149111256,12
2024-09-17 12:31:20.134,407.76243898336327,104
2024-09-17 12:31:20.135,407.75434716626586,1002
2024-09-17 12:31:20.153,407.7511756725237,6
2024-09-17 12:31:20.378,407.7399837921204,11
2024-09-17 12:31:20.443,407.7712293432882,999
2024-09-17 12:31:20.627,407.7281532240584,9
2024-09-17 12:31:20.754,407.7354561088388,1004
2024-09-17 12:31:20.946,407.7307552646618,12
2024-09-17 12:31:20.968,407.74534827434735,102
2024-09-17 12:31:21.074,407.7395885545442,95
2024-09-17 12:31:21.082,407.7005107980482,102
2024-09-17 12:31:21.179,407.7373303234982,1005
2024-09-17 12:31:21.259,407.7636852454052,95
2024-09-17 12:31:21.356,407.6852383080965,14
2024-09-17 12:31:21.479,407.7371982131233,999
2024-09-17 12:31:21.494,407.7384062152739,6
2024-09-17 12:31:21.532,407.7151939959567,101
2024-09-17 12:31:21.597,407.7246041223478,997
2024-09-17 12:31:21.716,407.7407178361112,997
2024-09-17 12:31:21.932,407.6934209290847,13
2024-09-17 12:31:21.936,407.6845150851476,15
2024-09-17 12:31:22.270,407.68608463727975,995
2024-09-17 12:31:22.360,407.6926219598771,97
2024-09-17 12:31:22.549,407.67753753252,13
2024-09-17 12:31:22.823,407.683619410343,102
2024-09-17 12:31:23.028,407.6421108436862,1000
2024-09-17 12:31:23.037,407.6587300792475,5
2024-09-17 12:31:23.052,407.68583689546233,1005
2024-09-17 12:31:23.059,407.6619403966831,95
2024-09-17 12:31:23.131,407.70456642240913,104
2024-09-17 12:31:23.149,407.6468246676343,8
2024-09-17 12:31:23.160,407.6710762836558,13
2024-09-17 12:31:23.210,407.64046915804647,1003
2024-09-17 12:31:23.246,407.6872193523183,1000
2024-09-17 12:31:23.256,407.7071181910571,10
2024-09-17 12:31:23.271,407.6770435327914,996
2024-09-17 12:31:23.364,407.6844963301767,10
2024-09-17 12:31:23.618,407.6447604654816,7
2024-09-17 12:31:23.815,407.6760104528535,5
2024-09-17 12:31:23.892,407.70617118715217,100
2024-09-17 12:31:23.945,407.6672098507518,5
2024-09-17 12:31:23.988,407.6988003289135,997
2024-09-17 12:31:24.087,407.7436315286482,9
2024-09-17 12:31:24.283,407.7044721871678,10
2024-09-17 12:31:24.372,407.7300183942074,999
2024-09-17 12:31:24.380,407.7065513406032,104
2024-09-17 12:31:24.498,407.74762492500537,7
2024-09-17 12:31:24.621,40.77214477927123,1001
2024-09-17 12:31:24.682,407.7073529592832,1003
2024-09-17 12:31:24.800,407.7342842180114,100
2024-09-17 12:31:24.854,407.7443175159787,96
2024-09-17 12:31:24.899,407.6973740319551,1005
2024-09-17 12:31:24.970,407.70502741551206,102
2024-09-17 12:31:24.985,407.7192417636821,12
2024-09-17 12:31:25.013,407.6919673572794,1001
2024-09-17 12:31:25.024,407.729939600492,105
2024-09-17 12:31:25.126,407.6824179197446,1004
2024-09-17 12:31:25.129,407.7229177793258,1005
2024-09-17 12:31:25.178,407.6884614486696,997
2024-09-17 12:31:25.201,407.7284120358599,1005
2024-09-17 12:31:25.204,407.7154412132505,8
2024-09-17 12:31:25.359,407.6835763268848,1004
2024-09-17 12:31:25.407,407.7455982604693,95
2024-09-17 12:31:25.462,407.6762491865885,1004
2024-09-17 12:31:25.654,407.71793344313625,998
2024-09-17 12:31:25.683,407.73908121141545,1005
2024-09-17 12:31:25.735,407.7027084107386,998
2024-09-17 12:31:25.812,407.6822459056677,1003
2024-09-17 12:31:25.836,,96
2024-09-17 12:31:25.895,407.68503184856434,95
2024-09-17 12:31:25.931,407.73804557787264,102
2024-09-17 12:31:26.054,407.6647439390823,995
2024-09-17 12:31:26.059,407.6458977259101,102
2024-09-17 12:31:26.093,407.6555198386436,103
2024-09-17 12:31:26.328,407.66624994858927,9
2024-09-17 12:31:26.341,407.6728285085494,5
2024-09-17 12:31:26.370,407.6669879717453,1002
2024-09-17 12:31:26.390,407.64144743840194,14
2024-09-17 12:31:26.490,407.6417409019625,104
2024-09-17 12:31:26.536,407.6786739736963,95
2024-09-17 12:31:26.542,407.653157183252,6
2024-09-17 12:31:26.688,407.6471208052545,12
2024-09-17 12:31:26.734,407.6741414920984,105
2024-09-17 12:31:26.750,407.6458898175271,13
2024-09-17 12:31:26.984,407.6443386495924,996
2024-09-17 12:31:27.009,407.6786212844551,6
2024-09-17 12:31:27.230,407.70005182529786,95
2024-09-17 12:31:27.560,407.7591569054138,1003
2024-09-17 12:31:27.639,407.7615370875469,11
2024-09-17 12:31:27.640,407.7468056134696,13
2024-09-17 12:31:27.710,407.6676820384091,95
2024-09-17 12:31:27.752,407.72379099750174,103
2024-09-17 12:31:27.760,407.6868265575208,103
2024-09-17 12:31:27.766,407.68998957799374,7
2024-09-17 12:31:27.780,407.69791515878046,995
2024-09-17 12:31:27.802,407.75394358927423,6
2024-09-17 12:31:27.835,407.73673523696544,10
2024-09-17 12:31:27.835,407.7342267435161,8
2024-09-17 12:31:27.892,407.74999283837326,999
2024-09-17 12:31:27.917,407.7018732730597,102
2024-09-17 12:31:27.976,407.664624546814,999
2024-09-17 12:31:27.989,,998
2024-09-17 12:31:27.991,407.71140403880986,7
2024-09-17 12:31:28.035,407.6456371059112,1004
2024-09-17 12:31:28.252,407.6382264550971,105
2024-09-17 12:31:28.284,407.7345918342776,102
2024-09-17 12:31:28.329,407.6565118180048,998
2024-09-17 12:31:28.401,407.6663434634621,104
2024-09-17 12:31:28.411,407.6429136990314,105
2024-09-17 12:31:28.418,407.62975867687845,999
2024-09-17 12:31:28.441,407.6729178455182,9
2024-09-17 12:31:28.523,407.6797028771949,996
2024-09-17 12:31:28.537,407.710804930323,6
2024-09-17 12:31:28.553,407.6401668693517,102
2024-09-17 12:31:28.588,407.685664023556,10
2024-09-17 12:31:28.589,407.7261106042688,103
2024-09-17 12:31:28.604,407.7018984730647,97
2024-09-17 12:31:28.816,407.633287911656,6
2024-09-17 12:31:28.835,407.6427179034754,1004
2024-09-17 12:31:28.910,407.7067971273338,1000
2024-09-17 12:31:28.963,407.6711570440672,1003
2024-09-17 12:31:28.982,407.63266146167655,1001
2024-09-17 12:31:29.121,407.524392120837,12
2024-09-17 12:31:29.150,407.53827381318007,99
2024-09-17 12:31:29.196,40.755004066008205,104
2024-09-17 12:31:29.207,407.5777100524913,6
2024-09-17 12:31:29.221,407.5245063132222,995
2024-09-17 12:31:29.240,407.6120735356957,12
2024-09-17 12:31:29.253,407.5579351093035,1004
2024-09-17 12:31:29.264,407.5964363930478,11
2024-09-17 12:31:29.303,407.5231867981538,96
2024-09-17 12:31:29.358,407.5901555492889,1005
2024-09-17 12:31:29.433,407.5969421641498,7
2024-09-17 12:31:29.487,407.6072547625212,101
2024-09-17 12:31:29.493,407.5225108771735,104
2024-09-17 12:31:29.571,407.5107357534411,1001
2024-09-17 12:31:29.764,407.6192580966873,5
2024-09-17 12:31:29.774,407.6252536598792,14
2024-09-17 12:31:29.865,407.5857628781061,996
2024-09-17 12:31:29.880,407.6053257472901,10
2024-09-17 12:31:29.987,407.5295003295532,12
2024-09-17 12:31:30.281,407.5138917374532,103
2024-09-17 12:31:30.334,407.5446153488272,14
2024-09-17 12:31:30.450,407.5205712861592,105
2024-09-17 12:31:30.522,407.5272237973791,97
2024-09-17 12:31:30.804,407.5391404066599,12
2024-09-17 12:31:30.978,407.5279590905278,14
2024-09-17 12:31:31.120,407.51395862236126,13
2024-09-17 12:31:31.120,407.51216296655497,5
2024-09-17 12:31:31.218,40.753341694923066,1005
2024-09-17 12:31:31.255,407.5353782756538,9
2024-09-17 12:31:31.270,407.5203712974723,97
2024-09-17 12:31:31.371,407.52579368650487,8
2024-09-17 12:31:31.486,407.5175465141813,11
2024-09-17 12:31:31.533,407.5103917050539,1005
2024-09-17 12:31:31.586,407.5254754392764,97
2024-09-17 12:31:31.685,407.5126544042594,7
2024-09-17 12:31:31.795,407.53788490629256,15
2024-09-17 12:31:31.804,407.5157379615444,1005
2024-09-17 12:31:31.809,407.5283355392092,96
2024-09-17 12:31:31.815,407.5255956458312,96
2024-09-17 12:31:31.846,407.5035391791623,96
2024-09-17 12:31:31.946,407.5020885573452,1004
2024-09-17 12:31:32.006,407.4295503499553,100
2024-09-17 12:31:32.015,407.51070446402144,105
2024-09-17 12:31:32.056,407.4570729753855,95
2024-09-17 12:31:32.060,407.49440163504505,1002
2024-09-17 12:31:32.108,407.43457284065846,15
2024-09-17 12:31:32.146,407.4687657606544,12
2024-09-17 12:31:32.152,407.4250841026234,1000
2024-09-17 12:31:32.176,407.4256384862055,8
2024-09-17 12:31:32.249,407.4377542993533,996
2024-09-17 12:31:32.344,407.4806237600541,11
2024-09-17 12:31:32.388,407.483103819065,98
2024-09-17 12:31:32.393,407.4212035913318,96
2024-09-17 12:31:32.434,407.4653390462077,95
2024-09-17 12:31:32.455,407.4527634533012,6
2024-09-17 12:31:32.465,407.44032524808887,12
2024-09-17 12:31:32.522,407.420699666893,1001
2024-09-17 12:31:32.592,407.4837645656672,1005
2024-09-17 12:31:32.629,407.45091513125817,998
2024-09-17 12:31:32.667,407.46630142532416,99
2024-09-17 12:31:32.673,407.4385080548069,996
2024-09-17 12:31:32.696,407.4290814553403,9
2024-09-17 12:31:32.752,407.4196398580347,7
2024-09-17 12:31:32.918,407.4536004396202,98
2024-09-17 12:31:32.921,407.4638787176787,1001
2024-09-17 12:31:32.936,407.4571342082587,1002
2024-09-17 12:31:32.949,407.4451994214555,1001
2024-09-17 12:31:32.971,407.4353882746587,15
2024-09-17 12:31:33.211,407.474523189852,1002
2024-09-17 12:31:33.370,407.478312091298,101
2024-09-17 12:31:33.572,407.4514935558984,5
2024-09-17 12:31:33.671,407.45677252777,6
2024-09-17 12:31:33.752,407.4482272086333,1002
2024-09-17 12:31:33.803,407.4765318042872,95
2024-09-17 12:31:33.989,407.48198658800976,1004
2024-09-17 12:31:34.076,407.4566211828799,9
2024-09-17 12:31:34.099,407.4545499376258,1002
2024-09-17 12:31:34.107,407.510250503227,1002
2024-09-17 12:31:34.132,407.5088085357386,998
2024-09-17 12:31:34.139,407.4609570031308,998
2024-09-17 12:31:34.140,407.5374640454645,97
2024-09-17 12:31:34.141,407.4907402558725,13
2024-09-17 12:31:34.142,407.47991026783694,1001
2024-09-17 12:31:34.159,,102
2024-09-17 12:31:34.246,407.5013245071476,6
2024-09-17 12:31:34.310,407.463799372332,9
2024-09-17 12:31:34.319,407.4580521206885,996
2024-09-17 12:31:34.331,407.4790770434668,1002
2024-09-17 12:31:34.481,407.5288240471364,98
2024-09-17 12:31:34.506,407.5459394379063,99
2024-09-17 12:31:34.585,407.49264065824855,103
2024-09-17 12:31:34.620,407.4888070336584,103
2024-09-17 12:31:34.663,407.490754319025,1004
2024-09-17 12:31:34.693,407.5230480465976,97
2024-09-17 12:31:34.700,407.47971582127695,1003
2024-09-17 12:31:34.707,407.463016877305,15
2024-09-17 12:31:34.756,407.5219077519882,11
2024-09-17 12:31:34.776,407.4974261389028,1004
2024-09-17 12:31:34.812,407.47459283521937,1003
2024-09-17 12:31:34.940,407.4762431538959,1002
2024-09-17 12:31:34.956,407.46263072927405,99
2024-09-17 12:31:34.987,407.48351244301006,8
2024-09-17 12:31:35.178,407.61751051206767,997
2024-09-17 12:31:35.260,407.6037797285156,997
2024-09-17 12:31:35.312,407.5711848598317,9
2024-09-17 12:31:35.420,407.5854999762989,95
2024-09-17 12:31:35.442,407.6062467983808,11
2024-09-17 12:31:35.466,407.60982306276384,95
2024-09-17 12:31:35.609,407.5984394743386,102
2024-09-17 12:31:35.711,407.59204642621273,103
2024-09-17 12:31:35.872,407.5800614090813,13
2024-09-17 12:31:35.908,407.6309833547922,1004
2024-09-17 12:31:35.954,407.55508156070726,7
2024-09-17 12:31:35.967,407.6052621169974,99
2024-09-17 12:31:36.039,407.5951972540835,6
2024-09-17 12:31:36.052,407.5744893778048,99
2024-09-17 12:31:36.081,407.6051006656219,12
2024-09-17 12:31:36.105,407.548219381235,104
2024-09-17 12:31:36.131,407.5735341145121,10
2024-09-17 12:31:36.139,407.6045102757853,103
2024-09-17 12:31:36.256,407.5697968536642,100
2024-09-17 12:31:36.345,407.5869236899471,13
2024-09-17 12:31:36.464,407.557678085119,101
2024-09-17 12:31:36.506,407.6040236434637,998
2024-09-17 12:31:36.510,407.62064650990953,98
2024-09-17 12:31:36.514,407.614984252746,997
2024-09-17 12:31:36.536,407.5698727833249,8
2024-09-17 12:31:36.589,407.6073016956833,999
2024-09-17 12:31:36.610,407.5753820205486,1005
2024-09-17 12:31:36.685,40.76293746969317,7
2024-09-17 12:31:36.721,407.56374230263407,8
2024-09-17 12:31:36.788,407.59592588606256,1000
2024-09-17 12:31:36.798,407.5566358285788,104
2024-09-17 12:31:36.801,407.5770578939622,102
2024-09-17 12:31:36.810,407.57633854096247,97
2024-09-17 12:31:36.820,407.5923774523093,96
2024-09-17 12:31:36.824,407.5974322393136,99
2024-09-17 12:31:36.845,407.61503817175446,996
2024-09-17 12:31:36.875,407.6206388087226,96
2024-09-17 12:31:37.053,407.503371071451,995
2024-09-17 12:31:37.060,407.4794007874792,8
2024-09-17 12:31:37.083,407.5185266120431,7
2024-09-17 12:31:37.265,407.49167541072586,100
2024-09-17 12:31:37.277,407.47152136592194,1002
2024-09-17 12:31:37.304,407.48409049428807,97
2024-09-17 12:31:37.469,407.4788675306088,995
2024-09-17 12:31:37.643,407.47193334060063,8
2024-09-17 12:31:37.652,407.4842904943405,105
2024-09-17 12:31:37.663,407.4824124397061,15
2024-09-17 12:31:37.772,407.486342507597,98
2024-09-17 12:31:37.876,407.47760051088034,998
2024-09-17 12:31:37.903,407.4829638361264,99
2024-09-17 12:31:37.910,407.48735771479903,99
2024-09-17 12:31:37.932,407.4701152033173,8
2024-09-17 12:31:38.023,407.5472064541976,5
2024-09-17 12:31:38.111,407.5729862078174,7
2024-09-17 12:31:38.190,407.54455450630417,1005
2024-09-17 12:31:38.235,407.5760421066044,105
2024-09-17 12:31:38.238,407.5349619018856,104
2024-09-17 12:31:38.368,407.5550591432086,1000
2024-09-17 12:31:38.401,407.59258552276873,1005
2024-09-17 12:31:38.447,407.5976782758042,8
2024-09-17 12:31:38.552,407.5586455807155,12
2024-09-17 12:31:38.567,407.5056039535695,100
2024-09-17 12:31:38.640,407.4851145191377,98
2024-09-17 12:31:38.697,407.5585801705389,6
2024-09-17 12:31:38.726,407.5639577995631,95
2024-09-17 12:31:38.743,407.5353585665458,999
2024-09-17 12:31:38.763,407.4981678027173,14
2024-09-17 12:31:38.775,407.5591644542336,100
2024-09-17 12:31:38.789,407.5348325819487,1001
2024-09-17 12:31:38.805,407.5830269137133,100
2024-09-17 12:31:38.815,407.5608034937764,99
2024-09-17 12:31:38.827,407.5695525377472,95
2024-09-17 12:31:38.838,407.5561135264624,998
2024-09-17 12:31:38.953,407.5773375358345,7
2024-09-17 12:31:38.968,407.56719467951166,8
2024-09-17 12:31:38.995,407.5953577918284,101
2024-09-17 12:31:39.163,407.5544382415348,101
2024-09-17 12:31:39.639,407.5763681320511,100
2024-09-17 12:31:39.657,407.5725552628971,101
2024-09-17 12:31:39.811,407.58381033524097,104
2024-09-17 12:31:39.871,407.5801995401967,8
2024-09-17 12:31:39.886,407.5540388630954,103
2024-09-17 12:31:39.892,407.56244962849627,97
2024-09-17 12:31:39.920,407.5445331595803,14
2024-09-17 12:31:39.921,407.5355904379284,104
2024-09-17 12:31:40.020,407.58001822035897,1003
2024-09-17 12:31:40.084,407.5732300432711,102
2024-09-17 12:31:40.152,407.5950378083298,997
2024-09-17 12:31:40.155,407.6079904128661,8
2024-09-17 12:31:40.161,407.5856727185671,998
2024-09-17 12:31:40.185,-407.58376553418975,100
2024-09-17 12:31:40.188,407.5448020779419,95
2024-09-17 12:31:40.192,407.5954663491143,8
2024-09-17 12:31:40.292,407.5992290690622,97
2024-09-17 12:31:40.352,407.5762628081078,996
2024-09-17 12:31:40.373,407.5984545729585,105
2024-09-17 12:31:40.395,407.5899258365,1003
2024-09-17 12:31:40.475,407.59077649881925,105
2024-09-17 12:31:40.497,407.5506001626489,97
2024-09-17 12:31:40.502,407.5743771664133,999
2024-09-17 12:31:40.570,407.5659402745438,102
2024-09-17 12:31:40.570,407.5835833052451,97
2024-09-17 12:31:40.624,407.5875175999104,997
2024-09-17 12:31:40.643,407.5500083515432,1004
2024-09-17 12:31:40.646,407.563346408007,1001
2024-09-17 12:31:40.687,407.5751911459232,7
2024-09-17 12:31:40.761,407.54788195289495,96
2024-09-17 12:31:40.790,407.594415503114,15
2024-09-17 12:31:40.797,407.57131231050914,997
2024-09-17 12:31:40.841,407.581395971394,997
2024-09-17 12:31:40.845,407.5739470967906,100
2024-09-17 12:31:40.871,407.5738638228317,997
2024-09-17 12:31:40.959,407.56883212263006,97
2024-09-17 12:31:41.045,407.5646868590192,13
2024-09-17 12:31:41.070,407.58023872196526,97
2024-09-17 12:31:41.244,407.5565779733934,10
2024-09-17 12:31:41.270,407.584770766844,995
2024-09-17 12:31:41.395,407.5726429281931,997
2024-09-17 12:31:41.484,407.55536229077546,15
2024-09-17 12:31:41.530,407.5837023209456,997
2024-09-17 12:31:41.548,407.57400713892895,105
2024-09-17 12:31:41.562,407.5415451265105,103
2024-09-17 12:31:41.719,407.5819856503243,1004
2024-09-17 12:31:41.724,407.5413000962568,11
2024-09-17 12:31:41.838,407.54351809410537,9
2024-09-17 12:31:41.871,407.5470177818581,13
2024-09-17 12:31:42.008,407.5780372417738,997
2024-09-17 12:31:42.028,407.5505466249404,102
2024-09-17 12:31:42.071,-407.5503161948593,995
2024-09-17 12:31:42.096,407.535336958038,95
2024-09-17 12:31:42.105,407.5971679736788,105
2024-09-17 12:31:42.138,407.6052507727434,10
2024-09-17 12:31:42.153,407.5768795870509,98
2024-09-17 12:31:42.159,407.5951196256261,103
2024-09-17 12:31:42.214,407.56931227376487,13
2024-09-17 12:31:42.225,407.5407894216251,101
2024-09-17 12:31:42.247,407.59254244760905,995
2024-09-17 12:31:42.262,407.5653523601152,13
2024-09-17 12:31:42.262,407.59203828875707,104
2024-09-17 12:31:42.272,407.5735629201786,9
2024-09-17 12:31:42.284,407.5820023434172,97
2024-09-17 12:31:42.347,407.5659488821926,5
2024-09-17 12:31:42.358,407.5552408027265,997
2024-09-17 12:31:42.424,407.5597429239295,15
2024-09-17 12:31:42.428,407.5644379443583,998
2024-09-17 12:31:42.455,407.5770261177363,100
2024-09-17 12:31:42.478,407.5531218735055,104
2024-09-17 12:31:42.601,407.5808827017893,12
2024-09-17 12:31:42.603,407.5696032436708,14
2024-09-17 12:31:42.615,407.5791951261226,998
2024-09-17 12:31:42.621,407.5734720034838,998
2024-09-17 12:31:42.658,407.5606281566159,5
2024-09-17 12:31:42.883,407.6003779464218,997
2024-09-17 12:31:42.885,407.5654306785847,1005
2024-09-17 12:31:42.916,407.5688801331467,1000
2024-09-17 12:31:43.078,407.5621489790344,7
2024-09-17 12:31:43.417,407.5644658910924,105
2024-09-17 12:31:43.678,407.56986785290354,103
2024-09-17 12:31:43.696,407.593223593839,98
2024-09-17 12:31:43.950,407.5796715055578,101
2024-09-17 12:31:44.017,407.5438190191069,8
2024-09-17 12:31:44.077,407.5729273711981,1003
2024-09-17 12:31:44.094,407.5814547286615,1000
2024-09-17 12:31:44.108,407.58083648666303,1001
2024-09-17 12:31:44.117,407.54985377474674,98
2024-09-17 12:31:44.122,407.5732936795309,11
2024-09-17 12:31:44.168,407.56336890749503,1000
2024-09-17 12:31:44.199,407.5964684616644,95
2024-09-17 12:31:44.249,-407.6030543956721,5
2024-09-17 12:31:44.281,407.5977475461135,11
2024-09-17 12:31:44.320,407.5621185366552,14
2024-09-17 12:31:44.543,407.5613502077903,98
2024-09-17 12:31:44.713,407.5579815944416,1004
2024-09-17 12:31:44.719,407.5823393808228,1004
2024-09-17 12:31:44.730,407.5648471606934,104
2024-09-17 12:31:44.731,407.5596295371217,996
2024-09-17 12:31:44.822,407.5463040785719,9
2024-09-17 12:31:44.833,407.5626930210872,14
2024-09-17 12:31:44.948,407.5875750336419,10
2024-09-17 12:31:45.147,407.6717580037232,1000
2024-09-17 12:31:45.428,407.6725775791066,1000
2024-09-17 12:31:45.468,407.58881810373583,9
2024-09-17 12:31:45.473,407.6824989196711,9
2024-09-17 12:31:45.578,407.6358277630615,12
2024-09-17 12:31:45.600,407.6411736613591,13
2024-09-17 12:31:45.625,407.64409510403306,998
2024-09-17 12:31:45.666,407.6006683806533,102
2024-09-17 12:31:45.688,407.6205017102207,105
2024-09-17 12:31:45.691,407.6925660068943,98
2024-09-17 12:31:45.703,407.60573875941657,104
2024-09-17 12:31:45.713,407.6397618045921,12
2024-09-17 12:31:45.742,407.6754567231399,8
2024-09-17 12:31:45.807,407.6962899405327,101
2024-09-17 12:31:45.832,407.7073616095361,11
2024-09-17 12:31:45.844,407.6499591055489,997
2024-09-17 12:31:45.860,407.6046312654379,105
2024-09-17 12:31:45.875,407.6906143432948,96
2024-09-17 12:31:45.918,407.65457130285495,6
2024-09-17 12:31:45.924,407.635665827865,1005
2024-09-17 12:31:45.958,407.6769548771488,998
2024-09-17 12:31:46.026,407.68807979913294,103
2024-09-17 12:31:46.049,407.7012208024999,7
2024-09-17 12:31:46.077,407.70444533997846,98
2024-09-17 12:31:46.105,407.6792548792907,1004
2024-09-17 12:31:46.110,407.6684487891826,96
2024-09-17 12:31:46.128,407.6820089670874,1002
2024-09-17 12:31:46.140,407.6675969745344,102
2024-09-17 12:31:46.147,407.666029270787,11
2024-09-17 12:31:46.168,407.665275735066,14
2024-09-17 12:31:46.253,407.7062837091366,996
2024-09-17 12:31:46.275,407.6843289583984,995
2024-09-17 12:31:46.321,407.7071367068872,103
2024-09-17 12:31:46.376,407.7183517039326,12
2024-09-17 12:31:46.417,407.7067866472652,102
2024-09-17 12:31:46.493,407.68654270931336,104
2024-09-17 12:31:46.576,407.6781262708076,102
2024-09-17 12:31:46.669,407.71337009259145,96
2024-09-17 12:31:46.732,407.6752142304188,15
2024-09-17 12:31:46.744,407.6639317441971,98
2024-09-17 12:31:46.777,407.6963369191071,5
2024-09-17 12:31:46.781,407.70422075648383,12
2024-09-17 12:31:46.873,407.70814915240527,997
2024-09-17 12:31:46.883,407.67395473095263,6
2024-09-17 12:31:46.889,407.7058526325464,15
2024-09-17 12:31:46.939,407.7120034995553,5
2024-09-17 12:31:47.596,407.6452854801868,6
2024-09-17 12:31:47.623,407.6310771313203,9
2024-09-17 12:31:47.660,407.6672664748847,105
2024-09-17 12:31:47.695,407.66455029108704,9
2024-09-17 12:31:47.802,407.6634324870413,9
2024-09-17 12:31:47.881,407.6757105600552,1000
2024-09-17 12:31:48.075,407.64031952700736,1002
2024-09-17 12:31:48.240,407.62863949157565,12
2024-09-17 12:31:48.594,407.6171935797877,9
2024-09-17 12:31:48.865,407.6370947334037,1004
2024-09-17 12:31:48.912,407.6328151981391,1003
2024-09-17 12:31:49.003,407.5229758653725,14
2024-09-17 12:31:49.007,407.4792936173759,11
2024-09-17 12:31:49.082,407.6162493026334,999
2024-09-17 12:31:49.150,407.4960466930087,1000
2024-09-17 12:31:49.161,407.4482980358337,98
2024-09-17 12:31:49.169,407.5131031805104,997
2024-09-17 12:31:49.207,407.6054055782754,13
2024-09-17 12:31:49.229,407.5506084565511,1001
2024-09-17 12:31:49.384,407.4932005031365,98
2024-09-17 12:31:49.390,407.5982359094775,1003
2024-09-17 12:31:49.415,407.50332364644345,105
2024-09-17 12:31:49.420,407.5559018518724,6
2024-09-17 12:31:49.471,407.4753472718304,96
2024-09-17 12:31:49.474,407.5609400103857,11
2024-09-17 12:31:49.520,407.4891530283919,995
2024-09-17 12:31:49.524,407.4956470485546,101
2024-09-17 12:31:49.539,407.5025773532005,998
2024-09-17 12:31:49.626,407.5544426488048,1001
2024-09-17 12:31:49.779,407.5113558629032,997
2024-09-17 12:31:49.784,407.51045533150943,998
2024-09-17 12:31:49.801,407.4835925460122,1004
2024-09-17 12:31:49.820,407.52102853151706,98
2024-09-17 12:31:49.919,407.47944664438745,103
2024-09-17 12:31:49.932,407.5034820833434,1003
2024-09-17 12:31:49.957,407.51579984216335,8
2024-09-17 12:31:49.965,407.5626341206968,104
2024-09-17 12:31:50.050,407.4555596346581,996
2024-09-17 12:31:50.090,407.3846174857052,1003
2024-09-17 12:31:50.117,407.4545352808712,100
2024-09-17 12:31:50.226,407.4196259208625,999
2024-09-17 12:31:50.267,-407.4351954712607,104
2024-09-17 12:31:50.375,407.40193470197335,105
2024-09-17 12:31:50.424,407.4002520382745,998
2024-09-17 12:31:50.425,407.48168709193016,11
2024-09-17 12:31:50.429,407.4641782161654,15
2024-09-17 12:31:50.591,407.3844887236833,104
2024-09-17 12:31:50.633,407.40459822358855,100
2024-09-17 12:31:50.758,407.3970801811518,1003
2024-09-17 12:31:50.797,407.393128786374,998
2024-09-17 12:31:50.879,407.4101782354216,13
2024-09-17 12:31:50.941,40.74064218864004,15
2024-09-17 12:31:50.983,407.4097400471384,102
2024-09-17 12:31:51.052,407.4311243695512,999
2024-09-17 12:31:51.071,407.3729542539496,7
2024-09-17 12:31:51.092,407.40596764214513,104
2024-09-17 12:31:51.293,407.3974087260264,6
2024-09-17 12:31:51.312,407.4208792420072,6
2024-09-17 12:31:51.315,407.4205088600391,997
2024-09-17 12:31:51.370,407.40137814101234,6
2024-09-17 12:31:51.398,407.3813535371015,99
2024-09-17 12:31:51.416,407.4092882343697,999
2024-09-17 12:31:51.455,407.3883117974664,999
2024-09-17 12:31:51.478,407.41111333989073,1004
2024-09-17 12:31:51.487,407.3977988974959,101
2024-09-17 12:31:51.506,407.4127250977693,104
2024-09-17 12:31:51.534,407.395395734282,1004
2024-09-17 12:31:51.633,407.38037743564746,7
2024-09-17 12:31:51.688,407.3976885335029,996
2024-09-17 12:31:51.755,407.4017751623262,103
2024-09-17 12:31:51.812,407.4070212852726,6
2024-09-17 12:31:51.941,407.3843127466078,8
2024-09-17 12:31:51.993,407.3726421579883,10
2024-09-17 12:31:52.053,407.46292893755697,95
2024-09-17 12:31:52.085,407.40551617795165,998
2024-09-17 12:31:52.100,407.4869887847336,105
2024-09-17 12:31:52.185,407.4703324078878,104
2024-09-17 12:31:52.207,407.3960372538525,13
2024-09-17 12:31:52.296,407.48059253790814,13
2024-09-17 12:31:52.377,407.46043663167865,995
2024-09-17 12:31:52.463,407.47311017718886,5
2024-09-17 12:31:52.470,407.4141824571981,9
2024-09-17 12:31:52.574,407.4599736371582,15
2024-09-17 12:31:52.606,407.4549804891099,102
2024-09-17 12:31:52.609,407.46231116617,1005
2024-09-17 12:31:52.647,407.4699925433704,10
2024-09-17 12:31:52.751,407.399707840375,105
2024-09-17 12:31:52.776,407.421294022968,13
2024-09-17 12:31:52.811,407.4654297311466,15
2024-09-17 12:31:52.859,407.4730880256414,14
2024-09-17 12:31:52.883,407.435691359677,95
2024-09-17 12:31:52.890,407.474340602977,10
2024-09-17 12:31:52.905,407.4701023735313,15
2024-09-17 12:31:52.936,407.4993691756561,101
2024-09-17 12:31:52.961,407.4417270272113,11
2024-09-17 12:31:52.977,407.4840923885786,10
2024-09-17 12:31:53.029,407.4259685455007,1005
2024-09-17 12:31:53.044,407.43033586097056,11
2024-09-17 12:31:53.062,407.4303125248432,996
2024-09-17 12:31:53.074,407.4311838947194,6
2024-09-17 12:31:53.120,407.4619310028916,14
2024-09-17 12:31:53.195,407.4466026787007,7
2024-09-17 12:31:53.210,407.449490465303,95
2024-09-17 12:31:53.228,407.46932330108586,1002
2024-09-17 12:31:53.234,407.4787573376524,995
2024-09-17 12:31:53.260,-407.40661084924193,12
2024-09-17 12:31:53.319,407.4189642999162,97
2024-09-17 12:31:53.347,407.42715687860806,12
2024-09-17 12:31:53.372,407.4092756677717,8
2024-09-17 12:31:53.401,40.74684766687263,1000
2024-09-17 12:31:53.455,407.449553266316,1003
2024-09-17 12:31:53.515,407.4775888450376,97
2024-09-17 12:31:53.600,407.4737455534375,98
2024-09-17 12:31:53.639,407.4556018463886,1005
2024-09-17 12:31:53.643,407.4691100206861,9
2024-09-17 12:31:53.667,407.4327362177966,11
2024-09-17 12:31:53.720,407.4529614349752,13
2024-09-17 12:31:53.732,407.4102589725531,1004
2024-09-17 12:31:53.816,407.44819863120114,101
2024-09-17 12:31:53.825,407.4835797816979,11
2024-09-17 12:31:53.839,407.47205232450347,1004
2024-09-17 12:31:53.859,407.4676323640274,9
2024-09-17 12:31:53.890,407.4311673929219,1002
2024-09-17 12:31:53.923,407.4382169072823,14
2024-09-17 12:31:53.980,407.4419004568945,999
2024-09-17 12:31:53.986,407.44815064709337,5
2024-09-17 12:31:54.107,407.38984820430807,11
2024-09-17 12:31:54.198,407.4000792725408,10
2024-09-17 12:31:54.343,407.42714468066055,7
2024-09-17 12:31:54.406,407.4157572665237,99
2024-09-17 12:31:54.441,407.3988950023138,998
2024-09-17 12:31:54.672,407.4158731326601,1002
2024-09-17 12:31:54.675,407.3978403917106,102
2024-09-17 12:31:55.090,407.41999205672,96
2024-09-17 12:31:55.121,407.4223231079931,105
2024-09-17 12:31:55.249,407.4271347083629,995
2024-09-17 12:31:55.262,407.36776568129153,10
2024-09-17 12:31:55.797,407.3903215679098,13
2024-09-17 12:31:55.823,407.3966027414864,998
2024-09-17 12:31:55.892,407.3711153460177,1005
2024-09-17 12:31:55.908,407.4337465163587,998
2024-09-17 12:31:55.920,407.4048452564671,1003
2024-09-17 12:31:55.943,407.43070054909066,13
2024-09-17 12:31:55.994,407.3742130720752,100
2024-09-17 12:31:56.023,407.3416201862258,13
2024-09-17 12:31:56.026,407.390847619984,11
2024-09-17 12:31:56.064,407.380985058355,8
2024-09-17 12:31:56.097,407.3739069591193,97
2024-09-17 12:31:56.120,407.3935802638088,100
2024-09-17 12:31:56.123,407.3915526399164,99
2024-09-17 12:31:56.161,407.388130606436,7
2024-09-17 12:31:56.257,407.382341386406,996
2024-09-17 12:31:56.271,407.3936833339767,1003
2024-09-17 12:31:56.325,407.4004675551578,10
2024-09-17 12:31:56.333,407.3506765366068,6
2024-09-17 12:31:56.389,407.3974500853394,1002
2024-09-17 12:31:56.436,407.3594637331841,98
2024-09-17 12:31:56.436,407.4029787183628,1000
2024-09-17 12:31:56.473,407.3955652944717,7
2024-09-17 12:31:56.505,407.35804453579686,6
2024-09-17 12:31:56.523,407.3814174114062,6
2024-09-17 12:31:56.589,407.3736181428591,8
2024-09-17 12:31:56.619,407.3863287529625,99
2024-09-17 12:31:56.679,407.35583049640456,999
2024-09-17 12:31:56.727,407.3796255285766,1000
2024-09-17 12:31:56.755,407.4146066210159,97
2024-09-17 12:31:56.811,407.3889158671012,1005
2024-09-17 12:31:56.870,407.37304910029513,10
2024-09-17 12:31:57.030,407.3386375523109,8
2024-09-17 12:31:57.031,407.38077777718377,995
2024-09-17 12:31:57.099,407.35637933073787,97
2024-09-17 12:31:57.132,407.3498017528309,13
2024-09-17 12:31:57.138,407.3489197401375,6
2024-09-17 12:31:57.151,407.35683526016896,1002
2024-09-17 12:31:57.192,407.3307807778604,996
2024-09-17 12:31:57.259,407.3813648301176,998
2024-09-17 12:31:57.277,407.3663545757797,14
2024-09-17 12:31:57.322,407.3444984227482,15
2024-09-17 12:31:57.347,407.3761154286053,1000
2024-09-17 12:31:57.358,407.3643822613764,6
2024-09-17 12:31:57.362,407.3428389856789,10
2024-09-17 12:31:57.428,407.3416494384576,5
2024-09-17 12:31:57.529,407.3239656451556,14
2024-09-17 12:31:57.550,407.3164569189287,997
2024-09-17 12:31:57.653,407.3600381968304,1004
2024-09-17 12:31:57.688,,1005
2024-09-17 12:31:57.735,407.3788368275244,95
2024-09-17 12:31:57.900,407.35081042260384,996
2024-09-17 12:31:57.916,407.33293115988033,7
2024-09-17 12:31:57.951,407.34033869179206,103
2024-09-17 12:31:57.963,407.3423048866083,1002
2024-09-17 12:31:57.993,407.3241434332799,995
2024-09-17 12:31:58.111,407.387992793513,99
2024-09-17 12:31:58.816,407.4041482801485,995
2024-09-17 12:31:58.965,407.4027356568847,13
2024-09-17 12:31:59.156,407.3932302852694,1002
2024-09-17 12:31:59.366,407.4031333860991,105
2024-09-17 12:31:59.376,407.3942580939189,95
2024-09-17 12:31:59.531,407.4064122879316,96
2024-09-17 12:31:59.567,407.3974407028986,12
2024-09-17 12:31:59.658,407.3981061742893,8
2024-09-17 12:31:59.727,407.41250720717807,1004
2024-09-17 12:31:59.837,407.38886422603457,95
2024-09-17 12:31:59.931,407.3915558240596,995
