Timestamp,Price,Size
2024-09-20 10:08:00.002,423.92514841432046,1003
2024-09-20 10:08:00.013,423.9176850209158,95
2024-09-20 10:08:00.089,423.9032501084436,97
2024-09-20 10:08:00.094,423.8650548950101,14
2024-09-20 10:08:00.113,423.9139147957925,13
2024-09-20 10:08:00.138,423.9095733272613,10
2024-09-20 10:08:00.169,423.8584191635125,1004
2024-09-20 10:08:00.189,423.887875710637,998
2024-09-20 10:08:00.189,423.90388101437367,8
2024-09-20 10:08:00.197,423.9522329802088,101
2024-09-20 10:08:00.212,423.9050219041357,11
2024-09-20 10:08:00.231,423.97072691831903,104
2024-09-20 10:08:00.353,423.8682666521968,6
2024-09-20 10:08:00.363,423.9615389703992,9
2024-09-20 10:08:00.464,423.8968232779475,995
2024-09-20 10:08:00.478,423.8898612600442,95
2024-09-20 10:08:00.695,423.9102240713478,12
2024-09-20 10:08:00.701,-423.860151118664,999
2024-09-20 10:08:00.724,423.8912545130406,998
2024-09-20 10:08:00.845,423.89157104456655,995
2024-09-20 10:08:00.849,423.9418894650945,1005
2024-09-20 10:08:00.857,423.9533791127725,1002
2024-09-20 10:08:00.866,423.9360128025153,105
2024-09-20 10:08:00.883,423.9194458138977,6
2024-09-20 10:08:00.941,423.89158784565535,101
2024-09-20 10:08:01.343,423.9493779561951,1004
2024-09-20 10:08:01.791,423.932504488128,14
2024-09-20 10:08:02.040,424.01648880130193,997
2024-09-20 10:08:02.044,423.95726048542,12
2024-09-20 10:08:02.063,424.01840486482,7
2024-09-20 10:08:02.075,423.9869062429996,8
2024-09-20 10:08:02.098,424.0772980259208,97
2024-09-20 10:08:02.103,424.0173486540985,15
2024-09-20 10:08:02.137,423.9853537632867,103
2024-09-20 10:08:02.276,424.0682825355266,101
2024-09-20 10:08:02.300,423.9875758754532,9
2024-09-20 10:08:02.306,424.0675111977606,101
2024-09-20 10:08:02.334,424.0064319191373,14
2024-09-20 10:08:02.342,423.9533579662,995
2024-09-20 10:08:02.363,424.0455018423554,15
2024-09-20 10:08:02.408,423.9855483527643,1000
2024-09-20 10:08:02.473,-424.0408969812128,100
2024-09-20 10:08:02.503,424.0565846937333,1002
2024-09-20 10:08:02.585,423.9342278411189,1004
2024-09-20 10:08:02.695,424.0559137656917,1001
2024-09-20 10:08:02.699,423.9302473896546,9
2024-09-20 10:08:02.753,423.9865997924725,5
2024-09-20 10:08:02.766,423.955320330281,1004
2024-09-20 10:08:02.815,423.99158319271214,998
2024-09-20 10:08:02.830,423.9884656159256,100
2024-09-20 10:08:02.832,423.9624078961991,6
2024-09-20 10:08:02.837,424.0164771770222,15
2024-09-20 10:08:02.858,424.0015087065625,10
2024-09-20 10:08:02.864,424.06699149406256,15
2024-09-20 10:08:02.878,423.98979197071975,997
2024-09-20 10:08:02.887,423.9555793534743,12
2024-09-20 10:08:02.992,423.9584799751004,14
2024-09-20 10:08:03.037,424.0063703225344,98
2024-09-20 10:08:03.169,423.9713291406889,999
2024-09-20 10:08:03.184,423.9788515705569,8
2024-09-20 10:08:03.200,423.96178418592655,1000
2024-09-20 10:08:03.237,423.9731748035844,9
2024-09-20 10:08:03.247,424.0349883333891,1002
2024-09-20 10:08:03.285,423.9822256195782,995
2024-09-20 10:08:03.294,423.9704796088778,1005
2024-09-20 10:08:03.344,423.98082558096974,1004
2024-09-20 10:08:03.362,423.9578556750945,12
2024-09-20 10:08:03.381,423.9601279778021,12
2024-09-20 10:08:03.455,423.97212447151946,1000
2024-09-20 10:08:03.462,424.0035594803564,1001
2024-09-20 10:08:03.463,423.9638152088897,102
2024-09-20 10:08:03.471,424.0032685307995,96
2024-09-20 10:08:03.534,424.0589492157989,101
2024-09-20 10:08:03.562,423.9635106964045,14
2024-09-20 10:08:03.765,423.9755515638632,104
2024-09-20 10:08:03.826,423.9936763503193,15
2024-09-20 10:08:03.852,423.9520828078839,996
2024-09-20 10:08:03.902,423.9977141951808,12
2024-09-20 10:08:03.944,423.9861109545682,104
2024-09-20 10:08:03.949,,95
2024-09-20 10:08:03.949,423.9707235836295,104
2024-09-20 10:08:04.004,424.0047781916819,7
2024-09-20 10:08:04.133,423.9581202001492,98
2024-09-20 10:08:04.180,423.9619065454773,1001
2024-09-20 10:08:04.195,423.9859674187437,105
2024-09-20 10:08:04.245,423.9788466310777,9
2024-09-20 10:08:04.269,423.97223748632473,9
2024-09-20 10:08:04.360,423.9831656304981,102
2024-09-20 10:08:04.427,424.0067602650336,14
2024-09-20 10:08:04.518,423.9919743808191,8
2024-09-20 10:08:04.570,424.0024544203496,996
2024-09-20 10:08:04.665,423.9724953008326,9
2024-09-20 10:08:04.668,424.0051023808965,1002
2024-09-20 10:08:04.697,423.9854233413986,1001
2024-09-20 10:08:04.725,423.9818340440278,13
2024-09-20 10:08:04.741,423.9616315962378,14
2024-09-20 10:08:04.860,423.9878789790611,7
2024-09-20 10:08:04.939,423.9667961869779,1004
2024-09-20 10:08:04.960,423.9834539251314,8
2024-09-20 10:08:04.972,424.0010329993797,996
2024-09-20 10:08:05.035,42.40871029610432,97
2024-09-20 10:08:05.203,424.0243648902959,7
2024-09-20 10:08:05.266,424.0378371323789,11
2024-09-20 10:08:05.281,424.0305089992791,100
2024-09-20 10:08:05.294,424.0262802504028,8
2024-09-20 10:08:05.569,424.0954814984671,98
2024-09-20 10:08:05.600,424.0830362618968,6
2024-09-20 10:08:05.645,424.02143492864894,7
2024-09-20 10:08:05.700,424.0375317232639,105
2024-09-20 10:08:05.780,424.0835518713368,995
2024-09-20 10:08:05.817,,12
2024-09-20 10:08:06.076,424.1084432132894,100
2024-09-20 10:08:06.343,424.1045466547883,98
2024-09-20 10:08:06.356,424.091123045765,1005
2024-09-20 10:08:06.382,424.096537971525,1000
2024-09-20 10:08:06.454,424.13009119622586,105
2024-09-20 10:08:06.538,424.10847860512735,102
2024-09-20 10:08:06.782,424.1029179028704,1005
2024-09-20 10:08:06.898,424.0950315425495,12
2024-09-20 10:08:06.948,424.1287141468495,7
2024-09-20 10:08:07.084,424.0813199282544,6
2024-09-20 10:08:07.124,424.09287751763657,9
2024-09-20 10:08:07.133,424.0950278822066,101
2024-09-20 10:08:07.221,424.07508727772864,100
2024-09-20 10:08:07.227,424.12053838024696,1001
2024-09-20 10:08:07.338,424.08989164874833,7
2024-09-20 10:08:07.396,424.07208250524974,996
2024-09-20 10:08:07.407,424.0843123082883,12
2024-09-20 10:08:07.482,424.1235450335113,10
2024-09-20 10:08:07.504,424.1039498023825,999
2024-09-20 10:08:07.541,424.0634202384147,1005
2024-09-20 10:08:07.545,424.0727996344813,1004
2024-09-20 10:08:07.628,424.0503654895946,103
2024-09-20 10:08:07.641,424.1096830973166,98
2024-09-20 10:08:07.646,424.0797161147494,100
2024-09-20 10:08:07.810,424.09667342852566,99
2024-09-20 10:08:07.881,424.0657685425595,102
2024-09-20 10:08:07.945,424.0716106070946,1001
2024-09-20 10:08:07.957,424.078364349394,101
2024-09-20 10:08:08.024,424.1541685091405,995
2024-09-20 10:08:08.077,424.1880429775289,998
2024-09-20 10:08:08.084,424.154884700665,11
2024-09-20 10:08:08.085,424.164188999526,11
2024-09-20 10:08:08.109,424.2018973183771,100
2024-09-20 10:08:08.111,424.20419370096033,999
2024-09-20 10:08:08.319,424.1871596704668,100
2024-09-20 10:08:08.326,424.1975365300669,97
2024-09-20 10:08:08.417,424.1736966645242,1000
2024-09-20 10:08:08.565,424.17157553536737,1004
2024-09-20 10:08:08.605,424.1866139099027,99
2024-09-20 10:08:08.688,424.1847163500638,7
2024-09-20 10:08:08.740,424.1597333885713,995
2024-09-20 10:08:08.798,424.20402351259577,103
2024-09-20 10:08:08.808,424.13113747654495,1000
2024-09-20 10:08:08.836,424.21988142198114,995
2024-09-20 10:08:08.969,424.1350698494748,102
2024-09-20 10:08:09.013,424.1753609520349,98
2024-09-20 10:08:09.054,424.20110925877714,15
2024-09-20 10:08:09.082,424.19590584783566,100
2024-09-20 10:08:09.237,424.2052750953608,99
2024-09-20 10:08:09.389,424.2003886340597,99
2024-09-20 10:08:09.530,424.20903728541634,95
2024-09-20 10:08:09.836,424.1826641895328,10
2024-09-20 10:08:09.879,424.1838714034344,105
2024-09-20 10:08:09.911,424.1829313411274,96
2024-09-20 10:08:09.920,424.2023464667415,98
2024-09-20 10:08:09.951,424.2027707030713,1002
2024-09-20 10:08:10.028,424.1456220537533,7
2024-09-20 10:08:10.105,424.0345143554629,995
2024-09-20 10:08:10.144,424.02664756751847,7
2024-09-20 10:08:10.187,424.04484190536266,14
2024-09-20 10:08:10.265,424.03695520330496,997
2024-09-20 10:08:10.310,424.0965326401128,102
2024-09-20 10:08:10.330,424.1632809307853,105
2024-09-20 10:08:10.347,424.0337543721445,99
2024-09-20 10:08:10.374,424.1399863423839,10
2024-09-20 10:08:10.518,424.1416859354368,1002
2024-09-20 10:08:10.605,424.0340799520676,998
2024-09-20 10:08:10.631,424.0281487715636,95
2024-09-20 10:08:10.693,424.0156955877761,1004
2024-09-20 10:08:10.731,424.0388425340036,97
2024-09-20 10:08:10.743,424.0484400248582,5
2024-09-20 10:08:10.775,424.0583398525959,1002
2024-09-20 10:08:10.811,424.0883145614208,1005
2024-09-20 10:08:10.832,424.1515617328924,9
2024-09-20 10:08:10.837,424.0316554587229,1005
2024-09-20 10:08:10.881,424.169402513785,5
2024-09-20 10:08:10.887,424.1146343021217,11
2024-09-20 10:08:10.902,424.1502904383349,103
2024-09-20 10:08:10.966,424.1721213239673,100
2024-09-20 10:08:11.046,424.0376974393944,10
2024-09-20 10:08:11.135,424.0506955123338,996
2024-09-20 10:08:11.466,424.0308255658297,7
2024-09-20 10:08:12.017,424.1061148711551,100
2024-09-20 10:08:12.104,424.0893904776365,97
2024-09-20 10:08:12.135,424.0641505880755,1002
2024-09-20 10:08:12.143,424.1169203770554,97
2024-09-20 10:08:12.294,,104
2024-09-20 10:08:12.377,424.0694593051337,104
2024-09-20 10:08:12.460,424.0679397523471,96
2024-09-20 10:08:12.466,424.1434391366552,100
2024-09-20 10:08:12.474,424.0959676214603,102
2024-09-20 10:08:12.521,424.0778093500408,1003
2024-09-20 10:08:12.731,424.0954640260769,7
2024-09-20 10:08:12.732,424.1241055719123,8
2024-09-20 10:08:12.820,424.10763675399176,996
2024-09-20 10:08:12.873,424.1089370559206,6
2024-09-20 10:08:12.901,424.1247401819821,15
2024-09-20 10:08:12.969,424.1374747071191,7
2024-09-20 10:08:12.997,424.0760915165292,96
2024-09-20 10:08:13.087,424.1848003095516,5
2024-09-20 10:08:13.139,424.0531386374564,99
2024-09-20 10:08:13.158,424.0908726709216,100
2024-09-20 10:08:13.198,424.1368011826973,96
2024-09-20 10:08:13.198,424.1283601583463,7
2024-09-20 10:08:13.255,424.12385551846427,997
2024-09-20 10:08:13.313,424.1393493472353,105
2024-09-20 10:08:13.318,424.1476563992676,998
2024-09-20 10:08:13.338,424.0546380354017,8
2024-09-20 10:08:13.386,424.0507938547791,998
2024-09-20 10:08:13.407,424.1084254617158,1001
2024-09-20 10:08:13.437,424.1047314631664,97
2024-09-20 10:08:13.474,424.1207848071229,96
2024-09-20 10:08:13.476,424.1222140833121,97
2024-09-20 10:08:13.534,424.1359828401879,6
2024-09-20 10:08:13.584,424.0486121118987,1001
2024-09-20 10:08:13.603,424.0478900218283,11
2024-09-20 10:08:13.659,424.0661905916415,102
2024-09-20 10:08:13.691,424.1611124755854,1001
2024-09-20 10:08:13.721,424.15997726882745,997
2024-09-20 10:08:13.731,424.1537550256713,7
2024-09-20 10:08:13.731,424.0382137068508,100
2024-09-20 10:08:13.740,424.0714494304666,98
2024-09-20 10:08:13.795,424.03613069111685,100
2024-09-20 10:08:13.865,424.160617672885,6
2024-09-20 10:08:13.906,424.12479773033374,9
2024-09-20 10:08:13.933,424.15833427198254,6
2024-09-20 10:08:13.955,424.1159767803074,997
2024-09-20 10:08:14.162,424.0637825095737,98
2024-09-20 10:08:14.181,424.059113595902,1000
2024-09-20 10:08:14.206,424.0171212703398,998
2024-09-20 10:08:14.241,424.0175402867856,96
2024-09-20 10:08:14.360,424.0287333915969,1005
2024-09-20 10:08:14.365,424.0297346877592,1005
2024-09-20 10:08:14.399,424.0507748192901,1002
2024-09-20 10:08:14.516,424.06616474770215,98
2024-09-20 10:08:14.536,424.05036773188,999
2024-09-20 10:08:14.558,424.0275099243174,96
2024-09-20 10:08:14.563,424.0368879056476,12
2024-09-20 10:08:14.633,424.0335648145552,15
2024-09-20 10:08:14.713,424.0217276326015,5
2024-09-20 10:08:14.732,424.047102345711,9
2024-09-20 10:08:14.805,424.038650359652,998
2024-09-20 10:08:14.819,424.0152330409312,996
2024-09-20 10:08:14.874,424.053156793875,14
2024-09-20 10:08:14.911,424.0569041885463,105
2024-09-20 10:08:15.013,424.0424428085992,1000
2024-09-20 10:08:15.055,424.0243445031506,1001
2024-09-20 10:08:15.099,424.0302093985901,996
2024-09-20 10:08:15.099,424.02530060832464,9
2024-09-20 10:08:15.153,424.0060539577362,10
2024-09-20 10:08:15.263,424.0232798215581,101
2024-09-20 10:08:15.580,424.0143315732873,7
2024-09-20 10:08:15.580,424.0280273867292,96
2024-09-20 10:08:15.615,424.00598402219725,99
2024-09-20 10:08:15.729,423.9909782339778,104
2024-09-20 10:08:15.738,424.0175573100295,1003
2024-09-20 10:08:15.758,424.00192569623226,99
2024-09-20 10:08:15.806,424.0068737166229,98
2024-09-20 10:08:15.845,423.9999398768564,100
2024-09-20 10:08:15.900,424.0390850693061,100
2024-09-20 10:08:15.993,424.0332973722342,15
2024-09-20 10:08:16.243,424.0014151318896,103
2024-09-20 10:08:16.382,424.0182103481497,95
2024-09-20 10:08:16.630,424.00255859634353,97
2024-09-20 10:08:16.642,423.9965919398553,99
2024-09-20 10:08:16.668,423.98399338163495,97
2024-09-20 10:08:16.707,424.01267035542304,100
2024-09-20 10:08:16.813,423.9741108400907,996
2024-09-20 10:08:17.022,423.9766653362313,11
2024-09-20 10:08:17.043,424.0424341367768,96
2024-09-20 10:08:17.058,424.0115017114433,99
2024-09-20 10:08:17.090,42.401979354446055,1004
2024-09-20 10:08:17.122,424.0461454034679,1003
2024-09-20 10:08:17.137,423.9813552234885,1002
2024-09-20 10:08:17.260,424.04297285835895,96
2024-09-20 10:08:17.269,424.0238598089033,996
2024-09-20 10:08:17.379,424.0592759399349,98
2024-09-20 10:08:17.383,423.99901688301566,105
2024-09-20 10:08:17.450,424.01617081910456,95
2024-09-20 10:08:17.461,424.0164218620499,99
2024-09-20 10:08:17.468,424.0456835589761,15
2024-09-20 10:08:17.502,424.062840179707,10
2024-09-20 10:08:17.543,424.0325349758954,101
2024-09-20 10:08:17.584,424.0549513273543,99
2024-09-20 10:08:17.612,424.0305982915018,1003
2024-09-20 10:08:17.613,-424.0344261413615,95
2024-09-20 10:08:17.673,424.022051090797,1004
2024-09-20 10:08:17.701,424.0429755190961,1004
2024-09-20 10:08:17.833,424.0179787828924,1004
2024-09-20 10:08:17.865,424.0124381945366,9
2024-09-20 10:08:17.873,42.398685894032965,5
2024-09-20 10:08:17.919,424.0438466432815,99
2024-09-20 10:08:17.927,424.0000735919435,8
2024-09-20 10:08:17.934,424.014234248253,100
2024-09-20 10:08:17.982,423.9722749827081,1004
2024-09-20 10:08:18.060,423.93517409243344,1004
2024-09-20 10:08:18.089,423.9522011018013,15
2024-09-20 10:08:18.272,423.9852533865411,14
2024-09-20 10:08:18.409,423.9287848166997,14
2024-09-20 10:08:18.531,423.95075481646944,101
2024-09-20 10:08:18.703,423.9957497304171,7
2024-09-20 10:08:18.720,423.9651149620931,104
2024-09-20 10:08:18.776,423.9917910432063,7
2024-09-20 10:08:18.791,423.92049661561657,997
2024-09-20 10:08:18.810,423.9480933021104,9
2024-09-20 10:08:19.137,423.9320219490258,104
2024-09-20 10:08:19.520,423.9565799554508,5
2024-09-20 10:08:19.701,423.9297228407737,5
2024-09-20 10:08:19.835,423.9488659609967,9
2024-09-20 10:08:20.249,423.9496198775336,9
2024-09-20 10:08:20.296,423.9333037731104,13
2024-09-20 10:08:20.631,423.9426364428806,998
2024-09-20 10:08:20.697,423.9397829608978,11
2024-09-20 10:08:21.084,423.9619728166932,105
2024-09-20 10:08:21.096,423.9594850787152,999
2024-09-20 10:08:21.257,423.95730846029545,14
2024-09-20 10:08:21.301,423.95307453613367,1000
2024-09-20 10:08:21.421,423.9549808919544,5
2024-09-20 10:08:21.458,423.92218553932497,995
2024-09-20 10:08:21.518,423.9386705022925,1003
2024-09-20 10:08:21.548,423.9490173549369,8
2024-09-20 10:08:21.570,423.9576661508624,15
2024-09-20 10:08:21.723,423.9550051852258,1004
2024-09-20 10:08:21.885,423.9452879080836,104
2024-09-20 10:08:21.985,423.9272472431121,15
2024-09-20 10:08:22.142,423.9276007185553,998
2024-09-20 10:08:22.239,423.9395592424344,102
2024-09-20 10:08:22.986,423.9437285279177,104
2024-09-20 10:08:23.155,424.0234234413204,998
2024-09-20 10:08:23.222,424.0062013552528,104
2024-09-20 10:08:23.304,423.9939915730146,998
2024-09-20 10:08:23.343,423.961976330496,999
2024-09-20 10:08:23.512,423.9940445041232,95
2024-09-20 10:08:23.577,423.986097105825,1001
2024-09-20 10:08:23.585,424.0140128066089,1000
2024-09-20 10:08:23.677,424.0015889036218,998
2024-09-20 10:08:23.733,423.9934893092353,13
2024-09-20 10:08:23.925,424.0010614063072,11
2024-09-20 10:08:23.944,424.0049821347554,14
2024-09-20 10:08:23.947,423.962499939682,997
2024-09-20 10:08:24.017,423.9798618556224,1004
2024-09-20 10:08:24.051,423.9858762232578,1000
2024-09-20 10:08:24.071,423.9986677696279,98
2024-09-20 10:08:24.084,42.399575922880125,99
2024-09-20 10:08:24.170,423.9957278417721,15
2024-09-20 10:08:24.212,424.0019450916336,1005
2024-09-20 10:08:24.447,424.0199439042322,1003
2024-09-20 10:08:24.669,423.9966690262677,101
2024-09-20 10:08:24.837,423.9927166167344,1001
2024-09-20 10:08:24.873,423.997983741184,1004
2024-09-20 10:08:24.886,423.9962291058836,995
2024-09-20 10:08:24.888,424.02174647494616,7
2024-09-20 10:08:24.888,42.39920861569196,998
2024-09-20 10:08:24.913,424.0079859086512,95
2024-09-20 10:08:24.978,424.0163459574713,1003
2024-09-20 10:08:25.033,424.0224833032697,104
2024-09-20 10:08:25.064,424.02993227192303,100
2024-09-20 10:08:25.089,424.01900742150167,996
2024-09-20 10:08:25.103,424.02994648880224,95
2024-09-20 10:08:25.170,424.05085768165065,15
2024-09-20 10:08:25.589,424.0398121828548,15
2024-09-20 10:08:25.613,424.0467991625071,99
2024-09-20 10:08:25.809,424.01794882062,999
2024-09-20 10:08:25.846,424.0161987343961,102
2024-09-20 10:08:25.861,424.0575285272977,999
2024-09-20 10:08:25.899,424.02427545229074,996
2024-09-20 10:08:26.117,,13
2024-09-20 10:08:26.151,424.0265591581985,999
2024-09-20 10:08:26.311,424.0250772627508,1000
2024-09-20 10:08:26.451,424.0189199940305,7
2024-09-20 10:08:26.455,424.0331108527138,9
2024-09-20 10:08:26.516,424.02960704836295,96
2024-09-20 10:08:26.524,424.0456558654229,7
2024-09-20 10:08:26.634,,9
2024-09-20 10:08:26.640,424.0177624793211,12
2024-09-20 10:08:26.673,424.0148033192064,995
2024-09-20 10:08:26.692,424.0299331976975,9
2024-09-20 10:08:26.724,423.9908705058005,105
2024-09-20 10:08:26.961,424.0309799319755,98
2024-09-20 10:08:27.095,423.9695086458211,997
2024-09-20 10:08:27.122,424.0001981903754,10
2024-09-20 10:08:27.154,424.01900143904015,102
2024-09-20 10:08:27.178,424.058349989343,101
2024-09-20 10:08:27.192,424.015451761445,97
2024-09-20 10:08:27.194,423.9841259199767,98
2024-09-20 10:08:27.225,423.992083876813,998
2024-09-20 10:08:27.319,423.9917720430859,999
2024-09-20 10:08:27.406,42.40658373410903,1003
2024-09-20 10:08:27.531,424.04512915449465,102
2024-09-20 10:08:27.568,424.0566186653834,100
2024-09-20 10:08:27.614,423.9784148492707,5
2024-09-20 10:08:27.734,424.007877762577,96
2024-09-20 10:08:27.817,424.071375430374,998
2024-09-20 10:08:27.842,424.0285568936853,6
2024-09-20 10:08:27.842,423.9823123961584,998
2024-09-20 10:08:27.865,424.0280249433361,998
2024-09-20 10:08:27.891,423.9945391245941,103
2024-09-20 10:08:27.939,423.984345417038,7
2024-09-20 10:08:27.951,423.9855766416316,10
2024-09-20 10:08:28.071,424.04493009338216,7
2024-09-20 10:08:28.075,424.0437957899968,99
2024-09-20 10:08:28.085,424.0316494874057,7
2024-09-20 10:08:28.154,424.0837976881831,11
2024-09-20 10:08:28.215,424.1109328395698,999
2024-09-20 10:08:28.235,424.1137357761927,1004
2024-09-20 10:08:28.284,424.059174760324,1002
2024-09-20 10:08:28.338,424.0597567969708,6
2024-09-20 10:08:28.351,424.0639876706531,105
2024-09-20 10:08:28.354,424.05502297649895,1002
2024-09-20 10:08:28.363,424.096449183109,12
2024-09-20 10:08:28.383,424.1188108108931,102
2024-09-20 10:08:28.405,424.0757481951052,100
2024-09-20 10:08:28.412,424.0705133582617,1000
2024-09-20 10:08:28.413,424.1046486574176,9
2024-09-20 10:08:28.430,424.0718474723576,99
2024-09-20 10:08:28.515,424.0953832402021,10
2024-09-20 10:08:28.561,424.0874923532055,1005
2024-09-20 10:08:28.598,424.07658216726793,995
2024-09-20 10:08:28.625,424.0746940304047,998
2024-09-20 10:08:28.646,424.0294395305386,12
2024-09-20 10:08:28.658,424.04361640414805,96
2024-09-20 10:08:28.739,424.0746160988418,98
2024-09-20 10:08:28.806,424.1094465648418,99
2024-09-20 10:08:28.890,424.0850750006967,996
2024-09-20 10:08:28.945,424.074536938619,13
2024-09-20 10:08:28.985,424.0616256532708,99
2024-09-20 10:08:29.232,424.10200989583234,11
2024-09-20 10:08:29.249,424.1375013732877,5
2024-09-20 10:08:29.250,424.1017850816025,15
2024-09-20 10:08:29.271,424.0884969765958,996
2024-09-20 10:08:29.286,424.1164675833318,12
2024-09-20 10:08:29.323,424.1059518622785,105
2024-09-20 10:08:29.335,424.0950985641666,105
2024-09-20 10:08:29.365,424.0950486153292,1001
2024-09-20 10:08:29.370,424.135451725812,105
2024-09-20 10:08:29.492,424.0952428728932,101
2024-09-20 10:08:29.523,424.1112916301717,1004
2024-09-20 10:08:29.525,424.1204615345243,101
2024-09-20 10:08:29.592,424.0959019895698,1001
2024-09-20 10:08:29.643,424.1125002961896,15
2024-09-20 10:08:29.856,424.11178336510767,1003
2024-09-20 10:08:29.877,42.40755098701692,14
2024-09-20 10:08:29.903,424.090509679882,6
2024-09-20 10:08:29.922,424.1049586555418,999
2024-09-20 10:08:29.949,424.1148351673684,102
2024-09-20 10:08:29.975,424.0947499948806,6
2024-09-20 10:08:30.140,424.1493261103925,98
2024-09-20 10:08:30.298,424.124152335958,15
2024-09-20 10:08:30.500,424.1695923565037,8
2024-09-20 10:08:30.528,424.1547867354192,998
2024-09-20 10:08:30.564,424.1394151066223,103
2024-09-20 10:08:30.568,424.12534097366455,105
2024-09-20 10:08:30.696,424.1496493466576,13
2024-09-20 10:08:30.757,424.1367462207836,8
2024-09-20 10:08:31.000,,997
2024-09-20 10:08:31.010,424.1329268170726,6
2024-09-20 10:08:31.063,424.11927450014434,101
2024-09-20 10:08:31.066,424.1097954343733,996
2024-09-20 10:08:31.154,424.0849773507445,95
2024-09-20 10:08:31.178,424.11227620817954,100
2024-09-20 10:08:31.250,424.0913311473173,998
2024-09-20 10:08:31.252,424.1475057305827,996
2024-09-20 10:08:31.273,424.1671263322632,97
2024-09-20 10:08:31.413,424.12919950894656,100
2024-09-20 10:08:31.467,424.1359129501184,1002
2024-09-20 10:08:31.569,424.1099246979778,1001
2024-09-20 10:08:31.605,424.1279117166226,5
2024-09-20 10:08:31.648,424.1528630319706,15
2024-09-20 10:08:31.652,424.10027294011087,1004
2024-09-20 10:08:31.727,424.12217827301146,997
2024-09-20 10:08:31.731,424.1278944132029,12
2024-09-20 10:08:31.732,424.17095354643135,100
2024-09-20 10:08:31.746,424.1167168869052,101
2024-09-20 10:08:31.763,424.0829248665808,1005
2024-09-20 10:08:31.764,424.0737641742229,11
2024-09-20 10:08:31.806,424.1329051718116,14
2024-09-20 10:08:31.818,424.1030259105572,100
2024-09-20 10:08:31.824,424.1311379626045,1000
2024-09-20 10:08:31.906,424.1034307871028,995
2024-09-20 10:08:31.912,424.10222299942194,995
2024-09-20 10:08:32.173,424.11836836232175,101
2024-09-20 10:08:32.223,424.12598635123913,1000
2024-09-20 10:08:32.731,424.1286155542477,999
2024-09-20 10:08:32.755,424.1284736538691,997
2024-09-20 10:08:33.011,424.10825678246937,97
2024-09-20 10:08:33.020,424.1535277631549,13
2024-09-20 10:08:33.042,424.1578918356973,11
2024-09-20 10:08:33.118,424.1572901201558,104
2024-09-20 10:08:33.217,424.1528062728121,99
2024-09-20 10:08:33.222,424.1195298310026,995
2024-09-20 10:08:33.235,424.1642349722278,6
2024-09-20 10:08:33.266,424.1783542696774,6
2024-09-20 10:08:33.272,424.1215962259906,997
2024-09-20 10:08:33.476,424.11591151461175,998
2024-09-20 10:08:33.495,424.1628072549065,997
2024-09-20 10:08:33.525,424.19315340350965,1002
2024-09-20 10:08:33.554,424.17186335516845,9
2024-09-20 10:08:33.573,424.1208502356839,103
2024-09-20 10:08:33.581,424.1528488536046,15
2024-09-20 10:08:33.585,424.1377984781445,101
2024-09-20 10:08:33.600,424.1541793000487,98
2024-09-20 10:08:33.624,424.1308231462689,101
2024-09-20 10:08:33.660,424.1329876751959,996
2024-09-20 10:08:33.679,424.1733775291602,100
2024-09-20 10:08:33.701,424.1258186821081,103
2024-09-20 10:08:33.717,424.1236478879155,996
2024-09-20 10:08:33.763,424.1898402201041,1004
2024-09-20 10:08:33.764,424.1591958223078,12
2024-09-20 10:08:33.820,424.13664237207655,101
2024-09-20 10:08:33.929,424.1544661238632,104
2024-09-20 10:08:33.947,424.1601801404644,996
2024-09-20 10:08:33.959,424.17524908016446,95
2024-09-20 10:08:34.017,424.15638216162256,102
2024-09-20 10:08:34.085,424.1734352817061,12
2024-09-20 10:08:34.093,424.1828292278744,101
2024-09-20 10:08:34.098,424.1560440646915,102
2024-09-20 10:08:34.121,424.1675693447805,14
2024-09-20 10:08:34.123,424.1080687230545,104
2024-09-20 10:08:34.165,424.12697885036255,100
2024-09-20 10:08:34.195,424.14515864981945,995
2024-09-20 10:08:34.204,,6
2024-09-20 10:08:34.236,424.11686625046895,1004
2024-09-20 10:08:34.239,424.1843428438149,15
2024-09-20 10:08:34.384,424.1332540321114,98
2024-09-20 10:08:34.519,424.14507545349227,1003
2024-09-20 10:08:34.540,424.11928557263474,104
2024-09-20 10:08:34.587,424.1746719797371,98
2024-09-20 10:08:34.690,424.1542417090593,98
2024-09-20 10:08:34.779,424.1213097940093,97
2024-09-20 10:08:34.828,424.1465571029721,998
2024-09-20 10:08:34.853,424.1634780691258,9
2024-09-20 10:08:34.884,424.140207403742,100
2024-09-20 10:08:34.900,424.1564171635168,1005
2024-09-20 10:08:34.945,424.19482600578505,998
2024-09-20 10:08:34.984,42.41778958453951,1000
2024-09-20 10:08:35.202,424.0711769093113,998
2024-09-20 10:08:35.266,424.02194309373897,98
2024-09-20 10:08:35.301,424.0849181594899,1002
2024-09-20 10:08:35.359,424.0982862622753,96
2024-09-20 10:08:35.778,424.0439939674785,8
2024-09-20 10:08:35.884,424.09282490273,1000
2024-09-20 10:08:35.915,424.0514787438292,10
2024-09-20 10:08:36.014,424.02768520931687,1002
2024-09-20 10:08:36.032,424.0234029126207,7
2024-09-20 10:08:36.042,424.0101131392859,1002
2024-09-20 10:08:36.146,424.0237643069168,15
2024-09-20 10:08:36.195,424.0205824316862,96
2024-09-20 10:08:36.376,424.0194124823052,100
2024-09-20 10:08:36.458,423.9964096156307,98
2024-09-20 10:08:36.499,424.01473268015405,1005
2024-09-20 10:08:36.687,424.00768373068695,7
2024-09-20 10:08:36.694,42.40225295573979,11
2024-09-20 10:08:36.724,424.0147752467239,999
2024-09-20 10:08:36.737,424.0239869178537,8
2024-09-20 10:08:36.893,424.0122270271582,1005
2024-09-20 10:08:36.937,424.0371884983647,104
2024-09-20 10:08:36.941,424.00426253651824,5
2024-09-20 10:08:37.157,424.0331325657754,99
2024-09-20 10:08:37.194,424.0266160996396,7
2024-09-20 10:08:37.229,424.0286786406252,101
2024-09-20 10:08:37.358,423.97120025215776,999
2024-09-20 10:08:37.389,423.9971042135739,7
2024-09-20 10:08:37.390,424.03590623872367,100
2024-09-20 10:08:37.390,423.96598664884255,96
2024-09-20 10:08:37.410,423.990096991149,6
2024-09-20 10:08:37.530,423.97793644259,1003
2024-09-20 10:08:37.541,423.9868353813792,105
2024-09-20 10:08:37.547,423.984894550145,105
2024-09-20 10:08:37.651,424.0268320367933,10
2024-09-20 10:08:37.681,424.0401768574989,100
2024-09-20 10:08:37.718,423.9626824669339,1004
2024-09-20 10:08:37.781,424.03177687745904,10
2024-09-20 10:08:37.815,424.0077843852907,1000
2024-09-20 10:08:37.962,423.9857286629229,101
2024-09-20 10:08:37.999,424.005468251845,95
2024-09-20 10:08:38.988,423.98335366450897,100
2024-09-20 10:08:39.037,423.9656840614512,11
2024-09-20 10:08:39.263,423.9384760482673,11
2024-09-20 10:08:39.351,423.9361932869594,15
2024-09-20 10:08:39.524,423.9850877525525,995
2024-09-20 10:08:39.919,423.9501076933196,1003
2024-09-20 10:08:40.080,423.9428313074453,99
2024-09-20 10:08:40.114,424.0242545006735,995
2024-09-20 10:08:40.122,424.0033199134098,100
2024-09-20 10:08:40.164,423.9606320085182,998
2024-09-20 10:08:40.195,423.9812129828156,8
2024-09-20 10:08:40.199,423.9677084114627,100
2024-09-20 10:08:40.241,423.94028539858994,97
2024-09-20 10:08:40.255,424.01377508882433,102
2024-09-20 10:08:40.321,424.0189270041178,13
2024-09-20 10:08:40.333,423.948645614808,997
2024-09-20 10:08:40.357,423.9757537384641,97
2024-09-20 10:08:40.370,423.9575891507865,99
2024-09-20 10:08:40.394,424.0091460073541,995
2024-09-20 10:08:40.436,423.9357937376093,105
2024-09-20 10:08:40.437,424.00451442266495,96
2024-09-20 10:08:40.502,424.0175191364231,1003
2024-09-20 10:08:40.517,423.94886272228575,96
2024-09-20 10:08:40.528,423.9382778730952,102
2024-09-20 10:08:40.549,423.9903179226432,1005
2024-09-20 10:08:40.563,424.0021561842904,96
2024-09-20 10:08:40.652,424.01066027575325,100
2024-09-20 10:08:40.667,423.96815423899307,11
2024-09-20 10:08:40.687,424.0103078911803,13
2024-09-20 10:08:40.769,423.9832258320836,99
2024-09-20 10:08:40.770,423.9916229238376,1003
2024-09-20 10:08:40.832,423.958804799563,1004
2024-09-20 10:08:40.923,423.94521836180513,9
2024-09-20 10:08:40.923,423.987007428165,8
2024-09-20 10:08:40.964,-423.9495182926737,1005
2024-09-20 10:08:41.060,424.009899854879,997
2024-09-20 10:08:41.088,423.9976915556253,998
2024-09-20 10:08:41.110,-424.0376544760471,999
2024-09-20 10:08:41.169,424.0459533884204,11
2024-09-20 10:08:41.183,423.9974367188189,1002
2024-09-20 10:08:41.216,424.01466428029,104
2024-09-20 10:08:41.272,424.0403531386012,13
2024-09-20 10:08:41.302,423.99225559934166,997
2024-09-20 10:08:41.356,424.0015799270204,97
2024-09-20 10:08:41.482,424.006157899898,13
2024-09-20 10:08:41.484,424.0491083929086,98
2024-09-20 10:08:41.567,424.0497497989801,997
2024-09-20 10:08:41.589,424.012110017179,997
2024-09-20 10:08:41.600,424.02294220503785,103
2024-09-20 10:08:41.601,424.0467462337431,996
2024-09-20 10:08:41.620,424.0070293363985,105
2024-09-20 10:08:41.645,424.0509644312858,96
2024-09-20 10:08:41.689,424.03180187156,997
2024-09-20 10:08:41.768,424.04559147319793,995
2024-09-20 10:08:41.788,424.0115547622446,105
2024-09-20 10:08:41.796,424.0382918650716,105
2024-09-20 10:08:41.814,424.060033267524,100
2024-09-20 10:08:41.833,423.98788345829576,7
2024-09-20 10:08:41.838,424.04201147211273,996
2024-09-20 10:08:41.852,423.9920604152416,9
2024-09-20 10:08:41.884,424.0272195918057,8
2024-09-20 10:08:41.889,424.0313415732872,96
2024-09-20 10:08:41.963,424.0433915104449,96
2024-09-20 10:08:42.365,423.9797499079826,999
2024-09-20 10:08:43.013,424.0056427852219,6
2024-09-20 10:08:43.113,423.97837168216233,997
2024-09-20 10:08:43.207,423.99802073745343,15
2024-09-20 10:08:43.216,423.9817042517571,100
2024-09-20 10:08:43.270,424.020680275244,1005
2024-09-20 10:08:43.281,424.0014633455465,104
2024-09-20 10:08:43.456,424.0067644022497,10
2024-09-20 10:08:43.469,423.9934342692732,1000
2024-09-20 10:08:43.489,423.9773476983053,5
2024-09-20 10:08:43.531,424.0500592707073,1000
2024-09-20 10:08:43.574,423.962038201155,8
2024-09-20 10:08:43.576,423.9697652788431,101
2024-09-20 10:08:43.599,423.9828558718882,100
2024-09-20 10:08:43.761,424.00056220351024,9
2024-09-20 10:08:43.850,423.99933015477967,96
2024-09-20 10:08:43.923,424.05470030104334,98
2024-09-20 10:08:43.945,423.9995775721763,12
2024-09-20 10:08:43.984,423.9826691819408,9
2024-09-20 10:08:44.091,423.99632124222927,1002
2024-09-20 10:08:44.128,423.95561567423056,1005
2024-09-20 10:08:44.191,423.97437171743866,11
2024-09-20 10:08:44.208,423.9883889368696,9
2024-09-20 10:08:44.222,423.9707595516635,100
2024-09-20 10:08:44.277,424.0485832176377,103
2024-09-20 10:08:44.442,423.98530708024106,13
2024-09-20 10:08:44.508,424.00896804066207,95
2024-09-20 10:08:44.510,424.01612641514754,8
2024-09-20 10:08:44.521,424.0034374138447,6
2024-09-20 10:08:44.529,424.0216663295867,1000
2024-09-20 10:08:44.608,424.0179958438867,13
2024-09-20 10:08:44.632,423.98148485843967,105
2024-09-20 10:08:44.672,424.06142377160165,95
2024-09-20 10:08:44.687,424.0537933701258,100
2024-09-20 10:08:44.743,424.0066490882493,95
2024-09-20 10:08:44.908,424.0183837933057,99
2024-09-20 10:08:44.920,423.9654654927486,97
2024-09-20 10:08:45.012,423.9488638697105,12
2024-09-20 10:08:45.132,423.994344899876,104
2024-09-20 10:08:45.192,423.9440699960775,12
2024-09-20 10:08:45.347,423.9950946021506,9
2024-09-20 10:08:45.403,423.98054613848046,103
2024-09-20 10:08:45.432,424.0036797549003,95
2024-09-20 10:08:45.450,423.9801537366887,98
2024-09-20 10:08:45.648,424.00479589769446,5
2024-09-20 10:08:45.731,424.0230387155266,1004
2024-09-20 10:08:45.764,424.0169249327406,1005
2024-09-20 10:08:45.774,423.9813653739756,15
2024-09-20 10:08:45.872,424.00864791562833,1002
2024-09-20 10:08:46.112,423.994699018888,1003
2024-09-20 10:08:46.122,424.0031514992365,997
2024-09-20 10:08:46.189,424.0027108041476,98
2024-09-20 10:08:46.206,423.9990389070213,996
2024-09-20 10:08:46.273,423.9809640660554,1003
2024-09-20 10:08:46.352,423.9532170610034,13
2024-09-20 10:08:46.638,423.9844766801361,8
2024-09-20 10:08:46.744,423.9816373073711,14
2024-09-20 10:08:46.840,423.98339770817296,997
2024-09-20 10:08:46.841,423.9944915056221,101
2024-09-20 10:08:46.843,424.0007638014907,12
2024-09-20 10:08:46.846,423.9534708220282,1003
2024-09-20 10:08:46.851,424.0148832013521,1001
2024-09-20 10:08:46.901,423.9677875350222,98
2024-09-20 10:08:46.965,423.9970509269031,11
2024-09-20 10:08:46.996,423.9808329575749,100
2024-09-20 10:08:47.126,424.0082386092128,8
2024-09-20 10:08:47.162,424.0819687255079,997
2024-09-20 10:08:47.167,424.0413958516322,105
2024-09-20 10:08:47.198,424.0548558042535,105
2024-09-20 10:08:47.202,424.0653076650474,15
2024-09-20 10:08:47.215,424.0558877313956,11
2024-09-20 10:08:47.300,424.0563353220923,14
2024-09-20 10:08:47.308,424.0279437784674,12
2024-09-20 10:08:47.313,424.0963290564904,104
2024-09-20 10:08:47.342,424.0162436666173,102
2024-09-20 10:08:47.372,424.0134570438989,8
2024-09-20 10:08:47.429,424.0235953209728,103
2024-09-20 10:08:47.630,424.01873668508,15
2024-09-20 10:08:47.646,424.0251124143907,1000
2024-09-20 10:08:47.692,424.0747625754954,102
2024-09-20 10:08:47.708,424.0655817358768,12
2024-09-20 10:08:47.731,424.0579881787155,5
2024-09-20 10:08:47.808,424.0264594946047,10
2024-09-20 10:08:47.881,424.0674340718676,998
2024-09-20 10:08:47.958,424.0539058158778,14
2024-09-20 10:08:48.094,423.9592433299746,99
2024-09-20 10:08:48.103,423.9801513394677,6
2024-09-20 10:08:48.135,423.9758178704203,13
2024-09-20 10:08:48.166,423.98812801279297,102
2024-09-20 10:08:48.703,423.9561837419815,98
2024-09-20 10:08:48.841,423.9731660405652,97
2024-09-20 10:08:48.984,423.985791625231,995
2024-09-20 10:08:49.041,423.9734378729791,10
2024-09-20 10:08:49.204,423.9784562338815,1005
2024-09-20 10:08:49.369,423.9686794859941,7
2024-09-20 10:08:49.390,423.9745493162468,9
2024-09-20 10:08:49.435,423.96247225727694,100
2024-09-20 10:08:49.627,423.96572784223696,98
2024-09-20 10:08:49.789,423.9889283615317,9
2024-09-20 10:08:49.899,423.97085411698936,998
2024-09-20 10:08:50.036,424.0401546686425,15
2024-09-20 10:08:50.051,424.0284904092791,1000
2024-09-20 10:08:50.064,424.0315483952952,97
2024-09-20 10:08:50.131,424.0477119766228,8
2024-09-20 10:08:50.180,424.069883337273,13
2024-09-20 10:08:50.229,424.0090721024751,101
2024-09-20 10:08:50.273,424.0261612979694,96
2024-09-20 10:08:50.315,424.0429831945261,97
2024-09-20 10:08:50.369,424.05327184626407,1004
2024-09-20 10:08:50.398,423.9908119166248,10
2024-09-20 10:08:50.453,424.03899376180055,103
2024-09-20 10:08:50.466,424.03726894525073,1000
2024-09-20 10:08:50.548,424.0393850109085,14
2024-09-20 10:08:50.606,424.0224057010217,12
2024-09-20 10:08:50.657,424.0398530414632,11
2024-09-20 10:08:50.821,424.0182717406906,8
2024-09-20 10:08:50.854,424.0773873011942,1002
2024-09-20 10:08:50.863,423.9897024713069,14
2024-09-20 10:08:50.878,424.044789806078,12
2024-09-20 10:08:50.938,424.0313141102599,8
2024-09-20 10:08:50.969,424.0014984937431,95
2024-09-20 10:08:50.979,424.0297368518117,10
2024-09-20 10:08:51.048,424.0592111630872,103
2024-09-20 10:08:51.072,424.0835789349,12
2024-09-20 10:08:51.140,424.0696558838232,11
2024-09-20 10:08:51.977,424.0598854244956,997
2024-09-20 10:08:52.197,424.0198241595928,998
2024-09-20 10:08:52.225,424.058467008022,1000
2024-09-20 10:08:52.283,424.0273369554625,13
2024-09-20 10:08:52.329,424.0263673773735,95
2024-09-20 10:08:52.503,424.02232198275885,96
2024-09-20 10:08:52.822,424.0180119631617,99
2024-09-20 10:08:52.989,424.0282920600734,1004
2024-09-20 10:08:53.113,424.04481113650246,12
2024-09-20 10:08:53.124,424.0025208663716,99
2024-09-20 10:08:53.132,424.0496233530777,995
2024-09-20 10:08:53.206,424.0190240411255,101
2024-09-20 10:08:53.320,424.0283107287336,14
2024-09-20 10:08:53.500,424.0136370309055,95
2024-09-20 10:08:53.500,424.0143023238234,6
2024-09-20 10:08:53.589,424.033540953346,101
2024-09-20 10:08:54.056,424.0513281771141,104
2024-09-20 10:08:54.060,424.066181496117,15
2024-09-20 10:08:54.068,424.0576020588469,1001
2024-09-20 10:08:54.209,,999
2024-09-20 10:08:54.220,424.0139070083387,997
2024-09-20 10:08:54.424,424.04259262956685,8
2024-09-20 10:08:54.448,-424.0179823533885,1000
2024-09-20 10:08:54.566,424.0598240935312,105
2024-09-20 10:08:54.576,424.04685654108766,97
2024-09-20 10:08:54.654,424.0712182034574,99
2024-09-20 10:08:54.779,424.0413018131384,5
2024-09-20 10:08:54.780,424.0530421501893,998
2024-09-20 10:08:54.824,424.0402213250012,5
2024-09-20 10:08:54.908,424.0389191098985,5
2024-09-20 10:08:54.981,424.0628212472601,11
2024-09-20 10:08:55.015,424.0606176043182,15
2024-09-20 10:08:55.053,424.0790206572407,1005
2024-09-20 10:08:55.073,-424.0768135667777,1005
2024-09-20 10:08:55.073,424.0684478114104,995
2024-09-20 10:08:55.207,424.08411770600014,998
2024-09-20 10:08:55.213,424.082007257784,7
2024-09-20 10:08:55.467,424.1046620325821,11
2024-09-20 10:08:55.533,424.0683326817284,995
2024-09-20 10:08:55.670,424.0624384731416,7
2024-09-20 10:08:55.673,424.0665962374427,996
2024-09-20 10:08:55.784,424.10239784187166,6
2024-09-20 10:08:55.807,424.0718145123071,101
2024-09-20 10:08:55.845,424.0577775035601,999
2024-09-20 10:08:55.876,424.08955372797305,97
2024-09-20 10:08:55.882,424.0624654604518,7
2024-09-20 10:08:56.163,424.1020890826366,105
2024-09-20 10:08:56.213,424.1145724257809,103
2024-09-20 10:08:56.263,424.07414745235,96
2024-09-20 10:08:56.444,424.09505523631566,101
2024-09-20 10:08:56.454,424.0845496375165,10
2024-09-20 10:08:56.586,424.1280556563818,100
2024-09-20 10:08:56.817,424.0249755919185,998
2024-09-20 10:08:56.869,424.07175768468863,96
2024-09-20 10:08:56.878,424.1194340931519,14
2024-09-20 10:08:56.909,424.1139555893242,10
2024-09-20 10:08:56.995,424.11705516458926,10
2024-09-20 10:08:57.057,423.9814976065852,97
2024-09-20 10:08:57.064,424.019526330789,1000
2024-09-20 10:08:57.068,423.98163765526033,995
2024-09-20 10:08:57.194,423.9767552018752,97
2024-09-20 10:08:57.201,423.96458372817455,103
2024-09-20 10:08:57.212,424.0131930932132,7
2024-09-20 10:08:57.213,423.9873034363406,6
2024-09-20 10:08:57.231,424.0085776732344,1000
2024-09-20 10:08:57.268,424.02838870119626,9
2024-09-20 10:08:57.282,424.0169212471706,995
2024-09-20 10:08:57.324,424.0175140267756,14
2024-09-20 10:08:57.343,423.9883789663554,996
2024-09-20 10:08:57.377,424.0017981724933,103
2024-09-20 10:08:57.619,-424.0010971223985,104
2024-09-20 10:08:57.621,423.9764561986893,15
2024-09-20 10:08:57.635,423.9933069828512,1003
2024-09-20 10:08:57.642,423.99972766248857,1003
2024-09-20 10:08:57.663,423.99891667763467,104
2024-09-20 10:08:57.716,424.0182546038719,98
2024-09-20 10:08:57.726,423.98887027808223,98
2024-09-20 10:08:57.813,424.00148202117066,12
2024-09-20 10:08:57.837,424.0191775270919,98
2024-09-20 10:08:57.880,423.98627118920615,1003
2024-09-20 10:08:57.939,424.0064957728694,102
2024-09-20 10:08:58.001,423.98363903660464,998
2024-09-20 10:08:58.004,423.9891317026387,14
2024-09-20 10:08:58.027,424.0366025002662,96
2024-09-20 10:08:58.074,424.0475286442896,96
2024-09-20 10:08:58.118,424.0331412514957,100
2024-09-20 10:08:58.187,424.0391869659502,6
2024-09-20 10:08:58.202,424.0478818699904,998
2024-09-20 10:08:58.239,424.0570534113655,995
2024-09-20 10:08:58.247,424.0346223218276,104
2024-09-20 10:08:58.372,423.986343832657,5
2024-09-20 10:08:58.400,424.018712973195,1005
2024-09-20 10:08:58.469,423.9874850811484,15
2024-09-20 10:08:58.627,424.0267089026773,14
2024-09-20 10:08:58.635,423.9836453517975,11
2024-09-20 10:08:58.657,424.0473172929739,1005
2024-09-20 10:08:58.679,424.0498904930615,99
2024-09-20 10:08:58.682,424.0379666152703,103
2024-09-20 10:08:58.701,424.0507277345948,996
2024-09-20 10:08:58.705,424.04400157664736,9
2024-09-20 10:08:58.877,424.050716231672,999
2024-09-20 10:08:58.928,424.0455044258681,1001
2024-09-20 10:08:58.959,424.0317774279067,1000
2024-09-20 10:08:58.961,424.0536365094512,99
2024-09-20 10:08:58.964,424.0010167035883,8
2024-09-20 10:08:59.078,424.0517887195074,995
2024-09-20 10:08:59.284,424.0492841940488,95
2024-09-20 10:08:59.337,424.08512291362575,1004
2024-09-20 10:08:59.401,424.0452881654022,998
2024-09-20 10:08:59.437,424.05077919103616,10
2024-09-20 10:08:59.482,424.08992889217245,97
2024-09-20 10:08:59.626,424.0421119453018,101
2024-09-20 10:08:59.807,424.0712635214402,105
2024-09-20 10:08:59.926,424.1036863367582,105
2024-09-20 10:08:59.939,424.0409745225949,105
