Timestamp,Price,Size
2024-09-20 15:11:00.062,430.9156975172058,100
2024-09-20 15:11:00.078,430.9270319486097,15
2024-09-20 15:11:00.352,430.9168838275498,13
2024-09-20 15:11:00.432,430.940686338966,5
2024-09-20 15:11:00.443,-430.9261774220598,998
2024-09-20 15:11:00.507,430.9352572447795,96
2024-09-20 15:11:00.570,430.93142766904015,9
2024-09-20 15:11:00.636,424.292229658821,96
2024-09-20 15:11:00.665,430.9326545081483,95
2024-09-20 15:11:00.683,430.9438298512415,8
2024-09-20 15:11:00.725,430.9394232825544,10
2024-09-20 15:11:00.832,430.95548067785217,1002
2024-09-20 15:11:00.915,430.9445157361745,99
2024-09-20 15:11:00.971,430.93135150281967,14
2024-09-20 15:11:02.043,430.94991338518895,1004
2024-09-20 15:11:02.066,430.9507446234302,5
2024-09-20 15:11:02.258,430.9195632015635,997
2024-09-20 15:11:02.362,430.9342877333857,11
2024-09-20 15:11:02.436,430.9207972436717,6
2024-09-20 15:11:02.532,430.9485726194752,999
2024-09-20 15:11:02.536,430.9569832596527,995
2024-09-20 15:11:02.649,430.9290493017039,10
2024-09-20 15:11:02.763,430.9640078759971,102
2024-09-20 15:11:02.900,430.9263104364201,7
2024-09-20 15:11:02.927,430.940491103405,105
2024-09-20 15:11:03.135,431.01355263184143,101
2024-09-20 15:11:03.154,430.9629141421615,101
2024-09-20 15:11:03.189,430.97874996613217,12
2024-09-20 15:11:03.222,431.01556424594855,96
2024-09-20 15:11:03.258,431.0009504923304,1002
2024-09-20 15:11:03.263,430.9495290327253,5
2024-09-20 15:11:03.358,430.9802354637355,1000
2024-09-20 15:11:03.364,430.996276431423,7
2024-09-20 15:11:03.379,431.02968759533394,103
2024-09-20 15:11:03.379,430.97138894923256,999
2024-09-20 15:11:03.469,431.00841990942814,13
2024-09-20 15:11:03.531,431.0041150511354,96
2024-09-20 15:11:03.644,430.9634361372873,997
2024-09-20 15:11:03.662,430.9812235486415,103
2024-09-20 15:11:03.685,430.9849034350364,1004
2024-09-20 15:11:03.881,431.0201910473255,6
2024-09-20 15:11:03.944,430.9877198245508,1002
2024-09-20 15:11:03.956,430.99349980679096,996
2024-09-20 15:11:04.019,431.00645389717744,11
2024-09-20 15:11:04.069,431.01927810148175,102
2024-09-20 15:11:04.076,431.0324024527728,14
2024-09-20 15:11:04.124,,1001
2024-09-20 15:11:04.151,431.00989069801335,1004
2024-09-20 15:11:04.164,430.9696314485946,101
2024-09-20 15:11:04.182,430.99802755115735,96
2024-09-20 15:11:04.189,431.0222828609602,996
2024-09-20 15:11:04.203,431.006472113695,99
2024-09-20 15:11:04.291,431.00792665023135,11
2024-09-20 15:11:04.388,430.9711053582364,95
2024-09-20 15:11:04.409,431.0389210463061,1005
2024-09-20 15:11:04.444,430.9699378284018,101
2024-09-20 15:11:04.484,431.02773147605785,10
2024-09-20 15:11:04.526,431.0022089347604,1000
2024-09-20 15:11:04.552,431.0166626323971,10
2024-09-20 15:11:04.599,431.01179393315823,1002
2024-09-20 15:11:04.611,431.0103700836685,100
2024-09-20 15:11:04.684,430.9840189127693,6
2024-09-20 15:11:04.692,-431.0051142425498,11
2024-09-20 15:11:04.749,430.9750459949482,101
2024-09-20 15:11:04.794,430.993950566068,5
2024-09-20 15:11:04.857,430.9956094168057,5
2024-09-20 15:11:04.900,430.9760589090718,102
2024-09-20 15:11:04.900,431.01730757004736,100
2024-09-20 15:11:04.903,431.02800391050914,13
2024-09-20 15:11:04.919,431.021240535106,1003
2024-09-20 15:11:05.101,431.0887610445011,95
2024-09-20 15:11:05.154,431.0177517764121,105
2024-09-20 15:11:05.193,431.0615730638306,1000
2024-09-20 15:11:05.283,431.0478582109998,101
2024-09-20 15:11:05.289,430.9974259721678,5
2024-09-20 15:11:05.310,431.0508976127108,5
2024-09-20 15:11:05.328,431.016229359295,5
2024-09-20 15:11:05.331,430.99691863224575,995
2024-09-20 15:11:05.368,431.0107817913387,10
2024-09-20 15:11:05.384,431.0499438542757,95
2024-09-20 15:11:05.386,430.9950303285309,9
2024-09-20 15:11:05.398,431.0137870411797,8
2024-09-20 15:11:05.494,431.0225562645701,96
2024-09-20 15:11:05.523,430.9931185005617,98
2024-09-20 15:11:05.545,431.05114094386346,995
2024-09-20 15:11:05.566,431.0872313642093,103
2024-09-20 15:11:05.569,430.9775101461653,10
2024-09-20 15:11:05.579,431.0552644705841,102
2024-09-20 15:11:05.713,430.9977134645536,99
2024-09-20 15:11:05.751,431.0335754019103,14
2024-09-20 15:11:05.763,431.0192780990607,103
2024-09-20 15:11:05.788,430.9883743524241,101
2024-09-20 15:11:05.801,431.0193639256679,997
2024-09-20 15:11:05.823,431.04049796520553,996
2024-09-20 15:11:05.852,431.0851910038247,1003
2024-09-20 15:11:05.869,431.06216981177886,9
2024-09-20 15:11:05.921,431.0086738691036,12
2024-09-20 15:11:05.922,431.0594166684951,100
2024-09-20 15:11:06.034,430.9829029022473,105
2024-09-20 15:11:06.236,430.9705100556606,97
2024-09-20 15:11:06.479,,9
2024-09-20 15:11:06.627,430.97768304482526,99
2024-09-20 15:11:06.653,430.9748676504732,104
2024-09-20 15:11:07.354,430.98534134702817,105
2024-09-20 15:11:07.407,430.97909973038855,12
2024-09-20 15:11:07.829,430.9709071024492,101
2024-09-20 15:11:07.856,,9
2024-09-20 15:11:07.895,430.9808688131152,13
2024-09-20 15:11:07.925,430.9547496977155,99
2024-09-20 15:11:08.014,431.0055681548599,7
2024-09-20 15:11:08.018,430.99711792574,1005
2024-09-20 15:11:08.046,431.00373342035545,15
2024-09-20 15:11:08.304,430.99172639443617,1001
2024-09-20 15:11:08.353,431.02566255683325,5
2024-09-20 15:11:08.421,431.0111987240831,8
2024-09-20 15:11:08.529,430.999584053681,105
2024-09-20 15:11:08.751,43.09618642522433,6
2024-09-20 15:11:08.860,430.99302518103127,99
2024-09-20 15:11:10.022,431.002317566798,96
2024-09-20 15:11:10.169,431.0071479503516,997
2024-09-20 15:11:11.019,431.0547119233324,995
2024-09-20 15:11:11.118,431.0564547508413,96
2024-09-20 15:11:11.195,431.0412480077858,1002
2024-09-20 15:11:11.241,424.3238664234413,102
2024-09-20 15:11:11.392,431.0217945687293,100
2024-09-20 15:11:11.403,431.04968274505086,97
2024-09-20 15:11:11.540,431.0273637905865,104
2024-09-20 15:11:11.561,431.0255963171329,97
2024-09-20 15:11:11.585,431.03065397074994,104
2024-09-20 15:11:11.634,431.0052613520079,13
2024-09-20 15:11:11.637,431.0488213247484,1000
2024-09-20 15:11:11.639,431.0390097739343,10
2024-09-20 15:11:11.696,431.0596409209692,99
2024-09-20 15:11:11.741,431.0469192554703,102
2024-09-20 15:11:11.745,431.05578931852347,997
2024-09-20 15:11:11.749,431.0531798150765,15
2024-09-20 15:11:11.770,431.03375502067615,15
2024-09-20 15:11:11.797,430.9997917814815,9
2024-09-20 15:11:11.855,431.0483130765323,97
2024-09-20 15:11:11.857,431.0470588082436,102
2024-09-20 15:11:11.876,431.0394412123392,14
2024-09-20 15:11:11.920,424.2927272883282,105
2024-09-20 15:11:11.931,431.0471901991456,102
2024-09-20 15:11:12.067,431.1036152915992,14
2024-09-20 15:11:12.132,431.1530357679688,95
2024-09-20 15:11:12.280,431.07309593902977,1003
2024-09-20 15:11:12.484,431.12445942850746,996
2024-09-20 15:11:12.489,431.0761329225617,97
2024-09-20 15:11:12.659,431.1165790147681,999
2024-09-20 15:11:12.723,431.0613511979381,101
2024-09-20 15:11:12.745,431.0778728699802,10
2024-09-20 15:11:12.805,431.0662815811657,101
2024-09-20 15:11:12.865,431.1422029007583,14
2024-09-20 15:11:12.882,-431.0545399337821,1002
2024-09-20 15:11:12.976,431.0920428276336,9
2024-09-20 15:11:13.020,431.08548316285743,101
2024-09-20 15:11:13.040,431.1469022478067,996
2024-09-20 15:11:13.047,431.1251533116202,101
2024-09-20 15:11:13.060,431.0894214869955,101
2024-09-20 15:11:13.074,431.0838038125503,7
2024-09-20 15:11:13.124,431.102997290868,98
2024-09-20 15:11:13.149,431.0688112170237,1002
2024-09-20 15:11:13.169,43.10717423615404,15
2024-09-20 15:11:13.176,431.1291629479358,104
2024-09-20 15:11:13.179,431.1439295149568,14
2024-09-20 15:11:13.185,431.1160228209352,102
2024-09-20 15:11:13.201,431.0781517210124,997
2024-09-20 15:11:13.238,43.11294550200977,997
2024-09-20 15:11:13.263,431.12420771485375,98
2024-09-20 15:11:13.264,424.2489441318061,7
2024-09-20 15:11:13.290,431.12211578343965,8
2024-09-20 15:11:13.303,431.0783220178877,7
2024-09-20 15:11:13.361,431.0686426892887,995
2024-09-20 15:11:13.371,431.0904341278988,98
2024-09-20 15:11:13.458,,15
2024-09-20 15:11:13.500,431.1492106117807,1002
2024-09-20 15:11:13.533,431.12428027964256,13
2024-09-20 15:11:13.596,431.0783043186562,95
2024-09-20 15:11:13.807,431.0722283058391,1003
2024-09-20 15:11:13.903,431.0742536300596,5
2024-09-20 15:11:13.912,431.1519232669148,101
2024-09-20 15:11:13.928,431.1098494082949,104
2024-09-20 15:11:13.939,431.0919245198154,9
2024-09-20 15:11:13.989,431.145391932973,1005
2024-09-20 15:11:14.253,431.0849751135084,98
2024-09-20 15:11:14.631,431.0919802422658,9
2024-09-20 15:11:14.764,431.10340270848303,999
2024-09-20 15:11:14.916,431.1035177956272,10
2024-09-20 15:11:14.959,431.11215940319295,99
2024-09-20 15:11:15.047,431.09359682530726,5
2024-09-20 15:11:15.201,431.1252949459866,11
2024-09-20 15:11:15.330,431.1274064913947,1003
2024-09-20 15:11:15.467,431.0990951261082,1000
2024-09-20 15:11:15.667,424.2495571507639,95
2024-09-20 15:11:15.698,431.13472316202666,9
2024-09-20 15:11:15.848,431.1009530015046,997
2024-09-20 15:11:15.864,431.10052447045,102
2024-09-20 15:11:15.892,431.0967569732786,8
2024-09-20 15:11:15.899,424.2431851898487,8
2024-09-20 15:11:15.911,431.115864748519,997
2024-09-20 15:11:16.112,431.09571661333104,995
2024-09-20 15:11:16.123,431.0889584105517,99
2024-09-20 15:11:16.156,431.1112642076654,998
2024-09-20 15:11:16.158,431.1094906068223,8
2024-09-20 15:11:16.187,431.1142659809589,11
2024-09-20 15:11:16.216,431.1156271511719,11
2024-09-20 15:11:16.223,431.1047857687823,101
2024-09-20 15:11:16.225,431.16362635466936,11
2024-09-20 15:11:16.331,431.1094989034019,9
2024-09-20 15:11:16.412,431.07661909836463,100
2024-09-20 15:11:16.426,431.1093021159349,998
2024-09-20 15:11:16.591,431.1606617445558,98
2024-09-20 15:11:16.679,431.0894700067876,1003
2024-09-20 15:11:16.702,431.1522748251433,11
2024-09-20 15:11:16.757,431.0970015172529,13
2024-09-20 15:11:16.792,431.0899503187499,12
2024-09-20 15:11:16.853,431.1038994575509,11
2024-09-20 15:11:16.883,431.1124136186616,15
2024-09-20 15:11:16.936,431.1106216658862,102
2024-09-20 15:11:16.968,431.1400398116835,11
2024-09-20 15:11:16.969,431.07186680016366,105
2024-09-20 15:11:17.314,431.1826415682152,103
2024-09-20 15:11:17.387,431.1733611711172,98
2024-09-20 15:11:17.606,431.177134392582,6
2024-09-20 15:11:17.619,431.178971640411,1000
2024-09-20 15:11:17.726,431.1915434845864,8
2024-09-20 15:11:17.735,431.19245241337904,8
2024-09-20 15:11:18.066,431.2533183532244,995
2024-09-20 15:11:18.102,431.24039911114215,999
2024-09-20 15:11:18.345,431.2176098716259,12
2024-09-20 15:11:18.378,431.2439230767095,7
2024-09-20 15:11:18.452,43.123354058818194,12
2024-09-20 15:11:18.581,431.2414358854677,5
2024-09-20 15:11:18.745,431.2219296325033,14
2024-09-20 15:11:18.858,431.21607988171405,103
2024-09-20 15:11:18.858,431.2265273777575,8
2024-09-20 15:11:18.934,431.23795631591287,10
2024-09-20 15:11:19.023,431.300944459482,104
2024-09-20 15:11:19.045,431.28056342846656,101
2024-09-20 15:11:19.086,431.2990761767853,14
2024-09-20 15:11:19.137,431.2769533291183,98
2024-09-20 15:11:19.205,431.2952458059439,6
2024-09-20 15:11:19.255,431.2897245467327,7
2024-09-20 15:11:19.404,431.279412714442,101
2024-09-20 15:11:19.404,431.2215637203208,8
2024-09-20 15:11:19.448,-431.2250619645735,104
2024-09-20 15:11:19.472,431.2279300512574,101
2024-09-20 15:11:19.504,431.2271857763698,103
2024-09-20 15:11:19.550,431.22502206607805,999
2024-09-20 15:11:19.642,431.271628192843,997
2024-09-20 15:11:19.678,431.30291511025393,1005
2024-09-20 15:11:19.708,431.2957992013471,13
2024-09-20 15:11:19.767,431.225087948519,95
2024-09-20 15:11:19.768,431.29219210086114,6
2024-09-20 15:11:19.799,424.24607123571553,998
2024-09-20 15:11:19.852,-431.2647328519141,8
2024-09-20 15:11:19.898,431.2320027471373,7
2024-09-20 15:11:19.910,431.277183621778,95
2024-09-20 15:11:19.948,431.2111430058617,8
2024-09-20 15:11:19.996,431.2302625201575,101
2024-09-20 15:11:20.012,431.40642390348097,104
2024-09-20 15:11:20.043,431.3650026377196,102
2024-09-20 15:11:20.099,431.2882602894636,5
2024-09-20 15:11:20.112,431.4059937511676,12
2024-09-20 15:11:20.141,431.3820518693536,104
2024-09-20 15:11:20.152,431.38952294363366,12
2024-09-20 15:11:20.197,431.3848971884611,1002
2024-09-20 15:11:20.282,431.3978628620491,97
2024-09-20 15:11:20.310,431.3574054308108,101
2024-09-20 15:11:20.363,431.3666805757567,105
2024-09-20 15:11:20.415,431.31408766462295,995
2024-09-20 15:11:20.507,431.3275601470613,1000
2024-09-20 15:11:20.521,431.39273715570346,1005
2024-09-20 15:11:20.553,431.4174679109356,105
2024-09-20 15:11:20.559,431.3914861626464,1003
2024-09-20 15:11:20.644,431.3534663662888,8
2024-09-20 15:11:20.653,431.3195630967478,104
2024-09-20 15:11:20.670,431.3177225136376,15
2024-09-20 15:11:20.677,431.3223082054282,99
2024-09-20 15:11:20.680,431.287012178854,995
2024-09-20 15:11:20.706,431.3823214689643,12
2024-09-20 15:11:20.721,431.297424094517,11
2024-09-20 15:11:20.848,431.4032793843007,102
2024-09-20 15:11:20.853,431.3971921037798,995
2024-09-20 15:11:20.892,431.3810253853057,11
2024-09-20 15:11:20.968,431.3512450276707,10
2024-09-20 15:11:20.991,431.3308330920133,1004
2024-09-20 15:11:21.035,431.3283065159467,8
2024-09-20 15:11:21.087,431.3467832608072,999
2024-09-20 15:11:21.109,431.3734314031551,105
2024-09-20 15:11:21.122,431.3895810749129,13
2024-09-20 15:11:21.197,431.345727023036,997
2024-09-20 15:11:21.230,431.3499437923161,1003
2024-09-20 15:11:21.259,431.4131666902608,103
2024-09-20 15:11:21.290,431.3734402330604,996
2024-09-20 15:11:21.312,431.3713656298619,10
2024-09-20 15:11:21.386,431.3550764890681,15
2024-09-20 15:11:21.410,431.34564902974137,96
2024-09-20 15:11:21.484,431.3696567447008,996
2024-09-20 15:11:21.487,431.4162610747272,1002
2024-09-20 15:11:21.614,431.3771568210596,99
2024-09-20 15:11:21.619,431.3628449538311,98
2024-09-20 15:11:21.697,431.36916692763214,999
2024-09-20 15:11:21.740,431.4110566327862,100
2024-09-20 15:11:21.743,431.3621165543908,1005
2024-09-20 15:11:21.766,431.34100662491954,997
2024-09-20 15:11:21.802,431.41409592854416,96
2024-09-20 15:11:21.807,431.4014371429179,11
2024-09-20 15:11:21.840,431.4077275931239,12
2024-09-20 15:11:21.929,431.3969911334264,6
2024-09-20 15:11:21.954,431.3505613678796,1000
2024-09-20 15:11:21.987,431.4060270359856,98
2024-09-20 15:11:22.156,431.3240695431653,97
2024-09-20 15:11:22.297,431.3384611703602,11
2024-09-20 15:11:22.346,431.3376175871248,9
2024-09-20 15:11:22.408,431.33576518219286,996
2024-09-20 15:11:22.413,431.3737750282104,13
2024-09-20 15:11:22.417,431.3206577056478,1002
2024-09-20 15:11:22.585,431.3115908225988,104
2024-09-20 15:11:22.591,431.3807363376108,104
2024-09-20 15:11:22.654,431.333966904819,1004
2024-09-20 15:11:22.664,431.33018493343286,102
2024-09-20 15:11:22.704,431.3866232490997,97
2024-09-20 15:11:22.826,431.329974014302,96
2024-09-20 15:11:22.909,431.3259948610222,6
2024-09-20 15:11:22.982,431.33520758190434,8
2024-09-20 15:11:23.113,431.26165271494926,1003
2024-09-20 15:11:23.153,431.2319298234888,103
2024-09-20 15:11:23.177,431.3005842069732,105
2024-09-20 15:11:23.177,431.2581887196508,99
2024-09-20 15:11:23.228,431.28136604190473,7
2024-09-20 15:11:23.260,431.2420377071287,5
2024-09-20 15:11:23.261,,999
2024-09-20 15:11:23.311,431.2908487066411,12
2024-09-20 15:11:23.435,431.2602971760693,1002
2024-09-20 15:11:23.444,431.3143630933742,10
2024-09-20 15:11:23.457,431.2748929065229,10
2024-09-20 15:11:23.520,431.2538254383969,103
2024-09-20 15:11:23.530,431.2285232087557,5
2024-09-20 15:11:23.581,431.2505026837074,105
2024-09-20 15:11:23.596,431.27562663352194,96
2024-09-20 15:11:23.622,431.2642220425202,1005
2024-09-20 15:11:23.701,431.273104620404,1000
2024-09-20 15:11:23.802,431.2863309877408,101
2024-09-20 15:11:23.815,431.278390166277,1004
2024-09-20 15:11:23.839,431.2411262675656,5
2024-09-20 15:11:23.853,431.2863064265759,8
2024-09-20 15:11:23.869,431.26622432996186,998
2024-09-20 15:11:23.877,431.2572121334736,999
2024-09-20 15:11:24.079,431.2856948785412,104
2024-09-20 15:11:24.086,431.2726896550972,96
2024-09-20 15:11:24.099,431.26095509282646,103
2024-09-20 15:11:24.238,431.2553275932606,14
2024-09-20 15:11:24.257,431.28417371926105,98
2024-09-20 15:11:24.275,431.26557997316974,95
2024-09-20 15:11:24.325,431.2662429045085,99
2024-09-20 15:11:24.651,431.2611276039981,7
2024-09-20 15:11:24.732,431.30297163348354,101
2024-09-20 15:11:24.904,431.27881839809527,104
2024-09-20 15:11:25.058,431.333121300464,6
2024-09-20 15:11:25.123,431.3308977806872,1004
2024-09-20 15:11:25.132,431.35576098015446,1003
2024-09-20 15:11:25.135,431.3235480952566,998
2024-09-20 15:11:25.180,431.3408083621975,10
2024-09-20 15:11:25.267,431.3262415283695,5
2024-09-20 15:11:25.321,431.32886395753576,104
2024-09-20 15:11:25.323,431.3545066953582,98
2024-09-20 15:11:25.326,431.3301464358688,997
2024-09-20 15:11:25.420,431.30902446972937,996
2024-09-20 15:11:25.510,431.3479626420015,12
2024-09-20 15:11:25.634,431.31384918697137,101
2024-09-20 15:11:25.689,431.3275373956184,7
2024-09-20 15:11:25.727,431.3468175450295,101
2024-09-20 15:11:25.800,431.3401157605017,12
2024-09-20 15:11:25.919,431.3146857997541,995
2024-09-20 15:11:25.945,431.32046114701456,9
2024-09-20 15:11:26.007,431.3430025477638,1004
2024-09-20 15:11:26.101,431.32343619799286,1002
2024-09-20 15:11:26.135,431.2962654904732,1000
2024-09-20 15:11:26.153,431.3363235357986,96
2024-09-20 15:11:26.155,431.2967622334052,95
2024-09-20 15:11:26.165,431.3246165997933,7
2024-09-20 15:11:26.190,431.316727240105,11
2024-09-20 15:11:26.220,431.32544854947633,999
2024-09-20 15:11:26.237,431.29349831971984,1005
2024-09-20 15:11:26.254,431.3497706873561,6
2024-09-20 15:11:26.256,431.3299444893048,1000
2024-09-20 15:11:26.393,431.3473075017956,6
2024-09-20 15:11:26.411,431.338431476263,100
2024-09-20 15:11:26.562,431.32317697628775,998
2024-09-20 15:11:26.695,431.31550620184015,99
2024-09-20 15:11:26.705,431.3115461094415,15
2024-09-20 15:11:26.728,431.31891968451714,8
2024-09-20 15:11:26.730,431.3006124213044,98
2024-09-20 15:11:26.736,431.30744509102686,996
2024-09-20 15:11:26.772,431.2913088514736,998
2024-09-20 15:11:26.918,431.3003285773704,95
2024-09-20 15:11:26.936,431.3307650152429,1004
2024-09-20 15:11:26.937,431.3353295362544,14
2024-09-20 15:11:26.947,431.3137872931846,12
2024-09-20 15:11:26.956,-431.3458805574713,5
2024-09-20 15:11:27.001,431.2807721031536,12
2024-09-20 15:11:27.007,431.2999056456771,7
2024-09-20 15:11:27.011,431.3380583055837,1001
2024-09-20 15:11:27.016,431.33722358238657,14
2024-09-20 15:11:27.046,431.27936720979625,95
2024-09-20 15:11:27.141,431.2434420588884,9
2024-09-20 15:11:27.146,431.3274924964779,1003
2024-09-20 15:11:27.162,431.3126535266637,105
2024-09-20 15:11:27.217,431.3089327940552,97
2024-09-20 15:11:27.225,431.30712279828737,96
2024-09-20 15:11:27.239,431.3312571442737,100
2024-09-20 15:11:27.261,431.3171788487125,103
2024-09-20 15:11:27.365,431.26906077833104,105
2024-09-20 15:11:27.514,431.3299665388045,12
2024-09-20 15:11:27.528,431.30060548871705,995
2024-09-20 15:11:27.556,431.3519559960982,995
2024-09-20 15:11:27.570,431.2871454008927,15
2024-09-20 15:11:27.620,431.2714587965993,1005
2024-09-20 15:11:27.663,431.2926597034737,1003
2024-09-20 15:11:27.675,431.3277033444215,13
2024-09-20 15:11:27.693,431.2631372032205,100
2024-09-20 15:11:27.790,431.3163690589352,97
2024-09-20 15:11:27.843,431.32727253708697,102
2024-09-20 15:11:27.848,431.2875964323258,98
2024-09-20 15:11:27.860,431.2357989158488,8
2024-09-20 15:11:27.878,431.3237997491327,1004
2024-09-20 15:11:27.898,431.25734387422136,6
2024-09-20 15:11:27.904,431.3428825094372,997
2024-09-20 15:11:29.023,43.12479317727029,12
2024-09-20 15:11:29.048,431.2108328425844,11
2024-09-20 15:11:29.052,431.1959202741944,100
2024-09-20 15:11:29.103,431.1933393016586,12
2024-09-20 15:11:29.109,431.2356183219533,103
2024-09-20 15:11:29.129,431.1761988781224,7
2024-09-20 15:11:29.139,431.2461540396848,1003
2024-09-20 15:11:29.164,431.2372375666273,105
2024-09-20 15:11:29.208,431.1811366705384,5
2024-09-20 15:11:29.216,431.18942085913307,15
2024-09-20 15:11:29.239,431.24034706350665,1002
2024-09-20 15:11:29.256,431.2177844343502,998
2024-09-20 15:11:29.258,-431.2587317611112,998
2024-09-20 15:11:29.318,431.2396179935154,100
2024-09-20 15:11:29.423,431.1717978824712,103
2024-09-20 15:11:29.436,431.232197819557,14
2024-09-20 15:11:29.542,431.199275183559,1004
2024-09-20 15:11:29.618,431.21318171476,1005
2024-09-20 15:11:29.693,431.19795461697015,11
2024-09-20 15:11:29.707,431.2459465563544,99
2024-09-20 15:11:29.760,43.11836115623483,95
2024-09-20 15:11:29.827,431.2286310582744,1002
2024-09-20 15:11:29.861,431.19594179930834,105
2024-09-20 15:11:29.868,431.2443892463573,1001
2024-09-20 15:11:29.997,431.221950340039,105
2024-09-20 15:11:30.003,431.2421107430116,104
2024-09-20 15:11:30.083,431.2367776267118,995
2024-09-20 15:11:30.141,431.1691187907919,1002
2024-09-20 15:11:30.192,431.1935845644006,996
2024-09-20 15:11:30.264,431.16264390765286,995
2024-09-20 15:11:30.341,431.2399993656514,101
2024-09-20 15:11:30.432,431.16803147729576,95
2024-09-20 15:11:30.614,431.21294141856464,12
2024-09-20 15:11:30.632,431.19630495696407,98
2024-09-20 15:11:30.727,431.1850294019378,12
2024-09-20 15:11:30.786,431.1713427997016,999
2024-09-20 15:11:30.833,431.2247740362499,998
2024-09-20 15:11:30.946,431.1731174742402,11
2024-09-20 15:11:31.020,431.1716032212391,97
2024-09-20 15:11:31.094,431.1616189851735,1002
2024-09-20 15:11:31.120,431.1979123423481,99
2024-09-20 15:11:31.138,431.1606783981495,995
2024-09-20 15:11:31.189,431.1572238906448,96
2024-09-20 15:11:31.225,431.1571774172696,102
2024-09-20 15:11:31.270,431.1595405713108,1005
2024-09-20 15:11:31.288,424.1819231072762,101
2024-09-20 15:11:31.289,431.1779544931359,1004
2024-09-20 15:11:31.327,,97
2024-09-20 15:11:31.358,431.17238210834194,9
2024-09-20 15:11:31.396,431.1530041571138,15
2024-09-20 15:11:31.402,431.1714856777338,1002
2024-09-20 15:11:31.404,431.1522524580995,9
2024-09-20 15:11:31.417,431.1759624760239,996
2024-09-20 15:11:31.442,431.1474545343722,105
2024-09-20 15:11:31.492,431.1437374706575,1003
2024-09-20 15:11:31.506,431.1459169011433,103
2024-09-20 15:11:31.538,431.2141993593575,5
2024-09-20 15:11:31.541,431.1464939590028,9
2024-09-20 15:11:31.547,431.1561260921575,997
2024-09-20 15:11:31.549,431.176615799468,1005
2024-09-20 15:11:31.553,431.2060387430456,99
2024-09-20 15:11:31.631,431.19149595727447,6
2024-09-20 15:11:31.689,431.1908097745326,1004
2024-09-20 15:11:31.690,431.1504293380664,1003
2024-09-20 15:11:31.734,431.1704818541494,95
2024-09-20 15:11:31.739,431.1455678068957,101
2024-09-20 15:11:31.820,431.1737423814397,105
2024-09-20 15:11:31.904,431.14476002342906,14
2024-09-20 15:11:32.000,431.2599702857887,1004
2024-09-20 15:11:32.133,431.23774884248303,102
2024-09-20 15:11:32.150,431.2642640610606,98
2024-09-20 15:11:32.188,431.2750136598537,1003
2024-09-20 15:11:32.206,431.2538135812423,998
2024-09-20 15:11:32.290,431.24817065048313,1004
2024-09-20 15:11:32.301,431.2529100784857,95
2024-09-20 15:11:32.333,431.2476881438695,1004
2024-09-20 15:11:32.343,431.2243681824253,102
2024-09-20 15:11:32.344,431.2501966467145,11
2024-09-20 15:11:32.352,431.2322302275616,1001
2024-09-20 15:11:32.379,431.2062627389108,99
2024-09-20 15:11:32.487,431.2316159076804,1001
2024-09-20 15:11:32.534,431.2396386958412,14
2024-09-20 15:11:32.586,431.2168698127903,9
2024-09-20 15:11:32.589,431.20807674043135,1005
2024-09-20 15:11:32.647,431.2289743034731,15
2024-09-20 15:11:32.656,431.2017958735421,15
2024-09-20 15:11:32.700,431.2239543566066,14
2024-09-20 15:11:32.709,431.2370720732106,101
2024-09-20 15:11:32.723,431.2523164039415,103
2024-09-20 15:11:32.757,431.2636241068977,6
2024-09-20 15:11:32.788,431.2128153136912,1002
2024-09-20 15:11:32.788,431.2486897970055,997
2024-09-20 15:11:32.842,431.2359911246278,9
2024-09-20 15:11:32.870,431.2518933510518,1000
2024-09-20 15:11:32.941,431.2528911241896,104
2024-09-20 15:11:32.945,431.21114639926367,7
2024-09-20 15:11:33.057,431.28417698755874,98
2024-09-20 15:11:33.082,431.2339310919585,998
2024-09-20 15:11:33.244,431.2845719060911,12
2024-09-20 15:11:33.287,431.2468790678348,97
2024-09-20 15:11:33.323,431.2862661109456,999
2024-09-20 15:11:33.339,431.24815880605786,96
2024-09-20 15:11:33.358,431.2166658968195,15
2024-09-20 15:11:33.401,431.28814499877154,100
2024-09-20 15:11:33.405,431.2779653083962,8
2024-09-20 15:11:33.493,431.2612796020297,998
2024-09-20 15:11:33.503,431.2697809842952,96
2024-09-20 15:11:33.521,431.22337889689896,6
2024-09-20 15:11:33.521,431.2337328074132,95
2024-09-20 15:11:33.577,431.2594940796148,7
2024-09-20 15:11:33.585,431.2723508287802,105
2024-09-20 15:11:33.638,431.2606890197567,1001
2024-09-20 15:11:33.673,431.2662932289797,102
2024-09-20 15:11:33.690,431.2393698974738,98
2024-09-20 15:11:33.693,431.2721846525513,8
2024-09-20 15:11:33.775,431.2206016653309,102
2024-09-20 15:11:33.898,431.2437414601913,1004
2024-09-20 15:11:33.993,431.279830693062,1002
2024-09-20 15:11:34.021,431.1574381110775,10
2024-09-20 15:11:34.069,431.2032594505317,12
2024-09-20 15:11:34.190,431.1866088046538,1004
2024-09-20 15:11:34.338,-431.2056708830138,98
2024-09-20 15:11:34.368,431.13509809570274,7
2024-09-20 15:11:34.608,431.1857858230263,5
2024-09-20 15:11:34.745,431.1417895183,14
2024-09-20 15:11:34.797,431.2057622143825,1005
2024-09-20 15:11:34.801,431.13787168119865,100
2024-09-20 15:11:34.813,431.191670319119,10
2024-09-20 15:11:34.970,431.1641056416773,105
2024-09-20 15:11:36.005,43.116977369020525,104
2024-09-20 15:11:36.086,431.16483222662873,995
2024-09-20 15:11:36.203,431.1781584653256,1003
2024-09-20 15:11:36.221,431.20297929566897,10
2024-09-20 15:11:36.224,431.18993549171904,1004
2024-09-20 15:11:36.268,43.11747397229694,96
2024-09-20 15:11:36.272,431.1907938658513,13
2024-09-20 15:11:36.281,431.1555252264638,13
2024-09-20 15:11:36.285,431.16863193123646,10
2024-09-20 15:11:36.396,431.1628501221908,1001
2024-09-20 15:11:36.398,431.1601267367833,1001
2024-09-20 15:11:36.492,431.1932996685972,99
2024-09-20 15:11:36.574,431.1849436805293,10
2024-09-20 15:11:36.628,431.1858277803375,5
2024-09-20 15:11:36.631,431.1775216991789,5
2024-09-20 15:11:36.831,431.161449069644,6
2024-09-20 15:11:36.985,431.1475911656401,13
2024-09-20 15:11:37.215,431.1009986201701,100
2024-09-20 15:11:37.237,431.09301183818,7
2024-09-20 15:11:37.314,431.1008340351576,99
2024-09-20 15:11:37.348,431.0746876787831,996
2024-09-20 15:11:37.383,431.0468956442544,13
2024-09-20 15:11:37.385,431.1339418468794,13
2024-09-20 15:11:37.468,431.10734835760576,9
2024-09-20 15:11:37.566,431.0760894038245,1005
2024-09-20 15:11:37.616,431.1390676394519,997
2024-09-20 15:11:37.675,431.1178593376317,1003
2024-09-20 15:11:37.676,431.10265527626416,9
2024-09-20 15:11:37.764,431.144887262543,1001
2024-09-20 15:11:37.825,431.1095238568705,11
2024-09-20 15:11:37.944,431.1095102329214,100
2024-09-20 15:11:37.946,431.10420059082975,97
2024-09-20 15:11:37.953,431.0997777954613,9
2024-09-20 15:11:38.017,431.102747432304,98
2024-09-20 15:11:38.050,431.09901347892526,1004
2024-09-20 15:11:38.323,431.1204004156493,10
2024-09-20 15:11:38.328,431.0469561804541,15
2024-09-20 15:11:38.412,431.1086815492121,997
2024-09-20 15:11:38.415,431.1096216483516,101
2024-09-20 15:11:38.651,431.0684601633824,997
2024-09-20 15:11:38.673,431.07459742349965,1001
2024-09-20 15:11:38.674,431.077470056387,13
2024-09-20 15:11:38.752,431.0918514575199,101
2024-09-20 15:11:38.774,431.06609224046014,98
2024-09-20 15:11:38.843,431.0857316981012,995
2024-09-20 15:11:38.937,431.0873824110867,1002
2024-09-20 15:11:39.040,431.0832768485132,100
2024-09-20 15:11:39.073,431.06665706990793,96
2024-09-20 15:11:39.088,431.09579228366175,1001
2024-09-20 15:11:39.421,431.0893357298165,96
2024-09-20 15:11:39.445,431.0798734348866,103
2024-09-20 15:11:39.482,431.0922750891123,11
2024-09-20 15:11:39.532,431.0587034363436,12
2024-09-20 15:11:39.760,431.1011026988147,98
2024-09-20 15:11:39.937,431.0525010990262,998
2024-09-20 15:11:39.970,431.1115598917944,8
2024-09-20 15:11:39.977,431.067801713556,10
2024-09-20 15:11:40.110,431.0713324868331,6
2024-09-20 15:11:40.167,431.1097254540808,9
2024-09-20 15:11:40.249,431.1054970264232,103
2024-09-20 15:11:40.285,431.0763660571042,1001
2024-09-20 15:11:40.328,431.10517017526337,99
2024-09-20 15:11:40.368,431.10923124250365,102
2024-09-20 15:11:40.372,431.11448759235583,7
2024-09-20 15:11:40.382,431.1000758936604,103
2024-09-20 15:11:40.396,431.061012533985,105
2024-09-20 15:11:40.445,431.0589700797763,10
2024-09-20 15:11:40.458,431.0787549833729,1000
2024-09-20 15:11:40.463,431.1094428664914,95
2024-09-20 15:11:40.489,431.0927959581033,8
2024-09-20 15:11:40.531,431.0623584573037,98
2024-09-20 15:11:40.536,431.0845765351165,1000
2024-09-20 15:11:40.573,431.0519970441045,100
2024-09-20 15:11:40.594,-431.0478152451693,105
2024-09-20 15:11:40.636,431.1273485829588,99
2024-09-20 15:11:40.646,431.10572982879296,10
2024-09-20 15:11:40.659,431.0594877679294,95
2024-09-20 15:11:40.714,431.0911349946341,98
2024-09-20 15:11:40.815,431.0844937639328,14
2024-09-20 15:11:40.816,431.093561022285,100
2024-09-20 15:11:40.864,431.0693842452999,996
2024-09-20 15:11:40.900,431.0883231505808,998
2024-09-20 15:11:40.925,431.0943737284804,999
2024-09-20 15:11:40.962,431.0674370966445,1003
2024-09-20 15:11:42.011,431.1291583348553,8
2024-09-20 15:11:42.054,431.1015099156222,998
2024-09-20 15:11:42.076,431.1293019048776,997
2024-09-20 15:11:42.145,431.08884909322046,998
2024-09-20 15:11:42.311,43.1116407574752,998
2024-09-20 15:11:42.385,431.1305228667917,102
2024-09-20 15:11:42.415,431.1099350414751,1004
2024-09-20 15:11:42.434,431.06986156419424,998
2024-09-20 15:11:42.474,431.1158013961476,95
2024-09-20 15:11:42.548,431.1612710994364,9
2024-09-20 15:11:42.615,431.14604658967016,999
2024-09-20 15:11:42.625,431.0756627640489,95
2024-09-20 15:11:42.645,431.0696200892178,96
2024-09-20 15:11:42.668,431.1443983536857,14
2024-09-20 15:11:42.807,431.1337762790935,11
2024-09-20 15:11:42.861,431.1098936990105,1003
2024-09-20 15:11:42.939,431.0610989196261,103
2024-09-20 15:11:42.993,431.15357353488247,12
2024-09-20 15:11:43.390,431.0783903387123,8
2024-09-20 15:11:43.704,431.0803035941446,98
2024-09-20 15:11:43.851,431.09057345242434,103
2024-09-20 15:11:44.131,431.07936886693824,101
2024-09-20 15:11:44.321,431.0747107410036,96
2024-09-20 15:11:44.495,431.0874459093321,101
2024-09-20 15:11:44.825,431.0790172948483,13
2024-09-20 15:11:45.027,431.0513085759392,103
2024-09-20 15:11:45.341,423.9570478280997,8
2024-09-20 15:11:45.487,431.0595559824859,104
2024-09-20 15:11:45.799,431.0735564389624,11
2024-09-20 15:11:45.897,431.04497830567664,9
2024-09-20 15:11:46.418,431.0540563659181,1003
2024-09-20 15:11:47.020,431.0584908002132,95
2024-09-20 15:11:47.102,431.0716050197603,998
2024-09-20 15:11:47.201,431.04967122385375,1001
2024-09-20 15:11:47.206,431.0485991015785,103
2024-09-20 15:11:47.320,431.0912467454344,997
2024-09-20 15:11:47.645,431.07581986576304,10
2024-09-20 15:11:47.690,431.0739598958612,999
2024-09-20 15:11:47.747,431.08794549459606,10
2024-09-20 15:11:47.912,431.07875564850485,96
2024-09-20 15:11:47.942,431.0686192871686,15
2024-09-20 15:11:48.551,431.0501296364366,11
2024-09-20 15:11:48.973,431.0748879563144,100
2024-09-20 15:11:48.982,423.90497537906464,99
2024-09-20 15:11:49.009,431.0895100405424,104
2024-09-20 15:11:49.026,431.09863798271925,1002
2024-09-20 15:11:49.063,431.1062366448133,15
2024-09-20 15:11:49.066,,1005
2024-09-20 15:11:49.128,431.0401449310653,9
2024-09-20 15:11:49.145,-431.0808561844575,997
2024-09-20 15:11:49.178,431.0906393651401,996
2024-09-20 15:11:49.182,431.11557249498,15
2024-09-20 15:11:49.373,431.1068864544927,96
2024-09-20 15:11:49.380,431.0928360960756,100
2024-09-20 15:11:49.420,431.09457319688585,9
2024-09-20 15:11:49.435,431.1008912096366,8
2024-09-20 15:11:49.438,431.0965064438734,997
2024-09-20 15:11:49.442,431.0960680017101,98
2024-09-20 15:11:49.470,431.0983042371162,1000
2024-09-20 15:11:49.505,431.1077602663672,103
2024-09-20 15:11:49.523,431.1004313840626,5
2024-09-20 15:11:49.523,431.1131369021852,1003
2024-09-20 15:11:49.527,431.0916505663836,98
2024-09-20 15:11:49.545,431.09871405664825,103
2024-09-20 15:11:49.548,431.120361634366,1000
2024-09-20 15:11:49.685,431.10939626877325,6
2024-09-20 15:11:49.731,431.10393081744144,1001
2024-09-20 15:11:49.762,431.0836706804675,100
2024-09-20 15:11:49.790,431.09953896554487,1001
2024-09-20 15:11:49.795,431.1074305732135,97
2024-09-20 15:11:49.861,431.0801490402619,7
2024-09-20 15:11:49.896,431.10605144402746,99
2024-09-20 15:11:49.918,431.0890861575795,997
2024-09-20 15:11:50.121,431.0853389910004,1003
2024-09-20 15:11:50.232,431.0718816151437,98
2024-09-20 15:11:50.316,-431.0830203163808,101
2024-09-20 15:11:50.378,431.0530577724527,15
2024-09-20 15:11:50.422,431.073015754094,5
2024-09-20 15:11:50.918,431.1021396020298,5
2024-09-20 15:11:50.939,431.0816820757332,15
2024-09-20 15:11:51.213,431.0794015572896,8
2024-09-20 15:11:52.492,431.0492814119444,1003
2024-09-20 15:11:52.689,43.1064306336353,15
2024-09-20 15:11:52.913,431.0673841479738,8
2024-09-20 15:11:53.131,431.051496168538,1005
2024-09-20 15:11:53.289,431.0613180712447,8
2024-09-20 15:11:53.462,431.0529659331985,105
2024-09-20 15:11:53.492,431.0618793682617,12
2024-09-20 15:11:53.537,431.0629944931631,7
2024-09-20 15:11:53.560,431.05017828108095,995
2024-09-20 15:11:54.011,431.04114420451344,100
2024-09-20 15:11:54.035,431.1187571205184,105
2024-09-20 15:11:54.038,431.03502542636073,996
2024-09-20 15:11:54.048,431.1548641388457,996
2024-09-20 15:11:54.050,431.108446124499,13
2024-09-20 15:11:54.084,-431.04967798427685,98
2024-09-20 15:11:54.085,431.1231644151163,98
2024-09-20 15:11:54.147,431.0312932622197,14
2024-09-20 15:11:54.160,431.0665753870251,996
2024-09-20 15:11:54.223,431.07187679522406,1005
2024-09-20 15:11:54.226,431.0257016865056,10
2024-09-20 15:11:54.243,431.0925117056634,103
2024-09-20 15:11:54.289,431.1590466180859,5
2024-09-20 15:11:54.315,431.0361939975869,1001
2024-09-20 15:11:54.345,431.1273136727627,999
2024-09-20 15:11:54.354,431.0405980445653,101
2024-09-20 15:11:54.375,431.1484634629221,104
2024-09-20 15:11:54.434,431.1393957393264,1005
2024-09-20 15:11:54.454,431.0224134335984,1002
2024-09-20 15:11:54.766,431.0831885434855,97
2024-09-20 15:11:54.809,431.15296529030223,105
2024-09-20 15:11:54.848,431.1358603139129,1000
2024-09-20 15:11:54.855,431.041776691135,1001
2024-09-20 15:11:55.013,431.1593512111919,998
2024-09-20 15:11:55.021,431.1299308657056,11
2024-09-20 15:11:55.029,431.0942548071014,97
2024-09-20 15:11:55.052,431.1108770976859,100
2024-09-20 15:11:55.109,431.0767699985632,96
2024-09-20 15:11:55.172,431.1025855327032,103
2024-09-20 15:11:55.358,431.0881687678988,14
2024-09-20 15:11:55.427,431.12639483345606,104
2024-09-20 15:11:55.445,,1000
2024-09-20 15:11:55.552,431.1681544383541,15
2024-09-20 15:11:55.630,431.1646511074318,998
2024-09-20 15:11:55.660,431.1229960627121,1005
2024-09-20 15:11:55.750,431.0841041931772,997
2024-09-20 15:11:55.822,431.1369401161373,96
2024-09-20 15:11:55.876,431.1667229152021,101
2024-09-20 15:11:55.885,431.1432080935631,99
2024-09-20 15:11:55.925,431.1601821025481,102
2024-09-20 15:11:55.990,431.091595312446,999
2024-09-20 15:11:56.075,431.1114967033732,105
2024-09-20 15:11:56.091,431.0711250691636,1003
2024-09-20 15:11:56.112,431.0972243510478,1005
2024-09-20 15:11:56.136,431.1210860412509,103
2024-09-20 15:11:56.155,431.1047767261165,102
2024-09-20 15:11:56.218,431.1040263742171,14
2024-09-20 15:11:56.460,431.11591651733846,1002
2024-09-20 15:11:56.497,431.1116173881139,14
2024-09-20 15:11:56.515,431.0719835921061,1004
2024-09-20 15:11:56.526,431.09660218123184,1002
2024-09-20 15:11:56.533,431.0860045514266,95
2024-09-20 15:11:56.564,431.0805094576838,100
2024-09-20 15:11:56.610,431.0852671760428,1002
2024-09-20 15:11:56.689,431.0695618855133,1005
2024-09-20 15:11:56.706,431.0832120257315,101
2024-09-20 15:11:56.847,431.1318241634799,96
2024-09-20 15:11:56.940,431.1388029216229,101
2024-09-20 15:11:56.989,431.0684603532549,5
2024-09-20 15:11:57.047,431.0670105237835,99
2024-09-20 15:11:57.144,431.0743786190416,12
2024-09-20 15:11:57.240,431.06477258512166,995
2024-09-20 15:11:57.347,431.05887584917735,101
2024-09-20 15:11:57.642,431.0828159650014,999
2024-09-20 15:11:57.877,431.0749988177,103
2024-09-20 15:11:58.011,431.0632629296098,97
2024-09-20 15:11:58.243,431.14791795113314,9
2024-09-20 15:11:58.613,431.1011597840942,13
2024-09-20 15:11:58.704,431.0990980862584,14
2024-09-20 15:11:58.732,431.1312393104081,1004
2024-09-20 15:11:58.752,431.0831396001133,99
2024-09-20 15:11:58.981,431.1081980304488,97
2024-09-20 15:11:59.232,431.1084930710241,1004
2024-09-20 15:11:59.431,431.204945906576,11
2024-09-20 15:11:59.434,-431.1850365522801,1000
2024-09-20 15:11:59.438,431.1848015950589,8
2024-09-20 15:11:59.455,431.13468516143695,1005
2024-09-20 15:11:59.534,431.126307038512,99
2024-09-20 15:11:59.640,431.1426261321837,11
2024-09-20 15:11:59.716,431.12698657977177,99
2024-09-20 15:11:59.795,431.17430157110886,1001
2024-09-20 15:11:59.848,431.16130268874014,1004
2024-09-20 15:11:59.882,431.1859056373637,14
2024-09-20 15:11:59.931,431.1908056669638,1004
2024-09-20 15:11:59.941,431.1394077286464,999
