Timestamp,Price,Size
2024-09-18 14:52:00.005,414.2428924233133,1002
2024-09-18 14:52:00.023,414.2280604581324,11
2024-09-18 14:52:00.045,414.2487908465753,10
2024-09-18 14:52:00.087,414.257983476368,8
2024-09-18 14:52:00.127,414.2636732663875,6
2024-09-18 14:52:00.145,414.2271767803465,1001
2024-09-18 14:52:00.175,414.2204686188469,101
2024-09-18 14:52:00.180,414.24245040016814,996
2024-09-18 14:52:00.180,414.2474271517595,104
2024-09-18 14:52:00.185,414.2393201411359,100
2024-09-18 14:52:00.226,414.2384296206676,8
2024-09-18 14:52:00.362,414.2314284796164,1005
2024-09-18 14:52:00.467,414.2405422944371,7
2024-09-18 14:52:00.486,414.2233472185946,103
2024-09-18 14:52:00.496,41.42127309233089,1001
2024-09-18 14:52:00.581,414.2326638895014,1003
2024-09-18 14:52:00.714,414.232121835217,998
2024-09-18 14:52:00.763,414.2375750050157,998
2024-09-18 14:52:00.795,414.2554270515536,12
2024-09-18 14:52:00.798,414.239601134484,995
2024-09-18 14:52:00.957,414.2184397422493,101
2024-09-18 14:52:01.057,414.28659874498265,1003
2024-09-18 14:52:01.068,414.2690448333036,6
2024-09-18 14:52:01.069,414.2772386423167,5
2024-09-18 14:52:01.080,414.2943081307265,99
2024-09-18 14:52:01.163,414.2307206872764,99
2024-09-18 14:52:01.187,414.22496377918645,1005
2024-09-18 14:52:01.209,414.2986208178035,102
2024-09-18 14:52:01.233,414.2923129225972,101
2024-09-18 14:52:01.312,414.2343350027122,10
2024-09-18 14:52:01.318,414.2498387286714,95
2024-09-18 14:52:01.351,414.2328875153708,8
2024-09-18 14:52:01.368,414.26909613088384,100
2024-09-18 14:52:01.383,414.273980527965,9
2024-09-18 14:52:01.397,414.2248314287202,104
2024-09-18 14:52:01.401,414.2784736977798,14
2024-09-18 14:52:01.508,414.2532739849015,105
2024-09-18 14:52:01.511,414.2326567861016,103
2024-09-18 14:52:01.560,414.3030495693294,14
2024-09-18 14:52:01.776,414.2977392391776,8
2024-09-18 14:52:01.839,414.2591074250804,104
2024-09-18 14:52:01.840,414.2693983783219,1004
2024-09-18 14:52:01.887,414.2871497971971,1002
2024-09-18 14:52:01.894,414.2676345468637,5
2024-09-18 14:52:01.904,414.313317627373,99
2024-09-18 14:52:01.929,414.2847704937543,98
2024-09-18 14:52:01.952,414.2792794934122,11
2024-09-18 14:52:01.953,414.2997495800181,999
2024-09-18 14:52:01.961,414.2652078689006,1005
2024-09-18 14:52:02.110,414.310248414162,97
2024-09-18 14:52:02.116,414.32088348227103,997
2024-09-18 14:52:02.125,414.25540707054927,8
2024-09-18 14:52:02.152,414.2800055221732,9
2024-09-18 14:52:02.233,414.2894923695872,14
2024-09-18 14:52:02.292,414.28092941169695,12
2024-09-18 14:52:02.294,414.2723142839407,995
2024-09-18 14:52:02.320,414.2924030308178,102
2024-09-18 14:52:02.345,414.2810933910709,1000
2024-09-18 14:52:02.387,414.2528114706461,1001
2024-09-18 14:52:02.391,414.27582745089455,1001
2024-09-18 14:52:02.418,414.2687009660248,1002
2024-09-18 14:52:02.436,414.2496846598268,999
2024-09-18 14:52:02.437,414.3006109858414,998
2024-09-18 14:52:02.441,414.2758367914852,1004
2024-09-18 14:52:02.538,414.3147237705056,1002
2024-09-18 14:52:02.592,414.2976052472218,1002
2024-09-18 14:52:02.646,414.2535780243449,105
2024-09-18 14:52:02.676,414.2556038402762,1004
2024-09-18 14:52:02.678,414.2808723402089,1001
2024-09-18 14:52:02.761,414.2533123307932,996
2024-09-18 14:52:02.797,414.2774088744925,101
2024-09-18 14:52:02.798,414.30497880227455,997
2024-09-18 14:52:02.837,414.2753555279708,1005
2024-09-18 14:52:02.838,414.2684804550274,9
2024-09-18 14:52:02.955,414.2835333152853,1002
2024-09-18 14:52:03.049,414.28084176157154,100
2024-09-18 14:52:03.051,414.41666883759217,15
2024-09-18 14:52:03.061,414.307263391153,5
2024-09-18 14:52:03.193,407.4200035184143,102
2024-09-18 14:52:03.194,414.2958333358607,15
2024-09-18 14:52:03.202,414.4148342653408,97
2024-09-18 14:52:03.224,414.3489870339935,101
2024-09-18 14:52:03.260,414.3557417298034,96
2024-09-18 14:52:03.325,414.40991264321616,5
2024-09-18 14:52:03.364,414.4315540317543,11
2024-09-18 14:52:03.421,414.3113179569634,5
2024-09-18 14:52:03.461,414.33275793312896,1000
2024-09-18 14:52:03.505,414.3249436560352,1004
2024-09-18 14:52:03.531,414.362632225463,98
2024-09-18 14:52:03.609,414.3038740861786,104
2024-09-18 14:52:03.708,414.304186548637,104
2024-09-18 14:52:03.776,414.4287802959947,995
2024-09-18 14:52:03.786,414.3028619636929,5
2024-09-18 14:52:03.799,414.3150397348895,95
2024-09-18 14:52:03.826,414.4378919105552,6
2024-09-18 14:52:03.829,414.34642307139626,105
2024-09-18 14:52:03.859,414.3694980576984,105
2024-09-18 14:52:03.861,414.3068649855682,1003
2024-09-18 14:52:03.888,414.3105098740324,8
2024-09-18 14:52:03.893,414.3077529142673,1003
2024-09-18 14:52:03.953,414.43251643620806,1002
2024-09-18 14:52:04.151,414.3815412262741,95
2024-09-18 14:52:04.253,414.4088378936051,99
2024-09-18 14:52:04.276,414.3760702714023,997
2024-09-18 14:52:04.286,414.42771560351633,1000
2024-09-18 14:52:04.317,414.4318120454727,6
2024-09-18 14:52:04.548,414.4396318356319,97
2024-09-18 14:52:04.639,414.4087322601741,96
2024-09-18 14:52:04.663,414.3888358823705,998
2024-09-18 14:52:04.707,414.3712519566869,1005
2024-09-18 14:52:04.749,414.4420574784746,8
2024-09-18 14:52:05.112,414.4110157385381,998
2024-09-18 14:52:05.200,414.3614520512685,101
2024-09-18 14:52:05.223,414.3489318430351,1000
2024-09-18 14:52:05.288,414.3639967421717,5
2024-09-18 14:52:05.344,414.41992809710416,97
2024-09-18 14:52:05.400,414.3521513284954,997
2024-09-18 14:52:05.440,414.3646749752494,6
2024-09-18 14:52:05.547,414.4141714233074,99
2024-09-18 14:52:05.567,414.4193901425572,97
2024-09-18 14:52:05.580,414.38988071721394,15
2024-09-18 14:52:05.597,414.4023080901188,100
2024-09-18 14:52:05.668,414.392127813387,105
2024-09-18 14:52:05.697,414.3956806387434,7
2024-09-18 14:52:05.771,414.3462304108737,999
2024-09-18 14:52:05.812,414.38175947326346,997
2024-09-18 14:52:05.921,414.3531168200159,1000
2024-09-18 14:52:05.929,414.43588627079663,5
2024-09-18 14:52:06.230,414.424537295442,105
2024-09-18 14:52:07.093,414.40891725214976,5
2024-09-18 14:52:07.126,414.4087676831357,105
2024-09-18 14:52:07.253,414.39761154479936,1004
2024-09-18 14:52:07.458,414.4130388199184,15
2024-09-18 14:52:07.479,414.3987479513352,9
2024-09-18 14:52:07.570,414.40646718179,6
2024-09-18 14:52:07.616,414.3936755230131,10
2024-09-18 14:52:07.880,414.3799036436616,96
2024-09-18 14:52:07.893,414.3867924263301,1004
2024-09-18 14:52:07.896,414.3872391587437,1002
2024-09-18 14:52:08.043,414.3259749000137,95
2024-09-18 14:52:08.104,414.3636442025872,1000
2024-09-18 14:52:08.192,414.3798718051664,95
2024-09-18 14:52:08.628,414.34737792869686,102
2024-09-18 14:52:08.700,414.35109156823177,96
2024-09-18 14:52:08.830,414.3408007970382,1000
2024-09-18 14:52:08.995,414.3600391903893,11
2024-09-18 14:52:09.038,414.3975488126632,95
2024-09-18 14:52:09.058,414.4235365462078,7
2024-09-18 14:52:09.079,414.4013130740837,96
2024-09-18 14:52:09.098,414.4123605396396,15
2024-09-18 14:52:09.102,414.40702243222194,999
2024-09-18 14:52:09.132,414.4329905243658,11
2024-09-18 14:52:09.159,414.3853584468345,1005
2024-09-18 14:52:09.309,41.439288709250576,98
2024-09-18 14:52:09.349,414.3696059581809,999
2024-09-18 14:52:09.455,414.4336142417404,998
2024-09-18 14:52:09.492,414.39597661532025,9
2024-09-18 14:52:09.526,414.40324415524657,1002
2024-09-18 14:52:09.587,414.4159129306591,97
2024-09-18 14:52:09.695,414.3963675707442,995
2024-09-18 14:52:09.697,414.41483882070855,12
2024-09-18 14:52:09.700,414.3969011925933,103
2024-09-18 14:52:09.806,414.4111004044989,15
2024-09-18 14:52:09.828,414.3887731310479,7
2024-09-18 14:52:10.008,414.40262562394406,100
2024-09-18 14:52:10.041,414.4049815490737,14
2024-09-18 14:52:10.075,414.4063406592034,104
2024-09-18 14:52:10.124,414.3249857031239,98
2024-09-18 14:52:10.153,414.3911538838496,14
2024-09-18 14:52:10.200,414.3890299055222,997
2024-09-18 14:52:10.247,414.3702442626118,7
2024-09-18 14:52:10.270,414.3602735459454,7
2024-09-18 14:52:10.308,-414.3108353571859,14
2024-09-18 14:52:10.329,414.4024450663652,999
2024-09-18 14:52:10.334,414.4164206456144,999
2024-09-18 14:52:10.393,414.35818336949046,1005
2024-09-18 14:52:10.408,414.4017750928257,15
2024-09-18 14:52:10.490,414.2951483672901,8
2024-09-18 14:52:10.532,414.3833421320548,999
2024-09-18 14:52:10.592,414.39922494424286,996
2024-09-18 14:52:10.629,414.3947658569071,10
2024-09-18 14:52:10.655,414.4038126365604,105
2024-09-18 14:52:10.751,414.4187411721159,99
2024-09-18 14:52:10.767,414.395595035005,995
2024-09-18 14:52:10.821,414.3918806205096,105
2024-09-18 14:52:10.897,414.3752505498011,100
2024-09-18 14:52:10.924,414.4020586365576,1001
2024-09-18 14:52:10.962,414.40242336512426,99
2024-09-18 14:52:11.177,414.30502069755926,99
2024-09-18 14:52:11.260,414.27193404773817,98
2024-09-18 14:52:11.289,414.283671123409,1002
2024-09-18 14:52:11.386,414.2635836882326,100
2024-09-18 14:52:11.407,414.2849275274826,103
2024-09-18 14:52:11.533,414.2778006339037,103
2024-09-18 14:52:11.537,414.2666742230843,12
2024-09-18 14:52:11.544,414.2977316074735,998
2024-09-18 14:52:11.622,414.2619754568408,97
2024-09-18 14:52:11.669,414.2610780925601,996
2024-09-18 14:52:11.825,414.2953276236322,102
2024-09-18 14:52:11.838,414.2829102228874,8
2024-09-18 14:52:11.846,414.2571795470021,99
2024-09-18 14:52:11.879,414.2847651980861,997
2024-09-18 14:52:11.924,414.3024134408981,1003
2024-09-18 14:52:12.246,414.2808973602694,1005
2024-09-18 14:52:12.693,414.2689523607264,97
2024-09-18 14:52:12.891,414.2602045923386,99
2024-09-18 14:52:13.018,414.2508946972296,15
2024-09-18 14:52:13.089,414.2552273142653,9
2024-09-18 14:52:13.135,414.2685178017144,14
2024-09-18 14:52:13.270,414.2787692440269,7
2024-09-18 14:52:13.310,414.26293052263054,998
2024-09-18 14:52:13.365,414.25937643349886,102
2024-09-18 14:52:13.431,414.244393050402,12
2024-09-18 14:52:13.498,414.2713861194338,99
2024-09-18 14:52:13.615,414.2573129381364,101
2024-09-18 14:52:13.618,414.2631439796683,96
2024-09-18 14:52:13.665,414.2587937557077,104
2024-09-18 14:52:13.781,414.2526917500549,8
2024-09-18 14:52:13.877,414.28145367637455,12
2024-09-18 14:52:14.028,414.26022090014806,997
2024-09-18 14:52:14.046,414.2536207557507,95
2024-09-18 14:52:14.091,414.206680430584,9
2024-09-18 14:52:14.097,414.2475794207485,997
2024-09-18 14:52:14.101,414.2306701956492,102
2024-09-18 14:52:14.133,414.25494237206414,1000
2024-09-18 14:52:14.163,414.2571745120361,8
2024-09-18 14:52:14.316,414.2475189037885,14
2024-09-18 14:52:14.351,414.2471433152156,1002
2024-09-18 14:52:14.354,414.2593952174258,1000
2024-09-18 14:52:14.395,414.2709189595252,7
2024-09-18 14:52:14.514,-414.1863167774591,12
2024-09-18 14:52:14.603,414.2069193789607,100
2024-09-18 14:52:14.615,414.25693002528106,7
2024-09-18 14:52:14.637,414.2269473872784,96
2024-09-18 14:52:14.687,414.2714665095083,5
2024-09-18 14:52:14.688,414.2402107691181,102
2024-09-18 14:52:14.776,414.2145340831796,8
2024-09-18 14:52:14.815,414.2086631004195,105
2024-09-18 14:52:14.917,414.213331891709,101
2024-09-18 14:52:14.973,414.2532901099152,15
2024-09-18 14:52:15.036,414.1320176426832,95
2024-09-18 14:52:15.065,414.14675690693855,105
2024-09-18 14:52:15.233,414.1447007200415,999
2024-09-18 14:52:15.246,414.1507171723485,12
2024-09-18 14:52:15.319,414.11155140059606,15
2024-09-18 14:52:15.419,414.1259816055711,105
2024-09-18 14:52:15.428,414.154019214382,10
2024-09-18 14:52:15.637,414.1220199416077,103
2024-09-18 14:52:15.641,414.1130068068813,96
2024-09-18 14:52:15.679,414.1384847332938,995
2024-09-18 14:52:15.710,414.1230332431591,13
2024-09-18 14:52:15.764,414.1313305645896,103
2024-09-18 14:52:15.771,414.1826641581872,102
2024-09-18 14:52:15.784,414.1720096615047,1000
2024-09-18 14:52:15.798,414.1474087477999,7
2024-09-18 14:52:15.859,414.0776999471925,97
2024-09-18 14:52:16.131,414.0272152569714,8
2024-09-18 14:52:16.160,413.9930319353821,102
2024-09-18 14:52:16.239,414.0405164618308,5
2024-09-18 14:52:16.279,414.0576449236927,996
2024-09-18 14:52:16.357,414.0805144335035,101
2024-09-18 14:52:16.362,414.0464902728254,96
2024-09-18 14:52:16.573,414.0088046815612,14
2024-09-18 14:52:16.746,414.01460376580064,8
2024-09-18 14:52:16.884,414.07055263340953,10
2024-09-18 14:52:16.944,414.0506544094088,1000
2024-09-18 14:52:17.000,414.0561320880392,9
2024-09-18 14:52:17.071,414.0324773070743,103
2024-09-18 14:52:17.088,414.04641807823936,1003
2024-09-18 14:52:17.133,414.04699167230814,996
2024-09-18 14:52:17.135,414.0289591710069,100
2024-09-18 14:52:17.186,414.0085640606962,100
2024-09-18 14:52:17.279,414.0219630761787,12
2024-09-18 14:52:17.336,414.0286236928466,999
2024-09-18 14:52:17.338,414.030684887417,9
2024-09-18 14:52:17.349,414.0461854662933,1003
2024-09-18 14:52:17.411,407.3217261214924,996
2024-09-18 14:52:17.454,414.0514540523656,105
2024-09-18 14:52:17.463,414.06007876495056,997
2024-09-18 14:52:17.480,414.0583805778488,7
2024-09-18 14:52:17.543,413.9944461624524,97
2024-09-18 14:52:17.565,414.07082115628094,103
2024-09-18 14:52:17.573,414.03642453140327,10
2024-09-18 14:52:17.580,414.0315393260991,7
2024-09-18 14:52:17.589,414.0607419797019,98
2024-09-18 14:52:17.616,414.0576282959693,14
2024-09-18 14:52:17.617,414.05166456146657,997
2024-09-18 14:52:17.715,414.0526780556544,100
2024-09-18 14:52:17.731,414.0296999461895,14
2024-09-18 14:52:17.754,414.0499212401276,9
2024-09-18 14:52:17.774,414.0289223612317,105
2024-09-18 14:52:17.775,414.0441618025039,14
2024-09-18 14:52:17.808,414.0618788967533,10
2024-09-18 14:52:17.828,414.0474342083488,1003
2024-09-18 14:52:17.972,414.0670664164688,999
2024-09-18 14:52:17.979,414.0498324938732,95
2024-09-18 14:52:17.985,414.0380643536108,103
2024-09-18 14:52:18.044,414.0310689924201,996
2024-09-18 14:52:18.047,414.0780406688575,1003
2024-09-18 14:52:18.058,414.0823719284455,996
2024-09-18 14:52:18.066,-414.07869241621495,105
2024-09-18 14:52:18.113,414.05906418534266,15
2024-09-18 14:52:18.149,414.0517241370249,11
2024-09-18 14:52:18.200,414.08778863163593,1001
2024-09-18 14:52:18.262,414.05224938075474,97
2024-09-18 14:52:18.324,414.0437516875733,1000
2024-09-18 14:52:18.356,414.0322749063205,1005
2024-09-18 14:52:18.365,414.0615660751004,998
2024-09-18 14:52:18.415,414.0374425653132,1004
2024-09-18 14:52:18.441,414.0690900591321,998
2024-09-18 14:52:18.479,407.2797943123626,96
2024-09-18 14:52:18.511,414.0495780603625,995
2024-09-18 14:52:18.531,414.0278527625952,10
2024-09-18 14:52:18.577,414.10633370160434,997
2024-09-18 14:52:18.647,414.097435398048,15
2024-09-18 14:52:18.666,414.0785711712449,1004
2024-09-18 14:52:18.711,414.0621106168653,996
2024-09-18 14:52:18.734,414.1099883434968,5
2024-09-18 14:52:18.736,414.0593316638954,1003
2024-09-18 14:52:18.876,414.053970957872,96
2024-09-18 14:52:18.918,414.02723176554815,11
2024-09-18 14:52:18.940,414.060731904068,998
2024-09-18 14:52:18.995,414.0712895610793,101
2024-09-18 14:52:19.070,414.1375354371349,1001
2024-09-18 14:52:19.116,-414.1694680862991,13
2024-09-18 14:52:19.225,414.1925559074781,9
2024-09-18 14:52:19.308,414.1962013915624,97
2024-09-18 14:52:19.357,,5
2024-09-18 14:52:19.363,407.2678817854149,6
2024-09-18 14:52:19.405,414.1910722269344,996
2024-09-18 14:52:19.460,414.1839302491888,99
2024-09-18 14:52:19.499,414.1838854476607,5
2024-09-18 14:52:19.516,414.1197559377354,14
2024-09-18 14:52:19.546,414.19061328367405,1000
2024-09-18 14:52:19.567,414.1747672829724,102
2024-09-18 14:52:19.568,414.1665043991159,1005
2024-09-18 14:52:19.630,414.17828148509216,97
2024-09-18 14:52:19.673,414.21042078960994,98
2024-09-18 14:52:19.680,414.1801757987516,11
2024-09-18 14:52:19.719,414.1711136821172,1005
2024-09-18 14:52:19.726,414.1512860717938,7
2024-09-18 14:52:19.735,-414.17336724068537,1002
2024-09-18 14:52:19.750,414.18458004448274,98
2024-09-18 14:52:19.754,414.1770765773857,7
2024-09-18 14:52:19.838,414.181743079962,996
2024-09-18 14:52:19.860,414.1761349749311,96
2024-09-18 14:52:19.915,414.17748547400913,105
2024-09-18 14:52:19.973,414.19527683433694,5
2024-09-18 14:52:19.983,414.17924093717806,103
2024-09-18 14:52:20.304,414.1331714853813,15
2024-09-18 14:52:20.528,414.1407761611396,6
2024-09-18 14:52:21.396,414.1020298808383,103
2024-09-18 14:52:21.690,414.13133662741006,1003
2024-09-18 14:52:22.027,414.0332140679261,1001
2024-09-18 14:52:22.046,414.0974375840196,1000
2024-09-18 14:52:22.053,414.0587703173407,95
2024-09-18 14:52:22.094,414.06865488290646,14
2024-09-18 14:52:22.097,414.086127226968,15
2024-09-18 14:52:22.210,414.06150415408814,1002
2024-09-18 14:52:22.287,414.0858258581789,10
2024-09-18 14:52:22.298,414.1224695220241,98
2024-09-18 14:52:22.415,414.0819395918765,1000
2024-09-18 14:52:22.611,414.0437432642311,103
2024-09-18 14:52:22.624,414.0234931558651,1000
2024-09-18 14:52:22.657,414.07359034711095,1005
2024-09-18 14:52:22.691,414.0767896863452,98
2024-09-18 14:52:22.718,414.08377178760577,15
2024-09-18 14:52:22.748,414.11509714188816,12
2024-09-18 14:52:22.832,414.07984996628375,12
2024-09-18 14:52:22.891,414.11946665762827,14
2024-09-18 14:52:22.938,414.03480904964056,99
2024-09-18 14:52:22.944,414.0657889301529,96
2024-09-18 14:52:22.971,414.0091368059748,996
2024-09-18 14:52:23.035,414.0120082461217,105
2024-09-18 14:52:23.072,414.0266377515784,1002
2024-09-18 14:52:23.087,414.0334589443363,98
2024-09-18 14:52:23.098,414.0218967614536,7
2024-09-18 14:52:23.226,414.01190949093296,10
2024-09-18 14:52:23.341,414.0166007496414,1000
2024-09-18 14:52:23.517,414.00687893231066,1001
2024-09-18 14:52:23.524,414.0245918298472,996
2024-09-18 14:52:23.592,413.99522958676806,8
2024-09-18 14:52:23.679,414.00887555556267,995
2024-09-18 14:52:23.904,413.99465542538127,998
2024-09-18 14:52:23.968,414.01909322238,100
2024-09-18 14:52:24.014,414.0234413593805,995
2024-09-18 14:52:24.083,414.06025517396046,1002
2024-09-18 14:52:24.118,414.0210385263676,12
2024-09-18 14:52:24.125,414.027278078785,15
2024-09-18 14:52:24.269,414.01421448487457,95
2024-09-18 14:52:24.338,414.0068766665135,998
2024-09-18 14:52:24.461,414.055934224153,98
2024-09-18 14:52:24.466,414.06700913567846,995
2024-09-18 14:52:24.572,414.0178564928245,96
2024-09-18 14:52:24.579,414.0057208935853,99
2024-09-18 14:52:24.637,414.0172295551712,995
2024-09-18 14:52:24.705,414.0017425139647,104
2024-09-18 14:52:24.775,414.03883055238987,6
2024-09-18 14:52:24.925,414.06275231322246,102
2024-09-18 14:52:24.932,414.0221721907936,10
2024-09-18 14:52:24.988,414.0342757087586,6
2024-09-18 14:52:25.037,414.1003794461605,1003
2024-09-18 14:52:25.078,414.1061140437902,13
2024-09-18 14:52:25.117,414.0876809187113,99
2024-09-18 14:52:25.138,414.0978324230381,996
2024-09-18 14:52:25.143,414.13719457523865,9
2024-09-18 14:52:25.145,414.1250781662272,1000
2024-09-18 14:52:25.195,414.0825244846012,95
2024-09-18 14:52:25.208,414.0924740258533,8
2024-09-18 14:52:25.226,414.1014258799527,10
2024-09-18 14:52:25.348,414.0889388377853,11
2024-09-18 14:52:25.349,414.086860624972,997
2024-09-18 14:52:25.352,414.1038574594512,1004
2024-09-18 14:52:25.402,414.0979297259529,995
2024-09-18 14:52:25.436,414.1487832661544,15
2024-09-18 14:52:25.437,414.1397066275084,104
2024-09-18 14:52:25.497,414.12094363236525,104
2024-09-18 14:52:25.576,414.12666842471504,1002
2024-09-18 14:52:25.601,414.1271639932736,103
2024-09-18 14:52:25.603,414.08711240040594,999
2024-09-18 14:52:25.612,414.12322239836,100
2024-09-18 14:52:25.700,414.0912251825144,998
2024-09-18 14:52:25.802,414.1213964134668,103
2024-09-18 14:52:25.811,414.0980232822736,6
2024-09-18 14:52:25.819,414.1471436532232,1003
2024-09-18 14:52:25.904,414.1204262389536,105
2024-09-18 14:52:25.905,414.13697290964,1001
2024-09-18 14:52:25.963,414.1109766527565,1005
2024-09-18 14:52:25.974,414.1432220691568,1001
2024-09-18 14:52:26.015,414.1358087574813,998
2024-09-18 14:52:26.150,414.0804457656505,1003
2024-09-18 14:52:26.154,414.0991208448433,1005
2024-09-18 14:52:26.271,414.1118194056593,101
2024-09-18 14:52:26.344,414.0977751902063,998
2024-09-18 14:52:26.364,414.0993807197185,15
2024-09-18 14:52:26.429,414.0843694371709,15
2024-09-18 14:52:26.444,414.1128020455904,105
2024-09-18 14:52:26.493,414.0966246435556,15
2024-09-18 14:52:26.522,414.1280351342099,997
2024-09-18 14:52:26.528,414.10693379038287,96
2024-09-18 14:52:26.540,414.1260916275193,5
2024-09-18 14:52:26.695,414.1213873896521,103
2024-09-18 14:52:26.726,414.1059892829591,996
2024-09-18 14:52:26.762,414.1411526143859,105
2024-09-18 14:52:26.764,414.1284399443673,15
2024-09-18 14:52:26.794,414.10908900896897,999
2024-09-18 14:52:26.992,414.1003603513509,8
2024-09-18 14:52:26.996,414.1061540588299,997
2024-09-18 14:52:27.020,414.13408422304127,1002
2024-09-18 14:52:27.070,414.164566650872,997
2024-09-18 14:52:27.112,414.0593167607231,10
2024-09-18 14:52:27.122,414.0801861361804,10
2024-09-18 14:52:27.144,414.1539826333577,95
2024-09-18 14:52:27.184,414.07010617878393,998
2024-09-18 14:52:27.193,414.1016310634371,97
2024-09-18 14:52:27.195,414.0597521923257,9
2024-09-18 14:52:27.216,414.06432838584846,13
2024-09-18 14:52:27.245,414.12323756917766,1000
2024-09-18 14:52:27.289,414.07952274824544,13
2024-09-18 14:52:27.292,414.157816621214,100
2024-09-18 14:52:27.325,414.0727870022161,105
2024-09-18 14:52:27.489,414.0747350446306,14
2024-09-18 14:52:27.521,41.407459928104416,997
2024-09-18 14:52:27.573,414.0729999869689,8
2024-09-18 14:52:27.601,414.0559701532002,12
2024-09-18 14:52:27.686,414.0819666314763,996
2024-09-18 14:52:27.750,414.1646527777103,999
2024-09-18 14:52:27.903,414.0881816894384,1002
2024-09-18 14:52:28.012,414.15627759285576,996
2024-09-18 14:52:28.064,414.0985197367421,8
2024-09-18 14:52:28.140,414.1706273564928,1001
2024-09-18 14:52:28.191,,6
2024-09-18 14:52:28.231,414.1547624717956,102
2024-09-18 14:52:28.231,414.123213639076,999
2024-09-18 14:52:28.239,414.1146683716155,1005
2024-09-18 14:52:28.299,414.15668640940765,997
2024-09-18 14:52:28.309,414.1323728735129,6
2024-09-18 14:52:28.358,414.1080999470366,104
2024-09-18 14:52:28.378,414.1431225094507,996
2024-09-18 14:52:28.647,414.18260320029816,14
2024-09-18 14:52:28.661,414.1275868052209,97
2024-09-18 14:52:28.695,414.1905675716231,6
2024-09-18 14:52:28.775,414.16922301905805,1002
2024-09-18 14:52:28.865,414.13027902857147,997
2024-09-18 14:52:28.902,414.1083892423589,999
2024-09-18 14:52:28.912,414.1668688520718,12
2024-09-18 14:52:29.052,414.1274442166558,9
2024-09-18 14:52:29.105,414.115214219865,98
2024-09-18 14:52:29.207,414.1022569057088,995
2024-09-18 14:52:29.682,414.10421224074446,6
2024-09-18 14:52:29.764,414.1274001341392,97
2024-09-18 14:52:29.790,414.13647769657126,10
2024-09-18 14:52:29.798,-414.0915668966941,1001
2024-09-18 14:52:29.875,407.2548258159311,1004
2024-09-18 14:52:29.881,414.1084642030141,5
2024-09-18 14:52:29.922,414.1303428857165,1003
2024-09-18 14:52:30.021,414.0649717362706,101
2024-09-18 14:52:30.134,414.1189618415971,101
2024-09-18 14:52:30.153,414.1020486232674,1001
2024-09-18 14:52:30.198,414.11856347992966,96
2024-09-18 14:52:30.206,414.0919810357348,1005
2024-09-18 14:52:30.224,414.086733146916,96
2024-09-18 14:52:30.244,414.09278850857135,7
2024-09-18 14:52:30.254,414.106797179857,7
2024-09-18 14:52:30.260,414.0800018568255,997
2024-09-18 14:52:30.285,414.1138005032505,105
2024-09-18 14:52:30.350,414.0981320942976,997
2024-09-18 14:52:30.423,414.0786723331912,103
2024-09-18 14:52:30.470,414.09425488249246,6
2024-09-18 14:52:30.476,414.0884081949567,13
2024-09-18 14:52:30.478,414.10040958069845,105
2024-09-18 14:52:30.567,414.09571383166633,1005
2024-09-18 14:52:30.685,414.1061224652975,14
2024-09-18 14:52:30.713,414.1192269582683,6
2024-09-18 14:52:30.723,414.1034382602095,13
2024-09-18 14:52:30.768,414.1152483415685,97
2024-09-18 14:52:30.911,414.0812291644002,997
2024-09-18 14:52:30.925,414.11376846450486,999
2024-09-18 14:52:30.936,414.0860754004244,100
2024-09-18 14:52:30.958,414.0977426392354,15
2024-09-18 14:52:30.995,414.0762487998198,997
2024-09-18 14:52:31.001,413.9996096153562,98
2024-09-18 14:52:31.048,414.02573574878585,999
2024-09-18 14:52:31.064,414.0160793793411,99
2024-09-18 14:52:31.104,414.03872447291445,995
2024-09-18 14:52:31.125,414.03457709703656,995
2024-09-18 14:52:31.175,414.0204542352078,96
2024-09-18 14:52:31.236,413.997390048309,96
2024-09-18 14:52:31.274,414.0560933589752,996
2024-09-18 14:52:31.275,414.0077772323604,98
2024-09-18 14:52:31.371,407.2897183240716,7
2024-09-18 14:52:31.398,414.0462949204653,95
2024-09-18 14:52:31.448,414.0486793599506,11
2024-09-18 14:52:31.454,413.9961148522795,1000
2024-09-18 14:52:31.493,414.01525035750143,1000
2024-09-18 14:52:31.500,414.0144976021331,14
2024-09-18 14:52:31.659,414.01856115178987,9
2024-09-18 14:52:31.705,414.03582566051233,1000
2024-09-18 14:52:31.811,414.0115241496397,103
2024-09-18 14:52:31.847,414.01924307878926,12
2024-09-18 14:52:31.906,414.0207653017307,13
2024-09-18 14:52:31.933,414.0294776587929,998
2024-09-18 14:52:31.942,414.0221288213379,1002
2024-09-18 14:52:31.963,414.02642346544366,12
2024-09-18 14:52:32.031,414.03239192696327,996
2024-09-18 14:52:32.068,,1004
2024-09-18 14:52:32.117,413.95924397773854,999
2024-09-18 14:52:32.155,414.0316640865905,15
2024-09-18 14:52:32.235,414.032039628772,9
2024-09-18 14:52:32.251,414.0293182177247,8
2024-09-18 14:52:32.315,414.0339911969003,1002
2024-09-18 14:52:32.336,414.0526582123752,1000
2024-09-18 14:52:32.369,414.05705797094345,9
2024-09-18 14:52:32.376,414.0243765264403,11
2024-09-18 14:52:32.451,414.0610327002729,102
2024-09-18 14:52:32.474,414.01834187478926,9
2024-09-18 14:52:32.476,414.0299463416949,13
2024-09-18 14:52:32.540,413.9852461748085,105
2024-09-18 14:52:32.557,-414.0476779632392,95
2024-09-18 14:52:32.568,413.9767098706718,6
2024-09-18 14:52:32.729,414.0267501385927,8
2024-09-18 14:52:32.731,414.0590493539992,96
2024-09-18 14:52:32.868,414.0691010637155,99
2024-09-18 14:52:32.871,414.0233329080265,1000
2024-09-18 14:52:32.907,414.0590823871995,105
2024-09-18 14:52:32.957,414.02715077621366,97
2024-09-18 14:52:32.972,413.9730935081602,995
2024-09-18 14:52:33.029,413.9661987404083,101
2024-09-18 14:52:33.105,413.9655248004374,1004
2024-09-18 14:52:33.315,413.9781178048388,1000
2024-09-18 14:52:33.344,413.9712836617476,10
2024-09-18 14:52:33.387,413.9808037367401,8
2024-09-18 14:52:33.481,413.9697282094094,998
2024-09-18 14:52:33.655,413.9945550652274,1000
2024-09-18 14:52:33.672,413.99497822658384,5
2024-09-18 14:52:33.823,413.9696837671602,5
2024-09-18 14:52:33.858,413.9939223811553,11
2024-09-18 14:52:33.909,413.9881179624843,998
2024-09-18 14:52:34.102,413.96208184971294,98
2024-09-18 14:52:34.160,413.9942014525348,1003
2024-09-18 14:52:34.460,41.393882227215386,102
2024-09-18 14:52:34.524,,10
2024-09-18 14:52:34.607,413.9464806200613,7
2024-09-18 14:52:34.640,413.9876647230533,104
2024-09-18 14:52:34.865,413.9566196205904,100
2024-09-18 14:52:35.368,,103
2024-09-18 14:52:35.715,413.9637054831409,97
2024-09-18 14:52:36.003,413.8862511946708,1004
2024-09-18 14:52:36.174,413.8933424509236,10
2024-09-18 14:52:36.196,413.9130945810397,1005
2024-09-18 14:52:36.216,413.9042256617602,1004
2024-09-18 14:52:36.239,41.39116995233138,99
2024-09-18 14:52:36.269,413.8900029737177,11
2024-09-18 14:52:36.274,413.8979112217284,103
2024-09-18 14:52:36.279,413.9641737129134,95
2024-09-18 14:52:36.334,413.88832873032607,1004
2024-09-18 14:52:36.351,413.9306989266439,7
2024-09-18 14:52:36.368,413.91129678092966,100
2024-09-18 14:52:36.411,413.86732917044304,1002
2024-09-18 14:52:36.445,413.9145414561481,101
2024-09-18 14:52:36.492,413.8782770116305,104
2024-09-18 14:52:36.511,413.8992988956713,6
2024-09-18 14:52:36.567,413.9056488267409,999
2024-09-18 14:52:36.578,413.8934366001544,1001
2024-09-18 14:52:36.602,413.88667596670246,8
2024-09-18 14:52:36.607,413.87015695382746,1005
2024-09-18 14:52:36.622,413.88793079014965,1005
2024-09-18 14:52:36.623,413.87390093913007,1002
2024-09-18 14:52:36.665,413.9439792877392,1004
2024-09-18 14:52:36.694,413.9256360856374,995
2024-09-18 14:52:36.697,413.9230612055695,997
2024-09-18 14:52:36.778,413.9185082824235,97
2024-09-18 14:52:36.795,413.8941674257133,1004
2024-09-18 14:52:36.874,413.8942014596655,998
2024-09-18 14:52:36.996,413.9590698639856,104
2024-09-18 14:52:37.010,413.8748138074287,998
2024-09-18 14:52:37.015,413.8691031576143,104
2024-09-18 14:52:37.044,413.84065808425805,104
2024-09-18 14:52:37.174,413.8679306388154,8
2024-09-18 14:52:37.283,413.8646535318628,15
2024-09-18 14:52:37.516,413.86971735048775,105
2024-09-18 14:52:37.530,413.8801853797559,995
2024-09-18 14:52:37.546,413.82318919535135,999
2024-09-18 14:52:37.575,413.7746871230875,5
2024-09-18 14:52:37.631,413.8828821375795,15
2024-09-18 14:52:37.634,413.83826876965855,9
2024-09-18 14:52:37.638,413.8854463811421,13
2024-09-18 14:52:37.668,,101
2024-09-18 14:52:37.685,413.867211281773,1005
2024-09-18 14:52:37.757,413.8179395599475,999
2024-09-18 14:52:37.758,413.8331201078391,10
2024-09-18 14:52:37.758,413.8407309003316,998
2024-09-18 14:52:37.780,413.8064547668745,11
2024-09-18 14:52:37.801,413.8713203568256,10
2024-09-18 14:52:37.971,413.7966811073942,13
2024-09-18 14:52:38.057,413.7866224928193,7
2024-09-18 14:52:38.106,413.7747349480716,13
2024-09-18 14:52:38.197,413.8447444558299,104
2024-09-18 14:52:38.263,413.812845801028,1000
2024-09-18 14:52:38.532,413.7759059349975,1000
2024-09-18 14:52:38.550,413.8155781160172,1001
2024-09-18 14:52:38.564,413.8124670736017,1004
2024-09-18 14:52:38.683,413.81975002884735,997
2024-09-18 14:52:38.801,413.78977180725263,9
2024-09-18 14:52:39.020,413.7982532712066,7
2024-09-18 14:52:39.035,413.8614271804482,8
2024-09-18 14:52:39.041,413.8305490313559,996
2024-09-18 14:52:39.048,413.8028081622144,95
2024-09-18 14:52:39.062,413.8072678458131,95
2024-09-18 14:52:39.091,413.8107809202504,6
2024-09-18 14:52:39.114,413.80739158485545,95
2024-09-18 14:52:39.121,413.8028725763351,104
2024-09-18 14:52:39.268,413.8377053035296,1001
2024-09-18 14:52:39.292,413.8307469248062,96
2024-09-18 14:52:39.354,413.817008935737,11
2024-09-18 14:52:39.469,413.845290196807,998
2024-09-18 14:52:39.476,-413.81837433439904,1001
2024-09-18 14:52:39.627,413.8408295295226,1005
2024-09-18 14:52:39.701,413.8064412232589,1003
2024-09-18 14:52:39.705,413.84463090167446,102
2024-09-18 14:52:39.719,413.803097535018,10
2024-09-18 14:52:39.738,413.8538248757042,101
2024-09-18 14:52:39.740,413.8312219733361,1001
2024-09-18 14:52:39.746,413.8076775390718,99
2024-09-18 14:52:39.775,413.798187945508,100
2024-09-18 14:52:39.783,413.85573096739313,105
2024-09-18 14:52:39.798,413.829539969486,1003
2024-09-18 14:52:39.809,413.7940058945908,99
2024-09-18 14:52:39.816,413.8471919618183,8
2024-09-18 14:52:39.844,413.84580318324174,10
2024-09-18 14:52:39.855,413.83605109550433,103
2024-09-18 14:52:39.937,413.82805852307104,99
2024-09-18 14:52:39.941,413.812624265743,97
2024-09-18 14:52:39.963,413.7979645467411,97
2024-09-18 14:52:40.058,413.846661363731,99
2024-09-18 14:52:40.112,413.8724877976717,98
2024-09-18 14:52:40.213,413.9197056447989,998
2024-09-18 14:52:40.263,413.9458039270614,1001
2024-09-18 14:52:40.299,413.87198541798415,101
2024-09-18 14:52:40.329,413.8334581163947,101
2024-09-18 14:52:40.337,413.8696478711465,1003
2024-09-18 14:52:40.346,413.8494189442589,13
2024-09-18 14:52:40.362,413.8427110266554,8
2024-09-18 14:52:40.371,413.9343467462816,95
2024-09-18 14:52:40.432,413.9372807820191,104
2024-09-18 14:52:40.488,413.85023692941576,12
2024-09-18 14:52:40.530,413.9417820479839,10
2024-09-18 14:52:40.600,413.9255908922801,1002
2024-09-18 14:52:40.627,413.8393153859008,99
2024-09-18 14:52:40.660,413.93947623736886,13
2024-09-18 14:52:40.664,413.9354111969416,95
2024-09-18 14:52:40.697,413.90406864410727,1003
2024-09-18 14:52:40.913,413.8566784388223,103
2024-09-18 14:52:40.953,413.9281397073499,1002
2024-09-18 14:52:40.961,413.9091272722457,11
2024-09-18 14:52:40.967,413.8489047026072,13
2024-09-18 14:52:40.971,413.9360835621039,98
2024-09-18 14:52:41.526,413.97474877757503,10
2024-09-18 14:52:41.685,413.9571345499973,998
2024-09-18 14:52:41.908,413.9234073309864,9
2024-09-18 14:52:41.941,413.9302130644915,96
2024-09-18 14:52:41.983,413.9680355769143,96
2024-09-18 14:52:41.983,413.9687140035074,996
2024-09-18 14:52:42.081,413.91993063939714,13
2024-09-18 14:52:42.106,414.05162615456106,998
2024-09-18 14:52:42.132,413.9077830239495,99
2024-09-18 14:52:42.141,414.0474408886143,999
2024-09-18 14:52:42.194,413.9177729331148,9
2024-09-18 14:52:42.220,413.9297188961466,10
2024-09-18 14:52:42.292,413.96088719418753,102
2024-09-18 14:52:42.303,413.94025077121495,1001
2024-09-18 14:52:42.369,413.96932571430045,995
2024-09-18 14:52:42.376,413.9238402949584,1000
2024-09-18 14:52:42.479,413.9042774617636,1000
2024-09-18 14:52:42.508,,10
2024-09-18 14:52:42.554,413.9203807673578,102
2024-09-18 14:52:42.580,413.9499275856693,95
2024-09-18 14:52:42.586,413.9986142452348,99
2024-09-18 14:52:42.588,413.9699654139122,9
2024-09-18 14:52:42.592,413.9965940155941,104
2024-09-18 14:52:42.659,414.0089649672525,1005
2024-09-18 14:52:42.665,413.8990207704997,998
2024-09-18 14:52:42.681,414.0298065559931,15
2024-09-18 14:52:42.741,41.39962962690462,8
2024-09-18 14:52:42.743,413.922717747386,12
2024-09-18 14:52:42.855,413.92851284875707,1003
2024-09-18 14:52:42.898,413.9319294707983,7
2024-09-18 14:52:42.909,413.9315219903633,998
2024-09-18 14:52:42.917,414.0506283737999,8
2024-09-18 14:52:42.939,413.9765985285928,7
2024-09-18 14:52:42.947,413.98625741627205,1001
2024-09-18 14:52:42.987,413.9664074977441,6
2024-09-18 14:52:43.048,413.98061246076094,1000
2024-09-18 14:52:43.084,414.0261232283123,15
2024-09-18 14:52:43.111,413.9993933813637,996
2024-09-18 14:52:43.274,414.0042250874878,1002
2024-09-18 14:52:43.297,413.9973528036098,998
2024-09-18 14:52:43.329,413.9978696786436,5
2024-09-18 14:52:43.334,414.0590406838927,998
2024-09-18 14:52:43.336,414.0349106326324,8
2024-09-18 14:52:43.365,414.0280989505296,97
2024-09-18 14:52:43.379,,95
2024-09-18 14:52:43.399,413.995025355494,9
2024-09-18 14:52:43.414,413.960054922765,99
2024-09-18 14:52:43.558,413.9718934262551,995
2024-09-18 14:52:43.560,413.9605355001158,98
2024-09-18 14:52:43.615,413.9839175319016,15
2024-09-18 14:52:43.625,413.95395355802896,14
2024-09-18 14:52:43.637,414.0021513516627,13
2024-09-18 14:52:43.712,413.9638715102541,997
2024-09-18 14:52:43.726,414.0262869760143,5
2024-09-18 14:52:43.764,413.9716936759826,1001
2024-09-18 14:52:43.890,414.0475112285227,8
2024-09-18 14:52:43.907,414.02436858602834,102
2024-09-18 14:52:43.923,414.0558499656635,7
2024-09-18 14:52:43.959,413.9728855640645,96
2024-09-18 14:52:44.084,413.8600672719896,6
2024-09-18 14:52:44.093,413.9506632822146,1000
2024-09-18 14:52:44.102,413.8810274568374,102
2024-09-18 14:52:44.153,413.9138314291446,15
2024-09-18 14:52:44.164,414.0213679182296,8
2024-09-18 14:52:44.231,413.9565067188155,999
2024-09-18 14:52:44.238,413.9058350911425,5
2024-09-18 14:52:44.243,41.39199641264594,11
2024-09-18 14:52:44.337,413.92921151777216,103
2024-09-18 14:52:44.391,413.9686197667533,12
2024-09-18 14:52:44.402,413.9753499231732,1002
2024-09-18 14:52:44.418,413.9905162894182,97
2024-09-18 14:52:44.462,41.39302466054186,103
2024-09-18 14:52:44.512,413.9659753910743,103
2024-09-18 14:52:44.521,413.9559312735028,1005
2024-09-18 14:52:44.534,414.0134397081832,11
2024-09-18 14:52:44.690,413.95997912015264,995
2024-09-18 14:52:44.772,414.04066079252806,10
2024-09-18 14:52:44.790,413.9228856955929,5
2024-09-18 14:52:44.804,413.9125580686217,1004
2024-09-18 14:52:44.812,413.967485898702,997
2024-09-18 14:52:44.841,413.8843044880483,999
2024-09-18 14:52:44.849,413.9131876261855,105
2024-09-18 14:52:44.918,413.8993362152063,1001
2024-09-18 14:52:44.935,413.9102616390061,15
2024-09-18 14:52:44.942,413.8799203640116,96
2024-09-18 14:52:44.968,413.8661193102117,1002
2024-09-18 14:52:45.032,413.8702348464988,10
2024-09-18 14:52:45.068,413.872210494647,104
2024-09-18 14:52:45.166,413.8239853930418,14
2024-09-18 14:52:45.352,413.8185174286506,5
2024-09-18 14:52:45.475,413.8687791492464,7
2024-09-18 14:52:45.569,413.8699622590273,100
2024-09-18 14:52:45.611,413.8497316061474,1005
2024-09-18 14:52:45.732,413.8306082080727,998
2024-09-18 14:52:45.951,413.867246083695,14
2024-09-18 14:52:46.009,413.8430387505844,8
2024-09-18 14:52:46.257,413.81559269461945,95
2024-09-18 14:52:46.328,413.8312456983556,98
2024-09-18 14:52:46.607,413.8426734767872,1004
2024-09-18 14:52:46.695,413.81592935977153,9
2024-09-18 14:52:46.939,413.8489965603906,9
2024-09-18 14:52:47.041,413.8169924609124,1005
2024-09-18 14:52:47.057,413.8169280620641,5
2024-09-18 14:52:47.151,413.8393191861063,1002
2024-09-18 14:52:47.202,413.8347099831182,5
2024-09-18 14:52:47.317,413.8239194339849,103
2024-09-18 14:52:47.403,413.8457062417419,997
2024-09-18 14:52:47.441,413.8268021361031,15
2024-09-18 14:52:47.456,413.83656939131777,103
2024-09-18 14:52:47.474,413.8176678317647,99
2024-09-18 14:52:47.495,413.8402843337396,95
2024-09-18 14:52:47.524,413.85450609922697,1004
2024-09-18 14:52:47.542,413.8431766319576,1002
2024-09-18 14:52:47.578,413.84619383109936,100
2024-09-18 14:52:47.653,413.84403116466257,8
2024-09-18 14:52:47.726,413.8425979998945,13
2024-09-18 14:52:47.872,413.8091765864304,5
2024-09-18 14:52:47.891,413.8225995736572,98
2024-09-18 14:52:48.002,413.812766018377,96
2024-09-18 14:52:48.051,413.80144661321134,13
2024-09-18 14:52:48.062,413.7977399090025,1001
2024-09-18 14:52:48.091,413.79240146499205,97
2024-09-18 14:52:48.154,413.8087416265869,1003
2024-09-18 14:52:48.269,413.8277671173684,8
2024-09-18 14:52:48.397,413.8174166803508,13
2024-09-18 14:52:48.481,413.8054589611367,102
2024-09-18 14:52:48.490,413.7803050976793,999
2024-09-18 14:52:48.492,413.7788551598747,99
2024-09-18 14:52:48.513,413.8237860506824,1004
2024-09-18 14:52:48.516,413.8126942813269,1001
2024-09-18 14:52:48.573,413.81682487931295,1003
2024-09-18 14:52:48.578,407.3551016002492,12
2024-09-18 14:52:48.639,413.8325325482569,1001
2024-09-18 14:52:48.662,413.8347157814802,8
2024-09-18 14:52:48.774,413.7833622033035,11
2024-09-18 14:52:48.799,413.8176122627228,1002
2024-09-18 14:52:48.829,413.8254915787717,95
2024-09-18 14:52:48.991,413.8211866473484,997
2024-09-18 14:52:49.075,413.8182781463738,1002
2024-09-18 14:52:49.110,413.8311197427239,6
2024-09-18 14:52:49.115,413.8359334637146,6
2024-09-18 14:52:49.150,413.82794208741,97
2024-09-18 14:52:49.177,413.8600062871311,996
2024-09-18 14:52:49.223,413.856962541512,1001
2024-09-18 14:52:49.252,41.3856308302741,1000
2024-09-18 14:52:49.295,413.83310385664544,11
2024-09-18 14:52:49.332,413.8209067201399,1001
2024-09-18 14:52:49.351,413.81718765195313,9
2024-09-18 14:52:49.369,413.8695662136183,97
2024-09-18 14:52:49.483,413.81230689474194,14
2024-09-18 14:52:49.552,413.8389856142666,105
2024-09-18 14:52:49.577,413.8941651581865,6
2024-09-18 14:52:49.590,413.8818733943205,99
2024-09-18 14:52:49.678,413.823500429921,9
2024-09-18 14:52:49.697,413.86639078159743,1000
2024-09-18 14:52:49.699,413.8494621028052,1001
2024-09-18 14:52:49.709,413.84148215977655,996
2024-09-18 14:52:49.730,413.83129917950833,999
2024-09-18 14:52:49.785,413.8261131553351,105
2024-09-18 14:52:49.797,413.84026634485264,999
2024-09-18 14:52:49.806,413.8409983399071,6
2024-09-18 14:52:49.808,413.8855873628647,1003
2024-09-18 14:52:49.831,413.8655523793732,101
2024-09-18 14:52:49.889,413.8283352435908,99
2024-09-18 14:52:49.929,413.8142200319082,997
2024-09-18 14:52:50.040,413.9025987802523,996
2024-09-18 14:52:50.077,413.9379093361072,95
2024-09-18 14:52:50.110,413.8866403477515,103
2024-09-18 14:52:50.170,413.9384425499591,100
2024-09-18 14:52:50.221,413.9001429307648,997
2024-09-18 14:52:50.354,413.8714728442863,6
2024-09-18 14:52:50.453,413.89139969708,1001
2024-09-18 14:52:50.727,413.9072926818127,101
2024-09-18 14:52:50.730,413.88069139969525,102
2024-09-18 14:52:50.803,413.90446529585694,99
2024-09-18 14:52:50.897,413.8906804655805,12
2024-09-18 14:52:50.945,413.8906777888248,1001
2024-09-18 14:52:50.991,413.87816642432887,95
2024-09-18 14:52:51.011,413.9678954098103,5
2024-09-18 14:52:51.028,413.9875653953468,997
2024-09-18 14:52:51.230,413.9789587998284,1001
2024-09-18 14:52:51.304,413.99044061355664,1004
2024-09-18 14:52:51.476,413.9890975878426,996
2024-09-18 14:52:51.490,413.9654894571947,1003
2024-09-18 14:52:51.715,414.0056606782117,996
2024-09-18 14:52:51.733,413.9895683293382,998
2024-09-18 14:52:51.811,413.9693729151133,104
2024-09-18 14:52:51.876,413.99936263736265,9
2024-09-18 14:52:51.971,414.0177172961553,7
2024-09-18 14:52:52.302,413.9988569255021,105
2024-09-18 14:52:52.337,414.00127972754206,99
2024-09-18 14:52:52.544,414.0440336218492,104
2024-09-18 14:52:52.624,414.0081580506043,1005
2024-09-18 14:52:52.739,413.9879767551592,998
2024-09-18 14:52:52.805,413.9796420786633,10
2024-09-18 14:52:52.872,414.0241264921267,999
2024-09-18 14:52:53.074,414.09465784060666,1004
2024-09-18 14:52:53.093,414.0634975439796,97
2024-09-18 14:52:53.166,414.08763067007567,105
2024-09-18 14:52:53.199,414.0456463319001,1002
2024-09-18 14:52:53.290,414.0898104535849,1001
2024-09-18 14:52:53.292,414.0648492092009,12
2024-09-18 14:52:53.311,414.099857517146,9
2024-09-18 14:52:53.328,414.0928670635588,13
2024-09-18 14:52:53.417,414.0456548853092,11
2024-09-18 14:52:53.443,414.0571669476349,12
2024-09-18 14:52:53.468,414.050041724011,1005
2024-09-18 14:52:53.514,414.0995289723263,10
2024-09-18 14:52:53.537,414.0644318289524,100
2024-09-18 14:52:53.542,414.0511031404579,100
2024-09-18 14:52:53.610,414.10264064086886,1004
2024-09-18 14:52:53.649,414.110598773594,96
2024-09-18 14:52:53.652,414.09662340089847,1005
2024-09-18 14:52:53.733,414.05317298714624,1004
2024-09-18 14:52:53.788,414.0600521042891,1000
2024-09-18 14:52:53.846,414.061692573882,100
2024-09-18 14:52:53.909,414.0675484663402,15
2024-09-18 14:52:53.911,414.0529404805349,103
2024-09-18 14:52:53.941,414.0919245628596,1003
2024-09-18 14:52:53.980,414.0619624867308,10
2024-09-18 14:52:54.121,414.10476435220994,1002
2024-09-18 14:52:54.442,414.0904253591852,9
2024-09-18 14:52:54.486,414.0889663734458,6
2024-09-18 14:52:54.874,414.1004112792794,1004
2024-09-18 14:52:54.911,414.0825316865513,12
2024-09-18 14:52:55.286,414.1026025179905,1001
2024-09-18 14:52:55.346,414.1121887004433,9
2024-09-18 14:52:55.644,414.0835678881945,14
2024-09-18 14:52:55.654,414.1138984384556,997
2024-09-18 14:52:57.067,414.1045670611103,104
2024-09-18 14:52:57.112,414.1097974138693,997
2024-09-18 14:52:57.332,414.0999244401433,1000
2024-09-18 14:52:57.511,414.1041658637503,97
2024-09-18 14:52:57.512,41.40924353810295,11
2024-09-18 14:52:57.519,41.41089070493618,97
2024-09-18 14:52:57.544,414.0998963089418,101
2024-09-18 14:52:57.626,414.0938686314627,1003
2024-09-18 14:52:57.640,414.1060509769341,101
2024-09-18 14:52:57.791,414.1047582366333,103
2024-09-18 14:52:57.942,414.1083654569019,1005
2024-09-18 14:52:57.948,414.1028915498583,13
2024-09-18 14:52:57.988,414.1015774323952,99
2024-09-18 14:52:57.990,414.1066018863441,97
2024-09-18 14:52:58.054,414.0512183420053,1003
2024-09-18 14:52:58.094,414.07610858643113,97
2024-09-18 14:52:58.136,414.0693685924911,102
2024-09-18 14:52:58.231,414.05124801089113,5
2024-09-18 14:52:58.248,414.0422610271086,999
2024-09-18 14:52:58.438,414.0292360480149,11
2024-09-18 14:52:58.633,414.03828166174986,105
2024-09-18 14:52:58.879,414.0305290002604,7
2024-09-18 14:52:59.058,414.0335678568919,1000
2024-09-18 14:52:59.195,414.0403400099895,99
2024-09-18 14:52:59.197,407.3255914581951,102
2024-09-18 14:52:59.302,414.0565337378746,13
2024-09-18 14:52:59.444,414.03587403600784,1000
2024-09-18 14:52:59.447,414.0273252790864,12
2024-09-18 14:52:59.464,414.0347296659929,9
2024-09-18 14:52:59.491,414.037753260114,95
2024-09-18 14:52:59.508,414.0260564606365,98
2024-09-18 14:52:59.703,414.0201118668383,9
2024-09-18 14:52:59.821,414.0417433668924,10
2024-09-18 14:52:59.929,414.0241594693864,105
