Timestamp,Price,Size
2024-09-19 10:52:00.025,419.2525717338003,5
2024-09-19 10:52:00.198,419.21483711986434,102
2024-09-19 10:52:00.239,419.1743998263129,95
2024-09-19 10:52:00.289,419.2309607474781,995
2024-09-19 10:52:00.315,419.2238520334228,105
2024-09-19 10:52:00.335,419.2113056113324,100
2024-09-19 10:52:00.380,419.171452610724,998
2024-09-19 10:52:00.382,419.2239292481632,104
2024-09-19 10:52:00.384,419.2345945715642,15
2024-09-19 10:52:00.453,419.18848385944017,1001
2024-09-19 10:52:00.511,419.2336937456431,9
2024-09-19 10:52:00.534,419.2541513571867,7
2024-09-19 10:52:00.587,419.213580800567,101
2024-09-19 10:52:00.618,419.2152537970245,996
2024-09-19 10:52:00.636,419.2361283333401,11
2024-09-19 10:52:00.675,419.20934827312817,1000
2024-09-19 10:52:00.742,419.1964240316286,11
2024-09-19 10:52:00.796,419.2351933219196,103
2024-09-19 10:52:00.803,419.2018865219139,6
2024-09-19 10:52:00.821,419.2258412815943,96
2024-09-19 10:52:00.831,419.2108664792658,99
2024-09-19 10:52:00.843,419.2150402436365,1003
2024-09-19 10:52:00.927,419.1960747439,103
2024-09-19 10:52:00.989,419.2276246569083,7
2024-09-19 10:52:01.110,419.2375853149618,999
2024-09-19 10:52:01.224,419.2484306439217,6
2024-09-19 10:52:01.496,419.2426769632536,104
2024-09-19 10:52:01.644,419.2094189838766,996
2024-09-19 10:52:01.791,419.23079639605663,995
2024-09-19 10:52:01.965,419.2493955730972,8
2024-09-19 10:52:02.211,419.2473647059511,7
2024-09-19 10:52:02.313,419.22714690264775,15
2024-09-19 10:52:02.359,419.2390869148448,996
2024-09-19 10:52:02.872,419.2541300348933,14
2024-09-19 10:52:02.877,419.25455866759023,11
2024-09-19 10:52:02.886,419.2451847744237,103
2024-09-19 10:52:03.052,419.20413182217055,101
2024-09-19 10:52:03.143,419.1880630039124,999
2024-09-19 10:52:03.148,419.2062608725493,9
2024-09-19 10:52:03.414,419.159088754864,96
2024-09-19 10:52:03.520,419.18612663750446,8
2024-09-19 10:52:03.528,419.2042650101744,103
2024-09-19 10:52:03.802,419.2155621245293,7
2024-09-19 10:52:03.822,419.2421408028496,5
2024-09-19 10:52:03.864,419.231565524677,12
2024-09-19 10:52:03.891,419.2371251884439,13
2024-09-19 10:52:03.991,419.22754736639865,999
2024-09-19 10:52:04.058,419.0737781986336,11
2024-09-19 10:52:04.082,419.1293825827246,96
2024-09-19 10:52:04.171,419.0718803845233,97
2024-09-19 10:52:04.187,419.0936013288253,100
2024-09-19 10:52:04.338,419.07327482514063,997
2024-09-19 10:52:04.408,419.1242821871221,1005
2024-09-19 10:52:04.487,419.09392940662417,1005
2024-09-19 10:52:04.523,419.1189223524939,1002
2024-09-19 10:52:04.648,419.09080201608737,101
2024-09-19 10:52:04.661,419.08586176546527,105
2024-09-19 10:52:04.700,419.07956513464273,101
2024-09-19 10:52:04.733,419.0625025935153,12
2024-09-19 10:52:04.748,419.0637432846482,6
2024-09-19 10:52:04.753,419.13671024561415,999
2024-09-19 10:52:04.782,419.07248710159206,1003
2024-09-19 10:52:04.855,419.1522674210575,1005
2024-09-19 10:52:04.859,419.0864658865301,13
2024-09-19 10:52:04.863,419.04887672592713,102
2024-09-19 10:52:04.878,419.1182669059966,8
2024-09-19 10:52:04.889,419.0526084171405,998
2024-09-19 10:52:04.903,419.0960555905627,104
2024-09-19 10:52:04.905,419.0619224611706,999
2024-09-19 10:52:04.960,419.0622204656061,996
2024-09-19 10:52:04.998,419.1234319978066,7
2024-09-19 10:52:04.999,419.1197979149639,101
2024-09-19 10:52:05.456,419.0700381856582,100
2024-09-19 10:52:05.458,419.07652797133335,102
2024-09-19 10:52:05.569,-419.05666125459584,995
2024-09-19 10:52:06.019,419.0713456369485,995
2024-09-19 10:52:06.109,419.09145928267486,1005
2024-09-19 10:52:06.130,419.089791133117,11
2024-09-19 10:52:06.188,419.0877860596954,997
2024-09-19 10:52:06.199,419.0464480905371,1002
2024-09-19 10:52:06.254,419.0511551355742,105
2024-09-19 10:52:06.475,419.0761314460465,104
2024-09-19 10:52:06.506,41.90681561587877,997
2024-09-19 10:52:06.514,419.0482145080732,8
2024-09-19 10:52:06.515,419.0908282283399,1002
2024-09-19 10:52:06.557,419.0721350216144,13
2024-09-19 10:52:06.600,41.90630930189798,996
2024-09-19 10:52:06.607,419.09003729691307,1002
2024-09-19 10:52:06.712,419.08960448585526,14
2024-09-19 10:52:06.746,419.0699902591769,96
2024-09-19 10:52:06.760,419.0599082152319,9
2024-09-19 10:52:06.826,419.0519055710981,105
2024-09-19 10:52:06.871,419.076364584883,98
2024-09-19 10:52:06.900,419.07183108769885,104
2024-09-19 10:52:07.200,418.99006055842256,101
2024-09-19 10:52:07.270,-419.016756719913,8
2024-09-19 10:52:07.331,419.0304847856433,5
2024-09-19 10:52:07.415,419.02610170654384,13
2024-09-19 10:52:07.475,418.98824602842575,102
2024-09-19 10:52:07.594,419.0195549771892,1003
2024-09-19 10:52:07.705,419.0285214674323,96
2024-09-19 10:52:07.729,419.0162509697519,98
2024-09-19 10:52:07.735,419.04521532854665,1000
2024-09-19 10:52:07.742,419.0327456771035,10
2024-09-19 10:52:07.867,419.0208889713676,5
2024-09-19 10:52:07.982,419.0218615884232,1002
2024-09-19 10:52:08.168,418.9942823358523,11
2024-09-19 10:52:08.401,419.0040433376778,5
2024-09-19 10:52:09.001,419.0648696185461,5
2024-09-19 10:52:09.101,419.0544990555305,103
2024-09-19 10:52:09.134,418.9959104187493,101
2024-09-19 10:52:09.140,419.0495000042801,101
2024-09-19 10:52:09.227,419.0365314467921,13
2024-09-19 10:52:09.245,419.0488531339224,1000
2024-09-19 10:52:09.260,419.0288189540205,97
2024-09-19 10:52:09.272,419.0415523992554,999
2024-09-19 10:52:09.347,419.040502836066,6
2024-09-19 10:52:09.428,419.00326005228897,97
2024-09-19 10:52:09.500,419.0469429829294,997
2024-09-19 10:52:09.579,419.0306787654041,11
2024-09-19 10:52:09.595,419.00367197211466,1004
2024-09-19 10:52:09.746,419.0210644914633,13
2024-09-19 10:52:09.751,419.0368684238401,11
2024-09-19 10:52:09.818,41.90164471865605,10
2024-09-19 10:52:09.829,419.0059240462077,102
2024-09-19 10:52:09.910,418.9958144622268,997
2024-09-19 10:52:09.933,419.0338541053662,1005
2024-09-19 10:52:10.127,419.08874818588464,998
2024-09-19 10:52:10.179,,95
2024-09-19 10:52:10.270,419.1441926576453,1000
2024-09-19 10:52:10.640,419.0691983989761,5
2024-09-19 10:52:10.773,419.1370293484741,998
2024-09-19 10:52:10.804,419.1294493035581,1000
2024-09-19 10:52:10.821,419.09119765306906,105
2024-09-19 10:52:10.961,419.081288219792,1005
2024-09-19 10:52:11.022,419.058873137628,1001
2024-09-19 10:52:11.108,419.049613821932,7
2024-09-19 10:52:11.133,419.1288991345351,10
2024-09-19 10:52:11.190,419.1280306653903,95
2024-09-19 10:52:11.225,419.1416238453545,102
2024-09-19 10:52:11.263,419.0602694702151,105
2024-09-19 10:52:11.322,419.0748015474828,998
2024-09-19 10:52:11.464,419.0807266254999,100
2024-09-19 10:52:11.476,419.0563589321313,14
2024-09-19 10:52:11.516,419.1242560842441,8
2024-09-19 10:52:11.545,419.14711759009975,1001
2024-09-19 10:52:11.618,419.0848870764584,10
2024-09-19 10:52:11.627,419.1378648804074,102
2024-09-19 10:52:11.682,419.0556191549981,1004
2024-09-19 10:52:11.786,419.0970359351087,10
2024-09-19 10:52:11.791,419.04671927539647,1003
2024-09-19 10:52:11.829,419.0617471191185,999
2024-09-19 10:52:11.835,419.058961249496,15
2024-09-19 10:52:11.911,419.1272534048331,99
2024-09-19 10:52:11.941,419.07079426338026,101
2024-09-19 10:52:12.001,419.05420624647536,995
2024-09-19 10:52:12.022,419.0211663088309,100
2024-09-19 10:52:12.027,419.05942508327496,100
2024-09-19 10:52:12.088,419.0418781695342,8
2024-09-19 10:52:12.118,419.0246433113114,101
2024-09-19 10:52:12.149,419.0443446528511,999
2024-09-19 10:52:12.151,419.02867397368937,12
2024-09-19 10:52:12.195,419.0038512500348,100
2024-09-19 10:52:12.212,419.02954381315686,8
2024-09-19 10:52:12.299,418.9986892326159,99
2024-09-19 10:52:12.353,419.0350890412562,7
2024-09-19 10:52:12.376,419.0231095959024,100
2024-09-19 10:52:12.380,419.01055895984,15
2024-09-19 10:52:12.404,419.0114718216867,6
2024-09-19 10:52:12.414,419.0255898915642,10
2024-09-19 10:52:12.457,419.02324570645567,99
2024-09-19 10:52:12.467,419.0451708397052,8
2024-09-19 10:52:12.552,419.0538512019937,10
2024-09-19 10:52:12.584,419.0406070254201,6
2024-09-19 10:52:12.619,419.0136103607281,15
2024-09-19 10:52:12.691,419.0457338231721,5
2024-09-19 10:52:12.695,419.016365773333,998
2024-09-19 10:52:12.726,419.02697569602816,1001
2024-09-19 10:52:12.749,419.03005051623023,7
2024-09-19 10:52:12.800,419.0111109637918,998
2024-09-19 10:52:12.838,419.00853389708,103
2024-09-19 10:52:12.878,419.0622251452788,98
2024-09-19 10:52:12.930,419.0580758464107,13
2024-09-19 10:52:12.960,419.0118139961913,995
2024-09-19 10:52:13.066,419.0237254761152,105
2024-09-19 10:52:13.072,419.0652373299508,104
2024-09-19 10:52:13.100,419.0313075408809,104
2024-09-19 10:52:13.111,-418.99038019139607,1000
2024-09-19 10:52:13.129,-419.0595957974709,97
2024-09-19 10:52:13.175,419.0288147451112,998
2024-09-19 10:52:13.203,419.0543040133282,98
2024-09-19 10:52:13.203,419.04246651853526,9
2024-09-19 10:52:13.208,419.0459169841179,7
2024-09-19 10:52:13.283,419.0437758940463,1000
2024-09-19 10:52:13.457,419.00960685041855,7
2024-09-19 10:52:13.458,-419.01752980907554,997
2024-09-19 10:52:13.514,419.0561771979356,995
2024-09-19 10:52:13.532,418.99700120036863,11
2024-09-19 10:52:13.539,419.0105061533784,101
2024-09-19 10:52:13.579,418.9983305259883,998
2024-09-19 10:52:13.727,418.9946551210461,104
2024-09-19 10:52:13.759,419.0104242832866,5
2024-09-19 10:52:13.844,418.98569150908014,1001
2024-09-19 10:52:13.852,419.0287894356592,96
2024-09-19 10:52:13.925,418.9856120269435,1002
2024-09-19 10:52:14.015,419.04556801845047,99
2024-09-19 10:52:14.076,419.0602881799007,1005
2024-09-19 10:52:14.109,419.0317573041724,6
2024-09-19 10:52:14.221,419.100807624044,999
2024-09-19 10:52:14.280,419.0304803689186,8
2024-09-19 10:52:14.286,,96
2024-09-19 10:52:14.300,419.0637901543096,97
2024-09-19 10:52:14.322,419.05605745807327,103
2024-09-19 10:52:14.390,419.03155566157966,96
2024-09-19 10:52:14.394,419.0523057295252,101
2024-09-19 10:52:14.421,419.0819098351169,95
2024-09-19 10:52:14.467,419.08052309475033,103
2024-09-19 10:52:14.621,419.059813555276,8
2024-09-19 10:52:14.640,419.01255978457726,7
2024-09-19 10:52:14.688,419.0460744869737,99
2024-09-19 10:52:14.703,419.0557291983847,100
2024-09-19 10:52:14.852,419.034310068362,13
2024-09-19 10:52:14.924,419.0644621969855,7
2024-09-19 10:52:15.010,419.0652294221038,12
2024-09-19 10:52:15.144,419.0588519756528,97
2024-09-19 10:52:15.155,419.0942788524536,104
2024-09-19 10:52:15.194,419.0985674909021,104
2024-09-19 10:52:15.327,419.1004463036679,97
2024-09-19 10:52:15.419,419.07523817794936,13
2024-09-19 10:52:15.436,419.09778241254014,15
2024-09-19 10:52:15.531,419.0629173621962,998
2024-09-19 10:52:15.701,419.0807292117472,96
2024-09-19 10:52:15.806,419.07401887898,11
2024-09-19 10:52:15.909,419.0853560240544,98
2024-09-19 10:52:17.048,419.0739098237836,1000
2024-09-19 10:52:17.066,419.0755720532334,996
2024-09-19 10:52:17.134,419.04158776733607,99
2024-09-19 10:52:17.201,419.0697650050655,9
2024-09-19 10:52:17.213,419.0510188235754,101
2024-09-19 10:52:17.235,419.0409189391763,99
2024-09-19 10:52:17.240,41.90143210953066,6
2024-09-19 10:52:17.280,419.0244338679226,1002
2024-09-19 10:52:17.290,419.080838456728,14
2024-09-19 10:52:17.297,419.0525650178079,9
2024-09-19 10:52:17.310,419.0465055490847,97
2024-09-19 10:52:17.325,419.0357254513752,99
2024-09-19 10:52:17.419,419.0764453057077,98
2024-09-19 10:52:17.422,419.0439412282397,8
2024-09-19 10:52:17.464,419.0596514965031,997
2024-09-19 10:52:17.487,419.0326111706089,1001
2024-09-19 10:52:17.542,419.0361445282106,11
2024-09-19 10:52:17.571,419.03435649532094,15
2024-09-19 10:52:17.669,419.0435504604667,1003
2024-09-19 10:52:17.711,419.0490413600307,102
2024-09-19 10:52:17.766,419.0813165762611,6
2024-09-19 10:52:17.857,419.06148684664447,105
2024-09-19 10:52:17.865,419.0715419400729,102
2024-09-19 10:52:17.878,419.0505380163976,104
2024-09-19 10:52:17.895,419.0752499057814,9
2024-09-19 10:52:17.937,419.0629044588797,1003
2024-09-19 10:52:17.946,419.0432707551169,998
2024-09-19 10:52:17.983,419.0365952635886,105
2024-09-19 10:52:18.097,419.0250467828407,6
2024-09-19 10:52:18.102,418.99984087900566,11
2024-09-19 10:52:18.164,419.00602990598486,95
2024-09-19 10:52:18.183,,995
2024-09-19 10:52:18.304,419.0259652394055,100
2024-09-19 10:52:18.312,419.0385129691256,1002
2024-09-19 10:52:18.464,419.0285103626469,998
2024-09-19 10:52:18.474,419.0371369802221,14
2024-09-19 10:52:18.485,419.0081842898969,999
2024-09-19 10:52:18.501,419.0392777688727,1002
2024-09-19 10:52:18.509,419.0187767046173,15
2024-09-19 10:52:18.588,419.0202880083762,996
2024-09-19 10:52:18.592,419.03948446419855,98
2024-09-19 10:52:18.650,41.90284026829164,102
2024-09-19 10:52:18.748,419.0218202131414,11
2024-09-19 10:52:18.765,419.0216866067286,100
2024-09-19 10:52:18.820,419.02620103311466,98
2024-09-19 10:52:18.850,419.0158381468714,11
2024-09-19 10:52:18.858,419.0440583615992,998
2024-09-19 10:52:18.868,419.0191491510126,10
2024-09-19 10:52:19.034,419.0786619796656,5
2024-09-19 10:52:19.058,419.023835338219,1001
2024-09-19 10:52:19.074,419.0827255129706,100
2024-09-19 10:52:19.080,419.0333509666857,14
2024-09-19 10:52:19.090,419.02617877705774,999
2024-09-19 10:52:19.092,419.0826146235252,998
2024-09-19 10:52:19.122,419.0242047114445,1002
2024-09-19 10:52:19.135,419.0471448768959,1002
2024-09-19 10:52:19.153,419.0868622049687,103
2024-09-19 10:52:19.158,419.1231036078567,99
2024-09-19 10:52:19.164,419.0174757591647,9
2024-09-19 10:52:19.176,419.0213922388598,1003
2024-09-19 10:52:19.177,419.0205920865612,1001
2024-09-19 10:52:19.209,419.02075611793583,1003
2024-09-19 10:52:19.304,419.0527540375821,105
2024-09-19 10:52:19.360,419.0491950898651,998
2024-09-19 10:52:19.394,419.1032929391829,1000
2024-09-19 10:52:19.474,419.0841140048797,999
2024-09-19 10:52:19.494,419.0669306309351,100
2024-09-19 10:52:19.543,419.04357483450553,95
2024-09-19 10:52:19.553,419.0235060179176,998
2024-09-19 10:52:19.570,419.0394552482484,105
2024-09-19 10:52:19.718,419.07544361469394,97
2024-09-19 10:52:19.831,419.0968887725784,12
2024-09-19 10:52:19.867,419.0155911864368,1005
2024-09-19 10:52:19.884,419.0259810292816,998
2024-09-19 10:52:19.925,419.0458745493301,1000
2024-09-19 10:52:19.953,419.0348803972475,6
2024-09-19 10:52:20.086,419.1525035471837,12
2024-09-19 10:52:20.135,419.1504404168237,105
2024-09-19 10:52:20.159,419.1388726708174,15
2024-09-19 10:52:20.171,419.150255794573,14
2024-09-19 10:52:20.287,419.1448635542343,103
2024-09-19 10:52:20.336,419.1618702848078,7
2024-09-19 10:52:20.352,419.1647692465822,15
2024-09-19 10:52:20.362,419.1591096095451,11
2024-09-19 10:52:20.387,419.1648009729824,8
2024-09-19 10:52:20.407,419.1508475910204,95
2024-09-19 10:52:20.485,419.13699789690526,6
2024-09-19 10:52:20.549,419.1489694313668,100
2024-09-19 10:52:20.566,419.1675119434168,1001
2024-09-19 10:52:20.566,419.1628270102136,995
2024-09-19 10:52:20.641,419.1769198447325,997
2024-09-19 10:52:20.700,419.1486003871065,999
2024-09-19 10:52:20.717,419.168332831777,99
2024-09-19 10:52:20.740,-419.1276541404679,995
2024-09-19 10:52:20.770,419.15620249195183,13
2024-09-19 10:52:20.940,419.1610647786053,999
2024-09-19 10:52:20.963,419.126718743225,11
2024-09-19 10:52:20.985,419.1383515081237,996
2024-09-19 10:52:21.407,419.18624266570896,95
2024-09-19 10:52:21.647,419.1648337656553,103
2024-09-19 10:52:21.701,419.1761895353232,1004
2024-09-19 10:52:21.809,419.15104889933866,1002
2024-09-19 10:52:21.985,419.1663738561215,104
2024-09-19 10:52:22.064,419.1434935308732,1002
2024-09-19 10:52:22.074,419.15487744335024,14
2024-09-19 10:52:22.087,419.202250627332,105
2024-09-19 10:52:22.160,419.16788597204186,95
2024-09-19 10:52:22.178,419.1899044624292,99
2024-09-19 10:52:22.208,419.15906264875474,99
2024-09-19 10:52:22.405,419.15430414205787,14
2024-09-19 10:52:22.407,419.2404563678709,1004
2024-09-19 10:52:22.436,419.145492170404,7
2024-09-19 10:52:22.499,419.2343359708331,10
2024-09-19 10:52:22.513,419.20186661569727,1003
2024-09-19 10:52:22.534,419.152559100518,10
2024-09-19 10:52:22.592,419.1742382744692,97
2024-09-19 10:52:22.611,419.2275868689298,1003
2024-09-19 10:52:22.685,419.2045524961436,103
2024-09-19 10:52:22.802,-419.20419649122977,102
2024-09-19 10:52:22.831,419.17086237151386,10
2024-09-19 10:52:22.860,419.2161350975488,10
2024-09-19 10:52:22.989,419.1546803757077,15
2024-09-19 10:52:23.068,419.35375441671647,104
2024-09-19 10:52:23.086,419.34177598153286,999
2024-09-19 10:52:23.153,419.3395247049359,102
2024-09-19 10:52:23.157,419.2800653139772,999
2024-09-19 10:52:23.183,419.2749800125941,998
2024-09-19 10:52:23.187,419.3237017781048,15
2024-09-19 10:52:23.195,419.30173843408136,11
2024-09-19 10:52:23.196,419.3317447759104,995
2024-09-19 10:52:23.203,419.3196958454655,15
2024-09-19 10:52:23.221,419.3326862248358,101
2024-09-19 10:52:23.260,419.27508453177774,1005
2024-09-19 10:52:23.288,419.2738294603849,97
2024-09-19 10:52:23.416,419.34914128426,5
2024-09-19 10:52:23.519,419.2555955946784,1005
2024-09-19 10:52:23.565,419.2967017670064,1000
2024-09-19 10:52:23.585,,7
2024-09-19 10:52:23.631,419.26470869603935,998
2024-09-19 10:52:23.658,419.28601186862926,103
2024-09-19 10:52:23.704,419.34948794460416,12
2024-09-19 10:52:23.721,419.3305474125372,95
2024-09-19 10:52:23.729,419.2835930855338,5
2024-09-19 10:52:23.785,419.3160588764584,97
2024-09-19 10:52:23.841,419.2838632232352,105
2024-09-19 10:52:23.842,419.3450678420509,10
2024-09-19 10:52:23.978,,14
2024-09-19 10:52:24.012,419.3467446162688,12
2024-09-19 10:52:24.038,419.31619892119295,1003
2024-09-19 10:52:24.070,419.3227278302692,99
2024-09-19 10:52:24.090,419.3386016854824,101
2024-09-19 10:52:24.097,419.3330888563879,1005
2024-09-19 10:52:24.106,-419.3280649553234,1001
2024-09-19 10:52:24.152,419.336734187516,6
2024-09-19 10:52:24.212,419.3618313272949,6
2024-09-19 10:52:24.250,419.332317623619,10
2024-09-19 10:52:24.356,419.34194969748495,1000
2024-09-19 10:52:24.395,419.3359916353699,97
2024-09-19 10:52:24.402,419.3199682282484,997
2024-09-19 10:52:24.406,419.3686109282569,99
2024-09-19 10:52:24.432,419.3455373965631,102
2024-09-19 10:52:24.445,419.3223344133632,1002
2024-09-19 10:52:24.516,419.3303194017178,97
2024-09-19 10:52:24.582,419.3221380502323,1000
2024-09-19 10:52:24.590,419.34592000695903,96
2024-09-19 10:52:24.646,419.3228464857616,101
2024-09-19 10:52:24.665,419.35018871952695,97
2024-09-19 10:52:24.670,419.3225647029994,5
2024-09-19 10:52:24.717,419.3445483770104,1004
2024-09-19 10:52:24.761,419.31569486385786,1004
2024-09-19 10:52:24.943,419.3533214199942,12
2024-09-19 10:52:24.982,419.3307459705634,1004
2024-09-19 10:52:24.993,419.31989936181793,998
2024-09-19 10:52:24.994,419.3552071412035,995
2024-09-19 10:52:24.995,419.3519369935917,100
2024-09-19 10:52:25.034,419.3437796421953,995
2024-09-19 10:52:25.035,419.3710252902183,10
2024-09-19 10:52:25.054,419.3654063106608,1002
2024-09-19 10:52:25.132,419.3697738316571,101
2024-09-19 10:52:25.176,419.3729460498907,996
2024-09-19 10:52:25.191,419.363791987051,1004
2024-09-19 10:52:25.221,41.93276259919259,101
2024-09-19 10:52:25.224,419.35762092184575,102
2024-09-19 10:52:25.350,419.3699619490649,105
2024-09-19 10:52:25.366,419.3304950682363,14
2024-09-19 10:52:25.414,419.3709199787048,98
2024-09-19 10:52:25.425,419.3906226704123,10
2024-09-19 10:52:25.429,419.3685459128207,1005
2024-09-19 10:52:25.468,419.3877558072005,996
2024-09-19 10:52:25.486,419.3857878513036,998
2024-09-19 10:52:25.493,419.3691462746949,103
2024-09-19 10:52:25.601,419.36285711701606,96
2024-09-19 10:52:25.610,419.3477310235011,998
2024-09-19 10:52:25.630,419.3631875298585,101
2024-09-19 10:52:25.851,419.3675447275604,995
2024-09-19 10:52:25.877,419.3694906382403,99
2024-09-19 10:52:25.938,419.3682278571182,997
2024-09-19 10:52:26.042,419.4008606331034,101
2024-09-19 10:52:26.106,419.4126120877567,1004
2024-09-19 10:52:26.129,419.460104883535,995
2024-09-19 10:52:26.138,419.44332438874727,6
2024-09-19 10:52:26.151,419.4648266486423,14
2024-09-19 10:52:26.301,-419.4413267457804,999
2024-09-19 10:52:26.318,419.3949640398464,11
2024-09-19 10:52:26.360,419.4085338558008,100
2024-09-19 10:52:26.395,419.4114747489244,98
2024-09-19 10:52:26.419,419.436627409218,103
2024-09-19 10:52:26.466,419.4146560463445,1000
2024-09-19 10:52:26.466,419.4517006453461,1004
2024-09-19 10:52:26.482,419.4479190757958,15
2024-09-19 10:52:26.578,419.45330294712335,98
2024-09-19 10:52:26.580,419.4477096524353,999
2024-09-19 10:52:26.630,419.3925145916067,1004
2024-09-19 10:52:26.637,419.401467689751,8
2024-09-19 10:52:26.692,419.39867657305257,8
2024-09-19 10:52:26.693,419.44271711861927,995
2024-09-19 10:52:26.732,419.46091927070273,97
2024-09-19 10:52:26.794,419.39152544122624,995
2024-09-19 10:52:26.811,419.42364312563,997
2024-09-19 10:52:26.855,419.404990620288,995
2024-09-19 10:52:26.890,419.39554232609976,105
2024-09-19 10:52:26.918,419.3825389981898,14
2024-09-19 10:52:26.930,419.41534130038536,999
2024-09-19 10:52:26.952,419.4158214826312,98
2024-09-19 10:52:27.025,419.3761549623144,104
2024-09-19 10:52:27.074,419.35732468159534,998
2024-09-19 10:52:27.134,419.3666876675052,6
2024-09-19 10:52:27.183,419.3993140580762,104
2024-09-19 10:52:27.208,419.3698417694769,1000
2024-09-19 10:52:27.210,419.3725979300725,6
2024-09-19 10:52:27.309,419.3778072134221,999
2024-09-19 10:52:27.354,419.3444898857338,998
2024-09-19 10:52:27.382,419.3573084199989,6
2024-09-19 10:52:27.382,419.362158331355,1000
2024-09-19 10:52:27.486,419.4039136033188,104
2024-09-19 10:52:27.504,419.4025037490821,96
2024-09-19 10:52:27.512,419.37958227860526,998
2024-09-19 10:52:27.518,419.3798788670857,10
2024-09-19 10:52:27.590,419.3855526043479,995
2024-09-19 10:52:27.635,419.3566699242895,97
2024-09-19 10:52:27.703,419.36620549803007,1000
2024-09-19 10:52:27.717,419.3639635614453,13
2024-09-19 10:52:27.766,419.3466569272633,97
2024-09-19 10:52:27.780,419.4115328637792,1005
2024-09-19 10:52:27.840,419.3617175391584,10
2024-09-19 10:52:27.847,419.4205884290385,6
2024-09-19 10:52:27.876,419.3691137391216,101
2024-09-19 10:52:27.884,419.35196121734674,997
2024-09-19 10:52:27.899,419.3998948605612,5
2024-09-19 10:52:27.901,419.3854673099687,13
2024-09-19 10:52:27.990,419.3838994697602,99
2024-09-19 10:52:27.995,419.3417898361858,13
2024-09-19 10:52:27.999,419.3501896296979,1002
2024-09-19 10:52:28.021,419.3275499040502,1005
2024-09-19 10:52:28.117,419.351968542685,1003
2024-09-19 10:52:28.216,419.3308814549225,8
2024-09-19 10:52:28.384,419.3357764524975,8
2024-09-19 10:52:28.672,419.3346059942982,98
2024-09-19 10:52:28.677,419.3421970292127,97
2024-09-19 10:52:28.882,419.355102553278,102
2024-09-19 10:52:29.052,419.3347926516508,8
2024-09-19 10:52:29.090,419.3266769846935,9
2024-09-19 10:52:29.106,419.3315709099769,15
2024-09-19 10:52:29.113,419.3349376095047,95
2024-09-19 10:52:29.154,419.3717306642692,101
2024-09-19 10:52:29.167,419.3632873145546,99
2024-09-19 10:52:29.328,419.3734938049581,8
2024-09-19 10:52:29.504,419.3341267305013,95
2024-09-19 10:52:29.533,419.333641951678,8
2024-09-19 10:52:29.560,419.3674780636604,998
2024-09-19 10:52:29.579,419.34621648954544,10
2024-09-19 10:52:29.581,419.3466492259244,8
2024-09-19 10:52:29.634,419.33946975717134,995
2024-09-19 10:52:29.693,419.3313414620002,95
2024-09-19 10:52:29.763,419.3370239021663,104
2024-09-19 10:52:29.855,419.3479320309021,11
2024-09-19 10:52:30.004,419.4542017485336,999
2024-09-19 10:52:30.039,419.3992087796415,13
2024-09-19 10:52:30.122,419.4065529980372,1004
2024-09-19 10:52:30.192,419.4504277997409,996
2024-09-19 10:52:30.219,419.4596881249378,96
2024-09-19 10:52:30.301,419.40509695560746,96
2024-09-19 10:52:30.303,419.4380335363457,100
2024-09-19 10:52:30.330,419.4271697134261,7
2024-09-19 10:52:30.338,419.4461532646898,5
2024-09-19 10:52:30.370,419.3889022323831,1002
2024-09-19 10:52:30.396,419.45410892746105,5
2024-09-19 10:52:30.403,419.410374961565,96
2024-09-19 10:52:30.440,419.4202643596208,98
2024-09-19 10:52:30.450,419.3871162325931,1000
2024-09-19 10:52:30.549,419.4462824239994,999
2024-09-19 10:52:30.550,419.4139175198,96
2024-09-19 10:52:30.635,419.4622997472465,99
2024-09-19 10:52:30.642,419.4527239122498,1000
2024-09-19 10:52:30.659,419.3848444085037,100
2024-09-19 10:52:30.704,419.4089823451172,11
2024-09-19 10:52:30.712,419.45146569178974,104
2024-09-19 10:52:30.746,419.3929988836717,995
2024-09-19 10:52:30.754,419.3996910329033,1004
2024-09-19 10:52:30.806,419.4121179537961,105
2024-09-19 10:52:30.829,419.41043026469407,98
2024-09-19 10:52:30.839,419.405096316384,95
2024-09-19 10:52:30.841,419.4190354184964,1002
2024-09-19 10:52:30.906,,8
2024-09-19 10:52:30.912,419.4086311459101,103
2024-09-19 10:52:30.964,419.40597141893664,102
2024-09-19 10:52:31.048,419.4594100278555,12
2024-09-19 10:52:31.092,419.48675887095175,99
2024-09-19 10:52:31.112,419.4793701694712,995
2024-09-19 10:52:31.165,419.46532508885656,1003
2024-09-19 10:52:31.166,419.4956229841448,103
2024-09-19 10:52:31.234,419.418762176152,1001
2024-09-19 10:52:31.325,419.4220608487352,1002
2024-09-19 10:52:31.350,419.4496114228236,995
2024-09-19 10:52:31.351,419.467684576936,1004
2024-09-19 10:52:31.394,419.4706773675015,14
2024-09-19 10:52:31.472,419.44332119646987,13
2024-09-19 10:52:31.476,-419.4586365619804,1005
2024-09-19 10:52:31.486,419.4641124858229,5
2024-09-19 10:52:31.497,419.4205646627631,99
2024-09-19 10:52:31.583,419.4859363227346,9
2024-09-19 10:52:31.605,419.47212926278337,1005
2024-09-19 10:52:31.708,419.4471408151124,997
2024-09-19 10:52:31.728,419.49124638400633,97
2024-09-19 10:52:31.735,419.4860538271783,102
2024-09-19 10:52:31.792,419.4837280084146,10
2024-09-19 10:52:31.793,419.4976455414709,104
2024-09-19 10:52:31.831,419.4384273364108,9
2024-09-19 10:52:31.833,419.4873669612698,1005
2024-09-19 10:52:31.892,419.4837735423915,995
2024-09-19 10:52:32.147,419.4281134167233,1003
2024-09-19 10:52:32.169,419.4448640632639,1000
2024-09-19 10:52:32.244,419.4728530386695,8
2024-09-19 10:52:32.257,419.41249630015744,7
2024-09-19 10:52:32.280,419.4637088533453,13
2024-09-19 10:52:32.286,419.48210190396594,103
2024-09-19 10:52:32.299,419.44052670388686,95
2024-09-19 10:52:32.486,419.4024665575117,1005
2024-09-19 10:52:32.503,419.4155887385497,13
2024-09-19 10:52:32.508,419.43816312393807,15
2024-09-19 10:52:32.510,419.472031771022,104
2024-09-19 10:52:32.574,419.43309666019184,95
2024-09-19 10:52:32.609,419.466160924478,100
2024-09-19 10:52:32.689,419.47603796813706,1001
2024-09-19 10:52:32.689,419.4541146918637,105
2024-09-19 10:52:32.691,419.4017042493269,7
2024-09-19 10:52:32.732,419.47518122714496,105
2024-09-19 10:52:32.804,419.4939386101044,99
2024-09-19 10:52:32.810,419.4609074239039,13
2024-09-19 10:52:32.843,419.40818694031793,98
2024-09-19 10:52:32.865,419.4475425880647,99
2024-09-19 10:52:32.868,419.4275468533456,97
2024-09-19 10:52:32.945,419.49441183420026,97
2024-09-19 10:52:33.150,419.4859258308181,995
2024-09-19 10:52:33.253,419.4996166005216,997
2024-09-19 10:52:33.279,419.51516538722313,11
2024-09-19 10:52:33.292,419.5071559697002,998
2024-09-19 10:52:33.305,419.520552194341,12
2024-09-19 10:52:33.336,419.5086163136606,104
2024-09-19 10:52:33.345,419.5008125696158,100
2024-09-19 10:52:33.352,,103
2024-09-19 10:52:33.437,419.4909251797448,95
2024-09-19 10:52:33.451,419.5117612003442,1002
2024-09-19 10:52:33.573,419.5005457691157,95
2024-09-19 10:52:33.637,41.95203591374418,12
2024-09-19 10:52:33.822,419.5067046186471,99
2024-09-19 10:52:33.867,419.520685963226,1002
2024-09-19 10:52:33.914,419.4802692584153,997
2024-09-19 10:52:33.946,419.4707626014854,103
2024-09-19 10:52:33.967,419.520207687792,13
2024-09-19 10:52:34.065,419.5099417725615,1004
2024-09-19 10:52:34.094,419.5880098257876,8
2024-09-19 10:52:34.218,419.59741081368304,1005
2024-09-19 10:52:34.242,419.5545493243823,999
2024-09-19 10:52:34.277,419.5799653292176,1002
2024-09-19 10:52:34.290,419.5926534843733,1000
2024-09-19 10:52:34.388,419.48539651130056,998
2024-09-19 10:52:34.413,419.4930790702652,1003
2024-09-19 10:52:34.500,419.60255958833386,102
2024-09-19 10:52:34.539,419.6050788395317,97
2024-09-19 10:52:34.549,419.5200386621265,15
2024-09-19 10:52:34.627,419.5900022561947,95
2024-09-19 10:52:34.649,419.5023162214913,10
2024-09-19 10:52:34.696,419.5029596455202,1005
2024-09-19 10:52:34.732,419.6162013027261,15
2024-09-19 10:52:34.758,419.4984155207404,96
2024-09-19 10:52:34.762,419.597786724344,6
2024-09-19 10:52:34.799,419.5059396174606,998
2024-09-19 10:52:34.818,419.4886089965042,996
2024-09-19 10:52:34.820,419.5639243959776,5
2024-09-19 10:52:34.820,419.598954230117,5
2024-09-19 10:52:34.876,419.571586125279,96
2024-09-19 10:52:34.900,419.5030978352448,1005
2024-09-19 10:52:34.922,419.4884585515617,10
2024-09-19 10:52:35.078,419.5839051079599,997
2024-09-19 10:52:35.516,419.5845393562233,97
2024-09-19 10:52:35.545,419.5800245952941,997
2024-09-19 10:52:36.010,419.57301169316776,15
2024-09-19 10:52:36.033,419.546622730621,101
2024-09-19 10:52:36.079,419.5866737587402,12
2024-09-19 10:52:36.176,419.60442660333126,996
2024-09-19 10:52:36.260,419.5788423152249,999
2024-09-19 10:52:36.261,419.6039267032752,1005
2024-09-19 10:52:36.284,419.589970294265,999
2024-09-19 10:52:36.383,419.5990401547387,1004
2024-09-19 10:52:36.461,419.57776648320345,1002
2024-09-19 10:52:36.490,419.54529638342257,8
2024-09-19 10:52:36.502,419.6058514580639,15
2024-09-19 10:52:36.512,419.5648719218214,999
2024-09-19 10:52:36.513,419.5976284737718,1002
2024-09-19 10:52:36.557,419.58748511324296,1002
2024-09-19 10:52:36.643,419.5651962722106,12
2024-09-19 10:52:36.710,419.5803257072109,98
2024-09-19 10:52:36.842,419.5923222673807,13
2024-09-19 10:52:36.843,419.6012077981968,999
2024-09-19 10:52:36.852,419.5970975712128,105
2024-09-19 10:52:36.876,419.6211077032116,11
2024-09-19 10:52:36.884,419.55781370713567,100
2024-09-19 10:52:36.920,419.5827539190594,1003
2024-09-19 10:52:36.941,419.56836129927234,9
2024-09-19 10:52:36.972,419.5903232339948,8
2024-09-19 10:52:36.993,419.609383372233,100
2024-09-19 10:52:37.033,419.6598710681931,1003
2024-09-19 10:52:37.040,419.69400769347067,996
2024-09-19 10:52:37.061,419.68577288928935,11
2024-09-19 10:52:37.066,419.65194329658937,5
2024-09-19 10:52:37.073,419.6488646812792,10
2024-09-19 10:52:37.094,41.96957211591069,6
2024-09-19 10:52:37.141,419.6379351786168,105
2024-09-19 10:52:37.250,419.6752817032501,1005
2024-09-19 10:52:37.258,419.7109196133123,1003
2024-09-19 10:52:37.271,419.6467013655589,10
2024-09-19 10:52:37.277,419.6172214148511,96
2024-09-19 10:52:37.296,419.7006039419173,15
2024-09-19 10:52:37.353,419.64525796168994,14
2024-09-19 10:52:37.363,419.6550614518815,11
2024-09-19 10:52:37.446,419.6720575778669,1000
2024-09-19 10:52:37.461,419.6713917600882,98
2024-09-19 10:52:37.494,419.6640888458348,15
2024-09-19 10:52:37.513,419.6779709668588,103
2024-09-19 10:52:37.572,419.6987650481766,99
2024-09-19 10:52:37.578,419.6959804819988,10
2024-09-19 10:52:37.588,419.7071384745907,995
2024-09-19 10:52:37.646,419.6617342687733,6
2024-09-19 10:52:37.680,419.6737209391664,1000
2024-09-19 10:52:37.695,419.7104611215988,996
2024-09-19 10:52:37.735,419.6664835498161,96
2024-09-19 10:52:37.741,419.6214574048141,97
2024-09-19 10:52:37.784,419.6801552460316,95
2024-09-19 10:52:37.819,419.6508731187076,96
2024-09-19 10:52:37.844,419.6399924385765,13
2024-09-19 10:52:37.954,419.7123036706725,995
2024-09-19 10:52:38.040,419.6691402632943,996
2024-09-19 10:52:38.126,419.67219718917926,103
2024-09-19 10:52:38.136,419.715963611663,999
2024-09-19 10:52:38.146,419.71736332076017,15
2024-09-19 10:52:38.160,419.7022757305774,104
2024-09-19 10:52:38.170,419.7233570493896,102
2024-09-19 10:52:38.228,419.7119053592777,999
2024-09-19 10:52:38.253,419.6899407435267,99
2024-09-19 10:52:38.257,419.6829652439062,998
2024-09-19 10:52:38.301,419.6607298096207,96
2024-09-19 10:52:38.361,419.6782702819034,105
2024-09-19 10:52:38.371,419.67661348092247,10
2024-09-19 10:52:38.416,419.7154892401801,995
2024-09-19 10:52:38.422,419.6563190708001,1003
2024-09-19 10:52:38.456,419.7238340687412,6
2024-09-19 10:52:38.494,419.733169112963,1003
2024-09-19 10:52:38.517,419.7250254631958,1000
2024-09-19 10:52:38.567,419.6965722523201,997
2024-09-19 10:52:38.667,419.6969580081021,996
2024-09-19 10:52:38.677,419.6787715473018,101
2024-09-19 10:52:38.693,419.6701940554349,1000
2024-09-19 10:52:38.725,419.71988766963767,1003
2024-09-19 10:52:38.855,419.70229968819,997
2024-09-19 10:52:38.866,419.684315922919,15
2024-09-19 10:52:38.910,419.7069478818907,104
2024-09-19 10:52:38.940,419.6985827766409,95
2024-09-19 10:52:38.947,419.7177892442109,105
2024-09-19 10:52:38.967,419.6925133682867,1005
2024-09-19 10:52:39.028,419.6813484152669,9
2024-09-19 10:52:39.219,419.7448569839205,995
2024-09-19 10:52:39.336,419.68769967059967,1003
2024-09-19 10:52:39.741,419.719982167319,98
2024-09-19 10:52:39.808,,105
2024-09-19 10:52:39.828,419.7048075412545,14
2024-09-19 10:52:39.866,419.68664113919056,102
2024-09-19 10:52:39.936,419.753173915326,15
2024-09-19 10:52:39.957,41.97330451403136,6
2024-09-19 10:52:39.992,419.7488615949191,96
2024-09-19 10:52:40.004,419.70210652906974,1002
2024-09-19 10:52:40.114,419.6714137260795,1001
2024-09-19 10:52:40.142,419.70485092796144,1004
2024-09-19 10:52:40.182,419.68084552717386,102
2024-09-19 10:52:40.230,419.6964897575182,14
2024-09-19 10:52:40.264,419.669639722053,998
2024-09-19 10:52:40.315,419.67054087661137,5
2024-09-19 10:52:40.410,419.6676509674264,96
2024-09-19 10:52:40.516,419.6885274308055,99
2024-09-19 10:52:40.583,419.67928156158064,98
2024-09-19 10:52:40.604,419.6852774800848,103
2024-09-19 10:52:40.607,419.6864079814426,95
2024-09-19 10:52:40.753,419.6913326701467,95
2024-09-19 10:52:40.799,419.6773852218455,999
2024-09-19 10:52:40.809,419.68523536261495,97
2024-09-19 10:52:40.826,419.6675823327728,995
2024-09-19 10:52:40.857,419.6737905122297,5
2024-09-19 10:52:40.916,419.695011745758,996
2024-09-19 10:52:40.926,419.6985291651956,1003
2024-09-19 10:52:40.958,419.6770185134628,12
2024-09-19 10:52:40.963,419.6648421761724,95
2024-09-19 10:52:41.054,419.6626021324171,1005
2024-09-19 10:52:41.115,419.6713129724609,103
2024-09-19 10:52:41.131,419.6718042561896,15
2024-09-19 10:52:41.235,419.6571667107392,997
2024-09-19 10:52:41.253,419.6716799630233,1005
2024-09-19 10:52:41.275,419.6871264673262,1001
2024-09-19 10:52:41.310,419.662034254832,99
2024-09-19 10:52:41.511,419.6665595090582,99
2024-09-19 10:52:41.624,419.6753389352907,1003
2024-09-19 10:52:41.724,419.6753842419464,11
2024-09-19 10:52:41.762,419.6666689016632,5
2024-09-19 10:52:41.822,419.6664727134892,101
2024-09-19 10:52:41.872,419.6767425406729,1003
2024-09-19 10:52:41.874,419.680187176839,13
2024-09-19 10:52:41.915,419.68507363677054,12
2024-09-19 10:52:42.020,419.656890666363,1001
2024-09-19 10:52:42.063,419.7015861180481,998
2024-09-19 10:52:42.103,419.7058317462813,102
2024-09-19 10:52:42.115,419.65965160429135,102
2024-09-19 10:52:42.159,419.6874817755625,14
2024-09-19 10:52:42.160,419.6832528043727,1004
2024-09-19 10:52:42.172,419.6956182491333,102
2024-09-19 10:52:42.232,41.9703197629724,104
2024-09-19 10:52:42.423,419.6643959857593,104
2024-09-19 10:52:42.459,419.66660087259294,8
2024-09-19 10:52:42.467,419.6616976978665,5
2024-09-19 10:52:42.469,419.6989065980269,97
2024-09-19 10:52:42.486,419.6775597366727,12
2024-09-19 10:52:42.545,419.6734852066314,11
2024-09-19 10:52:42.595,419.6941673614778,103
2024-09-19 10:52:42.603,419.6675018896176,7
2024-09-19 10:52:42.610,419.6813070308299,5
2024-09-19 10:52:42.622,419.66642967860906,1000
2024-09-19 10:52:42.642,419.6969080602001,1002
2024-09-19 10:52:42.681,419.7117847240277,995
2024-09-19 10:52:42.746,419.6984199675172,999
2024-09-19 10:52:42.757,419.6844525997639,101
2024-09-19 10:52:42.766,419.6822788440153,997
2024-09-19 10:52:42.826,419.6920721041124,1003
2024-09-19 10:52:42.865,419.685636763763,999
2024-09-19 10:52:42.873,419.6646050786951,97
2024-09-19 10:52:42.913,419.6988540919871,103
2024-09-19 10:52:42.937,419.715772741022,102
2024-09-19 10:52:42.992,419.69547875914833,999
2024-09-19 10:52:43.020,419.6844137004233,11
2024-09-19 10:52:43.059,419.7022775208266,1002
2024-09-19 10:52:43.213,419.6929455508978,5
2024-09-19 10:52:43.279,419.69993803700527,1000
2024-09-19 10:52:43.289,419.703268919872,97
2024-09-19 10:52:43.291,419.7006844287796,95
2024-09-19 10:52:43.292,419.7025386597635,95
2024-09-19 10:52:43.315,419.7079637951093,12
2024-09-19 10:52:43.361,419.7063188964246,10
2024-09-19 10:52:43.362,419.6917213581179,1002
2024-09-19 10:52:43.500,419.7137226804606,999
2024-09-19 10:52:43.525,419.6974747773384,103
2024-09-19 10:52:43.581,419.6925968675701,101
2024-09-19 10:52:43.832,419.7077046499382,7
2024-09-19 10:52:43.850,419.6973922490957,1002
2024-09-19 10:52:43.879,419.6962298343164,999
2024-09-19 10:52:43.942,419.7040740916733,103
2024-09-19 10:52:44.098,419.7081133327263,1000
2024-09-19 10:52:44.150,419.7247128030757,996
2024-09-19 10:52:44.159,419.7311308833189,6
2024-09-19 10:52:44.460,419.71913800019865,96
2024-09-19 10:52:44.468,419.720161855792,11
2024-09-19 10:52:44.543,419.722643353674,11
2024-09-19 10:52:44.685,419.7182299626127,15
2024-09-19 10:52:44.871,419.7344992903022,1002
2024-09-19 10:52:44.972,419.7344927774407,15
2024-09-19 10:52:45.243,419.7072765297406,999
2024-09-19 10:52:45.394,419.7225445691729,1003
2024-09-19 10:52:45.790,419.7133442705178,999
2024-09-19 10:52:46.265,419.71823746542657,9
2024-09-19 10:52:47.025,419.7801747456209,6
2024-09-19 10:52:47.029,419.7637101843031,999
2024-09-19 10:52:47.030,419.7566611410596,998
2024-09-19 10:52:47.104,419.7697584126311,99
2024-09-19 10:52:47.190,419.74508101635394,1000
2024-09-19 10:52:47.210,419.73562252061856,1005
2024-09-19 10:52:47.275,419.7193789764433,13
2024-09-19 10:52:47.304,41.97675372268742,997
2024-09-19 10:52:47.346,419.7630271463525,999
2024-09-19 10:52:47.403,419.7443576840847,8
2024-09-19 10:52:47.465,419.73073938988864,102
2024-09-19 10:52:47.523,419.76014242666287,999
2024-09-19 10:52:47.608,419.754337863572,1003
2024-09-19 10:52:47.619,419.75468716059385,1002
2024-09-19 10:52:47.626,419.7594889098477,11
2024-09-19 10:52:47.643,419.7343782148179,7
2024-09-19 10:52:47.716,419.7713834625997,998
2024-09-19 10:52:47.770,419.7572461584471,104
2024-09-19 10:52:47.791,419.719209552184,10
2024-09-19 10:52:47.811,419.72026720483257,105
2024-09-19 10:52:47.812,419.7583001696675,100
2024-09-19 10:52:47.862,419.7418444512025,100
2024-09-19 10:52:47.894,419.7208361178667,996
2024-09-19 10:52:47.927,419.7767569582995,6
2024-09-19 10:52:47.946,419.76864834477993,95
2024-09-19 10:52:47.949,419.7447086138978,96
2024-09-19 10:52:48.033,419.8433645859124,101
2024-09-19 10:52:48.105,419.8282024448496,15
2024-09-19 10:52:48.169,419.8735851467269,12
2024-09-19 10:52:48.262,,100
2024-09-19 10:52:48.367,419.8095917084827,14
2024-09-19 10:52:48.384,419.8323200644778,11
2024-09-19 10:52:48.388,419.82112634793793,8
2024-09-19 10:52:48.457,419.8440123079326,104
2024-09-19 10:52:48.506,419.8221375299832,12
2024-09-19 10:52:48.575,419.8665717893124,98
2024-09-19 10:52:48.609,419.8272012068171,995
2024-09-19 10:52:48.671,419.83402081260766,103
2024-09-19 10:52:48.689,419.8260751626055,98
2024-09-19 10:52:48.760,419.8520599192087,1004
2024-09-19 10:52:48.812,419.8541693110231,100
2024-09-19 10:52:48.820,419.7772994589586,14
2024-09-19 10:52:48.821,419.8095610196413,9
2024-09-19 10:52:48.824,419.81118624504063,1003
2024-09-19 10:52:48.824,419.7889742195392,10
2024-09-19 10:52:48.834,419.8197031201736,14
2024-09-19 10:52:48.838,419.8208142023421,1004
2024-09-19 10:52:48.883,419.8386173946452,995
2024-09-19 10:52:48.946,419.8459727594209,98
2024-09-19 10:52:49.015,419.8206173634368,8
2024-09-19 10:52:49.022,419.8232654698951,101
2024-09-19 10:52:49.099,419.8347146958402,14
2024-09-19 10:52:49.166,419.8037250714625,995
2024-09-19 10:52:49.237,419.80921080019664,995
2024-09-19 10:52:49.371,419.8301163640713,96
2024-09-19 10:52:49.391,419.8460009562223,98
2024-09-19 10:52:49.423,419.8023018450036,101
2024-09-19 10:52:49.477,419.8232675776654,7
2024-09-19 10:52:49.523,419.8423806075164,9
2024-09-19 10:52:49.694,419.84664269006015,95
2024-09-19 10:52:49.707,419.7955682422576,101
2024-09-19 10:52:49.830,419.7824010135801,7
2024-09-19 10:52:49.888,419.8390425776933,1003
2024-09-19 10:52:50.051,419.7840531258474,105
2024-09-19 10:52:50.188,419.7790914057505,1002
2024-09-19 10:52:50.201,419.7857857929697,5
2024-09-19 10:52:50.296,419.7768065014606,15
2024-09-19 10:52:50.369,419.7706802406783,95
2024-09-19 10:52:50.662,419.7888692570826,12
2024-09-19 10:52:50.726,419.77317335817946,997
2024-09-19 10:52:50.810,419.7845672366093,13
2024-09-19 10:52:51.049,419.8136383409223,6
2024-09-19 10:52:51.322,419.823592626032,103
2024-09-19 10:52:51.347,419.7896497616219,5
2024-09-19 10:52:51.383,419.81759839659935,998
2024-09-19 10:52:51.401,41.97940013103066,999
2024-09-19 10:52:51.407,419.83482034511326,8
2024-09-19 10:52:51.523,419.7825880170464,12
2024-09-19 10:52:51.535,419.8131520384644,8
2024-09-19 10:52:51.630,419.8026954707574,1005
2024-09-19 10:52:51.705,419.786329854656,8
2024-09-19 10:52:51.714,419.8062188067056,98
2024-09-19 10:52:51.857,419.80102148896185,13
2024-09-19 10:52:51.874,419.807294633628,103
2024-09-19 10:52:51.925,419.7868034557752,11
2024-09-19 10:52:52.307,419.84403724618153,1005
2024-09-19 10:52:52.431,419.8234465755653,6
2024-09-19 10:52:52.831,419.8473363024754,105
2024-09-19 10:52:52.941,419.8390631088048,15
2024-09-19 10:52:53.038,419.7954692000683,11
2024-09-19 10:52:53.072,419.83308887537214,14
2024-09-19 10:52:53.077,419.8414757211563,101
2024-09-19 10:52:53.100,419.7906701511401,995
2024-09-19 10:52:53.160,419.79545157486393,999
2024-09-19 10:52:53.172,419.8479682811608,97
2024-09-19 10:52:53.248,419.8078094254459,103
2024-09-19 10:52:53.330,419.8435656861336,102
2024-09-19 10:52:53.330,419.8360450693691,98
2024-09-19 10:52:53.393,419.8430845085916,14
2024-09-19 10:52:53.450,419.845800233349,98
2024-09-19 10:52:53.481,419.8460874501991,102
2024-09-19 10:52:53.591,419.8498886642025,1005
2024-09-19 10:52:53.659,419.8260584874028,995
2024-09-19 10:52:53.838,419.8081209056693,14
2024-09-19 10:52:53.918,419.8172535527223,7
2024-09-19 10:52:53.941,419.863460558156,97
2024-09-19 10:52:53.976,419.8346911830131,5
2024-09-19 10:52:54.181,419.7926060134772,997
2024-09-19 10:52:54.773,41.97958324392343,98
2024-09-19 10:52:55.008,41.98037889465768,102
2024-09-19 10:52:55.110,419.8225144278938,997
2024-09-19 10:52:55.119,419.8376621704082,996
2024-09-19 10:52:55.304,419.7887853717737,999
2024-09-19 10:52:55.311,419.79665633136426,999
2024-09-19 10:52:55.363,419.81686002029767,12
2024-09-19 10:52:55.488,419.8240297740353,15
2024-09-19 10:52:55.531,419.83012948059314,995
2024-09-19 10:52:55.542,-419.7875919347412,999
2024-09-19 10:52:55.709,41.98316946650747,1001
2024-09-19 10:52:55.712,419.8114147838814,96
2024-09-19 10:52:55.723,419.83772491376817,101
2024-09-19 10:52:55.793,419.8020188048562,9
2024-09-19 10:52:55.928,419.8043101093732,102
2024-09-19 10:52:55.998,419.7937867288104,15
2024-09-19 10:52:56.032,419.8314614223965,102
2024-09-19 10:52:56.032,419.8215197907354,995
2024-09-19 10:52:56.095,419.8518894340413,998
2024-09-19 10:52:56.101,419.8288683989909,1005
2024-09-19 10:52:56.208,419.8252248337884,9
2024-09-19 10:52:56.260,419.82083988087686,1000
2024-09-19 10:52:56.309,419.830158821157,14
2024-09-19 10:52:56.405,419.8455839601101,999
2024-09-19 10:52:56.545,419.8474215719918,104
2024-09-19 10:52:56.612,419.8183538299472,7
2024-09-19 10:52:56.808,419.84009253118745,1001
2024-09-19 10:52:56.853,419.8177370413381,7
2024-09-19 10:52:57.000,419.7858156677895,13
2024-09-19 10:52:57.014,419.8164294240854,5
2024-09-19 10:52:57.015,419.7574327592609,8
2024-09-19 10:52:57.113,419.7722598308653,98
2024-09-19 10:52:57.123,419.80502462924926,1000
2024-09-19 10:52:57.127,419.7617727724875,101
2024-09-19 10:52:57.175,419.7488362265724,12
2024-09-19 10:52:57.202,419.7900083945903,8
2024-09-19 10:52:57.214,419.8152189739912,998
2024-09-19 10:52:57.261,419.772275411577,1000
2024-09-19 10:52:57.317,,995
2024-09-19 10:52:57.384,419.8105859442206,8
2024-09-19 10:52:57.396,419.76764497302736,103
2024-09-19 10:52:57.453,419.7663000096215,9
2024-09-19 10:52:57.539,419.78899010845856,105
2024-09-19 10:52:57.557,419.8057535245879,101
2024-09-19 10:52:57.597,419.7682437255872,1003
2024-09-19 10:52:57.600,419.804728314771,10
2024-09-19 10:52:57.624,419.79831830322007,95
2024-09-19 10:52:57.697,419.8175426041992,1004
2024-09-19 10:52:57.779,419.8006496392744,13
2024-09-19 10:52:57.858,419.75620646454144,1004
2024-09-19 10:52:57.987,,996
2024-09-19 10:52:58.159,419.8102760183611,99
2024-09-19 10:52:58.636,419.82488850949306,7
2024-09-19 10:52:59.028,419.7931741738181,997
2024-09-19 10:52:59.030,419.8354407947633,996
2024-09-19 10:52:59.093,419.8232682676156,11
2024-09-19 10:52:59.130,419.788348277676,12
2024-09-19 10:52:59.181,419.815290717277,997
2024-09-19 10:52:59.221,419.8012916114823,10
2024-09-19 10:52:59.230,419.8107748851551,995
2024-09-19 10:52:59.251,419.7892668423444,997
2024-09-19 10:52:59.297,419.8304522642039,7
2024-09-19 10:52:59.306,419.8210992648295,1000
2024-09-19 10:52:59.347,41.98118828440551,9
2024-09-19 10:52:59.347,419.8210911818132,102
2024-09-19 10:52:59.385,419.7820281070525,995
2024-09-19 10:52:59.452,419.81533581600223,102
2024-09-19 10:52:59.467,419.8092679519895,13
2024-09-19 10:52:59.541,419.82551427091175,7
2024-09-19 10:52:59.570,419.8299569466208,102
2024-09-19 10:52:59.574,419.77211533240416,98
2024-09-19 10:52:59.588,419.7875535823805,7
2024-09-19 10:52:59.625,419.8182207386187,1004
2024-09-19 10:52:59.715,419.8261109743397,14
2024-09-19 10:52:59.738,419.801361950956,5
2024-09-19 10:52:59.817,419.8314492074807,10
2024-09-19 10:52:59.853,419.7992787440036,8
2024-09-19 10:52:59.942,419.8316945463818,99
2024-09-19 10:52:59.970,,996
2024-09-19 10:52:59.978,419.7661149889648,1003
