Timestamp,Price,Size
2024-09-17 09:55:00.259,414.7059670930374,997
2024-09-17 09:55:00.272,414.6744592605066,11
2024-09-17 09:55:00.273,414.6765801897231,105
2024-09-17 09:55:00.287,414.696338321089,998
2024-09-17 09:55:00.295,414.6808333213928,97
2024-09-17 09:55:00.324,414.7029438985482,1005
2024-09-17 09:55:00.360,414.6936952529463,1005
2024-09-17 09:55:00.368,414.6749835485912,96
2024-09-17 09:55:00.405,414.7033758366455,1005
2024-09-17 09:55:00.412,414.67561793941246,102
2024-09-17 09:55:00.544,414.71263423639,12
2024-09-17 09:55:00.590,414.6961037789004,1002
2024-09-17 09:55:00.674,414.6803277856357,997
2024-09-17 09:55:00.745,414.6709631746572,102
2024-09-17 09:55:00.804,414.6702474572562,97
2024-09-17 09:55:00.930,414.6797636068285,999
2024-09-17 09:55:01.030,414.635404151908,1001
2024-09-17 09:55:01.134,414.61084940181365,1004
2024-09-17 09:55:01.163,414.6215848603905,103
2024-09-17 09:55:01.232,414.6176608866488,96
2024-09-17 09:55:01.262,414.6317369269861,14
2024-09-17 09:55:01.264,414.6497484449315,14
2024-09-17 09:55:01.334,414.5655222545808,101
2024-09-17 09:55:01.379,414.6051204432331,98
2024-09-17 09:55:01.520,414.645476336103,102
2024-09-17 09:55:01.525,414.6124302451247,1004
2024-09-17 09:55:01.540,414.62142454456153,1000
2024-09-17 09:55:01.571,414.6746262955066,12
2024-09-17 09:55:01.582,414.61934718911033,97
2024-09-17 09:55:01.619,414.6077538266693,7
2024-09-17 09:55:01.708,414.6196202753277,996
2024-09-17 09:55:01.748,414.58511950455335,95
2024-09-17 09:55:01.834,414.6008152854556,6
2024-09-17 09:55:01.850,414.6575688854146,5
2024-09-17 09:55:01.951,414.6747888040866,5
2024-09-17 09:55:01.988,414.6040234094771,995
2024-09-17 09:55:03.053,414.57039423274426,1002
2024-09-17 09:55:03.099,414.5693761848541,11
2024-09-17 09:55:03.304,414.55775235895055,10
2024-09-17 09:55:03.629,414.5802238676964,104
2024-09-17 09:55:03.790,414.5719224422476,104
2024-09-17 09:55:03.914,-414.572423577257,6
2024-09-17 09:55:04.134,414.54007975361367,997
2024-09-17 09:55:04.178,414.5765507344815,14
2024-09-17 09:55:04.197,414.5774416035474,99
2024-09-17 09:55:04.247,414.547313914824,1003
2024-09-17 09:55:04.266,414.5371094872149,999
2024-09-17 09:55:04.295,414.5370499715916,1002
2024-09-17 09:55:04.360,414.58256754065405,13
2024-09-17 09:55:04.433,,96
2024-09-17 09:55:04.451,414.5499649420981,105
2024-09-17 09:55:04.700,414.5686002895316,103
2024-09-17 09:55:04.798,414.5611323228712,1003
2024-09-17 09:55:04.839,414.5707077588235,998
2024-09-17 09:55:04.840,414.5560119273443,1003
2024-09-17 09:55:04.852,414.57549580080007,99
2024-09-17 09:55:04.869,414.5614806514793,998
2024-09-17 09:55:04.884,414.5155085606003,999
2024-09-17 09:55:04.893,414.5525733849508,996
2024-09-17 09:55:04.910,414.5572669716473,8
2024-09-17 09:55:04.975,414.5828850854157,104
2024-09-17 09:55:05.100,414.62742955149,995
2024-09-17 09:55:05.153,414.62867895994265,997
2024-09-17 09:55:05.169,414.6060520714086,99
2024-09-17 09:55:05.198,414.61697388902815,12
2024-09-17 09:55:05.218,414.5873981385772,8
2024-09-17 09:55:05.252,414.6423734806949,95
2024-09-17 09:55:05.294,414.62119680736,105
2024-09-17 09:55:05.384,414.6308631275556,14
2024-09-17 09:55:05.409,414.5691825149706,998
2024-09-17 09:55:05.456,414.5508455561875,999
2024-09-17 09:55:05.485,414.5506945850375,103
2024-09-17 09:55:05.535,414.6566670891111,101
2024-09-17 09:55:05.554,414.559574014478,9
2024-09-17 09:55:05.566,414.5860084033686,996
2024-09-17 09:55:05.612,414.5611112375655,6
2024-09-17 09:55:05.632,414.6149262609099,6
2024-09-17 09:55:05.640,414.6091815128392,1004
2024-09-17 09:55:05.663,414.6417355627493,996
2024-09-17 09:55:05.667,414.5771364290935,96
2024-09-17 09:55:05.672,414.56115881854464,99
2024-09-17 09:55:05.690,414.5671089142357,103
2024-09-17 09:55:05.698,414.6296552089751,97
2024-09-17 09:55:05.706,414.6062595692564,996
2024-09-17 09:55:05.735,414.5501977737324,95
2024-09-17 09:55:05.754,414.6146504959986,5
2024-09-17 09:55:05.767,414.60901535173,1003
2024-09-17 09:55:05.780,414.6341641208166,13
2024-09-17 09:55:05.824,414.5668242441545,14
2024-09-17 09:55:05.845,-414.6540629658329,997
2024-09-17 09:55:05.925,414.5932392124332,1000
2024-09-17 09:55:06.038,414.587980865449,12
2024-09-17 09:55:06.050,414.593733571785,999
2024-09-17 09:55:06.177,414.5996637620967,96
2024-09-17 09:55:06.234,414.5970395976056,96
2024-09-17 09:55:06.400,414.6125771955925,998
2024-09-17 09:55:06.508,414.5973463338853,10
2024-09-17 09:55:06.635,414.630008220596,6
2024-09-17 09:55:06.699,414.6579684560471,1000
2024-09-17 09:55:06.711,414.6046943750002,997
2024-09-17 09:55:06.723,414.5959398011741,998
2024-09-17 09:55:06.774,414.6016724401185,103
2024-09-17 09:55:06.900,414.5923068898869,995
2024-09-17 09:55:06.924,414.5960444030044,98
2024-09-17 09:55:06.945,414.6576033377056,101
2024-09-17 09:55:06.987,414.620035904704,1003
2024-09-17 09:55:06.989,414.5902822354472,102
2024-09-17 09:55:06.995,414.6057108190931,14
2024-09-17 09:55:07.000,414.62695795529976,100
2024-09-17 09:55:07.044,414.6279643051789,95
2024-09-17 09:55:07.164,414.656497282492,100
2024-09-17 09:55:07.360,414.6378431079461,1000
2024-09-17 09:55:07.444,414.6299487104142,1001
2024-09-17 09:55:07.463,414.6483456316007,12
2024-09-17 09:55:07.488,414.6354352243066,95
2024-09-17 09:55:07.504,414.6410104418832,14
2024-09-17 09:55:07.598,414.6296567430523,995
2024-09-17 09:55:07.785,414.64782157198886,101
2024-09-17 09:55:07.912,414.6455027417079,6
2024-09-17 09:55:08.060,414.6690781504992,12
2024-09-17 09:55:08.139,414.6372647849979,103
2024-09-17 09:55:08.152,414.69554401108326,102
2024-09-17 09:55:08.308,414.698672187063,999
2024-09-17 09:55:08.345,414.6472594347261,999
2024-09-17 09:55:08.393,414.6501055526578,997
2024-09-17 09:55:08.441,414.65997622774654,998
2024-09-17 09:55:08.470,414.6479653512212,998
2024-09-17 09:55:08.578,414.6906846692282,104
2024-09-17 09:55:08.646,414.6786318606707,100
2024-09-17 09:55:08.760,414.64175734140207,998
2024-09-17 09:55:08.818,414.65105519658016,1004
2024-09-17 09:55:08.950,414.6934727288409,10
2024-09-17 09:55:08.967,414.65179584060246,1003
2024-09-17 09:55:08.975,414.698843002532,10
2024-09-17 09:55:09.019,414.6783329304645,6
2024-09-17 09:55:09.042,414.68542689390966,10
2024-09-17 09:55:09.108,414.6378436146612,105
2024-09-17 09:55:09.127,414.6278404858039,100
2024-09-17 09:55:09.128,,996
2024-09-17 09:55:09.168,414.6250499394456,1002
2024-09-17 09:55:09.196,414.6289851684058,99
2024-09-17 09:55:09.313,414.59701249767545,1005
2024-09-17 09:55:09.353,414.607970955566,1003
2024-09-17 09:55:09.369,414.6722216166859,15
2024-09-17 09:55:09.383,414.60931285635775,1005
2024-09-17 09:55:09.506,414.6279981332453,9
2024-09-17 09:55:09.511,414.66866960347096,11
2024-09-17 09:55:09.529,41.46288292962672,1000
2024-09-17 09:55:09.530,414.6586399159364,101
2024-09-17 09:55:09.540,414.66388088123006,15
2024-09-17 09:55:09.577,414.6279549127981,996
2024-09-17 09:55:09.587,414.6227463010164,998
2024-09-17 09:55:09.617,414.59012625427454,998
2024-09-17 09:55:09.620,414.63492223954734,10
2024-09-17 09:55:09.688,414.6533295322468,8
2024-09-17 09:55:09.730,414.6092683886893,995
2024-09-17 09:55:09.860,414.5869292101462,5
2024-09-17 09:55:09.874,414.6607338252974,101
2024-09-17 09:55:09.881,414.5974290697058,105
2024-09-17 09:55:09.942,414.6159306056284,1005
2024-09-17 09:55:09.961,414.6808196636562,1001
2024-09-17 09:55:09.979,414.61625435230064,104
2024-09-17 09:55:11.012,414.625387064354,12
2024-09-17 09:55:11.013,414.637705144193,1001
2024-09-17 09:55:11.077,414.657169198668,7
2024-09-17 09:55:11.096,414.6665818677457,98
2024-09-17 09:55:11.240,414.6367618119544,100
2024-09-17 09:55:11.307,414.6612125195695,5
2024-09-17 09:55:11.329,414.6231546241367,8
2024-09-17 09:55:11.355,414.6595028367523,996
2024-09-17 09:55:11.368,414.59516236698914,6
2024-09-17 09:55:11.462,414.616142299364,1002
2024-09-17 09:55:11.466,414.6504839244488,95
2024-09-17 09:55:11.491,414.6661601835715,995
2024-09-17 09:55:11.513,414.6292163133368,103
2024-09-17 09:55:11.539,414.6494638174594,1000
2024-09-17 09:55:11.565,414.5949986088061,10
2024-09-17 09:55:11.603,414.6487859781297,97
2024-09-17 09:55:11.648,414.6704680028776,995
2024-09-17 09:55:11.679,414.6566470067343,104
2024-09-17 09:55:11.711,414.64720743802,997
2024-09-17 09:55:11.822,414.6808054583385,15
2024-09-17 09:55:11.840,414.65331285110585,1002
2024-09-17 09:55:11.847,414.6286663970607,1005
2024-09-17 09:55:11.902,414.6644379570657,1003
2024-09-17 09:55:11.920,414.62414659573153,96
2024-09-17 09:55:11.977,414.6182291992219,104
2024-09-17 09:55:11.994,414.6577630625235,97
2024-09-17 09:55:12.186,414.5890624743684,997
2024-09-17 09:55:12.339,414.5913146295414,101
2024-09-17 09:55:12.360,414.63108133098274,105
2024-09-17 09:55:12.383,414.6308080038113,1001
2024-09-17 09:55:12.388,414.6090399563834,995
2024-09-17 09:55:12.391,414.60926700388336,1000
2024-09-17 09:55:12.414,414.6352503584002,103
2024-09-17 09:55:12.721,414.6084292536932,104
2024-09-17 09:55:12.741,414.59270964642985,6
2024-09-17 09:55:12.760,414.620783157446,10
2024-09-17 09:55:12.782,414.6080881970092,5
2024-09-17 09:55:12.783,414.6224233922907,997
2024-09-17 09:55:12.882,414.6186130328196,10
2024-09-17 09:55:12.953,414.6382216317554,999
2024-09-17 09:55:13.426,414.6280329569398,8
2024-09-17 09:55:13.685,414.6443913217756,6
2024-09-17 09:55:13.686,414.622423529532,13
2024-09-17 09:55:13.705,414.6244482926617,7
2024-09-17 09:55:13.737,414.6321429328769,997
2024-09-17 09:55:13.839,414.63626629967007,998
2024-09-17 09:55:14.008,-414.618153460871,7
2024-09-17 09:55:14.023,414.6004844533607,97
2024-09-17 09:55:14.085,414.5787375879397,1002
2024-09-17 09:55:14.099,414.5761208870945,103
2024-09-17 09:55:14.161,414.6706031150457,1000
2024-09-17 09:55:14.197,414.5851402049268,998
2024-09-17 09:55:14.258,414.60572168858346,995
2024-09-17 09:55:14.276,414.5846766322322,1004
2024-09-17 09:55:14.303,,1003
2024-09-17 09:55:14.339,414.61694798012667,103
2024-09-17 09:55:14.404,414.5588300587147,10
2024-09-17 09:55:14.413,414.5641173519239,101
2024-09-17 09:55:14.459,414.6320674970679,1003
2024-09-17 09:55:14.493,414.5847997960331,96
2024-09-17 09:55:14.508,414.630755375629,10
2024-09-17 09:55:14.535,414.5573845021662,104
2024-09-17 09:55:14.605,414.6097188062725,96
2024-09-17 09:55:14.627,414.6028215704413,100
2024-09-17 09:55:14.633,-414.5658304589296,6
2024-09-17 09:55:14.696,414.65753719128327,12
2024-09-17 09:55:14.759,414.60001227356577,995
2024-09-17 09:55:14.842,414.56151432322105,15
2024-09-17 09:55:14.845,414.594783870465,1003
2024-09-17 09:55:14.886,414.5967675890429,999
2024-09-17 09:55:14.886,414.6594963527284,7
2024-09-17 09:55:14.890,414.6472593090604,6
2024-09-17 09:55:14.999,414.6401560526757,100
2024-09-17 09:55:15.002,414.62494601118505,995
2024-09-17 09:55:15.007,414.5883419935231,1003
2024-09-17 09:55:15.026,414.5736729647412,8
2024-09-17 09:55:15.070,414.5805398029731,105
2024-09-17 09:55:15.100,414.6124784088453,10
2024-09-17 09:55:15.185,414.6048462436305,998
2024-09-17 09:55:15.226,414.5975890615891,1001
2024-09-17 09:55:15.367,414.58706603770736,996
2024-09-17 09:55:15.452,414.5973051868595,10
2024-09-17 09:55:15.517,414.5866402342942,7
2024-09-17 09:55:15.575,414.6070829773639,996
2024-09-17 09:55:15.731,414.5874662162447,96
2024-09-17 09:55:15.849,414.6304781211893,1005
2024-09-17 09:55:15.937,414.6158250245578,1005
2024-09-17 09:55:15.982,414.626601871334,999
2024-09-17 09:55:15.985,414.62319151957104,13
2024-09-17 09:55:16.141,414.5825052943302,1000
2024-09-17 09:55:16.830,414.56841364236055,1005
2024-09-17 09:55:17.103,414.50964232162846,105
2024-09-17 09:55:17.111,414.5403362454194,101
2024-09-17 09:55:17.170,414.5517516974712,96
2024-09-17 09:55:17.334,414.5205825016087,14
2024-09-17 09:55:17.365,414.5258500225078,1004
2024-09-17 09:55:17.564,414.5408726860995,9
2024-09-17 09:55:17.704,414.5290914954975,1002
2024-09-17 09:55:17.772,414.5409974410673,13
2024-09-17 09:55:17.847,-414.5637446347837,997
2024-09-17 09:55:17.982,414.5299222856103,1005
2024-09-17 09:55:18.007,414.5381310662502,998
2024-09-17 09:55:18.026,414.59081909388107,8
2024-09-17 09:55:18.040,414.5846855768254,1003
2024-09-17 09:55:18.065,414.55624199979576,96
2024-09-17 09:55:18.101,414.653059314481,12
2024-09-17 09:55:18.214,414.5698839454886,1000
2024-09-17 09:55:18.227,414.5765460192237,995
2024-09-17 09:55:18.315,414.61955664385175,1005
2024-09-17 09:55:18.355,414.52264040900576,7
2024-09-17 09:55:18.373,414.495824417444,5
2024-09-17 09:55:18.374,414.6215096071617,96
2024-09-17 09:55:18.379,414.64055115822094,101
2024-09-17 09:55:18.413,414.553375971324,995
2024-09-17 09:55:18.414,41.45640691873576,996
2024-09-17 09:55:18.449,414.6435056646656,1001
2024-09-17 09:55:18.463,414.6359671939446,9
2024-09-17 09:55:18.473,414.56906734411984,11
2024-09-17 09:55:18.480,414.5261846156136,1001
2024-09-17 09:55:18.519,414.6531499497463,998
2024-09-17 09:55:18.551,-414.6209238001021,998
2024-09-17 09:55:18.629,414.5058185706775,8
2024-09-17 09:55:18.633,414.5585217161932,7
2024-09-17 09:55:18.673,414.5807185776449,104
2024-09-17 09:55:18.703,414.5494385227303,15
2024-09-17 09:55:18.764,414.49658495324616,8
2024-09-17 09:55:18.793,414.6552500040525,13
2024-09-17 09:55:18.856,414.5812585595492,9
2024-09-17 09:55:18.875,414.6081687521308,11
2024-09-17 09:55:18.976,414.6316051155616,5
2024-09-17 09:55:19.379,414.6010808210282,11
2024-09-17 09:55:19.582,414.623280887855,10
2024-09-17 09:55:19.633,414.6206406313873,101
2024-09-17 09:55:19.724,414.6128577279028,102
2024-09-17 09:55:20.027,414.565965550715,101
2024-09-17 09:55:20.073,414.5481989842816,997
2024-09-17 09:55:20.098,414.5281613550634,8
2024-09-17 09:55:20.100,414.4846237481249,1000
2024-09-17 09:55:20.137,414.5209195468989,998
2024-09-17 09:55:20.145,414.5386471102401,1001
2024-09-17 09:55:20.176,414.5813521876194,101
2024-09-17 09:55:20.215,414.4825189404065,1002
2024-09-17 09:55:20.279,414.4672436240606,13
2024-09-17 09:55:20.301,414.5615114740911,100
2024-09-17 09:55:20.398,414.5366551199245,1001
2024-09-17 09:55:20.414,414.52863587306655,996
2024-09-17 09:55:20.453,414.5829625184101,998
2024-09-17 09:55:20.488,414.5818325908537,996
2024-09-17 09:55:20.511,414.4774473851999,13
2024-09-17 09:55:20.537,414.5106737347035,98
2024-09-17 09:55:20.579,414.5099118011706,99
2024-09-17 09:55:20.583,414.4913217838416,8
2024-09-17 09:55:20.587,414.6036854229389,999
2024-09-17 09:55:20.673,414.47617999239577,104
2024-09-17 09:55:20.727,414.53094080436114,998
2024-09-17 09:55:20.774,414.52101716078255,103
2024-09-17 09:55:20.790,414.58208568782106,97
2024-09-17 09:55:20.810,414.5754382141213,1003
2024-09-17 09:55:20.873,414.520237497063,102
2024-09-17 09:55:20.896,414.5969719323453,103
2024-09-17 09:55:20.901,414.5193594475693,995
2024-09-17 09:55:20.911,414.5378566020221,102
2024-09-17 09:55:20.955,414.4914639576377,999
2024-09-17 09:55:20.974,414.5483447618968,7
2024-09-17 09:55:21.412,414.4705162105773,98
2024-09-17 09:55:21.447,414.4875234321164,95
2024-09-17 09:55:21.532,414.4952712274539,1001
2024-09-17 09:55:21.648,414.4799250058352,96
2024-09-17 09:55:21.840,414.4995971849684,13
2024-09-17 09:55:22.045,414.4760357604155,103
2024-09-17 09:55:22.079,414.5350167305611,8
2024-09-17 09:55:22.132,414.50108446431153,15
2024-09-17 09:55:22.258,414.5092220249433,997
2024-09-17 09:55:22.408,414.51960619179545,7
2024-09-17 09:55:22.432,414.5130146419659,1003
2024-09-17 09:55:22.512,414.49878921120086,10
2024-09-17 09:55:22.626,414.5352040536359,104
2024-09-17 09:55:22.852,414.51060975327664,102
2024-09-17 09:55:22.864,414.5046089777776,9
2024-09-17 09:55:22.886,414.4819570655544,13
2024-09-17 09:55:22.900,414.49070272867993,12
2024-09-17 09:55:22.937,414.50026123523145,9
2024-09-17 09:55:22.982,414.5298160571367,5
2024-09-17 09:55:23.463,414.4687974142214,1001
2024-09-17 09:55:23.574,414.4703546999437,1000
2024-09-17 09:55:23.775,414.470767797283,11
2024-09-17 09:55:23.803,414.4872312031009,1004
2024-09-17 09:55:23.953,414.4796922390205,100
2024-09-17 09:55:23.999,414.4738505952225,12
2024-09-17 09:55:24.171,414.4648054047658,1002
2024-09-17 09:55:24.214,414.45370263861656,9
2024-09-17 09:55:24.220,414.4057393278802,5
2024-09-17 09:55:24.302,414.4114238472951,99
2024-09-17 09:55:24.403,414.3947813613536,1000
2024-09-17 09:55:24.472,414.4027990378293,9
2024-09-17 09:55:24.565,414.480179145726,95
2024-09-17 09:55:24.745,414.4895673949131,1004
2024-09-17 09:55:24.843,414.41531784314753,996
2024-09-17 09:55:24.979,414.4314681889311,7
2024-09-17 09:55:25.016,414.5136447701345,11
2024-09-17 09:55:25.039,-414.4294548044511,105
2024-09-17 09:55:25.213,414.4546080168889,6
2024-09-17 09:55:25.279,414.44257630881634,1001
2024-09-17 09:55:25.354,414.43874467345177,996
2024-09-17 09:55:25.355,414.4204431395304,6
2024-09-17 09:55:25.355,414.3928996757055,997
2024-09-17 09:55:25.372,414.4218468454553,997
2024-09-17 09:55:25.375,414.40329616039446,1002
2024-09-17 09:55:25.404,414.42198961299385,1001
2024-09-17 09:55:25.437,414.4809888483924,5
2024-09-17 09:55:25.467,414.4345337200711,95
2024-09-17 09:55:25.566,414.40943851998736,98
2024-09-17 09:55:25.580,414.4990949695046,99
2024-09-17 09:55:25.600,414.3923154605212,1004
2024-09-17 09:55:25.608,414.4416060214199,996
2024-09-17 09:55:25.634,414.4044723333774,99
2024-09-17 09:55:25.651,414.4317421602001,96
2024-09-17 09:55:25.663,414.4452314212997,13
2024-09-17 09:55:25.664,414.47353074207615,14
2024-09-17 09:55:25.680,414.5236009055266,105
2024-09-17 09:55:25.739,414.4512344780076,12
2024-09-17 09:55:25.739,41.44409702796912,1005
2024-09-17 09:55:25.741,414.42865928360095,5
2024-09-17 09:55:25.761,414.43819916841096,8
2024-09-17 09:55:25.822,414.4331426176978,995
2024-09-17 09:55:25.850,414.3946216965598,100
2024-09-17 09:55:25.879,414.4163848007698,1000
2024-09-17 09:55:25.918,414.44150633084735,101
2024-09-17 09:55:26.047,414.4995283151587,99
2024-09-17 09:55:26.049,414.5258394790839,96
2024-09-17 09:55:26.124,414.5431907921202,97
2024-09-17 09:55:26.199,414.4666251953819,13
2024-09-17 09:55:26.218,414.5039299914896,101
2024-09-17 09:55:26.219,414.4850145204355,14
2024-09-17 09:55:26.233,414.512526362593,11
2024-09-17 09:55:26.258,414.4913307037047,1004
2024-09-17 09:55:26.259,414.5181278083986,14
2024-09-17 09:55:26.302,414.504834676144,995
2024-09-17 09:55:26.318,414.51439104586166,104
2024-09-17 09:55:26.368,414.4654043122844,1001
2024-09-17 09:55:26.412,414.5379208475926,101
2024-09-17 09:55:26.433,414.4765612789919,102
2024-09-17 09:55:26.570,414.4929020033056,12
2024-09-17 09:55:26.590,414.5106596348332,10
2024-09-17 09:55:26.606,414.4974515829806,97
2024-09-17 09:55:26.619,414.5212281739537,9
2024-09-17 09:55:26.624,414.5158677183843,999
2024-09-17 09:55:26.632,414.49636012323225,12
2024-09-17 09:55:26.681,414.5180795599554,7
2024-09-17 09:55:26.758,414.5166388696888,5
2024-09-17 09:55:26.766,414.5012212025403,10
2024-09-17 09:55:26.831,41.451692427174855,99
2024-09-17 09:55:26.967,414.4722457357909,10
2024-09-17 09:55:26.973,414.4904419773093,98
2024-09-17 09:55:27.155,414.5276793449554,95
2024-09-17 09:55:27.197,414.4676228553949,5
2024-09-17 09:55:27.257,414.4408593923636,103
2024-09-17 09:55:27.327,414.5123796827381,11
2024-09-17 09:55:27.388,414.4257258907044,97
2024-09-17 09:55:27.398,414.43833300558686,8
2024-09-17 09:55:27.467,414.4444091449524,10
2024-09-17 09:55:27.519,414.4922412140107,7
2024-09-17 09:55:27.533,414.5044606360816,13
2024-09-17 09:55:27.734,414.5165993542113,8
2024-09-17 09:55:27.742,414.4519256368421,1003
2024-09-17 09:55:27.799,414.43733293078566,104
2024-09-17 09:55:27.810,414.4919390820974,12
2024-09-17 09:55:27.935,414.4690849483065,12
2024-09-17 09:55:27.943,414.4638054334279,96
2024-09-17 09:55:27.944,414.5030271207351,998
2024-09-17 09:55:28.035,414.4324585375304,11
2024-09-17 09:55:28.110,414.4103154841592,999
2024-09-17 09:55:28.260,414.4447223723874,1002
2024-09-17 09:55:28.278,414.44243428366985,13
2024-09-17 09:55:28.302,414.44673167170254,12
2024-09-17 09:55:28.339,414.43357101541545,1001
2024-09-17 09:55:28.347,414.4206651886035,1000
2024-09-17 09:55:28.358,414.4541003532612,8
2024-09-17 09:55:28.411,414.4590858120809,1005
2024-09-17 09:55:28.425,414.4720218340075,7
2024-09-17 09:55:28.490,414.43649901458986,100
2024-09-17 09:55:28.530,41.44602148052738,1004
2024-09-17 09:55:28.577,414.4378056191186,996
2024-09-17 09:55:28.693,414.4431461127836,999
2024-09-17 09:55:28.720,414.406835833168,6
2024-09-17 09:55:28.780,414.4461105873966,9
2024-09-17 09:55:28.793,414.4175110741497,11
2024-09-17 09:55:28.821,414.4385275587584,13
2024-09-17 09:55:28.893,414.4710858875274,999
2024-09-17 09:55:28.947,414.4547511421305,97
2024-09-17 09:55:28.953,414.4327525221318,95
2024-09-17 09:55:28.968,414.44470056103006,995
2024-09-17 09:55:29.018,414.4377192775056,103
2024-09-17 09:55:29.024,414.4452006843682,98
2024-09-17 09:55:29.077,414.4418510613812,97
2024-09-17 09:55:29.150,414.4564001028392,101
2024-09-17 09:55:29.209,414.4434816448327,15
2024-09-17 09:55:29.378,414.40423428586064,97
2024-09-17 09:55:29.415,414.4459244667472,10
2024-09-17 09:55:29.630,414.40868959382175,102
2024-09-17 09:55:29.670,414.4050937668514,1003
2024-09-17 09:55:29.750,414.4126587251056,15
2024-09-17 09:55:29.762,414.4541015106429,1001
2024-09-17 09:55:29.807,414.4680382001832,1004
2024-09-17 09:55:29.844,414.4483480578671,104
2024-09-17 09:55:29.861,414.4327032020393,13
2024-09-17 09:55:29.861,414.4506438075556,98
2024-09-17 09:55:29.973,414.4469243327692,98
2024-09-17 09:55:29.994,414.4573778667266,997
2024-09-17 09:55:30.012,414.4926030339459,103
2024-09-17 09:55:30.127,414.51171000927457,998
2024-09-17 09:55:30.189,414.535679683923,1001
2024-09-17 09:55:30.216,414.5180193627149,99
2024-09-17 09:55:30.250,414.4946857294475,999
2024-09-17 09:55:30.256,414.5109213742039,103
2024-09-17 09:55:30.262,414.51120059268777,13
2024-09-17 09:55:30.281,414.5057248711377,100
2024-09-17 09:55:30.368,414.4727661299463,997
2024-09-17 09:55:30.422,414.49984766016064,98
2024-09-17 09:55:30.499,414.5042633585236,10
2024-09-17 09:55:30.571,414.5092196200473,105
2024-09-17 09:55:30.578,414.48327789013655,102
2024-09-17 09:55:30.622,414.4881920539767,5
2024-09-17 09:55:30.771,414.504208964875,8
2024-09-17 09:55:30.799,414.5297412088695,96
2024-09-17 09:55:30.830,414.48142593366697,10
2024-09-17 09:55:30.853,414.51210731308106,12
2024-09-17 09:55:30.861,414.47619391051,998
2024-09-17 09:55:30.907,414.50201896467337,997
2024-09-17 09:55:30.924,414.4745168506176,13
2024-09-17 09:55:31.085,414.478897956648,996
2024-09-17 09:55:31.177,414.4570263152483,100
2024-09-17 09:55:31.189,414.51396400505246,95
2024-09-17 09:55:31.300,414.4757457476605,11
2024-09-17 09:55:31.318,414.4698567078671,104
2024-09-17 09:55:31.322,414.4951533836572,1002
2024-09-17 09:55:31.327,414.50246521584313,104
2024-09-17 09:55:31.332,414.4926789522209,997
2024-09-17 09:55:31.337,414.50766515251024,11
2024-09-17 09:55:31.358,414.4882402275537,998
2024-09-17 09:55:31.403,414.4905761916036,10
2024-09-17 09:55:31.405,414.5237649604771,1000
2024-09-17 09:55:31.421,414.4898533940068,1005
2024-09-17 09:55:31.467,414.51194365793367,998
2024-09-17 09:55:31.540,414.5036119739555,8
2024-09-17 09:55:31.551,414.49400845941307,1000
2024-09-17 09:55:31.583,414.5095848064704,7
2024-09-17 09:55:31.597,414.4963926770328,1000
2024-09-17 09:55:31.649,414.4967757660317,1002
2024-09-17 09:55:31.656,414.5077951445855,7
2024-09-17 09:55:31.657,414.4821644732496,5
2024-09-17 09:55:31.710,414.4641174694769,1001
2024-09-17 09:55:31.755,414.48117968842746,996
2024-09-17 09:55:31.778,414.49886481284057,1005
2024-09-17 09:55:31.785,414.5170142270754,1005
2024-09-17 09:55:31.825,414.4621899466171,11
2024-09-17 09:55:31.923,414.48907543354375,998
2024-09-17 09:55:31.923,414.4936922808603,97
2024-09-17 09:55:32.010,414.5002815258868,95
2024-09-17 09:55:32.029,414.4589576165845,15
2024-09-17 09:55:32.102,414.5442280072555,11
2024-09-17 09:55:32.147,414.4715401791058,98
2024-09-17 09:55:32.158,414.5635069435479,1003
2024-09-17 09:55:32.202,414.5541461742749,104
2024-09-17 09:55:32.239,414.47988425940895,100
2024-09-17 09:55:32.256,414.4646477355369,7
2024-09-17 09:55:32.276,414.48114178797056,10
2024-09-17 09:55:32.284,414.5478705133641,14
2024-09-17 09:55:32.288,414.500293939645,102
2024-09-17 09:55:32.301,414.4944999049487,5
2024-09-17 09:55:32.309,414.53467386638016,13
2024-09-17 09:55:32.422,414.4570798523191,1001
2024-09-17 09:55:32.477,414.5235383751495,9
2024-09-17 09:55:32.509,414.5637150038453,998
2024-09-17 09:55:32.598,414.4818759881427,97
2024-09-17 09:55:32.605,-414.549010334935,98
2024-09-17 09:55:32.669,414.4885918987487,9
2024-09-17 09:55:32.807,414.5344281651712,1004
2024-09-17 09:55:32.825,414.4616931337813,98
2024-09-17 09:55:32.870,414.4736342201156,10
2024-09-17 09:55:32.899,414.5125364328792,9
2024-09-17 09:55:33.024,414.5395175105975,99
2024-09-17 09:55:33.037,414.4899358045213,1003
2024-09-17 09:55:33.037,414.5143795831074,98
2024-09-17 09:55:33.085,414.4790476262406,15
2024-09-17 09:55:33.137,414.50904697058536,95
2024-09-17 09:55:33.182,414.52193880359056,997
2024-09-17 09:55:33.202,414.51051970567954,1002
2024-09-17 09:55:33.208,414.57853519433496,96
2024-09-17 09:55:33.261,414.5208651827459,5
2024-09-17 09:55:33.407,414.49411843057817,15
2024-09-17 09:55:33.475,414.5780059778039,999
2024-09-17 09:55:33.488,414.5604665374532,7
2024-09-17 09:55:33.550,414.511166306576,997
2024-09-17 09:55:33.559,414.5233468503835,6
2024-09-17 09:55:33.573,414.5274533690179,998
2024-09-17 09:55:33.615,414.5471318530571,6
2024-09-17 09:55:33.665,414.57758916526376,98
2024-09-17 09:55:33.666,414.5280384492041,15
2024-09-17 09:55:33.732,414.5842112105954,13
2024-09-17 09:55:33.747,414.4938529121004,15
2024-09-17 09:55:33.791,414.4871843508252,5
2024-09-17 09:55:33.846,414.5823661782626,1000
2024-09-17 09:55:33.851,-414.50822881497743,5
2024-09-17 09:55:33.862,414.52610749275226,101
2024-09-17 09:55:33.913,414.49903850288416,9
2024-09-17 09:55:33.944,414.5088549041509,1004
2024-09-17 09:55:33.966,414.5035092117199,6
2024-09-17 09:55:33.975,414.5449484961373,96
2024-09-17 09:55:34.029,414.573304281328,96
2024-09-17 09:55:34.066,414.6254155074958,14
2024-09-17 09:55:34.107,414.62914770828274,995
2024-09-17 09:55:34.127,414.6329378588057,103
2024-09-17 09:55:34.206,414.6376293733071,1005
2024-09-17 09:55:34.231,414.5949103325353,1004
2024-09-17 09:55:34.273,414.55848324059417,98
2024-09-17 09:55:34.301,414.6473827422039,999
2024-09-17 09:55:34.307,414.6413332136768,14
2024-09-17 09:55:34.313,414.63821055248593,12
2024-09-17 09:55:34.322,414.5955854947801,1001
2024-09-17 09:55:34.339,414.5871347140942,95
2024-09-17 09:55:34.598,414.6096709942515,95
2024-09-17 09:55:34.677,414.5800957873562,1000
2024-09-17 09:55:34.798,414.56328980659697,995
2024-09-17 09:55:34.842,414.653697734901,5
2024-09-17 09:55:34.957,414.6217300857528,105
2024-09-17 09:55:34.969,414.63742520838736,10
2024-09-17 09:55:34.988,414.5743292928556,7
2024-09-17 09:55:35.046,414.6249478684927,1003
2024-09-17 09:55:35.060,414.6539912353526,10
2024-09-17 09:55:35.090,414.6095589419661,100
2024-09-17 09:55:35.117,414.61821042728144,9
2024-09-17 09:55:35.170,414.6214766228524,97
2024-09-17 09:55:35.222,414.659921959545,100
2024-09-17 09:55:35.252,414.5968509574512,5
2024-09-17 09:55:35.310,414.61155734904247,1000
2024-09-17 09:55:35.314,414.600772629154,1002
2024-09-17 09:55:35.423,414.6359970388425,12
2024-09-17 09:55:35.445,414.6227784122355,14
2024-09-17 09:55:35.466,414.6110731598836,15
2024-09-17 09:55:35.470,414.61724651239984,105
2024-09-17 09:55:35.513,414.65296404377847,1000
2024-09-17 09:55:35.515,414.6290046206486,96
2024-09-17 09:55:35.546,414.6515838331926,999
2024-09-17 09:55:35.634,414.61477479550393,7
2024-09-17 09:55:35.663,414.6134911879183,104
2024-09-17 09:55:35.721,414.61922906526047,5
2024-09-17 09:55:35.755,414.6254831989762,1002
2024-09-17 09:55:35.767,414.6164255428584,8
2024-09-17 09:55:35.816,414.631887706597,103
2024-09-17 09:55:35.872,414.6238308205245,5
2024-09-17 09:55:35.910,414.5991314161299,10
2024-09-17 09:55:35.921,41.46202942313426,105
2024-09-17 09:55:36.185,414.61892805262914,998
2024-09-17 09:55:36.280,414.6333206984073,98
2024-09-17 09:55:36.294,414.6277090085434,98
2024-09-17 09:55:36.325,414.5853912663051,1005
2024-09-17 09:55:36.442,414.6363811765088,96
2024-09-17 09:55:36.468,414.6327720588318,12
2024-09-17 09:55:36.616,414.59992904964855,998
2024-09-17 09:55:36.681,414.6140901564853,8
2024-09-17 09:55:36.685,414.60774773190064,10
2024-09-17 09:55:36.704,414.6248471326273,95
2024-09-17 09:55:36.718,414.6204096388144,97
2024-09-17 09:55:36.724,414.6062008276705,997
2024-09-17 09:55:36.733,414.6452880592901,96
2024-09-17 09:55:36.769,414.6259203852488,95
2024-09-17 09:55:36.884,414.6180706547719,101
2024-09-17 09:55:36.911,414.6345256588446,1000
2024-09-17 09:55:36.948,414.5962998386775,14
2024-09-17 09:55:37.035,414.5774184934783,5
2024-09-17 09:55:37.038,414.5069398870222,103
2024-09-17 09:55:37.039,414.5786103021333,15
2024-09-17 09:55:37.111,414.57457267214295,11
2024-09-17 09:55:37.130,414.57486084278656,997
2024-09-17 09:55:37.130,414.547664514569,13
2024-09-17 09:55:37.135,414.5464163026002,997
2024-09-17 09:55:37.353,414.5424816244188,12
2024-09-17 09:55:37.370,414.5909188300016,998
2024-09-17 09:55:37.370,414.5024740653219,999
2024-09-17 09:55:37.514,414.5154269800887,102
2024-09-17 09:55:37.534,414.5749783066047,997
2024-09-17 09:55:37.646,414.5264056759952,6
2024-09-17 09:55:37.656,414.50057420116593,105
2024-09-17 09:55:37.660,414.5809730683917,10
2024-09-17 09:55:37.688,414.5555042147833,1000
2024-09-17 09:55:37.694,414.4980116396599,10
2024-09-17 09:55:37.707,414.5693655068327,5
2024-09-17 09:55:37.715,414.5113736415701,103
2024-09-17 09:55:37.762,414.5434425643135,998
2024-09-17 09:55:37.809,414.52765768838856,104
2024-09-17 09:55:37.831,414.5455259895877,1002
2024-09-17 09:55:37.839,414.5378664508831,97
2024-09-17 09:55:37.939,414.5538250376086,99
2024-09-17 09:55:37.956,414.5619074692658,101
2024-09-17 09:55:37.984,414.5138100122584,1001
2024-09-17 09:55:38.005,414.57531018347777,997
2024-09-17 09:55:38.023,414.5551221699307,1004
2024-09-17 09:55:38.078,414.5527222921419,103
2024-09-17 09:55:38.205,414.56665680349647,103
2024-09-17 09:55:38.622,414.5451833719367,1003
2024-09-17 09:55:38.809,414.56153494042127,6
2024-09-17 09:55:38.958,414.5593202530181,99
2024-09-17 09:55:39.012,414.6017537531164,97
2024-09-17 09:55:39.019,414.5262958490358,996
2024-09-17 09:55:39.076,414.55523976591815,996
2024-09-17 09:55:39.085,414.5745180766676,996
2024-09-17 09:55:39.121,414.5838836193796,105
2024-09-17 09:55:39.131,414.5624847028134,9
2024-09-17 09:55:39.144,414.6056328331672,8
2024-09-17 09:55:39.170,414.5495477875556,12
2024-09-17 09:55:39.171,414.5417998629514,998
2024-09-17 09:55:39.213,414.5294795012128,996
2024-09-17 09:55:39.217,-414.5626047510531,97
2024-09-17 09:55:39.254,414.5708177638101,98
2024-09-17 09:55:39.288,414.5969468720341,103
2024-09-17 09:55:39.404,414.5347018302637,9
2024-09-17 09:55:39.442,414.5657417278055,10
2024-09-17 09:55:39.446,414.5285106655591,1005
2024-09-17 09:55:39.479,414.56054840829233,99
2024-09-17 09:55:39.483,414.5453863847552,995
2024-09-17 09:55:39.514,414.5951635505899,8
2024-09-17 09:55:39.691,414.5917892814417,995
2024-09-17 09:55:39.752,414.6018745074803,8
2024-09-17 09:55:39.845,414.5430168122867,996
2024-09-17 09:55:39.885,414.5602977227624,99
2024-09-17 09:55:40.005,414.5891752031395,5
2024-09-17 09:55:40.075,414.5929511938203,1003
2024-09-17 09:55:40.133,414.6294690533445,1000
2024-09-17 09:55:40.170,414.6690149290142,1000
2024-09-17 09:55:40.190,414.5688769496863,98
2024-09-17 09:55:40.239,414.6577416141399,12
2024-09-17 09:55:40.253,414.5950265245533,1001
2024-09-17 09:55:40.276,414.5781108171405,104
2024-09-17 09:55:40.654,,6
2024-09-17 09:55:40.669,414.6664683104342,1004
2024-09-17 09:55:40.730,414.5845628793267,101
2024-09-17 09:55:40.755,414.668231466349,97
2024-09-17 09:55:40.870,414.56944745745415,101
2024-09-17 09:55:40.882,414.6657939084498,999
2024-09-17 09:55:40.908,414.5772851790674,1000
2024-09-17 09:55:40.954,414.64125906490506,1003
2024-09-17 09:55:40.969,414.6020283243721,101
2024-09-17 09:55:41.093,,6
2024-09-17 09:55:41.263,414.67793727572655,8
2024-09-17 09:55:41.288,414.6930986070238,104
2024-09-17 09:55:41.624,41.46424186310429,14
2024-09-17 09:55:41.781,414.6574371024213,6
2024-09-17 09:55:41.876,414.6754858476909,5
2024-09-17 09:55:41.986,,10
2024-09-17 09:55:42.001,414.65315404905294,8
2024-09-17 09:55:42.014,414.6621153696434,1003
2024-09-17 09:55:42.124,414.6496252931054,999
2024-09-17 09:55:42.181,414.6261518767746,1005
2024-09-17 09:55:42.196,414.6726952671585,1004
2024-09-17 09:55:42.257,414.64111451574246,105
2024-09-17 09:55:42.286,414.6512843325075,14
2024-09-17 09:55:42.343,414.64218301205614,101
2024-09-17 09:55:42.440,414.6348729228546,97
2024-09-17 09:55:42.498,414.6605326560043,13
2024-09-17 09:55:42.522,414.6723275641149,102
2024-09-17 09:55:42.604,-414.6347969260145,100
2024-09-17 09:55:42.645,414.6420871330614,6
2024-09-17 09:55:42.647,414.63541369222327,99
2024-09-17 09:55:42.651,414.62961696193423,11
2024-09-17 09:55:42.668,414.65021558998336,7
2024-09-17 09:55:42.821,414.6485098589774,5
2024-09-17 09:55:42.852,414.639847496214,105
2024-09-17 09:55:42.893,414.6476433256244,1002
2024-09-17 09:55:42.913,414.6635434622957,1005
2024-09-17 09:55:43.059,414.6502453375688,1003
2024-09-17 09:55:43.067,414.6837880909492,104
2024-09-17 09:55:43.081,414.6645899515552,998
2024-09-17 09:55:43.212,414.6674776262252,1004
2024-09-17 09:55:43.238,414.6726272464522,104
2024-09-17 09:55:43.270,414.6808311544388,13
2024-09-17 09:55:43.321,414.67049026343096,7
2024-09-17 09:55:43.417,414.6531616804595,97
2024-09-17 09:55:43.427,414.6741393707529,6
2024-09-17 09:55:43.433,414.6635152044334,14
2024-09-17 09:55:43.479,414.6584861185841,1004
2024-09-17 09:55:43.509,414.6589413205652,1002
2024-09-17 09:55:43.535,414.6614614869969,1004
2024-09-17 09:55:43.567,414.6596528321515,96
2024-09-17 09:55:43.575,414.6881927658332,11
2024-09-17 09:55:43.594,414.6492351023375,15
2024-09-17 09:55:43.637,414.6804285553612,1000
2024-09-17 09:55:43.642,414.6410920871594,99
2024-09-17 09:55:43.645,414.6629582699103,1000
2024-09-17 09:55:43.721,414.6485620822118,104
2024-09-17 09:55:43.751,414.6731815760334,997
2024-09-17 09:55:43.804,414.6371928991703,12
2024-09-17 09:55:43.853,414.6640444727484,97
2024-09-17 09:55:43.891,414.6321994592572,98
2024-09-17 09:55:43.896,414.6681287053475,7
2024-09-17 09:55:43.945,414.6821729308306,1000
2024-09-17 09:55:43.953,414.644895878196,13
2024-09-17 09:55:43.971,414.6267400541661,5
2024-09-17 09:55:44.017,414.6615615016887,10
2024-09-17 09:55:44.092,414.69348426585447,995
2024-09-17 09:55:44.128,414.6921416663841,12
2024-09-17 09:55:44.310,414.67387110625486,1000
2024-09-17 09:55:44.352,414.67056187772414,1002
2024-09-17 09:55:44.442,414.6848806296759,9
2024-09-17 09:55:44.455,414.6719460145048,1000
2024-09-17 09:55:44.463,414.6743273905459,102
2024-09-17 09:55:44.585,414.7017411740634,997
2024-09-17 09:55:44.764,414.6819396082224,101
2024-09-17 09:55:45.028,414.7338151208253,996
2024-09-17 09:55:45.038,414.7343737482342,8
2024-09-17 09:55:45.166,414.7041604873576,995
2024-09-17 09:55:45.243,414.7338299020621,13
2024-09-17 09:55:45.264,414.7527931856881,104
2024-09-17 09:55:45.396,414.69371498765486,997
2024-09-17 09:55:45.442,414.74081154702367,12
2024-09-17 09:55:45.519,414.7199814349097,101
2024-09-17 09:55:45.575,414.7418911123612,104
2024-09-17 09:55:45.588,414.7067579823373,997
2024-09-17 09:55:45.612,414.6931376524852,99
2024-09-17 09:55:45.618,414.6831594350634,8
2024-09-17 09:55:45.633,414.7288201351036,996
2024-09-17 09:55:45.657,414.72256998047664,15
2024-09-17 09:55:45.742,414.72678495548814,11
2024-09-17 09:55:45.790,414.72674429764095,10
2024-09-17 09:55:45.896,414.720676639202,99
2024-09-17 09:55:45.945,414.7206764798004,6
2024-09-17 09:55:45.977,414.73018879156064,1005
2024-09-17 09:55:45.983,414.7363242373959,1005
2024-09-17 09:55:46.291,414.7517999122396,995
2024-09-17 09:55:46.540,414.7512350915119,998
2024-09-17 09:55:47.040,414.6995204170057,6
2024-09-17 09:55:47.061,414.7448851986069,104
2024-09-17 09:55:47.147,414.7754460966478,103
2024-09-17 09:55:47.211,414.7386661950637,14
2024-09-17 09:55:47.213,414.7448573057052,11
2024-09-17 09:55:47.224,414.7418163264444,1003
2024-09-17 09:55:47.255,414.6929629409634,10
2024-09-17 09:55:47.281,414.7475839474628,997
2024-09-17 09:55:47.311,414.73769796670297,97
2024-09-17 09:55:47.402,414.7512028591061,998
2024-09-17 09:55:47.419,414.7584344301028,9
2024-09-17 09:55:47.426,414.7453087874554,104
2024-09-17 09:55:47.442,414.7070616536011,11
2024-09-17 09:55:47.499,414.69926776787673,11
2024-09-17 09:55:47.502,414.7377069395887,97
2024-09-17 09:55:47.521,414.7320131309242,13
2024-09-17 09:55:47.566,414.7620255639091,97
2024-09-17 09:55:47.570,414.6940037893812,1005
2024-09-17 09:55:47.572,414.7672937623721,1005
2024-09-17 09:55:47.623,414.730158851714,101
2024-09-17 09:55:47.695,414.7711008134602,97
2024-09-17 09:55:47.722,414.7216185515487,11
2024-09-17 09:55:47.742,414.72326834903714,997
2024-09-17 09:55:47.749,414.73697161672055,98
2024-09-17 09:55:47.754,414.7125713785727,996
2024-09-17 09:55:47.866,414.76736370244777,99
2024-09-17 09:55:47.909,414.73377599774,102
2024-09-17 09:55:47.961,414.7085071618743,95
2024-09-17 09:55:47.971,414.7390910916435,12
2024-09-17 09:55:48.019,414.7644768319109,1001
2024-09-17 09:55:48.039,414.7504706655109,995
2024-09-17 09:55:48.114,414.7634183007869,99
2024-09-17 09:55:48.137,414.7691480082973,1005
2024-09-17 09:55:48.160,414.7588846798148,101
2024-09-17 09:55:48.172,414.7299166403982,96
2024-09-17 09:55:48.235,414.7705031039026,97
2024-09-17 09:55:48.275,414.7640998324391,8
2024-09-17 09:55:48.284,414.76156223299887,8
2024-09-17 09:55:48.288,414.7464263581864,95
2024-09-17 09:55:48.335,414.739813682399,1000
2024-09-17 09:55:48.385,414.73535245616034,1005
2024-09-17 09:55:48.585,414.73194895671816,14
2024-09-17 09:55:48.596,414.72123454770247,1004
2024-09-17 09:55:48.736,414.7386542752645,999
2024-09-17 09:55:48.738,414.7384086415909,999
2024-09-17 09:55:48.833,414.73697683399575,6
2024-09-17 09:55:48.864,414.75367094540536,1000
2024-09-17 09:55:48.864,414.7361669467844,1000
2024-09-17 09:55:48.927,414.7295237731689,13
2024-09-17 09:55:48.929,414.7460255021376,12
2024-09-17 09:55:48.993,414.7339066384233,15
2024-09-17 09:55:49.008,414.8043152906094,996
2024-09-17 09:55:49.043,414.8176450530243,998
2024-09-17 09:55:49.058,414.7958968414184,11
2024-09-17 09:55:49.095,414.79993030764007,996
2024-09-17 09:55:49.189,414.7440296740584,998
2024-09-17 09:55:49.243,414.8148527715714,95
2024-09-17 09:55:49.287,414.8163771650746,1003
2024-09-17 09:55:49.335,414.78034083634407,5
2024-09-17 09:55:49.351,414.797390502754,14
2024-09-17 09:55:49.404,414.77599812462097,999
2024-09-17 09:55:49.561,414.75956161061146,998
2024-09-17 09:55:49.637,414.82574710972864,99
2024-09-17 09:55:49.640,414.7387807819938,105
2024-09-17 09:55:49.642,414.82883720610255,996
2024-09-17 09:55:49.703,414.7911255962799,103
2024-09-17 09:55:49.735,414.757578633428,997
2024-09-17 09:55:49.744,414.8096866339674,103
2024-09-17 09:55:49.794,414.8043885262097,100
2024-09-17 09:55:49.794,414.777944776616,996
2024-09-17 09:55:49.847,414.78396355513286,11
2024-09-17 09:55:49.856,414.8020639183283,12
2024-09-17 09:55:49.867,414.7859750317428,14
2024-09-17 09:55:49.878,414.7950154891948,99
2024-09-17 09:55:49.925,414.8247694842392,8
2024-09-17 09:55:49.930,414.7680319131368,11
2024-09-17 09:55:49.975,414.8018004589029,11
2024-09-17 09:55:50.105,414.8069675408467,996
2024-09-17 09:55:50.218,414.789823822876,1002
2024-09-17 09:55:50.332,414.8008192964102,103
2024-09-17 09:55:50.362,414.7981142566336,104
2024-09-17 09:55:50.398,414.8024263080085,100
2024-09-17 09:55:50.405,414.7935753499892,7
2024-09-17 09:55:50.490,414.8128482465434,10
2024-09-17 09:55:50.573,414.7897625275358,102
2024-09-17 09:55:50.586,414.8110793848452,998
2024-09-17 09:55:50.618,414.7943609195855,11
2024-09-17 09:55:50.692,414.7973961033154,6
2024-09-17 09:55:50.735,414.8038978939847,98
2024-09-17 09:55:50.799,414.7915294306693,95
2024-09-17 09:55:51.044,414.72447109333416,103
2024-09-17 09:55:51.048,414.7945978391917,1000
2024-09-17 09:55:51.057,414.7773694118264,100
2024-09-17 09:55:51.101,414.7151841456686,997
2024-09-17 09:55:51.103,414.7904099404257,1000
2024-09-17 09:55:51.111,414.7693848067714,995
2024-09-17 09:55:51.206,414.8001250299544,15
2024-09-17 09:55:51.269,414.7836270308361,104
2024-09-17 09:55:51.361,414.7629066081895,7
2024-09-17 09:55:51.443,414.7512902877669,999
2024-09-17 09:55:51.474,414.8060163943624,103
2024-09-17 09:55:51.521,-414.7860688317485,104
2024-09-17 09:55:51.532,414.7280199895516,103
2024-09-17 09:55:51.550,414.7479458593424,997
2024-09-17 09:55:51.561,414.771278426544,997
2024-09-17 09:55:51.589,414.7480485914013,6
2024-09-17 09:55:51.598,414.7886331631586,103
2024-09-17 09:55:51.618,414.7930453368661,13
2024-09-17 09:55:51.634,414.7659316848997,9
2024-09-17 09:55:51.648,414.7116250000157,13
2024-09-17 09:55:51.658,414.76880548504175,1000
2024-09-17 09:55:51.763,414.7607192367717,1005
2024-09-17 09:55:51.767,414.7964702527532,95
2024-09-17 09:55:51.817,414.7951157038299,1001
2024-09-17 09:55:51.873,414.769088209193,100
2024-09-17 09:55:52.051,414.6966685099103,100
2024-09-17 09:55:52.134,414.6990475707631,98
2024-09-17 09:55:52.145,414.6854782405717,101
2024-09-17 09:55:52.235,414.7100056588703,996
2024-09-17 09:55:52.393,414.692374871644,95
2024-09-17 09:55:52.589,414.7089590899649,995
2024-09-17 09:55:52.823,414.6960441082168,995
2024-09-17 09:55:52.867,414.70139718946456,99
2024-09-17 09:55:53.001,414.7247774109497,12
2024-09-17 09:55:53.050,414.728297618195,97
2024-09-17 09:55:53.168,414.7136170940389,102
2024-09-17 09:55:53.226,414.7012006279835,997
2024-09-17 09:55:53.281,414.75418209903785,1002
2024-09-17 09:55:53.333,414.73325299834426,8
2024-09-17 09:55:53.393,414.7115217783183,98
2024-09-17 09:55:53.402,414.7580011045181,100
2024-09-17 09:55:53.449,414.7063904916734,102
2024-09-17 09:55:53.472,414.7257805901165,13
2024-09-17 09:55:53.519,414.745730251812,5
2024-09-17 09:55:53.553,414.7233892715323,1005
2024-09-17 09:55:53.566,414.7355282650419,104
2024-09-17 09:55:53.588,414.7480470736045,14
2024-09-17 09:55:53.607,414.7179805627623,1000
2024-09-17 09:55:53.612,414.7134287593499,997
2024-09-17 09:55:53.735,414.741580142401,11
2024-09-17 09:55:53.741,414.7481971188876,997
2024-09-17 09:55:53.767,414.7572419943099,9
2024-09-17 09:55:53.787,414.68865408990985,1003
2024-09-17 09:55:53.812,414.72560197592816,12
2024-09-17 09:55:53.889,414.7083977246293,998
2024-09-17 09:55:53.934,414.6785249306469,999
2024-09-17 09:55:53.994,414.68729168146285,103
2024-09-17 09:55:56.035,414.70849347413554,100
2024-09-17 09:55:56.052,414.6734127667279,96
2024-09-17 09:55:56.101,414.6519557137726,103
2024-09-17 09:55:56.106,414.6961356750767,98
2024-09-17 09:55:56.113,414.6565532500735,1003
2024-09-17 09:55:56.121,414.69982347107054,1005
2024-09-17 09:55:56.122,414.686047587914,1001
2024-09-17 09:55:56.205,414.64609137946985,9
2024-09-17 09:55:56.232,414.7091755035992,995
2024-09-17 09:55:56.299,414.7465512477109,1001
2024-09-17 09:55:56.325,414.7050902996567,5
2024-09-17 09:55:56.344,414.6982144663834,8
2024-09-17 09:55:56.386,414.6826630232315,104
2024-09-17 09:55:56.402,414.7127460831194,10
2024-09-17 09:55:56.438,414.7443992698361,8
2024-09-17 09:55:56.632,414.6710963395005,1002
2024-09-17 09:55:56.651,414.7151380369966,95
2024-09-17 09:55:56.725,414.7004296446119,96
2024-09-17 09:55:56.748,414.656752136197,996
2024-09-17 09:55:56.752,414.7086610929718,10
2024-09-17 09:55:56.765,414.6673575126952,10
2024-09-17 09:55:56.824,414.7046768462527,96
2024-09-17 09:55:56.844,414.686635850095,10
2024-09-17 09:55:56.850,414.7241625018953,96
2024-09-17 09:55:56.998,414.6947782978425,99
2024-09-17 09:55:57.001,414.7241282217266,1002
2024-09-17 09:55:57.005,414.7217859924922,1001
2024-09-17 09:55:57.159,414.7080344039011,1002
2024-09-17 09:55:57.173,414.6934336478942,8
2024-09-17 09:55:57.175,414.7319730795825,98
2024-09-17 09:55:57.180,414.7352273547622,6
2024-09-17 09:55:57.212,,105
2024-09-17 09:55:57.256,414.7318101032999,997
2024-09-17 09:55:57.274,414.72788789605664,104
2024-09-17 09:55:57.328,414.70764615402686,8
2024-09-17 09:55:57.393,414.7032523811209,9
2024-09-17 09:55:57.398,414.73594655128215,15
2024-09-17 09:55:57.447,414.7314718254876,14
2024-09-17 09:55:57.504,414.72820255347926,98
2024-09-17 09:55:57.603,414.7344446062721,100
2024-09-17 09:55:57.671,414.7139722294664,96
2024-09-17 09:55:57.698,414.7133875963245,95
2024-09-17 09:55:57.716,414.72163563831367,997
2024-09-17 09:55:57.759,414.7002764149617,1002
2024-09-17 09:55:57.854,414.7256423954559,1003
2024-09-17 09:55:57.855,414.7248810205612,15
2024-09-17 09:55:57.864,414.7513618643135,1001
2024-09-17 09:55:57.890,414.7261374973517,14
2024-09-17 09:55:57.894,414.7526306498635,95
2024-09-17 09:55:57.902,414.7226291444184,1002
2024-09-17 09:55:57.907,414.71889881733273,100
2024-09-17 09:55:57.919,414.7524531495091,1005
2024-09-17 09:55:58.059,414.68517058105,99
2024-09-17 09:55:58.094,414.7057053521986,995
2024-09-17 09:55:58.168,414.6727808122862,7
2024-09-17 09:55:58.331,414.6958019413374,999
2024-09-17 09:55:58.386,414.69249861281264,997
2024-09-17 09:55:58.398,414.6810570818142,999
2024-09-17 09:55:58.577,414.68559264229873,997
2024-09-17 09:55:58.593,414.6995458521809,5
2024-09-17 09:55:58.733,41.47016420693439,997
2024-09-17 09:55:58.811,414.6986208604989,13
2024-09-17 09:55:58.993,414.6973146910152,1004
2024-09-17 09:55:59.300,414.6848515556339,104
2024-09-17 09:55:59.341,414.6743424242006,101
2024-09-17 09:55:59.648,414.6843235764564,1003
2024-09-17 09:55:59.684,41.46826254910175,96
2024-09-17 09:55:59.718,414.70802771757593,102
2024-09-17 09:55:59.739,414.6764148243104,95
2024-09-17 09:55:59.764,414.6971959379013,999
2024-09-17 09:55:59.814,414.7054076512577,100
2024-09-17 09:55:59.930,414.699216103424,100
2024-09-17 09:55:59.952,414.6973529917457,100
