Timestamp,Price,Size
2024-09-16 10:29:00.288,417.9007522729581,105
2024-09-16 10:29:00.710,417.8797614773093,7
2024-09-16 10:29:00.762,417.9184974162735,5
2024-09-16 10:29:01.115,417.8410331025977,1002
2024-09-16 10:29:01.225,417.8654820465629,1001
2024-09-16 10:29:01.227,417.8868871018286,12
2024-09-16 10:29:01.288,417.870308673918,96
2024-09-16 10:29:01.344,417.85198238678726,1001
2024-09-16 10:29:01.392,417.8437441199424,5
2024-09-16 10:29:01.394,-417.8380815526653,1003
2024-09-16 10:29:01.491,417.8716157356845,5
2024-09-16 10:29:01.553,417.8844413334331,95
2024-09-16 10:29:01.851,417.8759567725541,98
2024-09-16 10:29:01.878,417.8829893912603,13
2024-09-16 10:29:02.040,-417.9297301057156,7
2024-09-16 10:29:02.043,417.9155784704618,99
2024-09-16 10:29:02.056,417.895429012044,7
2024-09-16 10:29:02.076,417.9393127498686,1000
2024-09-16 10:29:02.209,417.9347469787626,99
2024-09-16 10:29:02.221,417.938873118536,5
2024-09-16 10:29:02.222,417.9508608918864,7
2024-09-16 10:29:02.314,417.8752625385909,95
2024-09-16 10:29:02.351,417.9253727192515,95
2024-09-16 10:29:02.404,417.9235948381324,105
2024-09-16 10:29:02.410,417.9168719382884,95
2024-09-16 10:29:02.459,417.9218467452212,7
2024-09-16 10:29:02.480,417.9324933679175,6
2024-09-16 10:29:02.497,417.944158094039,999
2024-09-16 10:29:02.536,417.8891391180339,103
2024-09-16 10:29:02.619,417.9077017167074,6
2024-09-16 10:29:02.630,41.78980021299279,96
2024-09-16 10:29:02.654,417.94155591486106,12
2024-09-16 10:29:02.698,417.8765621237768,1003
2024-09-16 10:29:02.768,417.8894248657035,100
2024-09-16 10:29:02.844,417.8919733922826,98
2024-09-16 10:29:02.847,417.9287570397562,99
2024-09-16 10:29:02.881,417.8947465616289,1004
2024-09-16 10:29:02.974,41.79337616792986,5
2024-09-16 10:29:02.976,417.91478005124,10
2024-09-16 10:29:03.079,417.9027095990618,13
2024-09-16 10:29:03.249,,101
2024-09-16 10:29:03.561,417.8982358156201,996
2024-09-16 10:29:03.585,417.9059688407282,1000
2024-09-16 10:29:03.752,417.9110185680062,104
2024-09-16 10:29:03.786,417.9008783778887,1004
2024-09-16 10:29:03.845,417.9000266026463,100
2024-09-16 10:29:04.190,417.9102661730512,95
2024-09-16 10:29:05.023,417.9372384747575,6
2024-09-16 10:29:05.045,417.97566242382425,102
2024-09-16 10:29:05.129,417.8751696249712,1003
2024-09-16 10:29:05.141,417.9160187791046,100
2024-09-16 10:29:05.145,417.8965731656412,96
2024-09-16 10:29:05.222,417.89147017429127,105
2024-09-16 10:29:05.256,417.9844169555744,998
2024-09-16 10:29:05.317,417.9244883369055,7
2024-09-16 10:29:05.391,418.0173625972103,97
2024-09-16 10:29:05.484,417.8740105066201,1000
2024-09-16 10:29:05.526,417.9986473928749,1000
2024-09-16 10:29:05.577,417.93315821826354,11
2024-09-16 10:29:05.586,417.9765793934133,95
2024-09-16 10:29:05.628,417.98433951633416,7
2024-09-16 10:29:05.663,417.9205636846081,98
2024-09-16 10:29:05.695,417.9874375075832,102
2024-09-16 10:29:05.888,418.0028360892565,97
2024-09-16 10:29:05.961,417.9230066138784,10
2024-09-16 10:29:05.962,417.88339706200645,996
2024-09-16 10:29:05.973,417.9690921488971,995
2024-09-16 10:29:05.995,417.88173369371015,103
2024-09-16 10:29:06.103,418.0283837954768,98
2024-09-16 10:29:06.130,418.0037752782252,1004
2024-09-16 10:29:06.256,418.0074168733488,97
2024-09-16 10:29:06.285,418.045968445931,11
2024-09-16 10:29:06.506,418.0422698963234,1000
2024-09-16 10:29:06.663,418.0081144002072,8
2024-09-16 10:29:06.745,418.0363281908364,999
2024-09-16 10:29:06.791,418.0183750041846,7
2024-09-16 10:29:06.834,418.016367142315,104
2024-09-16 10:29:06.856,418.0245229826276,102
2024-09-16 10:29:06.924,418.02534558095965,997
2024-09-16 10:29:06.986,418.0066414890099,6
2024-09-16 10:29:07.081,418.02952343664913,7
2024-09-16 10:29:07.106,418.0083381267187,995
2024-09-16 10:29:07.266,418.02388482631295,999
2024-09-16 10:29:07.326,417.9790827931891,10
2024-09-16 10:29:07.373,418.0059129316952,10
2024-09-16 10:29:07.394,418.0276723715523,101
2024-09-16 10:29:07.437,417.99537727145554,102
2024-09-16 10:29:07.448,417.9889440956268,99
2024-09-16 10:29:07.520,417.9994537498916,100
2024-09-16 10:29:07.531,417.98838161617766,997
2024-09-16 10:29:07.568,417.97918994750125,1005
2024-09-16 10:29:07.577,417.9954283190477,104
2024-09-16 10:29:07.616,418.001228030091,103
2024-09-16 10:29:07.621,418.0078844914392,101
2024-09-16 10:29:07.630,418.0138453503774,6
2024-09-16 10:29:07.726,417.9917627850556,1003
2024-09-16 10:29:07.736,417.9996818357969,1000
2024-09-16 10:29:07.789,41.80010247304664,1005
2024-09-16 10:29:07.984,,95
2024-09-16 10:29:08.014,,102
2024-09-16 10:29:08.032,418.0091758628925,105
2024-09-16 10:29:08.040,418.041725782299,997
2024-09-16 10:29:08.169,417.9809385452244,996
2024-09-16 10:29:08.179,417.9870946052149,998
2024-09-16 10:29:08.262,,12
2024-09-16 10:29:08.301,418.0409776216776,10
2024-09-16 10:29:08.352,418.0071956934355,995
2024-09-16 10:29:08.423,418.03457177359263,5
2024-09-16 10:29:08.501,418.0153529936353,1004
2024-09-16 10:29:08.509,417.9927896755248,7
2024-09-16 10:29:08.525,417.9700996908621,96
2024-09-16 10:29:08.572,417.9964702814443,1002
2024-09-16 10:29:08.636,417.9638442995215,103
2024-09-16 10:29:08.639,418.0198683939011,1001
2024-09-16 10:29:08.661,417.9866785898943,97
2024-09-16 10:29:08.700,418.00229286239096,1005
2024-09-16 10:29:08.746,417.9952305719065,15
2024-09-16 10:29:08.747,418.0000583837232,1003
2024-09-16 10:29:08.750,418.020268779945,95
2024-09-16 10:29:08.763,418.0063846037044,1004
2024-09-16 10:29:08.776,418.0240493289966,15
2024-09-16 10:29:08.844,417.975298322508,102
2024-09-16 10:29:08.910,418.0015938613385,102
2024-09-16 10:29:08.929,418.0105408257385,996
2024-09-16 10:29:08.944,418.0382223305898,99
2024-09-16 10:29:08.974,418.0267238445738,95
2024-09-16 10:29:08.995,417.9884587205964,100
2024-09-16 10:29:09.052,418.0390129042747,14
2024-09-16 10:29:09.067,418.04653638200784,97
2024-09-16 10:29:09.068,418.0483172983125,103
2024-09-16 10:29:09.124,418.0602221458189,13
2024-09-16 10:29:09.243,418.0462431171176,997
2024-09-16 10:29:09.257,418.0610400829452,997
2024-09-16 10:29:09.281,418.0597218040188,5
2024-09-16 10:29:09.305,418.0513362311447,1000
2024-09-16 10:29:09.371,418.06559215331583,996
2024-09-16 10:29:09.375,418.0477155884896,998
2024-09-16 10:29:09.484,418.072186008588,1002
2024-09-16 10:29:09.567,418.0556833011349,1005
2024-09-16 10:29:09.617,418.0484078040178,1001
2024-09-16 10:29:09.768,418.049596167958,103
2024-09-16 10:29:09.923,418.0468764886151,99
2024-09-16 10:29:10.045,417.9710131952824,103
2024-09-16 10:29:10.057,418.05300662360384,10
2024-09-16 10:29:10.057,418.0282574416789,13
2024-09-16 10:29:10.115,417.9433134648819,95
2024-09-16 10:29:10.129,417.9360290176048,1002
2024-09-16 10:29:10.137,418.0210926066216,998
2024-09-16 10:29:10.139,418.02195945474,996
2024-09-16 10:29:10.142,418.0217458065952,15
2024-09-16 10:29:10.143,417.9739084790633,12
2024-09-16 10:29:10.199,418.0284881612961,103
2024-09-16 10:29:10.273,418.0347566604621,1004
2024-09-16 10:29:10.325,,998
2024-09-16 10:29:10.358,417.9352713118833,995
2024-09-16 10:29:10.412,417.9435060423712,7
2024-09-16 10:29:10.566,417.9696793505855,998
2024-09-16 10:29:10.576,418.0110009959821,96
2024-09-16 10:29:10.674,417.9935541723491,1005
2024-09-16 10:29:10.681,418.0156072073378,100
2024-09-16 10:29:10.702,418.02582205707546,999
2024-09-16 10:29:10.749,418.0247216350462,8
2024-09-16 10:29:10.758,417.9780798637214,1003
2024-09-16 10:29:10.780,417.9468597581371,1001
2024-09-16 10:29:10.889,418.0401330614024,102
2024-09-16 10:29:10.893,418.0199915054616,1000
2024-09-16 10:29:10.901,417.9440973460948,7
2024-09-16 10:29:10.916,417.9629578191496,10
2024-09-16 10:29:10.934,418.0134831317088,100
2024-09-16 10:29:11.375,-417.93880493601,100
2024-09-16 10:29:12.001,417.9181651473188,102
2024-09-16 10:29:12.048,417.9443652399629,103
2024-09-16 10:29:12.135,417.93505690122856,105
2024-09-16 10:29:12.181,417.9174993290237,104
2024-09-16 10:29:12.304,417.9473192236416,11
2024-09-16 10:29:12.488,417.8873844552378,103
2024-09-16 10:29:12.630,417.9079851049712,8
2024-09-16 10:29:12.835,417.95348997759095,8
2024-09-16 10:29:12.851,417.9487438418914,1004
2024-09-16 10:29:12.899,417.922835215392,14
2024-09-16 10:29:13.081,417.897563764227,96
2024-09-16 10:29:13.173,417.8906744776316,11
2024-09-16 10:29:13.440,417.8896568927676,14
2024-09-16 10:29:13.521,417.89259270083136,998
2024-09-16 10:29:13.544,417.8964593560308,1001
2024-09-16 10:29:13.593,,1005
2024-09-16 10:29:13.614,417.8932228075856,998
2024-09-16 10:29:13.828,417.90704340373935,997
2024-09-16 10:29:13.870,417.8887669312429,98
2024-09-16 10:29:14.031,417.8997007180327,995
2024-09-16 10:29:14.051,417.8812928237051,10
2024-09-16 10:29:14.083,417.8802380683553,15
2024-09-16 10:29:14.179,417.903910569352,7
2024-09-16 10:29:14.358,417.89916534699233,11
2024-09-16 10:29:14.383,417.9169125590967,102
2024-09-16 10:29:14.435,417.942868902372,102
2024-09-16 10:29:14.632,417.8949924529576,9
2024-09-16 10:29:14.637,417.9010366276176,6
2024-09-16 10:29:14.718,417.9149220256848,1005
2024-09-16 10:29:14.737,417.9077134221244,100
2024-09-16 10:29:14.876,417.9059109183059,997
2024-09-16 10:29:14.978,417.9044682944594,1005
2024-09-16 10:29:14.990,417.9187776926957,100
2024-09-16 10:29:15.013,417.9855183776921,995
2024-09-16 10:29:15.061,417.9759723313365,10
2024-09-16 10:29:15.111,417.9598541588553,8
2024-09-16 10:29:15.234,417.9638232440067,995
2024-09-16 10:29:15.281,417.9637036252242,10
2024-09-16 10:29:15.283,417.9601103787824,1003
2024-09-16 10:29:15.418,,6
2024-09-16 10:29:15.422,417.9733126730692,102
2024-09-16 10:29:15.522,417.9663661261654,13
2024-09-16 10:29:15.585,417.97542767072446,11
2024-09-16 10:29:15.608,417.95424566193134,99
2024-09-16 10:29:15.621,417.9705347405489,100
2024-09-16 10:29:15.897,417.9757839465807,10
2024-09-16 10:29:15.913,417.96981999866586,12
2024-09-16 10:29:15.937,417.9712280654874,11
2024-09-16 10:29:15.997,417.9697868005099,95
2024-09-16 10:29:16.006,417.9681104676287,105
2024-09-16 10:29:16.022,417.9597443357644,999
2024-09-16 10:29:16.136,417.9745521094344,105
2024-09-16 10:29:16.147,417.9378136103081,105
2024-09-16 10:29:16.192,417.9376937799928,99
2024-09-16 10:29:16.312,417.9670221211717,103
2024-09-16 10:29:16.454,417.9609474556312,1000
2024-09-16 10:29:17.007,417.9514031649585,1003
2024-09-16 10:29:17.018,,8
2024-09-16 10:29:17.243,417.93339984647895,997
2024-09-16 10:29:17.354,417.9307718437652,1003
2024-09-16 10:29:17.463,417.9381694963503,100
2024-09-16 10:29:17.545,417.9697989454714,9
2024-09-16 10:29:17.549,417.92328392486775,6
2024-09-16 10:29:17.568,417.9557754946714,999
2024-09-16 10:29:17.622,417.9343395500301,105
2024-09-16 10:29:17.683,417.94462300447606,101
2024-09-16 10:29:17.743,417.9312738423396,105
2024-09-16 10:29:17.814,417.9278022554291,1000
2024-09-16 10:29:17.821,417.9428572872121,1000
2024-09-16 10:29:17.940,417.9449516679814,101
2024-09-16 10:29:17.941,417.9441708188432,96
2024-09-16 10:29:17.964,417.95278120079206,101
2024-09-16 10:29:17.990,417.9531094042823,101
2024-09-16 10:29:18.020,417.9846840451019,995
2024-09-16 10:29:18.034,418.0853051428122,999
2024-09-16 10:29:18.043,417.98584180103006,10
2024-09-16 10:29:18.105,418.0351792658613,996
2024-09-16 10:29:18.129,418.0133322616272,1002
2024-09-16 10:29:18.262,417.96731557354,998
2024-09-16 10:29:18.280,418.02814108678336,97
2024-09-16 10:29:18.327,418.0201828988424,98
2024-09-16 10:29:18.391,418.078088040402,105
2024-09-16 10:29:18.448,418.0253173166468,6
2024-09-16 10:29:18.461,41.80722131797972,1004
2024-09-16 10:29:18.594,418.02820464990265,1005
2024-09-16 10:29:18.612,418.0290190213273,1003
2024-09-16 10:29:18.662,418.088319756135,998
2024-09-16 10:29:18.692,418.030283869344,15
2024-09-16 10:29:18.814,418.0028993853382,12
2024-09-16 10:29:18.820,418.0273647057052,99
2024-09-16 10:29:18.850,418.03223774703054,98
2024-09-16 10:29:18.871,418.03980483036776,13
2024-09-16 10:29:18.872,417.97366803417646,6
2024-09-16 10:29:18.923,418.0354227366502,1001
2024-09-16 10:29:18.959,418.0118466495782,1005
2024-09-16 10:29:19.070,418.0254275890968,13
2024-09-16 10:29:19.091,418.0160964104554,1003
2024-09-16 10:29:19.150,418.0700788037915,99
2024-09-16 10:29:19.210,418.0199293305585,1000
2024-09-16 10:29:19.301,418.0453580496669,1002
2024-09-16 10:29:19.478,418.06124813051696,99
2024-09-16 10:29:19.513,418.0140309440863,1000
2024-09-16 10:29:19.549,418.0257413942068,97
2024-09-16 10:29:20.035,418.02698993233497,100
2024-09-16 10:29:20.117,418.0694052466381,995
2024-09-16 10:29:20.137,418.0501676899578,1002
2024-09-16 10:29:20.163,418.0758658506749,1001
2024-09-16 10:29:20.206,418.0697211358084,1000
2024-09-16 10:29:20.218,418.0687602901566,99
2024-09-16 10:29:20.262,418.0755150827199,6
2024-09-16 10:29:20.314,418.06040520047634,13
2024-09-16 10:29:20.323,418.08014071831184,102
2024-09-16 10:29:20.380,418.02249472811405,6
2024-09-16 10:29:20.421,418.0438841689991,14
2024-09-16 10:29:20.435,418.0498671332475,96
2024-09-16 10:29:20.464,418.06105655222007,101
2024-09-16 10:29:20.480,418.0413013796285,102
2024-09-16 10:29:20.529,418.0274631375274,104
2024-09-16 10:29:20.601,418.1009502733432,1003
2024-09-16 10:29:20.639,418.0621007432345,999
2024-09-16 10:29:20.695,418.0126533714695,101
2024-09-16 10:29:20.768,418.0749225156103,15
2024-09-16 10:29:20.793,418.0559157672288,98
2024-09-16 10:29:20.863,418.07269280802944,7
2024-09-16 10:29:20.910,418.08135844052833,13
2024-09-16 10:29:20.935,418.0618177655053,13
2024-09-16 10:29:20.993,418.08775305411,9
2024-09-16 10:29:21.303,418.05580554428286,999
2024-09-16 10:29:21.627,418.0671510418713,996
2024-09-16 10:29:21.654,418.0309059594344,15
2024-09-16 10:29:21.748,418.0688720667944,1000
2024-09-16 10:29:21.827,418.0419035990271,13
2024-09-16 10:29:21.916,418.05526294859584,14
2024-09-16 10:29:22.020,417.98381458108224,12
2024-09-16 10:29:22.083,418.0023355361838,1003
2024-09-16 10:29:22.089,417.9907257024494,5
2024-09-16 10:29:22.108,417.9963015040088,96
2024-09-16 10:29:22.130,417.9998488849753,95
2024-09-16 10:29:22.173,41.80073654647913,999
2024-09-16 10:29:22.238,418.0296408720535,5
2024-09-16 10:29:22.242,418.0485066555287,1005
2024-09-16 10:29:22.248,418.0501344612522,95
2024-09-16 10:29:22.424,417.9794795299984,6
2024-09-16 10:29:22.475,418.0429583927871,9
2024-09-16 10:29:22.518,418.0342391920639,1002
2024-09-16 10:29:22.520,418.0589147722106,8
2024-09-16 10:29:22.540,417.9947832819651,15
2024-09-16 10:29:22.619,418.0092577151471,97
2024-09-16 10:29:22.692,418.06099756376886,13
2024-09-16 10:29:22.700,418.0359268993781,1004
2024-09-16 10:29:22.716,418.0041791100351,1004
2024-09-16 10:29:22.735,418.0169181352151,15
2024-09-16 10:29:22.736,418.0041187858463,6
2024-09-16 10:29:22.802,417.9893896338572,11
2024-09-16 10:29:22.818,417.985850403657,1005
2024-09-16 10:29:22.861,418.0517733279332,98
2024-09-16 10:29:22.873,418.0318024246915,1005
2024-09-16 10:29:22.917,418.005600980153,5
2024-09-16 10:29:22.961,418.0161197338466,12
2024-09-16 10:29:23.110,418.01738191011896,9
2024-09-16 10:29:23.148,418.0240605888767,1005
2024-09-16 10:29:23.171,417.9947285763884,1002
2024-09-16 10:29:23.256,418.0084671863348,11
2024-09-16 10:29:23.312,418.03883250635886,996
2024-09-16 10:29:23.355,417.98258078094034,1004
2024-09-16 10:29:23.482,417.98085465248187,101
2024-09-16 10:29:23.578,,98
2024-09-16 10:29:23.601,418.0195154382041,995
2024-09-16 10:29:23.667,417.9745972957327,14
2024-09-16 10:29:23.746,418.0382165319703,1000
2024-09-16 10:29:23.754,417.9930570012656,9
2024-09-16 10:29:23.836,418.031053208359,10
2024-09-16 10:29:24.012,417.96520996988687,97
2024-09-16 10:29:24.019,418.047681566308,5
2024-09-16 10:29:24.055,418.0457301865961,5
2024-09-16 10:29:24.059,418.0311599951828,1002
2024-09-16 10:29:24.061,418.0088111582084,995
2024-09-16 10:29:24.068,418.0529532950856,13
2024-09-16 10:29:24.142,418.04832423629017,99
2024-09-16 10:29:24.264,418.0632445603213,98
2024-09-16 10:29:24.297,418.0052315233492,101
2024-09-16 10:29:24.322,418.0570438014324,104
2024-09-16 10:29:24.323,418.02433502442926,12
2024-09-16 10:29:24.341,418.0518611787962,95
2024-09-16 10:29:24.406,418.0215311306479,999
2024-09-16 10:29:24.428,417.99596918347015,104
2024-09-16 10:29:24.464,418.0204908603152,1005
2024-09-16 10:29:24.552,418.06259585529546,100
2024-09-16 10:29:24.552,418.0210461238637,14
2024-09-16 10:29:24.718,418.0531461591169,1005
2024-09-16 10:29:24.803,418.0301770304667,995
2024-09-16 10:29:24.814,418.0483031367272,8
2024-09-16 10:29:24.863,418.0496859773909,10
2024-09-16 10:29:24.897,418.016772553662,98
2024-09-16 10:29:24.925,417.9943156895688,996
2024-09-16 10:29:24.929,418.0350081163923,1003
2024-09-16 10:29:24.959,418.0308957380105,15
2024-09-16 10:29:24.980,41.80091342283343,8
2024-09-16 10:29:25.051,417.9908305532629,13
2024-09-16 10:29:25.166,417.9328931725444,105
2024-09-16 10:29:25.189,417.90599881047456,105
2024-09-16 10:29:25.223,417.9529542984912,13
2024-09-16 10:29:25.252,417.9190757838105,995
2024-09-16 10:29:25.275,417.9306311072101,1000
2024-09-16 10:29:25.375,417.9664629428678,1001
2024-09-16 10:29:25.399,417.94073994001616,100
2024-09-16 10:29:25.430,417.96530089525066,999
2024-09-16 10:29:25.466,417.897470988912,1001
2024-09-16 10:29:25.581,417.9715825797689,999
2024-09-16 10:29:25.610,417.95988184184375,11
2024-09-16 10:29:25.655,417.9061659249252,95
2024-09-16 10:29:25.706,417.9800700223522,1000
2024-09-16 10:29:25.709,417.9978901387667,1001
2024-09-16 10:29:25.739,417.95736965484537,97
2024-09-16 10:29:25.756,417.9754081611628,1003
2024-09-16 10:29:25.771,417.9720452500658,997
2024-09-16 10:29:25.800,417.9733729733561,97
2024-09-16 10:29:25.802,417.90343407559993,102
2024-09-16 10:29:25.833,417.9039879884911,11
2024-09-16 10:29:25.884,417.9794173295653,1001
2024-09-16 10:29:25.915,417.9312069521139,11
2024-09-16 10:29:25.927,417.9878952108134,100
2024-09-16 10:29:26.051,417.9628655413051,98
2024-09-16 10:29:26.100,417.9758410743328,999
2024-09-16 10:29:26.141,417.9648245430153,5
2024-09-16 10:29:26.165,417.9567851203888,995
2024-09-16 10:29:26.259,417.9451470590238,99
2024-09-16 10:29:26.337,417.9486989191913,100
2024-09-16 10:29:26.361,417.9677211114957,105
2024-09-16 10:29:26.390,417.9647648719855,6
2024-09-16 10:29:26.416,417.9492244531989,8
2024-09-16 10:29:26.558,417.9699701456552,6
2024-09-16 10:29:26.656,417.9623648865348,1003
2024-09-16 10:29:26.720,417.95996053395015,15
2024-09-16 10:29:26.720,417.94608440437406,7
2024-09-16 10:29:26.760,417.9714735460633,12
2024-09-16 10:29:26.768,417.9471092412538,96
2024-09-16 10:29:26.788,417.9895500045092,12
2024-09-16 10:29:26.793,417.969634333191,1001
2024-09-16 10:29:26.846,417.9619739304516,995
2024-09-16 10:29:26.870,417.9679638614236,11
2024-09-16 10:29:26.871,417.9768877647601,13
2024-09-16 10:29:26.883,417.9643323759017,1004
2024-09-16 10:29:26.884,417.9751071996541,11
2024-09-16 10:29:26.890,417.96659137136135,6
2024-09-16 10:29:26.927,417.9681820460312,1002
2024-09-16 10:29:27.158,417.9523087434237,1005
2024-09-16 10:29:27.180,417.9438754928593,997
2024-09-16 10:29:27.295,417.9592930162355,100
2024-09-16 10:29:27.336,417.9686384273123,10
2024-09-16 10:29:27.368,417.9502766574546,5
2024-09-16 10:29:27.410,417.9490353896069,8
2024-09-16 10:29:27.440,417.94334287838313,999
2024-09-16 10:29:27.477,417.9655238388301,1003
2024-09-16 10:29:27.613,417.98092999262576,998
2024-09-16 10:29:27.645,417.9509206491755,6
2024-09-16 10:29:27.671,417.9508643769151,96
2024-09-16 10:29:27.681,417.94408858277336,999
2024-09-16 10:29:27.714,417.9628547628725,10
2024-09-16 10:29:27.742,417.95436457671417,998
2024-09-16 10:29:27.806,417.9688213570281,105
2024-09-16 10:29:27.815,417.9643988936644,12
2024-09-16 10:29:27.888,417.96988826263686,105
2024-09-16 10:29:28.013,417.9496542759897,96
2024-09-16 10:29:28.066,417.9645505648496,11
2024-09-16 10:29:28.081,,999
2024-09-16 10:29:28.183,417.8995635199318,1004
2024-09-16 10:29:28.184,417.88359795135233,6
2024-09-16 10:29:28.221,417.94993653841306,103
2024-09-16 10:29:28.322,417.9487040491194,7
2024-09-16 10:29:28.387,417.96862939931526,10
2024-09-16 10:29:28.460,417.9027686087779,101
2024-09-16 10:29:28.474,417.9415772571427,96
2024-09-16 10:29:28.479,417.99515987290494,98
2024-09-16 10:29:28.520,417.9837026258496,99
2024-09-16 10:29:28.538,417.95327140372,1000
2024-09-16 10:29:28.623,-417.9306107747103,5
2024-09-16 10:29:28.647,417.9518403287951,103
2024-09-16 10:29:28.692,417.8867503294713,997
2024-09-16 10:29:28.808,417.9638861777852,1004
2024-09-16 10:29:28.893,417.9158997923706,11
2024-09-16 10:29:28.901,417.9539111858996,1000
2024-09-16 10:29:28.995,417.8775433904102,13
2024-09-16 10:29:29.061,417.9896919172776,104
2024-09-16 10:29:29.141,418.02874256294814,96
2024-09-16 10:29:29.192,417.99121832927193,104
2024-09-16 10:29:29.280,417.9881904151011,998
2024-09-16 10:29:29.281,417.9991553415111,1005
2024-09-16 10:29:29.306,418.0128741712037,6
2024-09-16 10:29:29.312,417.9641636583682,8
2024-09-16 10:29:29.356,417.9436024040918,8
2024-09-16 10:29:29.356,417.9974159911385,1005
2024-09-16 10:29:29.380,418.0171714446175,104
2024-09-16 10:29:29.471,417.97939892261553,12
2024-09-16 10:29:29.478,418.0318709432811,96
2024-09-16 10:29:29.540,417.9668296249432,102
2024-09-16 10:29:29.660,418.00806695116654,996
2024-09-16 10:29:29.778,418.0296833016635,999
2024-09-16 10:29:29.871,418.023952071089,1004
2024-09-16 10:29:29.898,417.9722315062938,999
2024-09-16 10:29:29.910,417.9857267040704,15
2024-09-16 10:29:29.985,417.9384218223214,1000
2024-09-16 10:29:30.012,417.9233908085301,998
2024-09-16 10:29:30.097,417.9992970198079,105
2024-09-16 10:29:30.102,417.9123118646987,10
2024-09-16 10:29:30.118,418.0012130426626,104
2024-09-16 10:29:30.119,417.95212905273473,1005
2024-09-16 10:29:30.147,418.0060410879569,1005
2024-09-16 10:29:30.184,417.92420695691055,98
2024-09-16 10:29:30.241,418.008033611548,96
2024-09-16 10:29:30.262,417.9936012331757,5
2024-09-16 10:29:30.284,417.9453931235984,7
2024-09-16 10:29:30.329,417.9776758243603,102
2024-09-16 10:29:30.332,417.9232328940932,96
2024-09-16 10:29:30.368,417.9881904386292,998
2024-09-16 10:29:30.466,418.0080344330729,1001
2024-09-16 10:29:30.478,417.9922514361929,5
2024-09-16 10:29:30.522,417.9842450016389,98
2024-09-16 10:29:30.533,417.8988252596546,995
2024-09-16 10:29:30.578,417.9807378311596,99
2024-09-16 10:29:30.621,417.9206059663163,1002
2024-09-16 10:29:30.775,417.9023832445352,1001
2024-09-16 10:29:30.790,418.0110049782725,100
2024-09-16 10:29:30.811,417.9641918032516,95
2024-09-16 10:29:30.857,417.9975253246293,95
2024-09-16 10:29:30.902,417.9329451002512,96
2024-09-16 10:29:30.940,417.96271385676994,5
2024-09-16 10:29:30.953,417.9973094052568,15
2024-09-16 10:29:30.975,418.010587270622,995
2024-09-16 10:29:30.982,417.91425648339066,999
2024-09-16 10:29:31.059,418.041943549376,7
2024-09-16 10:29:31.133,418.0159321711968,6
2024-09-16 10:29:31.272,418.0472918518106,1003
2024-09-16 10:29:31.284,418.0025968279828,1004
2024-09-16 10:29:31.373,418.0169599433933,96
2024-09-16 10:29:31.466,418.044307722003,5
2024-09-16 10:29:31.544,418.0090807100541,1000
2024-09-16 10:29:31.609,418.0529633191612,95
2024-09-16 10:29:31.662,418.0114269883818,12
2024-09-16 10:29:31.675,418.0304477435423,99
2024-09-16 10:29:31.696,418.0392292178229,1003
2024-09-16 10:29:31.766,418.0353373622498,999
2024-09-16 10:29:31.776,417.9866694981162,1003
2024-09-16 10:29:31.799,418.0244015143464,7
2024-09-16 10:29:31.828,418.0622780150887,996
2024-09-16 10:29:31.842,418.0513355186545,9
2024-09-16 10:29:31.850,418.0240503678158,5
2024-09-16 10:29:31.857,417.996111828124,1005
2024-09-16 10:29:31.916,418.0228794708592,7
2024-09-16 10:29:32.066,418.0707968891231,104
2024-09-16 10:29:32.190,418.0609540723499,99
2024-09-16 10:29:32.261,418.06628875734674,15
2024-09-16 10:29:32.268,418.0587615710505,13
2024-09-16 10:29:32.342,418.0552041887211,14
2024-09-16 10:29:32.353,418.0706144909884,14
2024-09-16 10:29:32.400,418.0587103486284,1002
2024-09-16 10:29:32.425,418.0600207142592,101
2024-09-16 10:29:32.495,418.03917494623306,95
2024-09-16 10:29:32.567,418.075239645631,1004
2024-09-16 10:29:32.664,418.0488708799628,1003
2024-09-16 10:29:32.682,418.0616375671573,101
2024-09-16 10:29:32.682,418.01460229324215,999
2024-09-16 10:29:32.735,418.05568491005687,95
2024-09-16 10:29:32.755,418.0442695804642,97
2024-09-16 10:29:32.823,418.0392425231783,13
2024-09-16 10:29:32.848,418.057716457542,10
2024-09-16 10:29:32.946,418.0440725412907,996
2024-09-16 10:29:32.994,418.0781582534591,104
2024-09-16 10:29:32.995,418.0402302282184,8
2024-09-16 10:29:33.014,418.1003666686613,11
2024-09-16 10:29:33.301,-418.1220150851096,14
2024-09-16 10:29:33.421,418.1361957150382,1002
2024-09-16 10:29:33.446,418.1164123354373,1002
2024-09-16 10:29:33.468,418.1361700580858,1005
2024-09-16 10:29:33.521,418.1360733607706,96
2024-09-16 10:29:33.529,418.1247453483631,1002
2024-09-16 10:29:33.622,418.10821956925696,97
2024-09-16 10:29:33.644,418.1354960945807,7
2024-09-16 10:29:33.702,418.10194077447983,9
2024-09-16 10:29:33.764,418.0996272261252,101
2024-09-16 10:29:34.050,418.1029519628515,14
2024-09-16 10:29:34.128,418.1380842816379,100
2024-09-16 10:29:34.156,418.1134562471202,15
2024-09-16 10:29:34.171,418.1166330555894,997
2024-09-16 10:29:34.181,418.092930059238,99
2024-09-16 10:29:34.309,418.11409484664426,12
2024-09-16 10:29:34.425,418.0905804661485,103
2024-09-16 10:29:34.442,418.0812716537933,100
2024-09-16 10:29:34.554,418.119546216375,1002
2024-09-16 10:29:34.564,418.143085310969,8
2024-09-16 10:29:34.594,418.0928292919749,998
2024-09-16 10:29:34.622,418.09653208117976,101
2024-09-16 10:29:34.683,418.1225541504419,15
2024-09-16 10:29:34.786,418.0941480517421,103
2024-09-16 10:29:34.792,418.112649187926,98
2024-09-16 10:29:34.811,418.1237364521115,9
2024-09-16 10:29:34.950,418.1093603760194,1005
2024-09-16 10:29:34.993,418.1076050964315,9
2024-09-16 10:29:35.188,418.0896861514351,102
2024-09-16 10:29:35.255,418.0659602798737,102
2024-09-16 10:29:35.256,418.0958109787161,14
2024-09-16 10:29:35.279,418.0925998297441,999
2024-09-16 10:29:35.483,418.0961319254642,12
2024-09-16 10:29:35.511,418.1052188515709,996
2024-09-16 10:29:35.523,418.0843273701104,11
2024-09-16 10:29:35.640,418.08678343811255,6
2024-09-16 10:29:35.725,418.0908439859297,14
2024-09-16 10:29:35.740,418.1051221508302,13
2024-09-16 10:29:35.764,418.0871699423244,1000
2024-09-16 10:29:35.799,418.0983131285556,1000
2024-09-16 10:29:35.844,418.0593316598661,1000
2024-09-16 10:29:36.001,418.1273008113981,101
2024-09-16 10:29:36.062,418.1116274252937,13
2024-09-16 10:29:36.113,418.137768428429,1004
2024-09-16 10:29:36.205,418.1253665352442,96
2024-09-16 10:29:36.272,418.09727697143086,95
2024-09-16 10:29:36.280,418.1117131203412,103
2024-09-16 10:29:36.304,418.0772920422097,8
2024-09-16 10:29:36.362,418.1303582433581,104
2024-09-16 10:29:36.480,418.0908955359393,10
2024-09-16 10:29:36.501,418.1234138455161,101
2024-09-16 10:29:36.588,418.118655715046,99
2024-09-16 10:29:36.601,418.1098776950223,1001
2024-09-16 10:29:36.603,418.0828603244048,15
2024-09-16 10:29:36.752,418.0736572986308,96
2024-09-16 10:29:36.797,418.1462011669825,995
2024-09-16 10:29:36.927,-418.1047541575479,97
2024-09-16 10:29:37.008,418.0017418168583,95
2024-09-16 10:29:37.021,418.0666540361447,1002
2024-09-16 10:29:37.072,418.0724146831345,6
2024-09-16 10:29:37.074,418.0926849682924,95
2024-09-16 10:29:37.164,418.1121017381416,105
2024-09-16 10:29:37.170,418.06469606116696,1001
2024-09-16 10:29:37.182,418.027425149098,12
2024-09-16 10:29:37.203,418.0137195867856,104
2024-09-16 10:29:37.227,418.07392699622886,101
2024-09-16 10:29:37.229,418.05800380892737,996
2024-09-16 10:29:37.371,418.0398549350638,995
2024-09-16 10:29:37.431,418.0853651085157,1003
2024-09-16 10:29:37.488,418.0224990376545,6
2024-09-16 10:29:37.570,418.0915901108172,9
2024-09-16 10:29:37.575,418.0136565157606,10
2024-09-16 10:29:37.658,418.0072547321812,8
2024-09-16 10:29:37.684,418.0777378543102,98
2024-09-16 10:29:37.704,418.0357371189843,7
2024-09-16 10:29:37.754,418.0434381047088,103
2024-09-16 10:29:37.756,418.0917912614766,104
2024-09-16 10:29:37.835,418.0845483681642,13
2024-09-16 10:29:37.934,418.00633695569616,1005
2024-09-16 10:29:37.990,418.085872299729,105
2024-09-16 10:29:38.161,,1005
2024-09-16 10:29:38.208,418.05046983636544,996
2024-09-16 10:29:38.214,418.06304492844725,996
2024-09-16 10:29:38.306,418.038201153722,1000
2024-09-16 10:29:38.318,418.02123787625646,97
2024-09-16 10:29:38.359,418.0781789869145,997
2024-09-16 10:29:38.374,418.0315459095737,102
2024-09-16 10:29:38.458,418.0080705740747,8
2024-09-16 10:29:38.523,418.0825847131846,96
2024-09-16 10:29:38.555,418.0346762970841,997
2024-09-16 10:29:38.682,418.0105214305112,1004
2024-09-16 10:29:38.686,418.0225273908022,998
2024-09-16 10:29:38.719,418.0353207157404,10
2024-09-16 10:29:38.722,418.05140333271385,105
2024-09-16 10:29:38.740,418.0174022018275,95
2024-09-16 10:29:38.807,418.0776503848743,100
2024-09-16 10:29:38.874,418.08014105967726,95
2024-09-16 10:29:38.912,418.0413016018568,998
2024-09-16 10:29:38.918,418.04889584040535,104
2024-09-16 10:29:38.943,418.0028176826746,101
2024-09-16 10:29:39.479,418.0287951478071,95
2024-09-16 10:29:39.817,418.0457532471872,995
2024-09-16 10:29:40.033,417.9356125195275,102
2024-09-16 10:29:40.052,417.9529109499007,997
2024-09-16 10:29:40.053,417.9636065836783,102
2024-09-16 10:29:40.071,417.9336192021104,6
2024-09-16 10:29:40.123,417.9542993277422,996
2024-09-16 10:29:40.128,417.927071348371,9
2024-09-16 10:29:40.167,417.9508304749793,7
2024-09-16 10:29:40.304,417.9657864115221,10
2024-09-16 10:29:40.343,417.9245357368392,1002
2024-09-16 10:29:40.431,417.9935270835039,14
2024-09-16 10:29:40.449,417.9449717641662,7
2024-09-16 10:29:40.459,417.9310155246496,6
2024-09-16 10:29:40.535,417.96810156900153,15
2024-09-16 10:29:40.590,418.01984764913226,11
2024-09-16 10:29:40.663,417.9401970889134,14
2024-09-16 10:29:40.700,417.9644539418797,5
2024-09-16 10:29:40.704,,1000
2024-09-16 10:29:40.857,417.9495911914155,98
2024-09-16 10:29:40.884,417.9598360546743,999
2024-09-16 10:29:40.892,417.9431838772696,1005
2024-09-16 10:29:40.894,417.96182781168704,997
2024-09-16 10:29:40.913,417.925748037543,999
2024-09-16 10:29:40.919,417.9492921948938,998
2024-09-16 10:29:40.965,417.9599335183398,96
2024-09-16 10:29:40.969,417.9742607811817,97
2024-09-16 10:29:41.009,417.91490762631753,1002
2024-09-16 10:29:41.021,417.96995627680445,996
2024-09-16 10:29:41.085,417.9917354979905,995
2024-09-16 10:29:41.085,417.9575746072178,1000
2024-09-16 10:29:41.095,41.79475549586158,6
2024-09-16 10:29:41.099,417.9044235690865,96
2024-09-16 10:29:41.104,418.0092408745636,7
2024-09-16 10:29:41.118,417.95279289386497,100
2024-09-16 10:29:41.140,417.9746597757076,97
2024-09-16 10:29:41.159,417.915651905088,96
2024-09-16 10:29:41.232,417.9824718494142,97
2024-09-16 10:29:41.270,417.974242399886,998
2024-09-16 10:29:41.296,417.9167854704039,7
2024-09-16 10:29:41.484,418.0042008702461,1002
2024-09-16 10:29:41.489,417.9194548899191,14
2024-09-16 10:29:41.502,417.9503770582637,99
2024-09-16 10:29:41.518,417.92897896775935,14
2024-09-16 10:29:41.604,417.9354945667575,997
2024-09-16 10:29:41.684,417.9086005647106,999
2024-09-16 10:29:41.689,417.92689504859584,995
2024-09-16 10:29:41.738,417.9248374726185,1002
2024-09-16 10:29:41.793,417.9353672257736,96
2024-09-16 10:29:41.800,41.79439909195045,104
2024-09-16 10:29:41.807,417.95594451760456,12
2024-09-16 10:29:41.818,417.94022912317,12
2024-09-16 10:29:41.849,417.9593272571835,104
2024-09-16 10:29:41.918,417.9958190861622,1000
2024-09-16 10:29:41.920,417.9123173230288,8
2024-09-16 10:29:42.018,418.018750720618,12
2024-09-16 10:29:42.099,418.02647678753294,995
2024-09-16 10:29:42.114,418.0733450213697,999
2024-09-16 10:29:42.197,418.05706394107045,998
2024-09-16 10:29:42.235,418.0125263124991,6
2024-09-16 10:29:42.269,418.0492438981419,999
2024-09-16 10:29:42.297,418.0596421866912,11
2024-09-16 10:29:42.348,417.9690396663374,103
2024-09-16 10:29:42.392,418.06391060357527,6
2024-09-16 10:29:42.414,418.0733122976693,104
2024-09-16 10:29:42.434,418.0562688698191,101
2024-09-16 10:29:42.473,418.088757851632,102
2024-09-16 10:29:42.514,,12
2024-09-16 10:29:42.642,417.9998228576981,101
2024-09-16 10:29:42.667,418.0747418098989,104
2024-09-16 10:29:42.678,418.0536645069886,99
2024-09-16 10:29:42.684,418.0746971769249,11
2024-09-16 10:29:42.696,418.0699808259925,996
2024-09-16 10:29:42.770,418.072535762294,96
2024-09-16 10:29:42.816,418.0251622678213,101
2024-09-16 10:29:42.831,417.9842691741719,1005
2024-09-16 10:29:42.901,418.07579668968526,10
2024-09-16 10:29:43.080,418.06315764199,1001
2024-09-16 10:29:43.282,418.0673532647876,1003
2024-09-16 10:29:43.356,418.0838515884634,103
2024-09-16 10:29:43.487,418.06675303284425,8
2024-09-16 10:29:43.525,418.0757316544044,15
2024-09-16 10:29:43.562,418.0719807803778,12
2024-09-16 10:29:44.032,417.9839855364758,15
2024-09-16 10:29:44.085,,10
2024-09-16 10:29:44.171,417.96228067131176,105
2024-09-16 10:29:44.175,418.0463269936606,15
2024-09-16 10:29:44.199,418.02932706757394,8
2024-09-16 10:29:44.316,418.0040656453771,9
2024-09-16 10:29:44.361,417.9905199194731,103
2024-09-16 10:29:44.394,418.0206015211028,9
2024-09-16 10:29:44.688,418.0459484774893,9
2024-09-16 10:29:44.727,417.9329360105681,98
2024-09-16 10:29:44.745,418.0508765375666,1005
2024-09-16 10:29:44.750,418.0528073138644,5
2024-09-16 10:29:44.771,418.054197523656,102
2024-09-16 10:29:44.799,417.9545610891421,100
2024-09-16 10:29:44.882,417.9693482498983,102
2024-09-16 10:29:44.947,417.9758637215995,98
2024-09-16 10:29:45.239,417.8673206725124,98
2024-09-16 10:29:45.322,417.9001525067292,1003
2024-09-16 10:29:45.434,417.9165507968055,1000
2024-09-16 10:29:45.591,417.8519080244868,14
2024-09-16 10:29:45.646,417.9193925375617,10
2024-09-16 10:29:45.724,417.9275947101484,997
2024-09-16 10:29:45.769,417.9300756864709,6
2024-09-16 10:29:45.779,417.9012016302246,1005
2024-09-16 10:29:45.829,417.9214226114513,6
2024-09-16 10:29:45.862,417.9124073816847,6
2024-09-16 10:29:45.997,417.9048790230334,12
2024-09-16 10:29:46.141,417.8519182620474,98
2024-09-16 10:29:46.233,417.8536052251223,104
2024-09-16 10:29:46.277,417.8445118586504,997
2024-09-16 10:29:46.458,417.8668315118368,12
2024-09-16 10:29:46.588,417.8411830232857,5
2024-09-16 10:29:46.783,417.8384441998176,97
2024-09-16 10:29:46.859,417.8532410387683,7
2024-09-16 10:29:46.934,417.8502107829176,1001
2024-09-16 10:29:47.059,417.7871489846864,99
2024-09-16 10:29:47.209,417.8335968343073,996
2024-09-16 10:29:47.273,417.8480387121973,95
2024-09-16 10:29:47.334,417.83468904613767,13
2024-09-16 10:29:47.458,417.8429456260914,96
2024-09-16 10:29:47.550,417.8043031728216,1002
2024-09-16 10:29:47.558,417.8470582624569,102
2024-09-16 10:29:47.562,417.8443842855741,995
2024-09-16 10:29:47.582,417.8520466901256,97
2024-09-16 10:29:47.615,41.77906937650661,5
2024-09-16 10:29:47.656,417.7957242449581,997
2024-09-16 10:29:47.714,417.83490857667846,103
2024-09-16 10:29:47.773,417.7827616596956,10
2024-09-16 10:29:47.883,417.7840064227548,1003
2024-09-16 10:29:48.116,417.7975189141984,103
2024-09-16 10:29:48.160,417.806817508095,6
2024-09-16 10:29:48.173,417.7787859423012,97
2024-09-16 10:29:48.255,417.79159888934447,101
2024-09-16 10:29:48.288,417.8020995026815,105
2024-09-16 10:29:48.292,417.8353726507563,996
2024-09-16 10:29:48.340,417.7858512380665,100
2024-09-16 10:29:48.463,417.7983327887445,1005
2024-09-16 10:29:48.481,417.82731780079,105
2024-09-16 10:29:48.557,417.783304447963,15
2024-09-16 10:29:48.632,417.807107800229,1005
2024-09-16 10:29:48.662,417.81930179799946,1003
2024-09-16 10:29:48.694,417.8002065427879,14
2024-09-16 10:29:48.708,417.8126282206994,11
2024-09-16 10:29:48.712,417.8161865049557,98
2024-09-16 10:29:48.787,417.8272563902318,999
2024-09-16 10:29:48.836,417.7923823381234,995
2024-09-16 10:29:49.193,417.76311824886255,6
2024-09-16 10:29:49.234,417.80742645765673,14
2024-09-16 10:29:49.248,417.7890916323012,10
2024-09-16 10:29:49.270,417.7946282861327,5
2024-09-16 10:29:49.346,417.7704448306857,14
2024-09-16 10:29:49.383,41.77979459278329,997
2024-09-16 10:29:49.387,417.7740148358652,103
2024-09-16 10:29:49.461,417.7850433182628,1000
2024-09-16 10:29:49.571,417.7832033277299,1002
2024-09-16 10:29:49.591,417.7754422139661,100
2024-09-16 10:29:49.622,417.7955014673673,99
2024-09-16 10:29:49.708,417.7936915171927,105
2024-09-16 10:29:49.743,417.7978546445861,10
2024-09-16 10:29:49.794,417.7696917567242,1000
2024-09-16 10:29:49.825,417.7821044741922,1002
2024-09-16 10:29:49.825,417.8128059358448,1002
2024-09-16 10:29:49.830,417.7924869960538,97
2024-09-16 10:29:49.851,417.8075539283381,12
2024-09-16 10:29:49.929,417.7653706285659,1002
2024-09-16 10:29:49.946,417.8258319539737,12
2024-09-16 10:29:50.061,417.7979712777071,995
2024-09-16 10:29:50.091,417.80556153713377,105
2024-09-16 10:29:50.149,417.7875775986244,1000
2024-09-16 10:29:50.156,417.78052993272274,7
2024-09-16 10:29:50.303,417.8214149415183,1001
2024-09-16 10:29:50.513,417.8156773904151,1002
2024-09-16 10:29:50.516,417.7914240731749,1001
2024-09-16 10:29:50.552,417.7935287381473,8
2024-09-16 10:29:50.737,417.81880777005847,998
2024-09-16 10:29:50.770,417.79937810432097,95
2024-09-16 10:29:50.880,417.8149467684456,1001
2024-09-16 10:29:50.985,417.8123365886,100
2024-09-16 10:29:51.049,417.80339841451934,6
2024-09-16 10:29:51.080,417.8351311504012,8
2024-09-16 10:29:51.093,417.8285980765506,998
2024-09-16 10:29:51.114,417.8013871458408,13
2024-09-16 10:29:51.131,417.8214537277143,8
2024-09-16 10:29:51.235,417.8115530407989,105
2024-09-16 10:29:51.238,417.81144913795936,11
2024-09-16 10:29:51.281,417.81066605909086,10
2024-09-16 10:29:51.282,417.8101846906998,1005
2024-09-16 10:29:51.289,417.81922114924095,5
2024-09-16 10:29:51.290,417.81757240679343,95
2024-09-16 10:29:51.388,417.7984550119109,14
2024-09-16 10:29:51.396,417.81500684627537,11
2024-09-16 10:29:51.431,417.7997321536207,105
2024-09-16 10:29:51.434,417.7934443997421,12
2024-09-16 10:29:51.484,417.8249394847872,1000
2024-09-16 10:29:51.495,417.83161462864217,998
2024-09-16 10:29:51.616,417.8044943001888,1000
2024-09-16 10:29:51.686,417.81341816075656,103
2024-09-16 10:29:51.702,417.8142398389134,8
2024-09-16 10:29:51.730,417.8347948641807,7
2024-09-16 10:29:51.759,417.8311534646852,1001
2024-09-16 10:29:51.775,417.7965382060029,7
2024-09-16 10:29:51.800,417.8390612988181,7
2024-09-16 10:29:51.813,417.81519791425177,103
2024-09-16 10:29:51.882,417.8099535433393,996
2024-09-16 10:29:51.959,417.8085315299832,101
2024-09-16 10:29:51.984,417.8432388198154,96
2024-09-16 10:29:52.016,417.89459153753535,15
2024-09-16 10:29:52.118,417.8696290623273,101
2024-09-16 10:29:52.151,417.87491699922987,8
2024-09-16 10:29:52.207,417.9068914209309,96
2024-09-16 10:29:52.220,417.8460504805093,101
2024-09-16 10:29:52.248,417.8833088592672,12
2024-09-16 10:29:52.251,417.879148246563,1002
2024-09-16 10:29:52.258,417.916884834376,7
2024-09-16 10:29:52.278,417.907836506693,12
2024-09-16 10:29:52.343,417.9101621011636,12
2024-09-16 10:29:52.423,417.9119350612504,1000
2024-09-16 10:29:52.455,417.8627301097943,98
2024-09-16 10:29:52.464,417.8967531274132,95
2024-09-16 10:29:52.468,417.8898985744207,5
2024-09-16 10:29:52.646,417.9063817769138,998
2024-09-16 10:29:52.701,417.8803880056568,7
2024-09-16 10:29:52.705,417.9077342619335,15
2024-09-16 10:29:52.811,417.8858211559842,14
2024-09-16 10:29:52.828,417.9117548718592,996
2024-09-16 10:29:52.951,417.8756825728093,999
2024-09-16 10:29:53.029,417.8871809193757,999
2024-09-16 10:29:53.083,417.89002027020194,5
2024-09-16 10:29:53.169,417.8851279705749,95
2024-09-16 10:29:53.169,417.8740088070506,9
2024-09-16 10:29:53.216,417.8587942966692,96
2024-09-16 10:29:53.294,417.8919079162725,9
2024-09-16 10:29:53.298,417.8614725795349,14
2024-09-16 10:29:53.309,417.8795569185131,996
2024-09-16 10:29:53.331,-417.8594384918067,104
2024-09-16 10:29:53.350,417.8836831819488,103
2024-09-16 10:29:53.353,417.8998988868707,103
2024-09-16 10:29:53.381,417.8733469032354,104
2024-09-16 10:29:53.410,417.87773915780497,12
2024-09-16 10:29:53.415,417.846714145088,999
2024-09-16 10:29:53.418,417.8936216897523,13
2024-09-16 10:29:53.498,417.88173607048606,105
2024-09-16 10:29:53.553,417.8695696889261,98
2024-09-16 10:29:53.554,417.8978380629782,999
2024-09-16 10:29:53.560,417.89006473984057,95
2024-09-16 10:29:53.603,417.8763421338712,998
2024-09-16 10:29:53.616,417.90055930680126,15
2024-09-16 10:29:53.654,417.9157577625472,1005
2024-09-16 10:29:53.755,417.8756991100165,102
2024-09-16 10:29:53.760,417.8929517200236,102
2024-09-16 10:29:53.853,417.9135407256738,100
2024-09-16 10:29:53.854,417.9049119174586,13
2024-09-16 10:29:53.860,417.8758262660989,1002
2024-09-16 10:29:53.968,417.84192161496566,999
2024-09-16 10:29:53.995,417.8712020423071,10
2024-09-16 10:29:54.047,417.8626271434032,7
2024-09-16 10:29:54.202,417.8146510340461,104
2024-09-16 10:29:54.238,417.8218395973144,14
2024-09-16 10:29:54.460,417.84583746413335,7
2024-09-16 10:29:54.583,-417.8578072485549,8
2024-09-16 10:29:54.664,417.8105849645319,99
2024-09-16 10:29:54.865,417.8336371921597,11
2024-09-16 10:29:55.051,417.81457115916817,101
2024-09-16 10:29:55.193,417.7945338047233,95
2024-09-16 10:29:55.197,417.8004557826432,99
2024-09-16 10:29:55.221,417.78001637782137,100
2024-09-16 10:29:55.255,417.7941178792542,7
2024-09-16 10:29:55.419,417.7771340698376,1001
2024-09-16 10:29:55.451,417.7787409286194,995
2024-09-16 10:29:55.535,417.7784141699636,101
2024-09-16 10:29:55.624,417.815808863687,98
2024-09-16 10:29:55.679,417.7797217755859,1004
2024-09-16 10:29:55.745,417.80512286795846,997
2024-09-16 10:29:55.774,417.82020765750974,11
2024-09-16 10:29:55.802,417.7598320909822,101
2024-09-16 10:29:56.041,417.8528883810442,15
2024-09-16 10:29:56.407,417.85776510925416,996
2024-09-16 10:29:56.723,417.8362041238356,12
2024-09-16 10:29:56.762,417.83744619388153,13
2024-09-16 10:29:56.810,417.841126702638,1002
2024-09-16 10:29:56.844,417.82280521478384,103
2024-09-16 10:29:56.900,417.8361435861847,13
2024-09-16 10:29:57.033,417.8762927489288,8
2024-09-16 10:29:57.254,417.8722584065878,12
2024-09-16 10:29:57.272,417.8642091585879,996
2024-09-16 10:29:57.328,417.8647169381752,8
2024-09-16 10:29:57.337,417.8807626333812,5
2024-09-16 10:29:57.470,417.8479247056362,6
2024-09-16 10:29:57.510,417.85210394442686,996
2024-09-16 10:29:57.517,417.8660260989184,999
2024-09-16 10:29:57.545,417.8559003761994,5
2024-09-16 10:29:57.708,41.78722348502408,96
2024-09-16 10:29:57.729,41.78641484270551,996
2024-09-16 10:29:57.793,417.85301443836426,102
2024-09-16 10:29:57.931,417.8688626355202,10
2024-09-16 10:29:58.164,417.8682668773748,100
2024-09-16 10:29:58.308,417.87726789847545,5
2024-09-16 10:29:58.503,417.8609647032205,8
2024-09-16 10:29:58.606,417.8577501414429,997
2024-09-16 10:29:58.659,417.872255206417,12
2024-09-16 10:29:58.953,417.8447987998888,15
2024-09-16 10:29:59.003,417.7738078497304,99
2024-09-16 10:29:59.109,417.8196226279009,95
2024-09-16 10:29:59.113,417.7986253307882,1000
2024-09-16 10:29:59.186,417.83397305924245,5
2024-09-16 10:29:59.203,417.832464388656,995
2024-09-16 10:29:59.214,417.8087963873215,5
2024-09-16 10:29:59.322,417.787580655972,99
2024-09-16 10:29:59.415,417.7880787034445,1001
2024-09-16 10:29:59.486,417.79204110630025,98
2024-09-16 10:29:59.493,417.78425517152834,1002
2024-09-16 10:29:59.502,417.8319488529793,97
2024-09-16 10:29:59.551,417.8007878849438,5
2024-09-16 10:29:59.605,417.81641168355566,1001
2024-09-16 10:29:59.611,417.8118172223442,1000
2024-09-16 10:29:59.650,417.814528029491,105
2024-09-16 10:29:59.708,417.7956534392698,7
2024-09-16 10:29:59.717,417.8152746107468,97
2024-09-16 10:29:59.788,417.8248847103984,104
2024-09-16 10:29:59.813,417.7884924418311,1005
2024-09-16 10:29:59.823,417.8148522313333,8
2024-09-16 10:29:59.859,417.7812755035749,1003
2024-09-16 10:29:59.883,417.7745587729524,1004
