Timestamp,Price,Size
2024-09-20 11:59:00.079,428.3205550446354,97
2024-09-20 11:59:00.097,428.3047259840866,9
2024-09-20 11:59:00.273,428.29977183648543,9
2024-09-20 11:59:00.401,428.3321700300998,96
2024-09-20 11:59:00.429,428.3313639857899,1000
2024-09-20 11:59:00.474,428.32245300336126,999
2024-09-20 11:59:00.504,428.327216182809,97
2024-09-20 11:59:00.572,428.3112222868024,104
2024-09-20 11:59:00.631,428.32263176527033,997
2024-09-20 11:59:00.634,428.3346221888196,996
2024-09-20 11:59:00.643,428.344594548689,6
2024-09-20 11:59:00.713,428.324827322775,97
2024-09-20 11:59:00.751,-428.32164739518896,1005
2024-09-20 11:59:00.871,428.3239728382251,1000
2024-09-20 11:59:01.172,428.3438223284976,1003
2024-09-20 11:59:01.198,428.38530622888527,995
2024-09-20 11:59:01.234,428.3213661355911,8
2024-09-20 11:59:01.307,428.324884282615,999
2024-09-20 11:59:01.373,428.370702717393,9
2024-09-20 11:59:01.392,428.3694442899607,13
2024-09-20 11:59:01.588,428.2934060772149,995
2024-09-20 11:59:01.665,428.31052953258126,103
2024-09-20 11:59:01.733,428.3272231774917,1003
2024-09-20 11:59:01.741,428.34198671822,996
2024-09-20 11:59:01.779,428.34690087638126,105
2024-09-20 11:59:01.911,428.3303340699167,101
2024-09-20 11:59:01.929,428.3180698728498,12
2024-09-20 11:59:02.017,428.4052759087392,6
2024-09-20 11:59:02.046,428.4049661580117,6
2024-09-20 11:59:02.120,428.4065259929764,6
2024-09-20 11:59:02.161,428.381009922829,104
2024-09-20 11:59:02.199,428.41634696796245,1005
2024-09-20 11:59:02.257,428.4158585138063,102
2024-09-20 11:59:02.282,428.40899729621066,8
2024-09-20 11:59:02.286,428.408962862332,105
2024-09-20 11:59:02.306,428.3864738759455,100
2024-09-20 11:59:02.331,428.4050594051246,9
2024-09-20 11:59:02.350,428.3925683545052,1001
2024-09-20 11:59:02.360,428.3910762005572,103
2024-09-20 11:59:02.436,428.41599976000686,96
2024-09-20 11:59:02.439,428.40757220301504,995
2024-09-20 11:59:02.502,428.391693770854,13
2024-09-20 11:59:02.597,428.3733388952416,105
2024-09-20 11:59:02.631,428.3843246327213,1005
2024-09-20 11:59:02.823,428.4009427354643,101
2024-09-20 11:59:02.920,-428.4082415890725,1002
2024-09-20 11:59:03.008,428.5406436098844,103
2024-09-20 11:59:03.061,428.5083746197722,103
2024-09-20 11:59:03.094,428.51252877984,6
2024-09-20 11:59:03.150,428.46726133032655,9
2024-09-20 11:59:03.214,428.4369661537357,97
2024-09-20 11:59:03.228,428.47950248143337,1004
2024-09-20 11:59:03.264,428.5265478806773,998
2024-09-20 11:59:03.337,428.4993207371201,999
2024-09-20 11:59:03.366,428.4458435754704,1005
2024-09-20 11:59:03.368,428.49163000593546,101
2024-09-20 11:59:03.394,428.5111869061221,998
2024-09-20 11:59:03.409,428.5040104025707,995
2024-09-20 11:59:03.413,428.45971174691874,14
2024-09-20 11:59:03.438,428.4624245129476,7
2024-09-20 11:59:03.451,428.4492871478848,5
2024-09-20 11:59:03.455,428.4927951818268,97
2024-09-20 11:59:03.467,428.4724382475686,1003
2024-09-20 11:59:03.480,428.4755691490368,1004
2024-09-20 11:59:03.528,428.4485547484248,8
2024-09-20 11:59:03.534,428.5279482429959,14
2024-09-20 11:59:03.543,428.4507455797739,100
2024-09-20 11:59:03.581,428.4407733603138,8
2024-09-20 11:59:03.597,428.4242789635182,996
2024-09-20 11:59:03.626,428.4881656717898,15
2024-09-20 11:59:03.654,428.4517403618634,996
2024-09-20 11:59:03.769,428.43663981350943,99
2024-09-20 11:59:03.836,428.4480434748638,96
2024-09-20 11:59:03.910,428.43736328406015,10
2024-09-20 11:59:03.944,428.4484444959387,996
2024-09-20 11:59:03.948,428.502400597131,103
2024-09-20 11:59:04.603,428.5274562989484,104
2024-09-20 11:59:05.488,428.5209044474627,995
2024-09-20 11:59:05.811,428.50262427416857,99
2024-09-20 11:59:06.009,428.4470281489551,14
2024-09-20 11:59:06.034,428.4104569061581,100
2024-09-20 11:59:06.035,428.4685220832821,6
2024-09-20 11:59:06.109,428.45832023337306,1000
2024-09-20 11:59:06.129,428.469531905288,15
2024-09-20 11:59:06.276,428.4807167278704,97
2024-09-20 11:59:06.305,428.4852717513738,11
2024-09-20 11:59:06.334,428.4751704528728,97
2024-09-20 11:59:06.393,428.4708724738363,995
2024-09-20 11:59:06.430,428.47121806305097,8
2024-09-20 11:59:06.460,428.4579240578609,996
2024-09-20 11:59:06.496,428.4801931484908,103
2024-09-20 11:59:06.633,428.4236407103815,6
2024-09-20 11:59:06.656,428.4637211279575,9
2024-09-20 11:59:06.680,428.3764407790598,12
2024-09-20 11:59:06.735,428.4785312724467,999
2024-09-20 11:59:06.773,428.4754500038314,15
2024-09-20 11:59:06.789,428.38880231899753,103
2024-09-20 11:59:06.869,428.4777579792486,99
2024-09-20 11:59:06.954,428.4354132404486,99
2024-09-20 11:59:06.962,428.477039679206,14
2024-09-20 11:59:07.015,428.3052979679477,997
2024-09-20 11:59:07.072,,10
2024-09-20 11:59:07.083,42.83703353023506,102
2024-09-20 11:59:07.429,428.3597038793433,99
2024-09-20 11:59:07.590,428.3882954263745,98
2024-09-20 11:59:07.640,428.3338616215532,13
2024-09-20 11:59:07.651,428.3925371252582,1005
2024-09-20 11:59:07.684,428.39445287073465,5
2024-09-20 11:59:07.696,428.3886304846008,996
2024-09-20 11:59:07.919,428.3769433985613,8
2024-09-20 11:59:07.934,428.37135930744046,99
2024-09-20 11:59:08.082,428.21824683904543,1004
2024-09-20 11:59:08.200,428.2944732314445,5
2024-09-20 11:59:08.211,428.30151592916417,7
2024-09-20 11:59:08.250,428.25079674222144,105
2024-09-20 11:59:08.266,428.2455907954326,1005
2024-09-20 11:59:08.298,428.3238076592968,8
2024-09-20 11:59:08.298,428.31462239820576,8
2024-09-20 11:59:08.340,428.233861940601,1002
2024-09-20 11:59:08.342,428.2758002263545,7
2024-09-20 11:59:08.490,428.255647447503,7
2024-09-20 11:59:08.496,428.2690459183941,6
2024-09-20 11:59:08.529,428.2695808748787,997
2024-09-20 11:59:08.532,428.2560926210079,101
2024-09-20 11:59:08.551,428.2910971841497,1000
2024-09-20 11:59:08.719,428.2811211123289,1002
2024-09-20 11:59:08.726,428.24856357169074,1000
2024-09-20 11:59:08.742,428.2754791071671,95
2024-09-20 11:59:08.770,,1005
2024-09-20 11:59:08.840,428.3179133584196,95
2024-09-20 11:59:08.850,428.2817705488723,5
2024-09-20 11:59:08.873,428.2620877960911,102
2024-09-20 11:59:08.889,428.3109124711909,13
2024-09-20 11:59:08.947,428.2933769239448,14
2024-09-20 11:59:08.995,428.2662344857968,997
2024-09-20 11:59:09.058,428.3010310223984,997
2024-09-20 11:59:09.077,428.2762513857541,105
2024-09-20 11:59:09.079,428.2329888856534,1002
2024-09-20 11:59:09.119,428.3081953533808,97
2024-09-20 11:59:09.181,428.28724982251447,11
2024-09-20 11:59:09.263,428.29295229491726,5
2024-09-20 11:59:09.285,428.3081735290703,1004
2024-09-20 11:59:09.340,42.82804328487983,1002
2024-09-20 11:59:09.420,428.2491946607246,999
2024-09-20 11:59:09.484,428.2880719472355,96
2024-09-20 11:59:09.516,428.3049822837229,102
2024-09-20 11:59:09.521,428.2246416483908,96
2024-09-20 11:59:09.570,428.2791379369498,96
2024-09-20 11:59:09.658,428.26110818909984,7
2024-09-20 11:59:09.677,428.302711613004,995
2024-09-20 11:59:09.680,428.245641032166,995
2024-09-20 11:59:09.709,428.28070595163126,1001
2024-09-20 11:59:09.715,428.2886300299085,13
2024-09-20 11:59:09.841,428.32271386178064,13
2024-09-20 11:59:09.845,428.3131496814289,1005
2024-09-20 11:59:09.852,428.3210730626657,1000
2024-09-20 11:59:09.859,428.2827765390134,100
2024-09-20 11:59:09.923,428.2600576312148,98
2024-09-20 11:59:10.006,428.29617715790187,103
2024-09-20 11:59:10.163,428.3168836068357,103
2024-09-20 11:59:10.195,428.3071009571879,1005
2024-09-20 11:59:10.239,428.2789208676892,1000
2024-09-20 11:59:10.253,428.2843710691413,100
2024-09-20 11:59:10.258,428.3518696288669,1005
2024-09-20 11:59:10.275,428.2995824020384,101
2024-09-20 11:59:10.276,428.3538915319972,15
2024-09-20 11:59:10.283,428.30005289096295,99
2024-09-20 11:59:10.391,428.2778416168158,98
2024-09-20 11:59:10.444,428.29413532095714,997
2024-09-20 11:59:10.465,428.34802612368367,7
2024-09-20 11:59:10.528,428.3252192119338,7
2024-09-20 11:59:10.559,428.30790330842393,5
2024-09-20 11:59:10.563,428.30245042221617,9
2024-09-20 11:59:10.566,428.3177436444938,997
2024-09-20 11:59:10.599,428.2974968379788,7
2024-09-20 11:59:10.605,428.2577534151691,97
2024-09-20 11:59:10.625,428.2902759530917,13
2024-09-20 11:59:10.677,428.3625071512219,999
2024-09-20 11:59:10.695,428.2906725930719,102
2024-09-20 11:59:10.746,428.30142127023737,102
2024-09-20 11:59:10.863,428.2885830614937,1000
2024-09-20 11:59:10.886,428.2953540307912,10
2024-09-20 11:59:10.918,428.2684780214641,1000
2024-09-20 11:59:10.921,428.3096000231418,999
2024-09-20 11:59:10.968,428.26524734838426,1003
2024-09-20 11:59:11.075,428.28191608769663,1002
2024-09-20 11:59:11.091,428.2422942908322,5
2024-09-20 11:59:11.173,428.25470852727415,12
2024-09-20 11:59:11.177,428.262613745639,99
2024-09-20 11:59:11.196,428.2754404354181,998
2024-09-20 11:59:11.233,428.2484861359736,1000
2024-09-20 11:59:11.284,428.2538524691968,12
2024-09-20 11:59:11.294,428.24830331327365,95
2024-09-20 11:59:11.307,428.2457800156243,1001
2024-09-20 11:59:11.379,428.2723486086977,9
2024-09-20 11:59:11.467,428.27065798216256,12
2024-09-20 11:59:11.470,428.2745842760239,98
2024-09-20 11:59:11.482,428.2683935092497,1004
2024-09-20 11:59:11.489,428.2397461508298,103
2024-09-20 11:59:11.496,428.2996189453152,104
2024-09-20 11:59:11.524,428.2385566601986,999
2024-09-20 11:59:11.553,428.295518732764,99
2024-09-20 11:59:11.586,428.2431929941279,7
2024-09-20 11:59:11.621,428.2800904770989,102
2024-09-20 11:59:11.702,428.2650087328772,6
2024-09-20 11:59:11.729,428.221634741283,102
2024-09-20 11:59:11.735,428.2698323392126,11
2024-09-20 11:59:11.749,428.2508859483429,1001
2024-09-20 11:59:11.772,428.2957371329928,8
2024-09-20 11:59:11.797,428.2637824193477,6
2024-09-20 11:59:12.002,42.82231080302518,13
2024-09-20 11:59:12.033,428.2366625781058,1002
2024-09-20 11:59:12.048,428.27143489092873,103
2024-09-20 11:59:12.093,428.2430449139745,1003
2024-09-20 11:59:12.102,428.2316090875544,99
2024-09-20 11:59:12.216,428.24252082561975,1001
2024-09-20 11:59:12.255,428.26862424386246,1004
2024-09-20 11:59:12.264,428.2929662212945,104
2024-09-20 11:59:12.300,428.2554416586904,996
2024-09-20 11:59:12.323,428.24422499549286,13
2024-09-20 11:59:12.327,428.2826397255765,95
2024-09-20 11:59:12.357,428.24227872786696,1005
2024-09-20 11:59:12.370,428.2915874931289,998
2024-09-20 11:59:12.373,428.2946411158411,100
2024-09-20 11:59:12.455,428.2597640677279,9
2024-09-20 11:59:12.476,428.2480474056728,1003
2024-09-20 11:59:12.508,428.2919395647546,98
2024-09-20 11:59:12.514,428.2289642609049,1002
2024-09-20 11:59:12.553,428.22711709294566,11
2024-09-20 11:59:12.556,428.25482087403606,1005
2024-09-20 11:59:12.585,428.2336362062945,9
2024-09-20 11:59:12.604,428.310416266831,102
2024-09-20 11:59:12.654,428.25364603493296,1004
2024-09-20 11:59:12.680,428.2870211611312,7
2024-09-20 11:59:12.684,428.29021427010457,10
2024-09-20 11:59:12.704,428.298125254215,96
2024-09-20 11:59:12.891,428.29405587957217,97
2024-09-20 11:59:12.914,428.2673373044968,9
2024-09-20 11:59:12.955,428.253433385317,6
2024-09-20 11:59:12.986,428.2655417253647,8
2024-09-20 11:59:13.639,428.2612451092229,15
2024-09-20 11:59:14.014,428.1986607890479,1004
2024-09-20 11:59:14.169,428.26500933147474,95
2024-09-20 11:59:14.376,428.206781605091,1004
2024-09-20 11:59:14.544,428.2186839889896,995
2024-09-20 11:59:14.676,428.2247327795788,9
2024-09-20 11:59:14.835,428.2124155795266,996
2024-09-20 11:59:14.937,428.2830231703915,1000
2024-09-20 11:59:15.010,428.18785158447366,998
2024-09-20 11:59:15.036,428.17256735908165,999
2024-09-20 11:59:15.061,428.2040752983487,1002
2024-09-20 11:59:15.108,428.1957111330616,14
2024-09-20 11:59:15.131,428.1641806724965,99
2024-09-20 11:59:15.175,428.1360045813314,14
2024-09-20 11:59:15.273,428.1525201486396,99
2024-09-20 11:59:15.305,428.1556781243296,15
2024-09-20 11:59:15.322,428.1920187089081,998
2024-09-20 11:59:15.324,428.11681459783705,101
2024-09-20 11:59:15.383,428.1969581495724,998
2024-09-20 11:59:15.424,428.1830508804394,10
2024-09-20 11:59:15.437,428.1841151187672,9
2024-09-20 11:59:15.453,428.16048890562143,1004
2024-09-20 11:59:15.494,428.2100090515901,9
2024-09-20 11:59:15.495,428.15673931002175,6
2024-09-20 11:59:15.552,428.15039326479626,13
2024-09-20 11:59:15.648,42.81964454060156,1005
2024-09-20 11:59:15.692,428.16026375059806,1001
2024-09-20 11:59:15.773,428.19376560220326,1005
2024-09-20 11:59:15.817,428.21320112877953,11
2024-09-20 11:59:15.827,428.1884746754379,105
2024-09-20 11:59:15.842,428.2156411015484,1005
2024-09-20 11:59:15.916,428.1804895026127,100
2024-09-20 11:59:15.956,428.1886216759093,13
2024-09-20 11:59:15.967,428.19332337941466,5
2024-09-20 11:59:16.078,428.1063820029552,96
2024-09-20 11:59:16.234,428.0905294281006,100
2024-09-20 11:59:16.435,428.1143953105732,11
2024-09-20 11:59:16.483,428.1029460689877,95
2024-09-20 11:59:16.507,428.0933851456412,15
2024-09-20 11:59:16.618,428.09666216002864,1005
2024-09-20 11:59:16.695,428.1296939066856,6
2024-09-20 11:59:16.852,428.11232473837646,14
2024-09-20 11:59:16.863,428.10666210691096,101
2024-09-20 11:59:16.906,428.1144101188731,103
2024-09-20 11:59:16.912,428.1187946303896,13
2024-09-20 11:59:17.060,428.0794938600256,100
2024-09-20 11:59:17.128,428.12403591309686,104
2024-09-20 11:59:17.378,428.0917684399949,102
2024-09-20 11:59:17.401,428.0980859751189,7
2024-09-20 11:59:17.609,428.0669559194953,6
2024-09-20 11:59:17.649,428.1020909862347,1002
2024-09-20 11:59:17.814,428.1029819959053,1001
2024-09-20 11:59:17.888,428.1100610217825,1005
2024-09-20 11:59:18.024,428.0601103902267,15
2024-09-20 11:59:18.055,428.0690831169989,1003
2024-09-20 11:59:18.181,427.9915619030835,1004
2024-09-20 11:59:18.188,428.0325261896738,12
2024-09-20 11:59:18.213,428.0353906857529,1004
2024-09-20 11:59:18.231,428.0359721572427,1005
2024-09-20 11:59:18.275,428.0181168002872,98
2024-09-20 11:59:18.315,428.0185405231938,7
2024-09-20 11:59:18.320,428.01686710773856,11
2024-09-20 11:59:18.321,428.058246436359,105
2024-09-20 11:59:18.365,428.04476621780606,10
2024-09-20 11:59:18.440,428.0488125148728,995
2024-09-20 11:59:18.443,428.0148462972554,1002
2024-09-20 11:59:18.460,428.0309136194674,100
2024-09-20 11:59:18.518,428.0361919495837,7
2024-09-20 11:59:18.687,428.0333492179828,96
2024-09-20 11:59:18.699,428.0273956707786,998
2024-09-20 11:59:18.715,428.0573591029933,12
2024-09-20 11:59:18.716,428.0263944966357,11
2024-09-20 11:59:18.758,428.04666183651335,95
2024-09-20 11:59:18.763,428.0178829931083,96
2024-09-20 11:59:18.794,428.04492902287615,1005
2024-09-20 11:59:18.885,428.0550431242272,8
2024-09-20 11:59:18.969,428.0397049917455,10
2024-09-20 11:59:18.986,428.05330253863445,1005
2024-09-20 11:59:19.000,428.0055496477238,11
2024-09-20 11:59:19.027,428.0137063538701,96
2024-09-20 11:59:19.055,428.00554681512574,15
2024-09-20 11:59:19.075,428.0142509550225,1005
2024-09-20 11:59:19.181,428.00708100832594,997
2024-09-20 11:59:19.213,427.9999228130784,7
2024-09-20 11:59:19.221,428.00752464543433,999
2024-09-20 11:59:19.323,428.0197916688428,101
2024-09-20 11:59:19.483,427.9953893973736,9
2024-09-20 11:59:19.508,428.0147672657039,1002
2024-09-20 11:59:19.717,428.00199342128974,9
2024-09-20 11:59:19.741,428.0010570755473,99
2024-09-20 11:59:19.789,427.995219748676,98
2024-09-20 11:59:20.011,427.9986047294479,995
2024-09-20 11:59:20.054,428.0006788517536,998
2024-09-20 11:59:20.138,428.0217888428105,95
2024-09-20 11:59:20.341,428.01646623293504,97
2024-09-20 11:59:20.347,428.0031752973048,7
2024-09-20 11:59:20.362,427.9894360233103,105
2024-09-20 11:59:20.383,427.9880285156568,10
2024-09-20 11:59:20.484,427.9962793025063,996
2024-09-20 11:59:20.509,428.0155641442405,15
2024-09-20 11:59:20.535,428.0014713496579,995
2024-09-20 11:59:20.598,428.02262969931706,1002
2024-09-20 11:59:20.686,428.0187502483472,11
2024-09-20 11:59:20.709,428.025065785286,100
2024-09-20 11:59:20.733,428.02185455235787,14
2024-09-20 11:59:20.734,428.0208193020656,96
2024-09-20 11:59:20.750,428.0088005535815,100
2024-09-20 11:59:20.777,428.01190181901706,1003
2024-09-20 11:59:20.788,428.00421397467807,997
2024-09-20 11:59:20.822,427.9894544714562,98
2024-09-20 11:59:20.827,428.0152471117494,101
2024-09-20 11:59:20.829,428.0165534500267,8
2024-09-20 11:59:20.847,428.0006158468285,1004
2024-09-20 11:59:20.940,428.0352890239103,14
2024-09-20 11:59:20.943,428.0170872177409,1004
2024-09-20 11:59:21.030,428.0410360090796,5
2024-09-20 11:59:21.296,428.0051350219256,104
2024-09-20 11:59:21.441,428.01475564865206,100
2024-09-20 11:59:21.798,428.01014993742285,996
2024-09-20 11:59:21.875,428.02453734233103,6
2024-09-20 11:59:22.055,428.107006013569,1002
2024-09-20 11:59:22.118,428.1806965198477,96
2024-09-20 11:59:22.156,428.190749933575,11
2024-09-20 11:59:22.157,428.1759785857752,104
2024-09-20 11:59:22.159,428.1453881544935,96
2024-09-20 11:59:22.174,428.1351678143935,98
2024-09-20 11:59:22.259,428.1594757685067,104
2024-09-20 11:59:22.444,428.16322200695424,14
2024-09-20 11:59:22.507,428.076180749243,105
2024-09-20 11:59:22.589,428.05589362109777,10
2024-09-20 11:59:22.612,428.1395822093004,999
2024-09-20 11:59:22.701,428.1332026868709,97
2024-09-20 11:59:22.711,428.1525602174824,9
2024-09-20 11:59:22.858,428.0989870675082,104
2024-09-20 11:59:23.269,428.1746508970519,101
2024-09-20 11:59:23.304,428.15474911308775,1002
2024-09-20 11:59:23.499,428.15213219321777,105
2024-09-20 11:59:23.499,428.1679859837106,97
2024-09-20 11:59:23.703,428.1582280085843,1002
2024-09-20 11:59:23.769,,1003
2024-09-20 11:59:23.950,428.1902719373334,15
2024-09-20 11:59:23.954,428.1807786209376,1004
2024-09-20 11:59:23.964,428.138523449788,8
2024-09-20 11:59:23.990,428.1357945755311,12
2024-09-20 11:59:24.065,428.0841796940697,100
2024-09-20 11:59:24.151,428.08733200423,998
2024-09-20 11:59:24.198,428.1171523050917,99
2024-09-20 11:59:24.240,428.0376733085397,6
2024-09-20 11:59:24.275,428.0455140664618,14
2024-09-20 11:59:24.365,428.0924423673025,7
2024-09-20 11:59:24.391,428.1154859727105,999
2024-09-20 11:59:24.419,428.1349571823967,102
2024-09-20 11:59:24.440,428.0592384342604,96
2024-09-20 11:59:24.508,428.1040030377518,102
2024-09-20 11:59:24.559,428.04828438105017,1005
2024-09-20 11:59:24.626,428.0946766363154,96
2024-09-20 11:59:24.684,428.0956517990282,5
2024-09-20 11:59:24.690,428.1277089939382,14
2024-09-20 11:59:24.710,428.130752650154,102
2024-09-20 11:59:24.739,428.0402512016417,105
2024-09-20 11:59:24.746,428.1266718131267,1001
2024-09-20 11:59:24.774,428.12934693427616,101
2024-09-20 11:59:24.793,428.08249688797815,14
2024-09-20 11:59:24.800,428.1348389909071,9
2024-09-20 11:59:24.812,428.13280608644726,999
2024-09-20 11:59:24.814,428.0995339817062,103
2024-09-20 11:59:24.864,428.0413618306187,97
2024-09-20 11:59:24.918,428.0794918246007,101
2024-09-20 11:59:24.918,428.0620486463072,1001
2024-09-20 11:59:24.998,428.1426602473513,14
2024-09-20 11:59:25.054,428.0248090705054,5
2024-09-20 11:59:25.177,428.0322779784072,104
2024-09-20 11:59:25.190,428.0084141319062,96
2024-09-20 11:59:25.227,428.01872644994495,99
2024-09-20 11:59:25.255,427.9984165024428,1000
2024-09-20 11:59:25.299,428.02623605585546,1000
2024-09-20 11:59:25.435,428.0199847139565,6
2024-09-20 11:59:25.447,428.03960676300295,8
2024-09-20 11:59:25.462,428.0069154910856,9
2024-09-20 11:59:25.534,428.019227484639,6
2024-09-20 11:59:25.606,427.9997322511282,10
2024-09-20 11:59:25.687,428.0159886300759,14
2024-09-20 11:59:25.701,427.9955765594344,95
2024-09-20 11:59:25.718,428.02989547129073,15
2024-09-20 11:59:25.938,427.9903558904204,14
2024-09-20 11:59:25.954,428.00629461313054,96
2024-09-20 11:59:25.978,428.0351929044842,11
2024-09-20 11:59:26.005,428.0442021280477,8
2024-09-20 11:59:26.025,428.0461560867409,14
2024-09-20 11:59:26.071,428.0077065346964,12
2024-09-20 11:59:26.151,428.07235303890246,995
2024-09-20 11:59:26.199,428.0459534239176,10
2024-09-20 11:59:26.240,428.1110069552585,100
2024-09-20 11:59:26.268,428.1691388095424,998
2024-09-20 11:59:26.300,428.0041478177012,13
2024-09-20 11:59:26.344,428.0612428017777,1003
2024-09-20 11:59:26.426,428.06595673456286,997
2024-09-20 11:59:26.446,428.15291919289166,96
2024-09-20 11:59:26.472,428.07943615199406,9
2024-09-20 11:59:26.490,428.0814460554743,9
2024-09-20 11:59:26.508,428.1699562575661,102
2024-09-20 11:59:26.521,428.0104536929115,999
2024-09-20 11:59:26.596,428.0749039896732,104
2024-09-20 11:59:26.660,428.1653183739446,996
2024-09-20 11:59:26.721,428.0453857684116,1003
2024-09-20 11:59:26.765,428.06754904801454,1001
2024-09-20 11:59:26.817,428.08335728026026,11
2024-09-20 11:59:27.139,428.17435997581015,14
2024-09-20 11:59:27.180,-428.1931669379888,11
2024-09-20 11:59:27.616,428.22805135578113,5
2024-09-20 11:59:27.709,428.1915825645178,7
2024-09-20 11:59:27.727,428.1938940429845,98
2024-09-20 11:59:27.743,428.1857690252032,102
2024-09-20 11:59:27.802,428.18241689030685,13
2024-09-20 11:59:27.870,428.1915453270642,1003
2024-09-20 11:59:27.873,428.1898008126225,1002
2024-09-20 11:59:27.885,,10
2024-09-20 11:59:27.962,428.19355875494057,14
2024-09-20 11:59:27.967,428.2283008388483,97
2024-09-20 11:59:28.518,428.1996708434644,95
2024-09-20 11:59:28.726,428.21723743472734,1001
2024-09-20 11:59:29.039,428.1768250374862,10
2024-09-20 11:59:29.210,428.17899688575767,12
2024-09-20 11:59:30.008,428.19428076685847,101
2024-09-20 11:59:30.031,428.214907814232,101
2024-09-20 11:59:30.162,428.1875952867401,101
2024-09-20 11:59:30.247,428.2049496274084,8
2024-09-20 11:59:30.249,-428.20222260572257,10
2024-09-20 11:59:30.252,428.2203492358092,100
2024-09-20 11:59:30.256,428.2009258433975,8
2024-09-20 11:59:30.295,428.19754274976447,11
2024-09-20 11:59:30.380,428.1794419110224,105
2024-09-20 11:59:30.385,428.177644483094,11
2024-09-20 11:59:30.410,428.2179147035943,996
2024-09-20 11:59:30.423,428.1922459362556,7
2024-09-20 11:59:30.510,428.18590891548246,14
2024-09-20 11:59:30.522,428.1883102027912,95
2024-09-20 11:59:30.549,428.18022489946986,14
2024-09-20 11:59:30.571,428.23687554712166,9
2024-09-20 11:59:30.583,428.2181582490703,102
2024-09-20 11:59:30.717,428.1829846567937,100
2024-09-20 11:59:30.735,428.20532135244457,97
2024-09-20 11:59:30.836,428.1932070326323,999
2024-09-20 11:59:30.927,428.1692442742294,103
2024-09-20 11:59:30.945,428.1695604649048,97
2024-09-20 11:59:30.961,428.1818933999261,999
2024-09-20 11:59:30.980,428.1790409130829,8
2024-09-20 11:59:31.133,428.19666155759904,995
2024-09-20 11:59:31.162,428.1910165670706,1005
2024-09-20 11:59:31.172,-428.2062572910204,97
2024-09-20 11:59:31.208,428.2347316558798,1002
2024-09-20 11:59:31.240,428.1922884631582,9
2024-09-20 11:59:31.266,428.209228604795,5
2024-09-20 11:59:31.354,428.20027197854427,15
2024-09-20 11:59:31.416,428.2343075831851,7
2024-09-20 11:59:31.424,428.2085185008297,13
2024-09-20 11:59:31.541,428.2173069629945,98
2024-09-20 11:59:31.579,428.1993886264227,999
2024-09-20 11:59:31.597,428.2195168187575,15
2024-09-20 11:59:31.638,428.231011947231,102
2024-09-20 11:59:31.664,428.2193921278552,11
2024-09-20 11:59:31.700,428.196481891296,997
2024-09-20 11:59:31.799,428.21094797590087,103
2024-09-20 11:59:31.830,428.2010568359772,5
2024-09-20 11:59:31.881,428.226036647656,103
2024-09-20 11:59:31.912,428.2086845551356,102
2024-09-20 11:59:32.005,428.1832921301855,105
2024-09-20 11:59:32.031,,996
2024-09-20 11:59:32.090,428.1247411961976,1005
2024-09-20 11:59:32.201,428.120283676003,1005
2024-09-20 11:59:32.245,428.151470277591,5
2024-09-20 11:59:32.388,428.1511592760834,998
2024-09-20 11:59:32.546,428.127288286766,101
2024-09-20 11:59:32.737,428.13318206431296,98
2024-09-20 11:59:32.791,428.14403849912736,99
2024-09-20 11:59:32.849,428.1524067377116,14
2024-09-20 11:59:32.894,428.10670179896175,1002
2024-09-20 11:59:32.960,428.18112793990383,1003
2024-09-20 11:59:32.976,428.18016085460977,15
2024-09-20 11:59:33.024,428.0591220200689,14
2024-09-20 11:59:33.084,428.1125305417238,98
2024-09-20 11:59:33.118,428.0414322139626,96
2024-09-20 11:59:33.139,428.0928249063386,998
2024-09-20 11:59:33.150,428.0687756275697,100
2024-09-20 11:59:33.158,428.104705620896,96
2024-09-20 11:59:33.161,428.1148802573287,104
2024-09-20 11:59:33.204,428.07253413014064,98
2024-09-20 11:59:33.223,428.0565752199578,5
2024-09-20 11:59:33.262,428.074311382674,13
2024-09-20 11:59:33.327,428.0952092931637,1003
2024-09-20 11:59:33.341,428.0875926733368,5
2024-09-20 11:59:33.390,428.070795930122,11
2024-09-20 11:59:33.406,428.0873890099381,13
2024-09-20 11:59:33.409,428.04732486357176,99
2024-09-20 11:59:33.475,428.0404486289931,10
2024-09-20 11:59:33.487,428.1040098661207,6
2024-09-20 11:59:33.515,428.05064751873743,9
2024-09-20 11:59:33.572,428.0414232660861,1002
2024-09-20 11:59:33.618,428.0801816235619,1001
2024-09-20 11:59:33.664,428.0747333928032,102
2024-09-20 11:59:33.684,428.05232542908624,12
2024-09-20 11:59:33.709,428.0631199538594,5
2024-09-20 11:59:33.760,428.0439008977503,997
2024-09-20 11:59:33.817,428.128367457798,102
2024-09-20 11:59:33.827,428.05069804294754,98
2024-09-20 11:59:33.847,428.07909711784765,98
2024-09-20 11:59:33.938,428.0651150497892,6
2024-09-20 11:59:33.965,428.0756507631394,998
2024-09-20 11:59:33.966,428.0631892229125,97
2024-09-20 11:59:34.117,428.1383199749694,1001
2024-09-20 11:59:34.205,428.1613711530516,105
2024-09-20 11:59:34.536,428.138494842354,103
2024-09-20 11:59:34.606,428.1358509005885,98
2024-09-20 11:59:34.966,428.1442184279032,9
2024-09-20 11:59:34.967,428.1204493949785,103
2024-09-20 11:59:34.992,428.1511655961751,97
2024-09-20 11:59:35.088,428.1377266573548,1005
2024-09-20 11:59:35.317,428.13063833147214,998
2024-09-20 11:59:35.588,428.1457451983239,95
2024-09-20 11:59:35.591,428.1245368345432,101
2024-09-20 11:59:35.610,428.1053430968594,105
2024-09-20 11:59:35.626,428.1349282809043,7
2024-09-20 11:59:36.402,428.1253889782389,1001
2024-09-20 11:59:36.657,428.1391358748921,1002
2024-09-20 11:59:36.965,428.1277220052974,6
2024-09-20 11:59:37.787,428.0947105796165,997
2024-09-20 11:59:37.961,428.11123879840153,9
2024-09-20 11:59:38.009,428.1101936714937,103
2024-09-20 11:59:38.115,428.1508251059169,101
2024-09-20 11:59:38.202,428.1533711437564,105
2024-09-20 11:59:38.345,428.1229510593411,100
2024-09-20 11:59:38.359,428.1153472426261,99
2024-09-20 11:59:38.467,428.1316373432185,6
2024-09-20 11:59:38.526,428.1454367752117,996
2024-09-20 11:59:38.579,428.1321393637929,11
2024-09-20 11:59:38.602,428.1305595841231,103
2024-09-20 11:59:38.627,428.1802350704904,995
2024-09-20 11:59:38.691,428.1478196178396,7
2024-09-20 11:59:38.815,428.1178241571758,999
2024-09-20 11:59:38.827,428.1423176378149,995
2024-09-20 11:59:38.832,428.16574271689535,5
2024-09-20 11:59:38.932,428.1597114663212,10
2024-09-20 11:59:38.977,428.0957284581559,999
2024-09-20 11:59:38.995,42.81240254955216,102
2024-09-20 11:59:39.027,428.0897834363309,15
2024-09-20 11:59:39.084,428.1064642974897,104
2024-09-20 11:59:39.105,428.1104617982188,98
2024-09-20 11:59:39.151,428.1078235478699,5
2024-09-20 11:59:39.153,428.0746456846691,5
2024-09-20 11:59:39.171,428.090804732932,102
2024-09-20 11:59:39.202,428.1007906870975,9
2024-09-20 11:59:39.271,428.099655797831,8
2024-09-20 11:59:39.280,428.100521951323,96
2024-09-20 11:59:39.309,428.10039278355066,5
2024-09-20 11:59:39.324,428.0855617223128,102
2024-09-20 11:59:39.337,428.12635992003993,99
2024-09-20 11:59:39.381,428.102078373617,13
2024-09-20 11:59:39.401,428.1142952498311,11
2024-09-20 11:59:39.428,428.0918746035139,1005
2024-09-20 11:59:39.534,428.1093583722365,103
2024-09-20 11:59:39.539,428.1158595785979,1002
2024-09-20 11:59:39.545,428.09753334823154,105
2024-09-20 11:59:39.582,428.0884505974906,6
2024-09-20 11:59:39.601,428.1100648237936,1005
2024-09-20 11:59:39.626,428.0900930353687,12
2024-09-20 11:59:39.707,428.0648990936661,13
2024-09-20 11:59:39.732,428.133035595208,999
2024-09-20 11:59:39.840,428.0713798507857,97
2024-09-20 11:59:39.857,428.0733391034458,15
2024-09-20 11:59:39.949,428.1127995656006,100
2024-09-20 11:59:40.960,428.0779549394771,1001
2024-09-20 11:59:41.234,428.0531795699655,95
2024-09-20 11:59:41.648,428.0685943657337,1002
2024-09-20 11:59:41.813,428.0593568793664,12
2024-09-20 11:59:41.856,,7
2024-09-20 11:59:42.018,428.0685294079743,99
2024-09-20 11:59:42.060,428.05909799913377,10
2024-09-20 11:59:42.068,428.0610208170833,1005
2024-09-20 11:59:42.124,428.0442305907842,11
2024-09-20 11:59:42.129,428.05715778427407,1001
2024-09-20 11:59:42.140,42.80726124890992,104
2024-09-20 11:59:42.175,428.0628134858813,995
2024-09-20 11:59:42.202,428.0589013959322,10
2024-09-20 11:59:42.450,428.0596041202411,95
2024-09-20 11:59:42.482,428.0607025504938,999
2024-09-20 11:59:42.562,428.0518399321541,105
2024-09-20 11:59:43.543,428.0777107207092,98
2024-09-20 11:59:44.109,428.0910084887013,100
2024-09-20 11:59:44.115,428.10398483416697,102
2024-09-20 11:59:44.188,428.11037282127694,1002
2024-09-20 11:59:44.256,428.109598491497,1002
2024-09-20 11:59:44.309,428.0985698254054,5
2024-09-20 11:59:44.362,428.0793383282395,10
2024-09-20 11:59:44.485,428.0775303824328,10
2024-09-20 11:59:44.587,428.10082125327705,14
2024-09-20 11:59:44.693,428.0958005117299,103
2024-09-20 11:59:44.702,428.08959808026094,101
2024-09-20 11:59:44.705,428.1144773816095,102
2024-09-20 11:59:44.723,428.077533827539,10
2024-09-20 11:59:44.754,428.0931633761065,96
2024-09-20 11:59:44.869,428.10223369922704,5
2024-09-20 11:59:44.873,428.1081251816335,995
2024-09-20 11:59:44.964,428.09192606127823,101
2024-09-20 11:59:44.989,428.0991527481553,15
2024-09-20 11:59:45.050,428.0754110497425,98
2024-09-20 11:59:45.065,428.0922933304879,98
2024-09-20 11:59:45.194,428.114971227413,8
2024-09-20 11:59:45.215,428.09005967043134,1004
2024-09-20 11:59:45.263,428.0432364954664,9
2024-09-20 11:59:45.272,428.090438639886,15
2024-09-20 11:59:45.442,428.0956983757649,997
2024-09-20 11:59:45.453,428.08454672876735,15
2024-09-20 11:59:45.665,428.0420896143844,10
2024-09-20 11:59:45.686,428.10076250130686,996
2024-09-20 11:59:45.689,428.0614360357469,997
2024-09-20 11:59:45.743,428.0852430074373,97
2024-09-20 11:59:45.815,428.0964433904744,105
2024-09-20 11:59:46.043,428.0386332605951,15
2024-09-20 11:59:46.257,427.9850084083753,13
2024-09-20 11:59:46.327,428.0311943293901,100
2024-09-20 11:59:46.355,428.0087277667564,5
2024-09-20 11:59:46.405,427.98637904279656,95
2024-09-20 11:59:46.491,428.00244642712994,1000
2024-09-20 11:59:46.499,427.9927178582869,996
2024-09-20 11:59:46.650,428.04721067180185,11
2024-09-20 11:59:46.654,428.0266497637601,999
2024-09-20 11:59:46.681,427.98563658495294,15
2024-09-20 11:59:46.695,427.9738373156973,102
2024-09-20 11:59:46.850,,1005
2024-09-20 11:59:46.965,427.9896660439943,102
2024-09-20 11:59:46.971,428.0463941164972,998
2024-09-20 11:59:47.096,427.9764446967948,8
2024-09-20 11:59:47.287,427.9946702341976,15
2024-09-20 11:59:47.318,428.0251774409894,7
2024-09-20 11:59:47.413,427.9589392758407,95
2024-09-20 11:59:47.611,428.00840099495446,7
2024-09-20 11:59:47.621,427.9542559538789,995
2024-09-20 11:59:47.643,427.98574987885576,1000
2024-09-20 11:59:47.695,428.0202424615866,997
2024-09-20 11:59:47.729,427.9390761473487,105
2024-09-20 11:59:47.944,427.938524208624,98
2024-09-20 11:59:48.025,428.0007654511948,13
2024-09-20 11:59:48.067,427.9532306523959,7
2024-09-20 11:59:48.073,427.97737927280286,998
2024-09-20 11:59:48.102,427.99011404815866,8
2024-09-20 11:59:48.110,427.9749547465879,14
2024-09-20 11:59:48.121,427.96487875608506,13
2024-09-20 11:59:48.263,427.9459712514006,100
2024-09-20 11:59:48.326,427.93134369387946,95
2024-09-20 11:59:48.713,427.95899309244265,7
2024-09-20 11:59:48.957,427.96047999219655,5
2024-09-20 11:59:49.021,427.8871241711295,99
2024-09-20 11:59:49.027,427.93409588682897,997
2024-09-20 11:59:49.174,427.9605770836293,100
2024-09-20 11:59:49.179,427.99593924456417,10
2024-09-20 11:59:49.180,427.907089660044,997
2024-09-20 11:59:49.336,427.9827069851195,96
2024-09-20 11:59:49.348,427.95494786392175,102
2024-09-20 11:59:49.348,427.9314795220817,998
2024-09-20 11:59:49.415,427.92621658642827,5
2024-09-20 11:59:49.423,427.9148073977712,11
2024-09-20 11:59:49.485,427.9719842416801,12
2024-09-20 11:59:49.503,427.9077570025512,997
2024-09-20 11:59:49.530,427.8933068207772,999
2024-09-20 11:59:49.539,427.9788472997474,104
2024-09-20 11:59:49.546,427.9806117624936,7
2024-09-20 11:59:49.597,42.79262011227835,9
2024-09-20 11:59:49.619,427.9098947829184,102
2024-09-20 11:59:49.642,427.93874308405424,97
2024-09-20 11:59:49.651,427.9426948204157,13
2024-09-20 11:59:49.700,427.8849985349582,1003
2024-09-20 11:59:49.773,,95
2024-09-20 11:59:49.831,427.8885748790201,99
2024-09-20 11:59:49.861,427.9363762031465,1000
2024-09-20 11:59:49.874,427.88126748912873,997
2024-09-20 11:59:49.924,427.9004145380445,99
2024-09-20 11:59:49.955,427.92601915397216,1004
2024-09-20 11:59:49.994,427.8873613227894,10
2024-09-20 11:59:50.458,427.8655294444984,6
2024-09-20 11:59:50.530,427.8724040268926,100
2024-09-20 11:59:50.675,427.8772364170608,1002
2024-09-20 11:59:51.013,427.8040249985813,95
2024-09-20 11:59:51.050,427.8104255684937,9
2024-09-20 11:59:51.134,427.8241920225082,14
2024-09-20 11:59:51.243,427.8012364654944,1001
2024-09-20 11:59:51.264,427.8130832199064,1000
2024-09-20 11:59:51.326,427.8152210917224,11
2024-09-20 11:59:51.343,427.8074137127263,996
2024-09-20 11:59:51.362,427.7958139800601,97
2024-09-20 11:59:51.400,427.81150693967686,996
2024-09-20 11:59:51.415,427.8135749338642,5
2024-09-20 11:59:51.442,427.8275544580612,105
2024-09-20 11:59:51.445,427.8270591112233,96
2024-09-20 11:59:51.457,427.8310571256057,10
2024-09-20 11:59:51.517,,995
2024-09-20 11:59:51.592,427.80374612725376,98
2024-09-20 11:59:51.684,427.8029439873941,100
2024-09-20 11:59:51.724,427.8625410001504,5
2024-09-20 11:59:51.731,427.8211851788347,6
2024-09-20 11:59:51.788,427.8351538807866,1001
2024-09-20 11:59:51.813,427.8595694645401,1003
2024-09-20 11:59:51.849,427.8262942676974,9
2024-09-20 11:59:52.007,427.7358405439893,11
2024-09-20 11:59:52.051,427.843304941519,101
2024-09-20 11:59:52.128,427.8024551596968,998
2024-09-20 11:59:52.201,427.824217454017,102
2024-09-20 11:59:52.330,427.7963277202084,1005
2024-09-20 11:59:52.361,427.81820563099154,10
2024-09-20 11:59:52.365,427.8332893352445,999
2024-09-20 11:59:52.367,427.83279026687865,1002
2024-09-20 11:59:52.395,427.8675841977639,8
2024-09-20 11:59:52.414,427.8305139577203,14
2024-09-20 11:59:52.468,427.8260150280745,5
2024-09-20 11:59:52.500,427.844258806504,15
2024-09-20 11:59:52.508,427.7606724444586,105
2024-09-20 11:59:52.524,427.8552405341387,997
2024-09-20 11:59:52.527,427.8601873328416,14
2024-09-20 11:59:52.536,427.8291872964072,96
2024-09-20 11:59:52.554,427.8342016529795,10
2024-09-20 11:59:52.588,427.844906561532,99
2024-09-20 11:59:52.682,427.8005836951328,996
2024-09-20 11:59:52.776,427.83693346372735,98
2024-09-20 11:59:52.848,427.8268335761875,6
2024-09-20 11:59:52.881,427.8614297121272,1003
2024-09-20 11:59:52.903,427.8557483569652,5
2024-09-20 11:59:52.918,427.8479245911613,15
2024-09-20 11:59:52.948,427.84228934214775,9
2024-09-20 11:59:52.959,-427.7349359917954,104
2024-09-20 11:59:52.995,,1000
2024-09-20 11:59:53.000,427.6633272532584,6
2024-09-20 11:59:53.115,427.66829818412367,100
2024-09-20 11:59:53.128,427.6503273636591,104
2024-09-20 11:59:53.145,427.6963486451597,10
2024-09-20 11:59:53.216,427.6936139598083,11
2024-09-20 11:59:53.229,427.67537789657433,5
2024-09-20 11:59:53.281,427.661015102846,13
2024-09-20 11:59:53.312,427.6488532321082,996
2024-09-20 11:59:53.329,427.689052008334,1004
2024-09-20 11:59:53.345,427.6520054227205,9
2024-09-20 11:59:53.376,427.6944853709128,100
2024-09-20 11:59:53.439,427.6424412514921,996
2024-09-20 11:59:53.743,427.6948027609012,99
2024-09-20 11:59:53.782,427.67161090048495,10
2024-09-20 11:59:53.804,427.68822706410737,997
2024-09-20 11:59:53.822,427.6748231093374,7
2024-09-20 11:59:53.826,427.7142365368074,104
2024-09-20 11:59:53.871,427.6738215239468,1004
2024-09-20 11:59:53.891,427.6592073057541,999
2024-09-20 11:59:53.924,427.6838369313869,96
2024-09-20 11:59:53.962,427.6732097071693,104
2024-09-20 11:59:54.061,427.66189898533935,1005
2024-09-20 11:59:54.126,427.6560141119714,12
2024-09-20 11:59:54.331,427.67371251841513,97
2024-09-20 11:59:54.418,427.6989448877384,1001
2024-09-20 11:59:54.422,427.6852846577149,105
2024-09-20 11:59:54.668,427.6781053917691,6
2024-09-20 11:59:54.858,427.7078848973601,1001
2024-09-20 11:59:55.275,427.7174508792157,13
2024-09-20 11:59:55.315,427.6957287095231,102
2024-09-20 11:59:55.371,427.6673968800215,995
2024-09-20 11:59:55.447,427.7294492744416,101
2024-09-20 11:59:55.480,427.7076941061305,1000
2024-09-20 11:59:55.672,427.7054807192207,6
2024-09-20 11:59:55.721,427.6820348443797,7
2024-09-20 11:59:55.775,427.7107087307689,1001
2024-09-20 11:59:55.821,427.6986467000361,12
2024-09-20 11:59:55.914,427.683805413201,96
2024-09-20 11:59:56.001,427.7241877154237,95
2024-09-20 11:59:56.121,427.7175313468948,6
2024-09-20 11:59:56.121,427.72363413230687,995
2024-09-20 11:59:56.133,427.7671633345823,996
2024-09-20 11:59:56.135,427.7543692471807,105
2024-09-20 11:59:56.143,427.7276498237591,100
2024-09-20 11:59:56.160,427.7533334852144,15
2024-09-20 11:59:56.347,427.7403166722932,995
2024-09-20 11:59:56.418,427.7188249487271,995
2024-09-20 11:59:56.482,427.73052344418784,5
2024-09-20 11:59:56.530,427.7072273275168,95
2024-09-20 11:59:56.535,427.7258843498242,100
2024-09-20 11:59:56.555,427.7123498143144,1005
2024-09-20 11:59:56.579,427.75495899440887,997
2024-09-20 11:59:56.664,427.7276665841294,1001
2024-09-20 11:59:56.851,427.7277899193152,13
2024-09-20 11:59:56.897,427.7216125376813,13
2024-09-20 11:59:56.912,427.7492903473145,15
2024-09-20 11:59:56.920,427.7186625493594,998
2024-09-20 11:59:56.921,427.7162948507764,105
2024-09-20 11:59:56.941,427.7243288387751,13
2024-09-20 11:59:57.054,427.7398254531303,102
2024-09-20 11:59:57.112,427.7474487261079,95
2024-09-20 11:59:57.154,427.7622975108801,999
2024-09-20 11:59:57.216,427.7730001484061,99
2024-09-20 11:59:57.304,427.74850727426985,8
2024-09-20 11:59:57.310,427.7255733311796,1005
2024-09-20 11:59:57.317,427.7665415934447,11
2024-09-20 11:59:57.385,427.7469680892552,7
2024-09-20 11:59:57.421,427.7430629897361,995
2024-09-20 11:59:57.489,427.758976677001,10
2024-09-20 11:59:57.498,427.7143657391497,104
2024-09-20 11:59:57.525,427.7721148584239,1002
2024-09-20 11:59:57.581,427.7299230880126,105
2024-09-20 11:59:57.621,427.7549794323624,1000
2024-09-20 11:59:57.679,427.7114194579111,97
2024-09-20 11:59:57.700,427.7046898873096,998
2024-09-20 11:59:57.816,427.70884449999824,5
2024-09-20 11:59:57.847,427.74201543203856,96
2024-09-20 11:59:57.860,427.69124188505367,999
2024-09-20 11:59:57.940,427.7358966271242,105
2024-09-20 11:59:57.990,427.77391734246754,999
2024-09-20 11:59:58.051,427.70911872360256,104
2024-09-20 11:59:58.094,,96
2024-09-20 11:59:58.887,427.6852080615776,95
2024-09-20 11:59:59.178,427.66508925800855,13
2024-09-20 11:59:59.189,42.76611855447049,102
2024-09-20 11:59:59.212,427.6075948882879,14
2024-09-20 11:59:59.429,427.6800373338041,5
2024-09-20 11:59:59.543,427.6777231106017,97
2024-09-20 11:59:59.668,427.691302174833,11
2024-09-20 11:59:59.709,,998
2024-09-20 11:59:59.812,427.6618713631048,105
2024-09-20 11:59:59.839,427.6406232264808,1005
2024-09-20 11:59:59.854,427.6941542579259,5
