Timestamp,Price,Size
2024-09-19 10:23:00.036,419.7515949850474,103
2024-09-19 10:23:00.047,419.763398378627,5
2024-09-19 10:23:00.070,419.74439422869847,999
2024-09-19 10:23:00.184,419.7577227720808,9
2024-09-19 10:23:00.187,419.7805302474573,101
2024-09-19 10:23:00.328,419.7782345624573,1004
2024-09-19 10:23:00.392,419.77568447247467,996
2024-09-19 10:23:00.437,419.76138000371697,1002
2024-09-19 10:23:00.441,419.7532219944174,6
2024-09-19 10:23:00.484,419.780788542036,12
2024-09-19 10:23:00.594,419.7747227512989,1002
2024-09-19 10:23:00.597,419.77625683066987,96
2024-09-19 10:23:00.607,419.75685521702354,96
2024-09-19 10:23:00.621,419.7754506469639,7
2024-09-19 10:23:00.638,419.7508179567973,995
2024-09-19 10:23:00.657,419.7534174281468,10
2024-09-19 10:23:00.691,419.7636167202433,103
2024-09-19 10:23:00.720,419.7526237007775,995
2024-09-19 10:23:00.736,419.7874731527744,105
2024-09-19 10:23:00.770,419.7561195049979,100
2024-09-19 10:23:00.793,419.76584231945856,1004
2024-09-19 10:23:00.804,419.7629402325489,6
2024-09-19 10:23:00.813,419.7569376495913,105
2024-09-19 10:23:00.821,419.75944178630107,100
2024-09-19 10:23:00.891,419.7493406898213,98
2024-09-19 10:23:00.909,419.7669306076244,997
2024-09-19 10:23:00.954,419.7597978506087,96
2024-09-19 10:23:00.997,419.7678068115369,1003
2024-09-19 10:23:01.002,419.6719594567561,999
2024-09-19 10:23:01.046,419.7317731082659,96
2024-09-19 10:23:01.110,419.7191468629817,103
2024-09-19 10:23:01.127,419.737820035159,8
2024-09-19 10:23:01.135,419.7278338693202,98
2024-09-19 10:23:01.136,419.76475485578624,99
2024-09-19 10:23:01.170,419.7202949189653,998
2024-09-19 10:23:01.206,419.7267016964302,999
2024-09-19 10:23:01.225,419.7219510245436,10
2024-09-19 10:23:01.290,419.747251912221,999
2024-09-19 10:23:01.423,419.7069909492881,999
2024-09-19 10:23:01.459,419.69071197462944,998
2024-09-19 10:23:01.499,419.73216147667375,12
2024-09-19 10:23:01.546,419.7449133015008,11
2024-09-19 10:23:01.558,419.6938965126235,11
2024-09-19 10:23:01.671,419.736023811322,15
2024-09-19 10:23:01.809,419.6873676632994,998
2024-09-19 10:23:01.845,419.7475144105601,15
2024-09-19 10:23:01.863,419.77581907125466,14
2024-09-19 10:23:01.866,419.6744772231166,100
2024-09-19 10:23:01.899,419.6892390827706,15
2024-09-19 10:23:02.025,419.72748834118727,10
2024-09-19 10:23:02.031,419.73543866636027,15
2024-09-19 10:23:02.129,419.7172649730055,5
2024-09-19 10:23:02.173,419.7844307024132,12
2024-09-19 10:23:02.225,419.7371334939339,14
2024-09-19 10:23:02.233,419.75816241076,15
2024-09-19 10:23:02.316,419.7115200238062,104
2024-09-19 10:23:02.490,419.7954856065492,1000
2024-09-19 10:23:02.516,419.77698752382537,5
2024-09-19 10:23:02.525,419.7814323752555,15
2024-09-19 10:23:02.533,419.7862727568189,95
2024-09-19 10:23:02.647,41.979918710611145,101
2024-09-19 10:23:02.664,419.7867459780193,105
2024-09-19 10:23:02.725,419.7539769769748,1001
2024-09-19 10:23:02.734,419.7935674122819,103
2024-09-19 10:23:02.944,419.73631859759234,102
2024-09-19 10:23:02.951,419.7801153204712,100
2024-09-19 10:23:02.998,419.7694620041898,11
2024-09-19 10:23:03.077,419.72084844312025,101
2024-09-19 10:23:03.107,419.7298968321692,998
2024-09-19 10:23:03.136,419.6824044365746,1002
2024-09-19 10:23:03.162,419.6888645781191,997
2024-09-19 10:23:03.311,419.6968606216967,8
2024-09-19 10:23:03.385,419.7070685569468,1001
2024-09-19 10:23:03.385,419.7152176715839,13
2024-09-19 10:23:03.502,419.7216186711373,1001
2024-09-19 10:23:03.519,419.6696831404319,98
2024-09-19 10:23:03.521,419.7445531971542,15
2024-09-19 10:23:03.550,419.65925702330185,996
2024-09-19 10:23:03.566,419.7126202024705,104
2024-09-19 10:23:03.607,419.68749963477376,11
2024-09-19 10:23:03.610,419.6549400299293,8
2024-09-19 10:23:03.630,419.713197270492,103
2024-09-19 10:23:04.003,419.7239777821624,103
2024-09-19 10:23:04.012,419.6715950179609,998
2024-09-19 10:23:04.032,419.7029159847829,13
2024-09-19 10:23:04.062,419.7041501936846,102
2024-09-19 10:23:04.097,419.6522989647548,1001
2024-09-19 10:23:04.149,419.669987896392,100
2024-09-19 10:23:04.183,419.7064525749642,8
2024-09-19 10:23:04.185,419.6461533269958,10
2024-09-19 10:23:04.209,419.7130940116182,997
2024-09-19 10:23:04.220,419.7234775010773,8
2024-09-19 10:23:04.270,419.6898114820058,99
2024-09-19 10:23:04.281,,996
2024-09-19 10:23:04.282,419.7236539349699,12
2024-09-19 10:23:04.415,419.65932937258486,10
2024-09-19 10:23:04.545,419.6733329659104,5
2024-09-19 10:23:04.569,419.6894652664884,98
2024-09-19 10:23:04.571,419.680825144249,96
2024-09-19 10:23:04.587,419.6393835618498,95
2024-09-19 10:23:04.657,419.6637391630773,999
2024-09-19 10:23:04.681,419.71921426746576,12
2024-09-19 10:23:04.719,419.7091593932072,12
2024-09-19 10:23:04.729,419.6875940185346,996
2024-09-19 10:23:04.782,41.96515315885424,996
2024-09-19 10:23:04.793,419.6915361535704,1005
2024-09-19 10:23:04.893,419.6976203335276,95
2024-09-19 10:23:04.897,419.68483980635006,104
2024-09-19 10:23:04.899,419.6882267749022,1003
2024-09-19 10:23:04.926,419.67445339109247,103
2024-09-19 10:23:04.945,419.6885040080082,11
2024-09-19 10:23:04.973,419.68564268280426,995
2024-09-19 10:23:05.050,419.6998612383492,998
2024-09-19 10:23:05.093,419.6862512201751,96
2024-09-19 10:23:05.135,419.6889736251245,6
2024-09-19 10:23:05.192,419.7147135577689,101
2024-09-19 10:23:05.325,419.6820758175416,1002
2024-09-19 10:23:05.410,419.7171813084625,102
2024-09-19 10:23:05.442,419.7259783984108,15
2024-09-19 10:23:05.532,419.70383776883017,1000
2024-09-19 10:23:05.579,419.68839825229367,14
2024-09-19 10:23:05.599,419.7113451296354,7
2024-09-19 10:23:05.767,419.6879531104961,102
2024-09-19 10:23:05.959,,15
2024-09-19 10:23:05.963,419.7176049494825,96
2024-09-19 10:23:05.972,419.71123793816935,997
2024-09-19 10:23:06.017,419.773482752544,11
2024-09-19 10:23:06.035,419.76202807475926,103
2024-09-19 10:23:06.063,419.75944687743976,1001
2024-09-19 10:23:06.136,419.6732307258308,11
2024-09-19 10:23:06.212,419.724037317473,12
2024-09-19 10:23:06.262,419.7326871928353,996
2024-09-19 10:23:06.318,419.73632735298594,998
2024-09-19 10:23:06.341,419.73795736327935,15
2024-09-19 10:23:06.363,419.7626588539479,1003
2024-09-19 10:23:06.368,419.69836285829314,102
2024-09-19 10:23:06.371,419.69880379219086,104
2024-09-19 10:23:06.389,419.6858323805557,996
2024-09-19 10:23:06.425,419.7437125496424,7
2024-09-19 10:23:06.513,419.7032078093748,14
2024-09-19 10:23:06.518,419.758605605217,1004
2024-09-19 10:23:06.638,419.75995210604265,999
2024-09-19 10:23:06.639,419.71414137983305,6
2024-09-19 10:23:06.671,419.70453151634695,1001
2024-09-19 10:23:06.676,419.7287496391934,98
2024-09-19 10:23:06.762,419.68004802834577,998
2024-09-19 10:23:06.813,419.6891446500437,13
2024-09-19 10:23:06.853,419.7234975619615,99
2024-09-19 10:23:06.893,-419.7544370923196,15
2024-09-19 10:23:06.905,41.97371726137013,1005
2024-09-19 10:23:06.922,419.7536252155037,995
2024-09-19 10:23:07.516,419.6790565202311,15
2024-09-19 10:23:07.841,419.6783893155683,102
2024-09-19 10:23:08.138,419.65393425684846,6
2024-09-19 10:23:08.172,419.65897029971126,1003
2024-09-19 10:23:08.216,419.7022431241736,1002
2024-09-19 10:23:08.242,419.6599317159153,1000
2024-09-19 10:23:08.253,419.6973797011512,8
2024-09-19 10:23:08.303,419.6925146553335,6
2024-09-19 10:23:08.342,419.6897187014816,9
2024-09-19 10:23:08.361,419.6889080248103,105
2024-09-19 10:23:08.411,419.6765948749367,1004
2024-09-19 10:23:08.443,419.64902718048114,7
2024-09-19 10:23:08.456,419.65333561616586,98
2024-09-19 10:23:08.503,419.6683490427697,9
2024-09-19 10:23:08.527,419.6792748203398,7
2024-09-19 10:23:08.578,419.6680533178888,998
2024-09-19 10:23:08.627,419.6379939629493,11
2024-09-19 10:23:08.630,419.652258123122,6
2024-09-19 10:23:08.704,419.6675396757397,11
2024-09-19 10:23:08.705,419.6517605523047,102
2024-09-19 10:23:08.706,419.69473172341503,98
2024-09-19 10:23:08.806,419.638447761272,1005
2024-09-19 10:23:08.862,419.6620838682149,6
2024-09-19 10:23:08.896,419.6918471829643,6
2024-09-19 10:23:08.913,419.64619907206486,6
2024-09-19 10:23:08.926,419.67212313597247,1001
2024-09-19 10:23:08.998,419.6801641302825,95
2024-09-19 10:23:09.012,419.5979669073745,98
2024-09-19 10:23:09.021,419.6436256632595,14
2024-09-19 10:23:09.093,419.5459514595344,13
2024-09-19 10:23:09.179,419.5712184985911,997
2024-09-19 10:23:09.180,419.5496699152232,6
2024-09-19 10:23:09.191,419.6277244706788,98
2024-09-19 10:23:09.377,419.5330795660678,10
2024-09-19 10:23:09.391,419.5381329895933,15
2024-09-19 10:23:09.420,419.5916462790113,1002
2024-09-19 10:23:09.432,419.5549273699936,1004
2024-09-19 10:23:09.439,419.6126327671838,1003
2024-09-19 10:23:09.512,419.58255874926937,7
2024-09-19 10:23:09.522,419.5824196127808,999
2024-09-19 10:23:09.567,419.5159947857257,14
2024-09-19 10:23:09.603,419.6112467719775,105
2024-09-19 10:23:09.662,419.54597041028165,99
2024-09-19 10:23:09.669,419.63120745813785,1005
2024-09-19 10:23:09.721,419.62620517194574,1003
2024-09-19 10:23:09.754,419.534389702803,9
2024-09-19 10:23:09.768,419.580709592262,999
2024-09-19 10:23:09.772,419.5546398511231,96
2024-09-19 10:23:09.784,419.6201268187159,96
2024-09-19 10:23:09.803,419.6204450924841,95
2024-09-19 10:23:09.878,419.5573770285369,999
2024-09-19 10:23:09.888,419.522197582658,6
2024-09-19 10:23:09.917,419.5795875832548,105
2024-09-19 10:23:10.106,419.57705685143554,12
2024-09-19 10:23:10.114,41.95599259172821,1003
2024-09-19 10:23:10.157,419.5615480607272,7
2024-09-19 10:23:10.167,419.54895180703977,99
2024-09-19 10:23:10.211,419.5405555723821,1002
2024-09-19 10:23:10.271,419.55768017625496,999
2024-09-19 10:23:10.281,419.5540690033084,12
2024-09-19 10:23:10.336,419.551542706114,102
2024-09-19 10:23:10.338,419.5284754469948,1003
2024-09-19 10:23:10.434,419.5742113366692,9
2024-09-19 10:23:10.629,419.55491731518913,7
2024-09-19 10:23:10.646,419.5708909661875,98
2024-09-19 10:23:10.648,419.5528682168312,1004
2024-09-19 10:23:10.669,419.5828675101085,8
2024-09-19 10:23:10.717,419.5762470973708,101
2024-09-19 10:23:10.727,419.5753372097794,6
2024-09-19 10:23:10.729,419.5454483848272,1002
2024-09-19 10:23:10.732,419.5547494673189,100
2024-09-19 10:23:10.914,419.55579871275575,101
2024-09-19 10:23:10.958,419.5710334466674,95
2024-09-19 10:23:10.963,419.5689580900208,95
2024-09-19 10:23:11.061,419.6087806476775,98
2024-09-19 10:23:11.063,419.5822599472916,96
2024-09-19 10:23:11.064,419.5874782719148,102
2024-09-19 10:23:11.092,419.6018378724369,6
2024-09-19 10:23:11.129,419.5982434034087,95
2024-09-19 10:23:11.287,419.578008599134,7
2024-09-19 10:23:11.316,419.5847776201449,96
2024-09-19 10:23:11.349,419.6021296987904,104
2024-09-19 10:23:11.353,419.61037823537305,1000
2024-09-19 10:23:11.422,419.5877707141824,997
2024-09-19 10:23:11.526,419.6075400260427,9
2024-09-19 10:23:11.591,419.6002795030109,1005
2024-09-19 10:23:11.659,419.59888668369786,96
2024-09-19 10:23:11.683,419.60114904405856,13
2024-09-19 10:23:11.695,419.6083859091934,10
2024-09-19 10:23:11.792,419.58833722561695,1004
2024-09-19 10:23:11.806,419.5653172552543,97
2024-09-19 10:23:11.880,419.5928609412932,100
2024-09-19 10:23:11.884,419.5841440485896,6
2024-09-19 10:23:11.888,419.6172102623283,997
2024-09-19 10:23:11.892,419.5775577384591,15
2024-09-19 10:23:11.913,419.600724214505,100
2024-09-19 10:23:11.967,419.62477957593336,998
2024-09-19 10:23:11.997,419.55524524001896,14
2024-09-19 10:23:12.056,419.650567563417,1002
2024-09-19 10:23:12.235,419.6125198543345,100
2024-09-19 10:23:12.245,419.6430598474445,105
2024-09-19 10:23:12.260,419.6310654470311,1002
2024-09-19 10:23:12.296,419.6391712642642,997
2024-09-19 10:23:12.962,419.651636029279,97
2024-09-19 10:23:12.966,419.6286367986899,96
2024-09-19 10:23:13.020,419.61552202009193,997
2024-09-19 10:23:13.076,419.61524975233687,104
2024-09-19 10:23:13.223,419.6214387753519,100
2024-09-19 10:23:13.224,419.6599503702887,1001
2024-09-19 10:23:13.225,419.57888462032537,11
2024-09-19 10:23:13.230,419.6340326080955,15
2024-09-19 10:23:13.253,419.5986824981522,105
2024-09-19 10:23:13.261,419.620488999984,14
2024-09-19 10:23:13.325,419.6454768200944,99
2024-09-19 10:23:13.413,419.6328548725399,8
2024-09-19 10:23:13.423,419.6318207552117,10
2024-09-19 10:23:13.516,419.6178193384732,6
2024-09-19 10:23:13.585,419.5825546469322,1000
2024-09-19 10:23:13.698,419.583901093098,996
2024-09-19 10:23:13.756,419.64881551098574,1001
2024-09-19 10:23:13.881,419.62609853658176,995
2024-09-19 10:23:13.939,419.6373694655972,1003
2024-09-19 10:23:13.955,419.6091451151729,9
2024-09-19 10:23:14.042,419.6472324307786,8
2024-09-19 10:23:14.092,419.59354559445086,11
2024-09-19 10:23:14.129,419.6092021216159,1000
2024-09-19 10:23:14.178,419.6259056022876,1000
2024-09-19 10:23:14.223,419.63478841938337,997
2024-09-19 10:23:14.268,419.6031041382471,1004
2024-09-19 10:23:14.277,419.6121836004086,12
2024-09-19 10:23:14.286,419.6117449206626,9
2024-09-19 10:23:14.376,419.5850285513379,998
2024-09-19 10:23:14.393,419.5738826841862,1004
2024-09-19 10:23:14.444,419.6339114588071,10
2024-09-19 10:23:14.486,419.5979140101321,98
2024-09-19 10:23:14.494,,100
2024-09-19 10:23:14.525,419.6346780290801,13
2024-09-19 10:23:14.569,419.6185065961466,1004
2024-09-19 10:23:14.670,419.63106280769017,1004
2024-09-19 10:23:14.737,419.6252833666224,100
2024-09-19 10:23:14.740,419.6140877626757,104
2024-09-19 10:23:14.779,419.60734851194695,11
2024-09-19 10:23:14.826,419.61731942531367,1001
2024-09-19 10:23:14.926,419.5987967930441,96
2024-09-19 10:23:14.967,419.6197382525813,1005
2024-09-19 10:23:14.980,419.6140715489725,103
2024-09-19 10:23:16.123,419.609580611768,998
2024-09-19 10:23:16.218,419.6444685018745,10
2024-09-19 10:23:16.314,419.62462517655615,95
2024-09-19 10:23:16.393,419.6267527198799,995
2024-09-19 10:23:16.464,419.5885593876212,7
2024-09-19 10:23:16.481,419.6080086148429,13
2024-09-19 10:23:16.487,419.65846758214497,101
2024-09-19 10:23:16.600,419.6350094047323,1002
2024-09-19 10:23:16.673,419.5950140651207,1003
2024-09-19 10:23:16.754,419.60795641922687,15
2024-09-19 10:23:16.812,419.62966429492894,995
2024-09-19 10:23:16.881,-419.598936132926,7
2024-09-19 10:23:16.943,419.6268295138686,13
2024-09-19 10:23:17.048,419.663951295823,12
2024-09-19 10:23:17.194,419.6403300201503,97
2024-09-19 10:23:17.280,419.7163073500546,1005
2024-09-19 10:23:17.289,419.656825060868,998
2024-09-19 10:23:17.294,419.7378880583894,8
2024-09-19 10:23:17.312,419.6300653821404,101
2024-09-19 10:23:17.342,419.6604318891672,104
2024-09-19 10:23:17.345,419.746904863072,998
2024-09-19 10:23:17.376,419.6956106853714,996
2024-09-19 10:23:17.381,419.6558506401005,7
2024-09-19 10:23:17.445,419.703482796067,95
2024-09-19 10:23:17.498,419.61755767445777,8
2024-09-19 10:23:17.503,419.7050061266591,15
2024-09-19 10:23:17.514,419.6905848892959,1000
2024-09-19 10:23:17.528,419.6473091050613,99
2024-09-19 10:23:17.537,419.7320448841812,99
2024-09-19 10:23:17.549,419.74527898291433,101
2024-09-19 10:23:17.644,419.6868249678826,6
2024-09-19 10:23:17.649,419.64457752480575,995
2024-09-19 10:23:17.654,41.96624399409296,101
2024-09-19 10:23:17.728,419.72330128804776,996
2024-09-19 10:23:17.746,419.736082847405,100
2024-09-19 10:23:17.781,419.7267570258752,11
2024-09-19 10:23:17.805,419.6768531515529,1003
2024-09-19 10:23:17.824,419.6455971370922,96
2024-09-19 10:23:17.885,419.69403108221337,105
2024-09-19 10:23:17.994,419.6610959933124,9
2024-09-19 10:23:18.035,419.8002303888189,6
2024-09-19 10:23:18.080,419.7508963972803,98
2024-09-19 10:23:18.152,419.76535262100384,12
2024-09-19 10:23:18.257,419.7648812477729,105
2024-09-19 10:23:18.313,419.7137450442551,5
2024-09-19 10:23:18.317,419.762518098508,101
2024-09-19 10:23:18.366,419.7559362382325,13
2024-09-19 10:23:18.400,419.7748462941556,104
2024-09-19 10:23:18.456,419.7829319375126,7
2024-09-19 10:23:18.466,419.7848891493336,13
2024-09-19 10:23:18.472,419.7544711348583,14
2024-09-19 10:23:18.638,419.76349382036005,1000
2024-09-19 10:23:18.640,41.970062707686175,996
2024-09-19 10:23:18.651,419.70704402872,95
2024-09-19 10:23:18.674,419.7533614722314,999
2024-09-19 10:23:18.709,419.7582888741291,95
2024-09-19 10:23:18.728,419.7339982429429,7
2024-09-19 10:23:18.802,419.70403318039047,104
2024-09-19 10:23:18.856,419.7467424913908,103
2024-09-19 10:23:18.913,419.7719445370956,997
2024-09-19 10:23:18.929,419.7039448081622,9
2024-09-19 10:23:18.947,419.76535255592495,98
2024-09-19 10:23:18.995,419.7589862650128,1000
2024-09-19 10:23:19.087,419.774057561136,7
2024-09-19 10:23:19.209,419.8124988126673,105
2024-09-19 10:23:19.219,419.828355548261,103
2024-09-19 10:23:19.245,419.8011330632779,13
2024-09-19 10:23:19.532,419.8569806304792,1002
2024-09-19 10:23:19.552,419.8498066156556,104
2024-09-19 10:23:19.592,419.7957040494648,101
2024-09-19 10:23:19.754,419.7653209596044,98
2024-09-19 10:23:19.895,419.86261017135786,7
2024-09-19 10:23:19.939,419.79857251520446,5
2024-09-19 10:23:20.030,419.8519617465689,8
2024-09-19 10:23:20.120,419.84725087056415,995
2024-09-19 10:23:20.134,,103
2024-09-19 10:23:20.203,419.8498394859709,7
2024-09-19 10:23:20.207,419.8014146847124,13
2024-09-19 10:23:20.272,419.8299700300184,12
2024-09-19 10:23:20.317,419.85682873973406,1005
2024-09-19 10:23:20.453,419.8508446580968,997
2024-09-19 10:23:20.495,419.8515192008866,105
2024-09-19 10:23:20.499,419.825933477678,96
2024-09-19 10:23:20.529,419.8213354764755,1005
2024-09-19 10:23:20.568,419.8326410582028,15
2024-09-19 10:23:20.605,419.8514937099066,102
2024-09-19 10:23:20.650,419.83082509798845,9
2024-09-19 10:23:20.687,419.85001232747874,7
2024-09-19 10:23:20.736,419.8410528446887,1004
2024-09-19 10:23:20.973,419.8156870950205,97
2024-09-19 10:23:21.011,419.8202127036499,96
2024-09-19 10:23:21.057,419.8205520179685,998
2024-09-19 10:23:21.062,419.81553266301216,104
2024-09-19 10:23:21.195,419.80068115217045,999
2024-09-19 10:23:21.208,419.8252323652839,102
2024-09-19 10:23:21.217,419.8089789477626,14
2024-09-19 10:23:21.237,419.8221044768856,10
2024-09-19 10:23:21.276,419.8334688873655,95
2024-09-19 10:23:21.371,419.82208894723846,1002
2024-09-19 10:23:21.386,419.8283526329225,6
2024-09-19 10:23:21.413,419.82601298673166,102
2024-09-19 10:23:21.426,419.8293024081357,6
2024-09-19 10:23:21.568,419.8049157983474,99
2024-09-19 10:23:21.620,419.8115940147079,1002
2024-09-19 10:23:21.695,419.8100817626022,13
2024-09-19 10:23:21.710,419.7925216925845,997
2024-09-19 10:23:21.727,419.8123358778192,102
2024-09-19 10:23:21.984,419.7954189833885,9
2024-09-19 10:23:21.994,419.8306666549486,11
2024-09-19 10:23:22.258,419.7706596092357,1002
2024-09-19 10:23:22.318,419.75867592711154,13
2024-09-19 10:23:22.876,419.7686597906772,97
2024-09-19 10:23:22.885,419.7798991981898,5
2024-09-19 10:23:22.923,419.75441576300966,100
2024-09-19 10:23:23.229,419.7810592162798,105
2024-09-19 10:23:23.280,419.7637324295767,12
2024-09-19 10:23:23.502,419.78184378903273,6
2024-09-19 10:23:23.532,419.7682078554055,10
2024-09-19 10:23:23.956,419.7531498250876,105
2024-09-19 10:23:24.036,419.6914103540199,1003
2024-09-19 10:23:24.056,419.7359374697508,7
2024-09-19 10:23:24.079,419.7428483849137,997
2024-09-19 10:23:24.202,419.7340641101053,101
2024-09-19 10:23:24.270,419.6903395049745,105
2024-09-19 10:23:24.345,419.7567412622649,996
2024-09-19 10:23:24.527,419.7617830197136,100
2024-09-19 10:23:24.578,-419.7498716780738,15
2024-09-19 10:23:24.735,419.7614849594135,100
2024-09-19 10:23:24.760,,1000
2024-09-19 10:23:24.882,419.74543909889184,12
2024-09-19 10:23:25.053,419.6934463333664,105
2024-09-19 10:23:25.064,419.6957537180476,1001
2024-09-19 10:23:25.078,419.6743378926553,14
2024-09-19 10:23:25.170,419.6874591689491,10
2024-09-19 10:23:25.259,419.66887973859895,1005
2024-09-19 10:23:25.350,419.67697752683085,5
2024-09-19 10:23:25.395,419.7178170071448,103
2024-09-19 10:23:25.396,419.6863601815037,1005
2024-09-19 10:23:25.400,419.6935517159749,1003
2024-09-19 10:23:25.402,419.6924985466792,10
2024-09-19 10:23:25.417,419.69308208143553,104
2024-09-19 10:23:25.441,419.7152233689376,1000
2024-09-19 10:23:25.457,419.6914296766544,103
2024-09-19 10:23:25.466,419.7411489895159,103
2024-09-19 10:23:25.511,419.6885358788366,96
2024-09-19 10:23:25.547,419.7273650428551,11
2024-09-19 10:23:25.598,419.75575319451104,7
2024-09-19 10:23:25.600,419.69011202651245,100
2024-09-19 10:23:25.688,419.76732103953486,1001
2024-09-19 10:23:25.747,-419.6798979137245,1000
2024-09-19 10:23:25.789,419.6796150069455,998
2024-09-19 10:23:25.813,419.7021140433707,10
2024-09-19 10:23:25.993,419.7265053987919,1002
2024-09-19 10:23:26.139,419.7512534607061,100
2024-09-19 10:23:26.155,419.7572266034072,7
2024-09-19 10:23:26.162,419.85513076475024,14
2024-09-19 10:23:26.215,419.7605636506848,9
2024-09-19 10:23:26.229,419.75947889022825,14
2024-09-19 10:23:26.276,419.7386763814862,15
2024-09-19 10:23:26.288,419.7375829012513,95
2024-09-19 10:23:26.360,419.8115490722967,105
2024-09-19 10:23:26.364,419.854148653365,1004
2024-09-19 10:23:26.384,419.7461224418396,6
2024-09-19 10:23:26.396,419.7510661540588,10
2024-09-19 10:23:26.402,419.76338119899583,998
2024-09-19 10:23:26.438,419.746139069925,7
2024-09-19 10:23:26.457,419.74838256532286,1004
2024-09-19 10:23:26.487,419.74833029204535,998
2024-09-19 10:23:26.502,419.753445568268,6
2024-09-19 10:23:26.512,419.76281758300286,105
2024-09-19 10:23:26.531,419.76023932198297,100
2024-09-19 10:23:26.621,419.7934711657255,998
2024-09-19 10:23:26.656,419.8360464208797,98
2024-09-19 10:23:26.669,419.8322723393942,104
2024-09-19 10:23:26.692,419.7659832607919,105
2024-09-19 10:23:26.711,419.75931435395233,997
2024-09-19 10:23:26.730,419.7659559266995,8
2024-09-19 10:23:26.761,419.8302281289711,100
2024-09-19 10:23:26.823,419.7596419088261,99
2024-09-19 10:23:26.823,419.8395052799975,15
2024-09-19 10:23:26.890,419.8513284583124,15
2024-09-19 10:23:26.993,419.7397051634454,1003
2024-09-19 10:23:27.025,419.9050317281728,98
2024-09-19 10:23:27.061,419.89849355180286,10
2024-09-19 10:23:27.331,419.8436460262352,1004
2024-09-19 10:23:27.335,419.8496446816171,15
2024-09-19 10:23:27.346,419.8898249873823,998
2024-09-19 10:23:27.390,419.8641629749805,999
2024-09-19 10:23:27.394,419.86618559473993,996
2024-09-19 10:23:27.442,419.9029776697436,1003
2024-09-19 10:23:27.517,419.92181386790526,1005
2024-09-19 10:23:27.557,419.87648649673343,998
2024-09-19 10:23:27.577,419.8406424501321,97
2024-09-19 10:23:27.580,419.9024436845052,9
2024-09-19 10:23:27.634,419.909091824701,99
2024-09-19 10:23:27.659,419.89882765211183,97
2024-09-19 10:23:27.712,419.83070668204033,6
2024-09-19 10:23:27.727,419.8230583957451,995
2024-09-19 10:23:27.824,419.8699209582026,1004
2024-09-19 10:23:27.871,419.87381060599233,5
2024-09-19 10:23:27.881,419.8576454307592,98
2024-09-19 10:23:27.892,419.8748685651884,8
2024-09-19 10:23:27.897,419.8828368937741,95
2024-09-19 10:23:27.962,419.9028515378821,5
2024-09-19 10:23:28.026,419.8969454754347,1001
2024-09-19 10:23:29.043,419.875165286014,97
2024-09-19 10:23:29.115,419.8730827386076,13
2024-09-19 10:23:29.170,419.8890923228877,14
2024-09-19 10:23:29.480,419.894259132184,9
2024-09-19 10:23:29.525,419.9005230052489,997
2024-09-19 10:23:29.589,419.86909330668607,7
2024-09-19 10:23:29.639,419.8967643791348,96
2024-09-19 10:23:29.648,419.87871529120827,14
2024-09-19 10:23:29.714,419.8730987316823,11
2024-09-19 10:23:29.737,,103
2024-09-19 10:23:29.753,419.8880598160592,5
2024-09-19 10:23:29.930,419.9124651493049,995
2024-09-19 10:23:30.012,419.9120159498162,99
2024-09-19 10:23:30.119,419.9092107419448,1004
2024-09-19 10:23:30.129,419.9123909785349,1002
2024-09-19 10:23:30.159,419.8867708818124,102
2024-09-19 10:23:30.159,419.90096838856346,998
2024-09-19 10:23:30.183,419.9303865816534,1005
2024-09-19 10:23:30.249,419.91866645840815,102
2024-09-19 10:23:30.341,419.9082603903096,5
2024-09-19 10:23:30.357,419.904096776908,1004
2024-09-19 10:23:30.368,419.92987256529625,15
2024-09-19 10:23:30.386,419.9016315246823,999
2024-09-19 10:23:30.459,419.9323213394727,996
2024-09-19 10:23:30.461,419.9291620724817,11
2024-09-19 10:23:30.498,419.92755208547374,99
2024-09-19 10:23:30.612,419.9307637806691,100
2024-09-19 10:23:30.787,419.91107870699335,102
2024-09-19 10:23:30.836,419.9014158067696,8
2024-09-19 10:23:30.897,419.9242505261963,101
2024-09-19 10:23:30.934,419.8990761502795,1001
2024-09-19 10:23:32.007,419.9527749206853,99
2024-09-19 10:23:32.088,419.9624496546557,97
2024-09-19 10:23:32.099,419.90893756145215,8
2024-09-19 10:23:32.108,419.9014154568888,1004
2024-09-19 10:23:32.299,,6
2024-09-19 10:23:32.321,419.9499737769021,13
2024-09-19 10:23:32.453,419.91750231970383,997
2024-09-19 10:23:32.468,419.89833055154776,97
2024-09-19 10:23:32.492,-419.9376819731654,6
2024-09-19 10:23:32.492,419.93864371920665,1000
2024-09-19 10:23:32.578,419.91578136013146,9
2024-09-19 10:23:32.654,419.9015060884572,999
2024-09-19 10:23:32.679,419.9277928508645,14
2024-09-19 10:23:32.717,419.9511831224929,9
2024-09-19 10:23:32.781,41.990408277349424,999
2024-09-19 10:23:32.795,419.9068732154551,1003
2024-09-19 10:23:32.808,419.9533468665265,12
2024-09-19 10:23:32.829,419.9261273396369,105
2024-09-19 10:23:32.835,419.95688101797566,11
2024-09-19 10:23:32.873,419.9414305919759,105
2024-09-19 10:23:32.882,419.92198986901,6
2024-09-19 10:23:32.963,419.9263750855729,100
2024-09-19 10:23:33.076,419.9539744682453,1000
2024-09-19 10:23:33.125,419.9642673934154,8
2024-09-19 10:23:33.223,419.9736824934173,996
2024-09-19 10:23:33.270,419.9662556863255,999
2024-09-19 10:23:33.346,419.9529629439872,7
2024-09-19 10:23:33.373,419.9754060057844,995
2024-09-19 10:23:33.434,419.9463195099764,999
2024-09-19 10:23:33.621,419.9587157069183,1005
2024-09-19 10:23:33.632,419.9521757309231,997
2024-09-19 10:23:33.714,419.9511144871568,95
2024-09-19 10:23:33.745,419.9660468951886,1005
2024-09-19 10:23:33.775,419.96611528550864,15
2024-09-19 10:23:33.795,419.9561628508153,104
2024-09-19 10:23:33.854,419.9746902696874,1003
2024-09-19 10:23:34.107,419.9513122450624,99
2024-09-19 10:23:34.110,419.9294629306053,1004
2024-09-19 10:23:34.235,419.9305788041186,13
2024-09-19 10:23:34.308,419.9467903220193,997
2024-09-19 10:23:34.312,419.9324920406662,9
2024-09-19 10:23:34.328,419.9288347104191,10
2024-09-19 10:23:34.402,419.934405669126,7
2024-09-19 10:23:34.421,419.9319972483122,100
2024-09-19 10:23:34.476,419.9495118580776,1000
2024-09-19 10:23:34.518,419.9326226744869,13
2024-09-19 10:23:34.571,419.9341583817424,15
2024-09-19 10:23:34.572,419.9403744072375,1000
2024-09-19 10:23:34.624,419.92020692060015,6
2024-09-19 10:23:34.729,419.9317160424409,9
2024-09-19 10:23:34.831,419.944145329134,99
2024-09-19 10:23:34.864,419.9231704933907,97
2024-09-19 10:23:34.876,419.9284475806791,1003
2024-09-19 10:23:34.882,419.9170115264053,1003
2024-09-19 10:23:34.929,419.92612098126153,97
2024-09-19 10:23:35.288,419.92073597529634,1003
2024-09-19 10:23:35.331,419.91382249198045,1005
2024-09-19 10:23:35.405,419.9238149629723,99
2024-09-19 10:23:35.812,419.9287476227781,11
2024-09-19 10:23:35.964,419.9227261424925,95
2024-09-19 10:23:35.964,419.91657686768815,104
2024-09-19 10:23:35.965,419.9239417855516,98
2024-09-19 10:23:36.044,419.8652714594486,15
2024-09-19 10:23:36.275,419.9669879035226,95
2024-09-19 10:23:36.353,419.9043832725215,102
2024-09-19 10:23:36.374,419.8629083081354,9
2024-09-19 10:23:36.384,419.9260502070781,103
2024-09-19 10:23:36.420,419.87268960288384,6
2024-09-19 10:23:36.539,419.8603701772742,997
2024-09-19 10:23:36.556,419.8806258216709,5
2024-09-19 10:23:36.564,419.9418913819246,996
2024-09-19 10:23:36.609,419.9004251519734,1004
2024-09-19 10:23:36.654,419.8722308708837,10
2024-09-19 10:23:36.768,419.8990424818469,105
2024-09-19 10:23:36.785,419.9259743979589,13
2024-09-19 10:23:36.857,419.8894397528583,103
2024-09-19 10:23:36.970,419.8756846611128,997
2024-09-19 10:23:36.976,419.8687155135505,996
2024-09-19 10:23:37.116,419.93908758242696,11
2024-09-19 10:23:37.226,419.9477506807789,1000
2024-09-19 10:23:37.246,419.93698992438175,8
2024-09-19 10:23:37.339,419.956304105858,995
2024-09-19 10:23:37.485,419.97930683216936,7
2024-09-19 10:23:37.508,419.94466461556254,998
2024-09-19 10:23:37.535,419.9797775880941,8
2024-09-19 10:23:37.645,-419.9678051982396,13
2024-09-19 10:23:37.658,419.9676138181984,96
2024-09-19 10:23:37.658,419.9692127761161,996
2024-09-19 10:23:37.740,419.9464917841692,10
2024-09-19 10:23:37.752,419.96957412056526,7
2024-09-19 10:23:37.794,419.9440325922743,100
2024-09-19 10:23:37.985,419.9550386195649,5
2024-09-19 10:23:38.111,420.0026350640379,7
2024-09-19 10:23:38.376,419.9745729700759,102
2024-09-19 10:23:38.467,419.9928663883758,99
2024-09-19 10:23:38.543,420.0074331600976,6
2024-09-19 10:23:38.607,419.99778444098666,95
2024-09-19 10:23:38.855,420.00330253052607,97
2024-09-19 10:23:38.928,420.0007034457248,96
2024-09-19 10:23:39.442,419.9977864687128,13
2024-09-19 10:23:40.000,419.9914958576784,102
2024-09-19 10:23:40.003,419.9980599647175,98
2024-09-19 10:23:40.080,420.0043084454497,997
2024-09-19 10:23:40.278,419.9991213072271,100
2024-09-19 10:23:40.294,420.0193705561497,14
2024-09-19 10:23:40.422,420.0076064074181,12
2024-09-19 10:23:40.452,420.01454049414025,100
2024-09-19 10:23:40.479,420.0066773231624,13
2024-09-19 10:23:40.563,419.973876346745,7
2024-09-19 10:23:40.639,420.0159973175997,95
2024-09-19 10:23:41.189,420.0784720843878,1001
2024-09-19 10:23:41.207,420.07301658943504,104
2024-09-19 10:23:41.542,420.0731532955672,10
2024-09-19 10:23:41.559,420.0634478245759,99
2024-09-19 10:23:41.697,420.05686415602656,999
2024-09-19 10:23:41.721,420.030289221216,13
2024-09-19 10:23:41.997,420.0712681196265,997
2024-09-19 10:23:42.046,420.0269502312895,7
2024-09-19 10:23:42.062,420.009864819121,997
2024-09-19 10:23:42.067,419.96661104860345,996
2024-09-19 10:23:42.223,420.0350236282985,97
2024-09-19 10:23:42.224,420.04795633136496,1004
2024-09-19 10:23:42.281,419.9656276640228,8
2024-09-19 10:23:42.303,41.99737908914358,15
2024-09-19 10:23:42.311,420.0083416007981,7
2024-09-19 10:23:42.367,420.0527927326849,996
2024-09-19 10:23:42.457,420.0669263279042,6
2024-09-19 10:23:42.511,419.9740334494256,15
2024-09-19 10:23:42.513,419.9684403373094,95
2024-09-19 10:23:42.523,-420.08241032776834,104
2024-09-19 10:23:42.530,420.0517035463302,995
2024-09-19 10:23:42.535,419.98695887327415,99
2024-09-19 10:23:42.551,420.01840538748417,9
2024-09-19 10:23:42.625,420.0492802888261,995
2024-09-19 10:23:42.695,419.9976354902832,1004
2024-09-19 10:23:42.778,419.9906187986828,1003
2024-09-19 10:23:42.808,41.995684687531295,1000
2024-09-19 10:23:42.857,420.0669270041825,9
2024-09-19 10:23:42.868,419.94747612776655,9
2024-09-19 10:23:42.889,420.0172734454181,9
2024-09-19 10:23:42.902,419.9913391803224,12
2024-09-19 10:23:42.921,419.9622679922674,5
2024-09-19 10:23:42.927,419.9826445209148,101
2024-09-19 10:23:42.932,419.9913583193726,995
2024-09-19 10:23:42.942,419.9812566931515,8
2024-09-19 10:23:43.060,420.0094143261799,96
2024-09-19 10:23:43.087,419.9724719513972,103
2024-09-19 10:23:43.136,419.9927028162055,10
2024-09-19 10:23:43.226,420.00532346247,15
2024-09-19 10:23:43.245,420.01110449100776,1005
2024-09-19 10:23:43.436,419.98164417876734,98
2024-09-19 10:23:43.629,420.004471842128,103
2024-09-19 10:23:43.702,420.00567641613776,995
2024-09-19 10:23:43.731,,997
2024-09-19 10:23:43.810,420.0140049408377,1002
2024-09-19 10:23:43.861,419.9698657158404,95
2024-09-19 10:23:43.934,419.9972798895064,998
2024-09-19 10:23:45.034,420.0051447483909,5
2024-09-19 10:23:45.051,42.00500381285215,995
2024-09-19 10:23:45.115,420.0301930486057,1004
2024-09-19 10:23:45.172,420.0173326471808,1001
2024-09-19 10:23:45.252,420.0061601173381,1004
2024-09-19 10:23:45.262,420.04934686088745,103
2024-09-19 10:23:45.268,420.0021251517216,995
2024-09-19 10:23:45.273,420.0309098024079,99
2024-09-19 10:23:45.302,419.9980503575694,101
2024-09-19 10:23:45.302,420.01067213327,13
2024-09-19 10:23:45.303,420.0338441768785,9
2024-09-19 10:23:45.321,420.0224940996709,102
2024-09-19 10:23:45.370,420.0213269202149,103
2024-09-19 10:23:45.393,420.007477758363,102
2024-09-19 10:23:45.511,420.0220655010225,105
2024-09-19 10:23:45.556,420.0100550741475,104
2024-09-19 10:23:45.558,420.0344720785513,1003
2024-09-19 10:23:45.735,420.0287157895884,997
2024-09-19 10:23:45.737,420.0119359023723,998
2024-09-19 10:23:45.753,420.0310246938568,101
2024-09-19 10:23:45.766,420.05017469986,6
2024-09-19 10:23:45.818,420.0261225164286,1000
2024-09-19 10:23:45.837,420.0319965180681,1001
2024-09-19 10:23:45.841,420.0158525345427,102
2024-09-19 10:23:45.848,419.9936764994257,7
2024-09-19 10:23:45.939,420.0445688300026,12
2024-09-19 10:23:45.995,420.00519062791096,1001
2024-09-19 10:23:45.999,420.0073719893584,102
2024-09-19 10:23:46.013,419.9636985457151,100
2024-09-19 10:23:46.113,420.0036697693935,7
2024-09-19 10:23:46.175,419.9729158537479,102
2024-09-19 10:23:46.207,419.9837860541892,100
2024-09-19 10:23:46.208,420.00409785226793,97
2024-09-19 10:23:46.307,419.9843393072377,10
2024-09-19 10:23:46.378,,103
2024-09-19 10:23:46.492,420.0043542542264,11
2024-09-19 10:23:46.499,419.9650764698106,1002
2024-09-19 10:23:46.538,419.98719984328966,97
2024-09-19 10:23:46.613,419.99683484577145,10
2024-09-19 10:23:46.732,419.9959896973912,8
2024-09-19 10:23:46.737,419.9493948747113,102
2024-09-19 10:23:46.765,419.9902024950086,15
2024-09-19 10:23:46.836,41.9994174590733,1003
2024-09-19 10:23:46.911,419.9575741331929,1001
2024-09-19 10:23:46.946,420.00095124101216,5
2024-09-19 10:23:47.097,419.961074395744,997
2024-09-19 10:23:47.361,419.9702330207576,9
2024-09-19 10:23:47.823,419.9528772012135,99
2024-09-19 10:23:47.980,419.94808139344303,11
2024-09-19 10:23:49.007,419.9680123262841,95
2024-09-19 10:23:49.080,419.9565798164481,1003
2024-09-19 10:23:49.122,419.9612385900876,102
2024-09-19 10:23:49.161,419.9570998353309,10
2024-09-19 10:23:49.434,419.944222952578,100
2024-09-19 10:23:49.620,419.9652266140959,11
2024-09-19 10:23:49.628,419.9431089519799,96
2024-09-19 10:23:49.654,419.95455823718544,9
2024-09-19 10:23:49.731,419.9520722158244,102
2024-09-19 10:23:49.858,419.96918891601126,14
2024-09-19 10:23:49.975,419.95974068405087,1002
2024-09-19 10:23:50.008,419.9660058551091,96
2024-09-19 10:23:50.474,419.9625909450165,999
2024-09-19 10:23:50.870,-419.96758762521966,996
2024-09-19 10:23:50.990,419.9666254887076,101
2024-09-19 10:23:51.061,419.8670952697847,995
2024-09-19 10:23:51.191,419.9026884208334,995
2024-09-19 10:23:51.239,,100
2024-09-19 10:23:51.349,419.8825271066288,96
2024-09-19 10:23:51.405,,13
2024-09-19 10:23:51.486,419.896475000981,96
2024-09-19 10:23:51.563,419.94583383250745,13
2024-09-19 10:23:51.658,419.9008342033078,998
2024-09-19 10:23:51.663,419.8825210950285,15
2024-09-19 10:23:51.663,419.8725752706061,98
2024-09-19 10:23:51.813,419.8839487065764,14
2024-09-19 10:23:51.821,419.894456779472,99
2024-09-19 10:23:51.825,419.9044943424724,104
2024-09-19 10:23:51.826,419.8744847801577,1005
2024-09-19 10:23:51.870,419.90754775169785,95
2024-09-19 10:23:51.887,419.9603159743335,98
2024-09-19 10:23:51.965,419.8696353865796,1000
2024-09-19 10:23:51.975,419.9758210271853,1003
2024-09-19 10:23:51.981,419.9013236267381,97
2024-09-19 10:23:51.998,419.877555789094,15
2024-09-19 10:23:52.029,419.8965045311227,96
2024-09-19 10:23:52.048,419.87887154692464,1002
2024-09-19 10:23:52.150,419.90861618385753,9
2024-09-19 10:23:52.278,419.9169921534998,5
2024-09-19 10:23:52.517,419.86790945726005,999
2024-09-19 10:23:52.586,419.917866784903,14
2024-09-19 10:23:52.597,419.85962535749366,103
2024-09-19 10:23:52.623,419.9308479436637,15
2024-09-19 10:23:52.691,419.8785842637326,995
2024-09-19 10:23:52.713,419.86952024602107,9
2024-09-19 10:23:52.716,419.87187618348776,8
2024-09-19 10:23:52.737,419.8459759861128,103
2024-09-19 10:23:52.758,419.8757422956911,1000
2024-09-19 10:23:52.902,419.8732758028198,1001
2024-09-19 10:23:52.911,419.8580707817526,99
2024-09-19 10:23:53.155,419.8652154551962,1003
2024-09-19 10:23:53.156,419.89218927991766,103
2024-09-19 10:23:53.163,419.89870069475086,11
2024-09-19 10:23:53.164,419.9206068525483,97
2024-09-19 10:23:53.188,419.8890505735703,105
2024-09-19 10:23:53.262,419.9233138065247,1004
2024-09-19 10:23:53.287,419.91937481686006,1001
2024-09-19 10:23:53.321,419.8816877868678,99
2024-09-19 10:23:53.364,419.863265521098,995
2024-09-19 10:23:53.481,419.9229593702101,5
2024-09-19 10:23:53.528,419.91106678578,14
2024-09-19 10:23:53.532,419.8824844616706,10
2024-09-19 10:23:53.566,419.8967795844941,97
2024-09-19 10:23:53.588,419.8816155133677,5
2024-09-19 10:23:53.618,419.9254330666507,6
2024-09-19 10:23:53.620,419.8732150094682,98
2024-09-19 10:23:53.752,419.8944668608898,1003
2024-09-19 10:23:53.828,419.916661948368,100
2024-09-19 10:23:53.840,419.8754924324111,13
2024-09-19 10:23:53.864,419.89315963078775,9
2024-09-19 10:23:53.910,419.8801916353437,995
2024-09-19 10:23:53.919,419.87145585036495,95
2024-09-19 10:23:54.072,419.92120865791793,15
2024-09-19 10:23:54.093,419.9025548479079,997
2024-09-19 10:23:54.109,419.897921372152,96
2024-09-19 10:23:54.178,419.9225323867356,95
2024-09-19 10:23:54.299,419.88057969824064,1004
2024-09-19 10:23:54.301,419.86926213338114,95
2024-09-19 10:23:54.480,419.8848018355537,101
2024-09-19 10:23:54.489,419.8594971360152,995
2024-09-19 10:23:54.506,419.9183266307333,1002
2024-09-19 10:23:54.610,419.8635842341485,105
2024-09-19 10:23:54.667,419.8921568560822,999
2024-09-19 10:23:54.709,419.88433551056096,10
2024-09-19 10:23:54.732,419.9259426890848,14
2024-09-19 10:23:54.804,419.8658118883585,105
2024-09-19 10:23:54.881,419.9041823759576,97
2024-09-19 10:23:54.898,419.8953695910172,9
2024-09-19 10:23:54.913,419.8956605803918,8
2024-09-19 10:23:55.099,419.8744277050404,1004
2024-09-19 10:23:56.044,419.89085559545634,996
2024-09-19 10:23:56.111,419.8824643350369,7
2024-09-19 10:23:56.173,419.8964221804932,1005
2024-09-19 10:23:56.232,419.8934353357796,999
2024-09-19 10:23:56.425,419.884428738807,995
2024-09-19 10:23:56.443,419.90735379791454,96
2024-09-19 10:23:56.477,419.8974746806842,8
2024-09-19 10:23:56.546,419.8626687264455,97
2024-09-19 10:23:56.576,419.8834758301917,1005
2024-09-19 10:23:56.707,419.8734392287528,101
2024-09-19 10:23:56.726,419.9057639868586,97
2024-09-19 10:23:56.739,419.8610791066267,95
2024-09-19 10:23:56.758,419.8663725217364,96
2024-09-19 10:23:56.820,419.8929897479649,1004
2024-09-19 10:23:57.003,419.8448058775234,105
2024-09-19 10:23:57.036,419.8391678308416,1003
2024-09-19 10:23:57.132,419.84629521684514,100
2024-09-19 10:23:57.234,419.82944277562393,1001
2024-09-19 10:23:57.244,419.8311044343396,1001
2024-09-19 10:23:57.264,419.8419219439597,11
2024-09-19 10:23:57.284,419.8479538171601,100
2024-09-19 10:23:57.304,419.84617667121256,9
2024-09-19 10:23:57.356,419.8573499226909,1005
2024-09-19 10:23:57.358,419.8470611723676,11
2024-09-19 10:23:57.377,419.84394013560944,9
2024-09-19 10:23:57.399,419.82277900067504,104
2024-09-19 10:23:57.435,419.83724466971466,10
2024-09-19 10:23:57.456,419.8152657808851,14
2024-09-19 10:23:57.492,419.8259265068052,11
2024-09-19 10:23:57.547,419.8466097858864,998
2024-09-19 10:23:57.649,41.98529269292085,998
2024-09-19 10:23:57.662,419.85210386271865,7
2024-09-19 10:23:57.706,419.8225699022976,98
2024-09-19 10:23:57.732,419.82885152425945,9
2024-09-19 10:23:57.823,419.8273992471384,12
2024-09-19 10:23:57.845,419.8802943305944,95
2024-09-19 10:23:57.889,419.8314657368791,7
2024-09-19 10:23:57.904,419.8404013865871,999
2024-09-19 10:23:57.915,419.8486272692032,5
2024-09-19 10:23:57.944,419.8701488240784,12
2024-09-19 10:23:57.994,419.8791845684141,103
2024-09-19 10:23:58.019,419.8412681966289,104
2024-09-19 10:23:58.073,419.8547736988204,1000
2024-09-19 10:23:58.111,419.8410436451225,104
2024-09-19 10:23:58.117,419.8478157615367,1005
2024-09-19 10:23:58.119,419.8680146614143,12
2024-09-19 10:23:58.161,419.8430995998975,95
2024-09-19 10:23:58.200,,996
2024-09-19 10:23:58.289,419.85984126432,104
2024-09-19 10:23:58.313,419.8487285162668,104
2024-09-19 10:23:58.320,419.8640048609381,1000
2024-09-19 10:23:58.343,419.831347757684,99
2024-09-19 10:23:58.352,419.8433335301741,9
2024-09-19 10:23:58.364,419.8425733170256,995
2024-09-19 10:23:58.380,419.84306467461766,6
2024-09-19 10:23:58.461,419.8545064078988,7
2024-09-19 10:23:58.547,419.83306311445233,1005
2024-09-19 10:23:58.652,419.8682003112585,997
2024-09-19 10:23:58.703,419.84422821879576,1000
2024-09-19 10:23:58.726,419.8487037600082,8
2024-09-19 10:23:58.773,419.8522849443089,995
2024-09-19 10:23:58.775,419.8938406957545,998
2024-09-19 10:23:58.839,419.8304265549645,996
2024-09-19 10:23:58.841,419.8990194550085,13
2024-09-19 10:23:58.860,419.87378385474113,996
2024-09-19 10:23:58.897,419.8641076847608,12
2024-09-19 10:23:58.930,419.8378786849963,97
2024-09-19 10:23:58.949,419.88427327175685,99
2024-09-19 10:23:58.970,,104
2024-09-19 10:23:58.975,419.87566086150656,7
2024-09-19 10:23:58.987,419.8354217865773,7
2024-09-19 10:23:59.064,419.7406110899968,15
2024-09-19 10:23:59.090,419.72616077187087,10
2024-09-19 10:23:59.102,419.7318836132894,103
2024-09-19 10:23:59.154,419.7594529693976,99
2024-09-19 10:23:59.183,419.7295299308799,6
2024-09-19 10:23:59.191,419.7702457731773,96
2024-09-19 10:23:59.203,41.98314239491221,98
2024-09-19 10:23:59.484,419.7332005025566,1000
2024-09-19 10:23:59.548,419.74198190842674,5
2024-09-19 10:23:59.571,419.7476182053412,11
2024-09-19 10:23:59.591,419.8545637856764,15
2024-09-19 10:23:59.719,419.8468225044907,101
2024-09-19 10:23:59.752,419.7516204460752,1000
2024-09-19 10:23:59.775,419.7477393754892,103
2024-09-19 10:23:59.800,419.8196653972012,998
2024-09-19 10:23:59.801,419.7420494280727,98
2024-09-19 10:23:59.862,419.782846211473,8
2024-09-19 10:23:59.864,419.7773551758103,996
2024-09-19 10:23:59.877,419.7120475969856,5
2024-09-19 10:23:59.937,419.7593898528898,10
2024-09-19 10:23:59.976,419.7151841852937,97
