Timestamp,Price,Size
2024-09-17 11:09:00.015,414.1338708537318,996
2024-09-17 11:09:00.140,414.0876347353748,1003
2024-09-17 11:09:00.273,414.129388303493,103
2024-09-17 11:09:00.316,414.1219496838907,99
2024-09-17 11:09:00.333,414.11178782728825,99
2024-09-17 11:09:00.353,414.0968262324989,99
2024-09-17 11:09:00.379,414.0989752287164,999
2024-09-17 11:09:00.386,414.0988973389588,11
2024-09-17 11:09:00.458,414.0811844755319,10
2024-09-17 11:09:00.574,414.13928538572,999
2024-09-17 11:09:00.579,414.1024598817976,100
2024-09-17 11:09:00.615,414.0788458601808,1003
2024-09-17 11:09:00.675,414.13180801895606,1000
2024-09-17 11:09:00.682,414.1086198377501,1004
2024-09-17 11:09:00.710,414.12434504803696,11
2024-09-17 11:09:00.772,414.0713931005379,1005
2024-09-17 11:09:00.774,414.12150274057234,103
2024-09-17 11:09:00.867,414.0828760650511,1005
2024-09-17 11:09:00.894,414.079175201727,1001
2024-09-17 11:09:01.036,414.0923017791439,995
2024-09-17 11:09:01.053,414.09815716251927,8
2024-09-17 11:09:01.057,414.143870222175,1003
2024-09-17 11:09:01.145,414.1206912405494,998
2024-09-17 11:09:01.235,414.1547899136969,100
2024-09-17 11:09:01.264,414.1216806589099,5
2024-09-17 11:09:01.288,414.13688292115415,100
2024-09-17 11:09:01.344,414.13093104726505,1003
2024-09-17 11:09:01.349,414.1212434841812,12
2024-09-17 11:09:01.529,414.13569160195215,100
2024-09-17 11:09:01.626,414.1060870483661,5
2024-09-17 11:09:01.952,414.1414239010522,1002
2024-09-17 11:09:01.977,414.123374035278,97
2024-09-17 11:09:02.013,414.1283508629736,1005
2024-09-17 11:09:02.031,414.1414248742376,10
2024-09-17 11:09:02.263,414.1548280617168,14
2024-09-17 11:09:02.514,414.1522767901597,96
2024-09-17 11:09:02.557,414.16064859070207,101
2024-09-17 11:09:02.649,414.1582037388077,1001
2024-09-17 11:09:02.732,414.1505380668602,15
2024-09-17 11:09:02.883,414.1675578509037,6
2024-09-17 11:09:02.940,414.1650767233879,12
2024-09-17 11:09:03.004,414.1832761788401,96
2024-09-17 11:09:03.010,414.1747107533284,97
2024-09-17 11:09:03.070,414.1577353192154,102
2024-09-17 11:09:03.111,414.1147456114858,10
2024-09-17 11:09:03.136,414.1420007078136,13
2024-09-17 11:09:03.189,414.1682762488347,1000
2024-09-17 11:09:03.197,414.1489664591082,5
2024-09-17 11:09:03.223,414.1828727341375,6
2024-09-17 11:09:03.356,414.156436183329,12
2024-09-17 11:09:03.384,414.195041712779,11
2024-09-17 11:09:03.397,414.1413553740619,999
2024-09-17 11:09:03.444,414.1155015479268,997
2024-09-17 11:09:03.486,41.41627518225149,97
2024-09-17 11:09:03.559,414.1466301735391,7
2024-09-17 11:09:03.570,414.13454191092666,998
2024-09-17 11:09:03.595,414.1645352768304,1005
2024-09-17 11:09:03.675,414.1926113496612,102
2024-09-17 11:09:03.692,414.1244596825246,7
2024-09-17 11:09:03.728,414.16900636733953,1000
2024-09-17 11:09:03.796,414.1438076929098,12
2024-09-17 11:09:03.857,414.1504150533854,1003
2024-09-17 11:09:03.867,414.1246665954502,1002
2024-09-17 11:09:03.970,414.19713682035706,1002
2024-09-17 11:09:04.128,414.16582363470445,9
2024-09-17 11:09:04.296,414.1710774628178,10
2024-09-17 11:09:04.314,414.1830484068682,98
2024-09-17 11:09:04.401,414.1891453533156,12
2024-09-17 11:09:04.494,414.15641838607513,101
2024-09-17 11:09:04.554,414.1704927497914,12
2024-09-17 11:09:04.558,414.17289962300174,15
2024-09-17 11:09:04.605,414.1546809785562,8
2024-09-17 11:09:04.702,414.1852870145843,1002
2024-09-17 11:09:04.764,414.1861013734263,11
2024-09-17 11:09:04.914,414.1822259098345,5
2024-09-17 11:09:04.945,414.1496504507272,997
2024-09-17 11:09:05.018,414.1402361334011,1005
2024-09-17 11:09:05.184,414.1428997568607,1000
2024-09-17 11:09:05.264,414.1358279021479,98
2024-09-17 11:09:05.280,414.1352601505391,1001
2024-09-17 11:09:05.346,414.1442056768344,1002
2024-09-17 11:09:05.374,414.1307431280544,100
2024-09-17 11:09:05.771,41.41460235283899,998
2024-09-17 11:09:05.771,414.1206342500045,6
2024-09-17 11:09:05.903,414.13473662328056,14
2024-09-17 11:09:05.908,414.1241061953767,13
2024-09-17 11:09:06.135,414.13429208574615,10
2024-09-17 11:09:07.652,414.1026138096893,15
2024-09-17 11:09:08.007,414.1211642272572,95
2024-09-17 11:09:08.022,414.1339520044797,1002
2024-09-17 11:09:08.091,414.07326005551226,1004
2024-09-17 11:09:08.149,414.1277243005226,996
2024-09-17 11:09:08.209,414.09923123451455,1004
2024-09-17 11:09:08.236,414.0957008748537,98
2024-09-17 11:09:08.240,414.1167469606735,997
2024-09-17 11:09:08.246,414.1171885504705,105
2024-09-17 11:09:08.264,414.1181306100566,8
2024-09-17 11:09:08.303,414.1082294224906,8
2024-09-17 11:09:08.424,414.1281764386882,103
2024-09-17 11:09:08.506,414.0861718049818,997
2024-09-17 11:09:08.546,414.0780123882221,8
2024-09-17 11:09:08.568,414.1231281029244,5
2024-09-17 11:09:08.585,414.1173350243132,1001
2024-09-17 11:09:08.591,414.1378638378107,12
2024-09-17 11:09:08.615,414.1221515208755,101
2024-09-17 11:09:08.620,414.104785523119,10
2024-09-17 11:09:08.648,414.07712342738,105
2024-09-17 11:09:08.694,414.1233159995897,998
2024-09-17 11:09:08.780,414.12474498680814,105
2024-09-17 11:09:08.830,,1001
2024-09-17 11:09:08.846,414.1394217809577,998
2024-09-17 11:09:08.885,414.1337869473723,998
2024-09-17 11:09:08.925,414.118537704256,5
2024-09-17 11:09:08.953,414.1090725009616,97
2024-09-17 11:09:08.960,,95
2024-09-17 11:09:08.986,414.0844223028943,96
2024-09-17 11:09:09.162,414.0948088023512,98
2024-09-17 11:09:09.280,414.0817033956908,13
2024-09-17 11:09:09.334,414.1183988725712,1004
2024-09-17 11:09:09.376,414.1094400800128,6
2024-09-17 11:09:09.487,414.0600183761141,102
2024-09-17 11:09:09.498,414.1069737526517,8
2024-09-17 11:09:09.550,414.0743187101998,103
2024-09-17 11:09:09.858,414.0927253003901,103
2024-09-17 11:09:09.932,414.0755395749949,999
2024-09-17 11:09:09.972,414.0794140459792,999
2024-09-17 11:09:09.992,414.09013537586486,97
2024-09-17 11:09:10.008,414.12636392070806,96
2024-09-17 11:09:10.080,414.1115429070553,99
2024-09-17 11:09:10.120,414.0782092409845,104
2024-09-17 11:09:10.216,414.0899203325391,1001
2024-09-17 11:09:10.326,414.127826041158,104
2024-09-17 11:09:10.389,414.0825152539744,14
2024-09-17 11:09:10.431,414.1027437137096,15
2024-09-17 11:09:10.449,414.1147208708593,7
2024-09-17 11:09:10.514,414.1312290738297,996
2024-09-17 11:09:10.615,414.1136664118133,13
2024-09-17 11:09:10.627,414.0810783808548,99
2024-09-17 11:09:10.669,414.1183176271588,998
2024-09-17 11:09:10.692,414.1244432602441,9
2024-09-17 11:09:11.033,414.2126483061169,8
2024-09-17 11:09:11.073,414.22101007395366,14
2024-09-17 11:09:11.087,414.1757690317688,9
2024-09-17 11:09:11.111,414.1546104870633,15
2024-09-17 11:09:11.141,,103
2024-09-17 11:09:11.220,414.2403113497628,5
2024-09-17 11:09:11.243,414.14144267877856,103
2024-09-17 11:09:11.429,414.2009217003048,7
2024-09-17 11:09:11.515,414.1679852911407,1000
2024-09-17 11:09:11.609,414.1593796145725,1000
2024-09-17 11:09:11.752,414.22318048041495,102
2024-09-17 11:09:11.808,414.2296211738881,11
2024-09-17 11:09:11.824,414.1903408146584,1005
2024-09-17 11:09:11.827,414.19539162522005,5
2024-09-17 11:09:11.939,414.2102708427494,997
2024-09-17 11:09:11.969,414.1371760732371,1000
2024-09-17 11:09:12.002,414.1744999395722,15
2024-09-17 11:09:12.106,414.1715965343011,995
2024-09-17 11:09:12.119,414.13085013927326,1004
2024-09-17 11:09:12.235,414.1750821448513,103
2024-09-17 11:09:12.243,414.1882563315237,1001
2024-09-17 11:09:12.290,414.18768272944885,1002
2024-09-17 11:09:12.342,414.1524865783756,15
2024-09-17 11:09:12.373,414.1630226900599,5
2024-09-17 11:09:12.532,414.1746488220156,14
2024-09-17 11:09:12.753,414.1658059969743,1004
2024-09-17 11:09:12.802,414.1724662788971,998
2024-09-17 11:09:12.893,414.1510931658149,14
2024-09-17 11:09:12.903,414.1472038563868,96
2024-09-17 11:09:13.025,414.1763794451707,997
2024-09-17 11:09:13.071,414.1107456571684,102
2024-09-17 11:09:13.192,414.0856764604291,104
2024-09-17 11:09:13.194,414.1536950967068,1003
2024-09-17 11:09:13.206,414.1517133368712,996
2024-09-17 11:09:13.341,414.1741277108546,997
2024-09-17 11:09:13.378,414.1492646889037,97
2024-09-17 11:09:13.440,414.1042143506177,6
2024-09-17 11:09:13.499,414.1351092577818,104
2024-09-17 11:09:13.655,414.086060380018,96
2024-09-17 11:09:13.697,414.1734844041661,101
2024-09-17 11:09:13.727,414.0991110434542,9
2024-09-17 11:09:13.747,414.1647651982841,12
2024-09-17 11:09:13.777,414.1472520153237,7
2024-09-17 11:09:13.860,414.109055990205,996
2024-09-17 11:09:13.878,414.165542032267,1001
2024-09-17 11:09:13.887,-414.1639847136578,95
2024-09-17 11:09:13.905,414.1214655551945,100
2024-09-17 11:09:13.913,414.149805930979,5
2024-09-17 11:09:13.930,414.1366386827477,7
2024-09-17 11:09:13.938,414.1048787037155,104
2024-09-17 11:09:13.971,414.1051459664508,8
2024-09-17 11:09:13.975,414.1671438561027,1005
2024-09-17 11:09:14.062,414.04622674543776,7
2024-09-17 11:09:14.107,414.0500421848799,1004
2024-09-17 11:09:14.174,414.0500546071569,995
2024-09-17 11:09:14.199,414.0491408150944,996
2024-09-17 11:09:14.200,414.0371966293922,105
2024-09-17 11:09:14.271,414.0935308727227,8
2024-09-17 11:09:14.273,41.40558144830781,999
2024-09-17 11:09:14.275,414.0583469254631,100
2024-09-17 11:09:14.361,414.0830679482208,999
2024-09-17 11:09:14.491,414.0548948206335,1004
2024-09-17 11:09:14.656,414.085752968737,7
2024-09-17 11:09:14.824,414.0766571959468,11
2024-09-17 11:09:14.916,414.0497115318168,995
2024-09-17 11:09:14.946,414.0882962618237,1003
2024-09-17 11:09:14.990,414.0847803223059,102
2024-09-17 11:09:15.024,414.0519485489684,1005
2024-09-17 11:09:15.150,414.0787963637093,6
2024-09-17 11:09:15.174,414.0667543867228,101
2024-09-17 11:09:15.217,414.0264761720185,98
2024-09-17 11:09:15.293,414.0437933005066,97
2024-09-17 11:09:15.295,414.0524554164868,5
2024-09-17 11:09:15.411,414.0663023144282,1005
2024-09-17 11:09:15.432,414.1136685115823,998
2024-09-17 11:09:15.462,414.0437022330736,12
2024-09-17 11:09:15.469,414.0492680104113,1001
2024-09-17 11:09:15.495,414.062147875098,9
2024-09-17 11:09:15.505,414.0847719043862,100
2024-09-17 11:09:15.546,414.0938987561735,1004
2024-09-17 11:09:15.665,414.11076795551537,96
2024-09-17 11:09:15.676,414.04527909230217,12
2024-09-17 11:09:15.698,414.03754859754656,1005
2024-09-17 11:09:15.727,414.0342124081316,1005
2024-09-17 11:09:15.733,414.029931086326,105
2024-09-17 11:09:15.749,414.0359120055583,99
2024-09-17 11:09:15.773,414.096010292363,96
2024-09-17 11:09:15.869,414.0382462915136,995
2024-09-17 11:09:15.873,414.09266287380615,5
2024-09-17 11:09:15.903,414.0634012125109,995
2024-09-17 11:09:15.967,414.0930579864892,14
2024-09-17 11:09:15.977,414.06661959251534,103
2024-09-17 11:09:15.992,414.0426763032134,15
2024-09-17 11:09:16.070,414.05130061579735,13
2024-09-17 11:09:16.123,414.0430910525036,1005
2024-09-17 11:09:16.312,414.048187109128,99
2024-09-17 11:09:16.428,414.04412760550497,96
2024-09-17 11:09:16.643,414.0666960822136,998
2024-09-17 11:09:16.976,414.0248070932385,97
2024-09-17 11:09:16.985,414.072296143734,14
2024-09-17 11:09:17.004,414.0974129594754,1004
2024-09-17 11:09:17.029,414.10131953888447,12
2024-09-17 11:09:17.052,414.0833327229581,1001
2024-09-17 11:09:17.063,414.1078708230355,8
2024-09-17 11:09:17.098,414.105945614064,999
2024-09-17 11:09:17.156,414.1056365255926,6
2024-09-17 11:09:17.262,414.12335318773313,5
2024-09-17 11:09:17.277,414.1181098258157,96
2024-09-17 11:09:17.396,414.1366686935728,15
2024-09-17 11:09:17.466,414.12803472343546,95
2024-09-17 11:09:17.485,414.1219160796598,105
2024-09-17 11:09:17.500,414.1185104482056,997
2024-09-17 11:09:17.525,414.0840716786705,104
2024-09-17 11:09:17.561,,995
2024-09-17 11:09:17.628,414.11888897926815,1001
2024-09-17 11:09:17.648,414.1257191072339,9
2024-09-17 11:09:17.665,414.1524368092639,12
2024-09-17 11:09:17.770,414.0882345511512,105
2024-09-17 11:09:17.772,414.1141977210537,100
2024-09-17 11:09:17.777,414.1188672781996,96
2024-09-17 11:09:17.804,414.1137442431863,1003
2024-09-17 11:09:17.913,414.0963731765546,1005
2024-09-17 11:09:17.998,414.1168786996169,103
2024-09-17 11:09:18.078,414.1897670448288,99
2024-09-17 11:09:18.115,414.169037612092,99
2024-09-17 11:09:18.197,414.0988625324172,1003
2024-09-17 11:09:18.228,414.1309741347856,999
2024-09-17 11:09:18.271,414.1264283279584,95
2024-09-17 11:09:18.279,414.1058744879656,10
2024-09-17 11:09:18.299,414.1192504360606,12
2024-09-17 11:09:18.351,-414.1782631394354,997
2024-09-17 11:09:18.586,414.1635676579447,103
2024-09-17 11:09:18.719,414.1454810442201,1002
2024-09-17 11:09:18.728,414.1289483165137,1003
2024-09-17 11:09:18.758,414.1238503030592,996
2024-09-17 11:09:18.770,414.1243311070664,96
2024-09-17 11:09:18.799,414.14604219325867,1005
2024-09-17 11:09:18.940,414.184212455444,5
2024-09-17 11:09:19.258,414.17243440385175,105
2024-09-17 11:09:19.506,414.18296111374354,15
2024-09-17 11:09:19.714,414.1880835010265,5
2024-09-17 11:09:19.862,414.1833716509775,10
2024-09-17 11:09:20.044,414.2435230994415,996
2024-09-17 11:09:20.046,414.2043169912797,99
2024-09-17 11:09:20.061,414.2173829632148,995
2024-09-17 11:09:20.102,414.207160586993,15
2024-09-17 11:09:20.103,414.2223343207094,103
2024-09-17 11:09:20.107,414.26681593447887,1002
2024-09-17 11:09:20.154,414.2423743122093,6
2024-09-17 11:09:20.205,414.2555340594809,96
2024-09-17 11:09:20.240,414.1978955645213,102
2024-09-17 11:09:20.681,414.21693688021537,100
2024-09-17 11:09:20.919,414.1940251347898,1002
2024-09-17 11:09:21.302,414.2746951587103,98
2024-09-17 11:09:21.366,414.2473852913018,1002
2024-09-17 11:09:21.553,414.2602334510463,996
2024-09-17 11:09:21.742,414.2599638867109,101
2024-09-17 11:09:21.794,414.2625450061318,998
2024-09-17 11:09:22.015,414.2917991689096,998
2024-09-17 11:09:22.109,414.2994512005153,12
2024-09-17 11:09:22.123,414.2887523772197,97
2024-09-17 11:09:22.161,414.2808113926963,100
2024-09-17 11:09:22.164,414.3203673731311,6
2024-09-17 11:09:22.273,414.288712696494,103
2024-09-17 11:09:22.341,414.297936614911,11
2024-09-17 11:09:22.355,414.2955099174957,12
2024-09-17 11:09:22.386,414.2874692778156,999
2024-09-17 11:09:22.407,414.3242500317481,95
2024-09-17 11:09:22.409,414.32517815858967,13
2024-09-17 11:09:22.446,414.3022037192499,11
2024-09-17 11:09:22.457,414.2756911871587,96
2024-09-17 11:09:22.487,414.3077045446644,98
2024-09-17 11:09:22.547,414.2978793863592,15
2024-09-17 11:09:22.667,414.28737551832415,101
2024-09-17 11:09:22.725,414.30410027467946,99
2024-09-17 11:09:22.739,414.27799685895314,5
2024-09-17 11:09:22.745,414.3153480726282,102
2024-09-17 11:09:22.748,414.2901941265756,96
2024-09-17 11:09:22.784,414.3028618289563,1001
2024-09-17 11:09:22.799,414.2761800338527,5
2024-09-17 11:09:22.815,414.2970993720499,102
2024-09-17 11:09:22.875,414.3012700377589,9
2024-09-17 11:09:22.893,414.274076730048,997
2024-09-17 11:09:22.899,414.3030865156472,104
2024-09-17 11:09:22.925,414.2774762783252,98
2024-09-17 11:09:22.951,414.2865554909726,1004
2024-09-17 11:09:22.972,414.3073172120691,97
2024-09-17 11:09:22.994,414.3108224998696,12
2024-09-17 11:09:23.019,414.3759878933529,999
2024-09-17 11:09:23.053,414.3645568996036,97
2024-09-17 11:09:23.063,414.350997466893,12
2024-09-17 11:09:23.075,414.3499583394778,10
2024-09-17 11:09:23.172,414.367675078356,14
2024-09-17 11:09:23.207,414.3783952944457,12
2024-09-17 11:09:23.209,414.3602922147031,95
2024-09-17 11:09:23.212,414.3629812400887,14
2024-09-17 11:09:23.247,414.33340236036673,1000
2024-09-17 11:09:23.264,,5
2024-09-17 11:09:23.271,414.377086604299,998
2024-09-17 11:09:23.315,414.3842637490396,104
2024-09-17 11:09:23.458,414.3528194328443,105
2024-09-17 11:09:23.525,414.3701459360223,1005
2024-09-17 11:09:23.798,414.35617218120535,99
2024-09-17 11:09:23.833,414.3727557261964,9
2024-09-17 11:09:23.895,414.3617977511388,1004
2024-09-17 11:09:24.044,414.4371884730434,14
2024-09-17 11:09:24.071,414.4578019074764,999
2024-09-17 11:09:24.163,414.3633703238846,998
2024-09-17 11:09:24.173,414.44532753326985,1004
2024-09-17 11:09:24.253,414.4187766399948,95
2024-09-17 11:09:24.263,414.36323134110734,95
2024-09-17 11:09:24.279,414.4610366976317,9
2024-09-17 11:09:24.323,414.3436836247367,97
2024-09-17 11:09:24.326,414.4175700917002,7
2024-09-17 11:09:24.328,414.4828730958032,12
2024-09-17 11:09:24.394,414.3281218636854,11
2024-09-17 11:09:24.416,414.3589232538113,1003
2024-09-17 11:09:24.469,414.4663104745562,102
2024-09-17 11:09:24.476,,5
2024-09-17 11:09:24.530,414.3669510861755,995
2024-09-17 11:09:24.537,414.41577820014805,1000
2024-09-17 11:09:24.562,414.4373500989303,99
2024-09-17 11:09:24.589,414.396335618888,1000
2024-09-17 11:09:24.605,414.3546027740365,98
2024-09-17 11:09:24.614,414.4796156061949,97
2024-09-17 11:09:24.785,41.44267383734627,99
2024-09-17 11:09:24.858,414.4674737659634,1004
2024-09-17 11:09:24.868,414.4699767496957,997
2024-09-17 11:09:24.923,414.4641547074479,996
2024-09-17 11:09:25.151,414.4222077506416,995
2024-09-17 11:09:25.198,414.4727796622508,1004
2024-09-17 11:09:25.217,414.4108728726749,100
2024-09-17 11:09:25.228,414.47182735934143,1000
2024-09-17 11:09:25.250,414.47076586506,8
2024-09-17 11:09:25.326,414.43571916258463,9
2024-09-17 11:09:25.326,,7
2024-09-17 11:09:25.335,414.477168076035,1003
2024-09-17 11:09:25.342,414.4614582150348,5
2024-09-17 11:09:25.355,414.444784679548,995
2024-09-17 11:09:25.475,414.4279426201717,999
2024-09-17 11:09:25.496,414.4768761205989,100
2024-09-17 11:09:25.543,414.4326216806225,7
2024-09-17 11:09:25.594,414.44173879849706,1001
2024-09-17 11:09:25.626,414.4810853772245,995
2024-09-17 11:09:25.638,414.4725979811838,999
2024-09-17 11:09:25.711,414.4321514703056,99
2024-09-17 11:09:25.726,414.44255107806106,997
2024-09-17 11:09:25.746,414.43768671381673,1001
2024-09-17 11:09:25.772,414.4446355778497,8
2024-09-17 11:09:25.795,414.4389699455216,101
2024-09-17 11:09:25.805,414.4588124655667,1001
2024-09-17 11:09:25.814,414.4520152672858,100
2024-09-17 11:09:25.826,,5
2024-09-17 11:09:25.827,,1004
2024-09-17 11:09:25.891,414.4310555495516,96
2024-09-17 11:09:25.906,414.4538797520501,9
2024-09-17 11:09:25.970,414.4768583933822,999
2024-09-17 11:09:25.980,414.4872904810489,1005
2024-09-17 11:09:25.991,414.4700448121639,8
2024-09-17 11:09:26.429,414.45221801313903,1003
2024-09-17 11:09:26.431,414.4391886605744,97
2024-09-17 11:09:26.432,414.4258080448977,13
2024-09-17 11:09:26.499,414.4508601250269,998
2024-09-17 11:09:27.131,414.47830664142407,6
2024-09-17 11:09:27.211,414.4354826039367,1003
2024-09-17 11:09:27.506,414.473970122844,104
2024-09-17 11:09:27.795,414.4424862775886,11
2024-09-17 11:09:27.798,414.46326030188834,97
2024-09-17 11:09:28.261,414.4274451733973,103
2024-09-17 11:09:28.326,414.4562990205215,995
2024-09-17 11:09:28.334,414.461478639969,105
2024-09-17 11:09:28.422,414.4760567115642,1005
2024-09-17 11:09:28.429,414.4774332741377,7
2024-09-17 11:09:28.460,414.4356985111909,98
2024-09-17 11:09:28.481,414.4384197510453,11
2024-09-17 11:09:28.534,414.4849879119439,105
2024-09-17 11:09:29.026,414.4739992052694,101
2024-09-17 11:09:29.054,414.5055844371402,7
2024-09-17 11:09:29.079,414.46813909164473,996
2024-09-17 11:09:29.102,414.4961513050295,95
2024-09-17 11:09:29.121,414.4711704723968,5
2024-09-17 11:09:29.239,414.4835822177608,8
2024-09-17 11:09:29.303,414.4504956402241,8
2024-09-17 11:09:29.333,414.4602120469268,15
2024-09-17 11:09:29.484,414.47035518678007,997
2024-09-17 11:09:29.624,414.4718145758994,997
2024-09-17 11:09:29.648,414.47099556564046,1000
2024-09-17 11:09:29.652,414.477489039012,6
2024-09-17 11:09:29.665,414.4747327676655,12
2024-09-17 11:09:29.917,414.4731256598653,97
2024-09-17 11:09:30.394,414.4976338272815,8
2024-09-17 11:09:30.446,414.48801701083806,8
2024-09-17 11:09:30.460,414.4948392594013,13
2024-09-17 11:09:30.580,414.5133792475903,13
2024-09-17 11:09:30.737,414.4864844989602,96
2024-09-17 11:09:30.743,414.4916657171219,8
2024-09-17 11:09:30.762,41.4519208316772,98
2024-09-17 11:09:30.806,-414.49407971458425,998
2024-09-17 11:09:30.936,414.48919213085657,102
2024-09-17 11:09:31.024,414.5247061970242,1002
2024-09-17 11:09:31.088,414.48949839164993,1004
2024-09-17 11:09:31.284,414.4830718210468,997
2024-09-17 11:09:31.333,414.5643963099735,997
2024-09-17 11:09:31.362,414.516687751341,14
2024-09-17 11:09:31.440,414.5735944891264,11
2024-09-17 11:09:31.467,414.5286082918901,999
2024-09-17 11:09:31.575,414.49993248821136,999
2024-09-17 11:09:31.579,414.56169749912806,101
2024-09-17 11:09:31.683,414.53169644877886,101
2024-09-17 11:09:31.759,414.5209992845827,100
2024-09-17 11:09:31.799,414.55852551284255,14
2024-09-17 11:09:31.888,414.56618608427806,998
2024-09-17 11:09:31.972,414.5038619762656,95
2024-09-17 11:09:31.989,414.5588202396936,995
2024-09-17 11:09:31.990,414.5167838332446,997
2024-09-17 11:09:32.021,414.73489094853954,13
2024-09-17 11:09:32.039,414.7359364206166,105
2024-09-17 11:09:32.049,414.76403620813295,997
2024-09-17 11:09:32.079,414.6477130083734,998
2024-09-17 11:09:32.090,414.5775830191528,12
2024-09-17 11:09:32.144,414.7260877841924,105
2024-09-17 11:09:32.170,414.7099362850559,10
2024-09-17 11:09:32.173,414.6609259657044,104
2024-09-17 11:09:32.196,414.57371134103744,15
2024-09-17 11:09:32.578,414.6357695874776,998
2024-09-17 11:09:32.614,414.62843552009934,97
2024-09-17 11:09:32.633,414.7315056617842,1003
2024-09-17 11:09:32.636,414.7296894541869,100
2024-09-17 11:09:32.644,414.6143477661424,97
2024-09-17 11:09:32.672,414.6354940259156,8
2024-09-17 11:09:32.688,414.7373269369036,9
2024-09-17 11:09:32.694,414.6034855914892,998
2024-09-17 11:09:32.714,414.7309621400805,1003
2024-09-17 11:09:32.724,414.74885545955897,998
2024-09-17 11:09:32.750,414.7467652924228,98
2024-09-17 11:09:32.759,414.6349161078168,1003
2024-09-17 11:09:32.804,414.5778375941297,102
2024-09-17 11:09:32.827,414.5749614208491,102
2024-09-17 11:09:32.849,414.7339439253077,15
2024-09-17 11:09:32.942,,95
2024-09-17 11:09:32.990,414.5753557469187,96
2024-09-17 11:09:32.991,,997
2024-09-17 11:09:32.998,414.5883469453663,10
2024-09-17 11:09:33.034,414.7954823477797,1001
2024-09-17 11:09:33.101,414.7421802307251,15
2024-09-17 11:09:33.153,,103
2024-09-17 11:09:33.162,414.7629768592341,7
2024-09-17 11:09:33.177,414.7542235279375,14
2024-09-17 11:09:33.217,414.7494821940907,97
2024-09-17 11:09:33.222,414.7564882411744,101
2024-09-17 11:09:33.228,414.73792450715206,1002
2024-09-17 11:09:33.295,414.7779000489601,7
2024-09-17 11:09:33.315,414.74296877891015,101
2024-09-17 11:09:33.317,414.7494407421397,104
2024-09-17 11:09:33.358,414.755794212955,8
2024-09-17 11:09:33.396,414.7638606206456,1005
2024-09-17 11:09:33.452,414.7721066622341,97
2024-09-17 11:09:33.540,,103
2024-09-17 11:09:33.572,414.7546004197189,1002
2024-09-17 11:09:33.580,414.7605790161692,103
2024-09-17 11:09:33.638,414.73708167439366,99
2024-09-17 11:09:33.680,414.78180684962814,996
2024-09-17 11:09:33.694,414.8003288247301,96
2024-09-17 11:09:33.735,414.779740165649,99
2024-09-17 11:09:33.912,414.783975623596,9
2024-09-17 11:09:33.936,414.7526891045962,101
2024-09-17 11:09:33.973,414.7443260672882,995
2024-09-17 11:09:33.976,414.7403190530428,6
2024-09-17 11:09:34.001,414.755623944028,96
2024-09-17 11:09:34.121,414.68722488215735,96
2024-09-17 11:09:34.176,414.6921842444238,1002
2024-09-17 11:09:34.262,414.7637964437524,99
2024-09-17 11:09:34.313,414.7475573533194,14
2024-09-17 11:09:34.335,414.7663760549907,11
2024-09-17 11:09:34.481,414.7138552560424,9
2024-09-17 11:09:34.492,414.7073368123768,1000
2024-09-17 11:09:34.562,414.7859612453776,8
2024-09-17 11:09:34.598,414.7699992473952,98
2024-09-17 11:09:34.645,414.7374807484697,9
2024-09-17 11:09:34.745,414.6880370459708,1000
2024-09-17 11:09:34.839,414.7057608332572,8
2024-09-17 11:09:34.856,414.7525637741503,6
2024-09-17 11:09:34.859,414.7045436769224,12
2024-09-17 11:09:34.863,414.774079967856,999
2024-09-17 11:09:34.869,414.6857504980608,12
2024-09-17 11:09:34.956,414.7568614878504,13
2024-09-17 11:09:35.108,414.7165841005028,97
2024-09-17 11:09:35.321,414.71542615610025,105
2024-09-17 11:09:35.357,414.6987185091592,104
2024-09-17 11:09:35.366,414.7014889291408,997
2024-09-17 11:09:35.547,414.7252968048333,96
2024-09-17 11:09:35.550,414.70110581420727,101
2024-09-17 11:09:35.577,414.7284033719973,1001
2024-09-17 11:09:35.704,414.69740231659233,10
2024-09-17 11:09:35.718,414.6951354811495,1000
2024-09-17 11:09:35.738,414.6936380213043,10
2024-09-17 11:09:35.888,414.7077031798931,102
2024-09-17 11:09:36.022,414.70878562664274,11
2024-09-17 11:09:36.583,414.7049073785718,999
2024-09-17 11:09:36.736,414.7452573835534,995
2024-09-17 11:09:36.782,414.7222884608879,98
2024-09-17 11:09:36.790,414.7199035552733,995
2024-09-17 11:09:36.854,414.72813183472414,6
2024-09-17 11:09:36.886,414.7346578070489,6
2024-09-17 11:09:36.926,414.7443644644564,15
2024-09-17 11:09:37.009,414.66301115624606,104
2024-09-17 11:09:37.169,414.6808282185419,5
2024-09-17 11:09:37.173,414.66928646876346,1004
2024-09-17 11:09:37.254,414.63613589399216,95
2024-09-17 11:09:37.261,414.6509963887134,102
2024-09-17 11:09:37.326,414.6381072004883,1005
2024-09-17 11:09:37.331,414.7090130858915,15
2024-09-17 11:09:37.407,414.6484702645742,102
2024-09-17 11:09:37.523,414.64439842657015,1001
2024-09-17 11:09:37.550,414.6888248378879,98
2024-09-17 11:09:37.616,414.6670993764489,999
2024-09-17 11:09:37.719,414.65176775537736,99
2024-09-17 11:09:37.832,414.6511811884458,11
2024-09-17 11:09:37.842,414.6715788182371,104
2024-09-17 11:09:38.042,414.6219397273037,101
2024-09-17 11:09:38.091,414.65952456444194,6
2024-09-17 11:09:38.147,414.60191343314233,8
2024-09-17 11:09:38.165,414.6014537824968,1001
2024-09-17 11:09:38.249,414.642836253534,5
2024-09-17 11:09:38.265,414.6162281624946,102
2024-09-17 11:09:38.280,414.5946648499578,14
2024-09-17 11:09:38.507,414.641900491523,13
2024-09-17 11:09:38.559,414.58537861068027,13
2024-09-17 11:09:38.590,414.661469295004,98
2024-09-17 11:09:38.841,414.66877972435793,8
2024-09-17 11:09:38.906,414.6084847612729,100
2024-09-17 11:09:38.974,414.6381712447982,6
2024-09-17 11:09:40.032,414.6408895529223,101
2024-09-17 11:09:40.093,414.5897181306048,102
2024-09-17 11:09:40.251,414.6374938180516,98
2024-09-17 11:09:40.429,414.6080633539135,95
2024-09-17 11:09:40.463,414.65895384110576,96
2024-09-17 11:09:40.538,414.6278234483144,997
2024-09-17 11:09:40.567,414.6391977570974,1004
2024-09-17 11:09:40.589,414.60234078815256,104
2024-09-17 11:09:40.725,414.6338127588381,10
2024-09-17 11:09:40.753,414.5908685158834,7
2024-09-17 11:09:40.757,414.5906813405492,96
2024-09-17 11:09:40.759,414.5906029580973,995
2024-09-17 11:09:40.822,414.6191326411831,100
2024-09-17 11:09:40.909,414.6193699166492,5
2024-09-17 11:09:40.928,414.60305376912873,1002
2024-09-17 11:09:42.181,414.6059829083039,101
2024-09-17 11:09:42.185,414.532583784877,1000
2024-09-17 11:09:42.190,414.5914519275824,1001
2024-09-17 11:09:42.205,414.52681347342144,13
2024-09-17 11:09:42.330,414.5440620967025,103
2024-09-17 11:09:42.457,414.6037888240974,11
2024-09-17 11:09:42.532,414.54087526919176,1000
2024-09-17 11:09:42.551,414.5851568349077,96
2024-09-17 11:09:42.557,414.5919650394868,1000
2024-09-17 11:09:42.574,414.5807814435009,1000
2024-09-17 11:09:42.647,414.57827808025286,95
2024-09-17 11:09:42.649,414.5804134880959,998
2024-09-17 11:09:42.652,414.5224127957097,1003
2024-09-17 11:09:42.698,414.57747798786295,8
2024-09-17 11:09:42.735,414.5699201997289,98
2024-09-17 11:09:42.772,414.5798361684618,1004
2024-09-17 11:09:42.881,414.5846298053837,6
2024-09-17 11:09:42.887,414.5813089856673,999
2024-09-17 11:09:42.990,414.5783597016552,103
2024-09-17 11:09:42.991,41.456450900022425,998
2024-09-17 11:09:42.997,414.58692701580696,96
2024-09-17 11:09:42.999,414.5716124792476,100
2024-09-17 11:09:43.027,414.63260824094345,995
2024-09-17 11:09:43.083,414.6301033081466,997
2024-09-17 11:09:43.090,414.5249862839427,8
2024-09-17 11:09:43.149,414.6155927101557,6
2024-09-17 11:09:43.150,414.6195802704228,104
2024-09-17 11:09:43.190,414.54324944638944,12
2024-09-17 11:09:43.224,414.5349078711253,998
2024-09-17 11:09:43.247,414.6122552277737,1005
2024-09-17 11:09:43.256,414.5749253823602,95
2024-09-17 11:09:43.303,414.6033361298112,96
2024-09-17 11:09:43.345,414.5539988067186,15
2024-09-17 11:09:43.401,414.5676000676475,104
2024-09-17 11:09:43.466,414.5897304747823,996
2024-09-17 11:09:43.539,-41.458250359189336,103
2024-09-17 11:09:43.556,414.581333778241,11
2024-09-17 11:09:43.601,414.5397565443544,998
2024-09-17 11:09:43.684,414.6227130326337,998
2024-09-17 11:09:43.697,414.55161848189584,1004
2024-09-17 11:09:43.726,414.56465288548617,14
2024-09-17 11:09:43.752,414.6211629360857,6
2024-09-17 11:09:43.803,414.605680785037,995
2024-09-17 11:09:43.805,414.5348648815629,97
2024-09-17 11:09:43.824,41.462728660646135,1005
2024-09-17 11:09:43.840,414.598045557038,103
2024-09-17 11:09:43.876,414.5220104554541,9
2024-09-17 11:09:43.924,414.5228917210635,13
2024-09-17 11:09:43.938,414.5513413554222,104
2024-09-17 11:09:43.963,414.5506172375468,995
2024-09-17 11:09:44.009,414.60479258129,13
2024-09-17 11:09:44.009,414.64835552047725,10
2024-09-17 11:09:44.032,414.6048518198481,98
2024-09-17 11:09:44.040,414.607766676785,100
2024-09-17 11:09:44.133,414.5994479254016,100
2024-09-17 11:09:44.223,414.6148682533193,999
2024-09-17 11:09:44.295,414.634408434764,6
2024-09-17 11:09:44.345,414.6217402097419,1004
2024-09-17 11:09:44.360,,1002
2024-09-17 11:09:44.361,414.6486818767751,1004
2024-09-17 11:09:44.381,414.6451935351801,104
2024-09-17 11:09:44.428,414.65356927177817,100
2024-09-17 11:09:44.529,414.60681821624166,97
2024-09-17 11:09:44.549,414.6156400540763,1003
2024-09-17 11:09:44.660,414.61920592846246,11
2024-09-17 11:09:44.821,414.63302804727886,100
2024-09-17 11:09:44.875,414.61073382968107,102
2024-09-17 11:09:44.918,414.6138665747896,997
2024-09-17 11:09:44.949,414.606637262519,6
2024-09-17 11:09:44.992,414.6519312301838,13
2024-09-17 11:09:45.080,414.6378166463147,9
2024-09-17 11:09:45.086,414.6376456478824,996
2024-09-17 11:09:45.164,414.64366197902905,1002
2024-09-17 11:09:45.219,414.668200801982,101
2024-09-17 11:09:45.398,414.63396967694615,997
2024-09-17 11:09:45.430,414.645062067944,12
2024-09-17 11:09:45.463,414.5979938458168,5
2024-09-17 11:09:45.489,414.6247864775655,995
2024-09-17 11:09:45.545,414.6315671784063,997
2024-09-17 11:09:45.554,414.6125845638503,1002
2024-09-17 11:09:45.598,414.63764048327295,7
2024-09-17 11:09:45.609,414.6648092502041,1002
2024-09-17 11:09:45.725,414.6313586994863,102
2024-09-17 11:09:45.726,414.61015399099,999
2024-09-17 11:09:45.741,414.6393269654496,98
2024-09-17 11:09:45.756,414.6231823259983,998
2024-09-17 11:09:45.774,414.65204048135286,6
2024-09-17 11:09:45.819,414.6639474755407,9
2024-09-17 11:09:45.917,414.59814301284,13
2024-09-17 11:09:45.937,414.6439015032569,1005
2024-09-17 11:09:45.976,414.6160496225674,996
2024-09-17 11:09:46.076,414.601029298216,15
2024-09-17 11:09:46.300,414.63085780687794,104
2024-09-17 11:09:46.403,414.610651392776,15
2024-09-17 11:09:46.430,414.6641339276699,1004
2024-09-17 11:09:46.477,414.62355547708125,99
2024-09-17 11:09:46.509,414.58940627365087,97
2024-09-17 11:09:46.610,414.5707269127756,1005
2024-09-17 11:09:46.677,414.5938870643899,99
2024-09-17 11:09:46.792,414.5968120796388,1002
2024-09-17 11:09:46.807,414.57854164022905,14
2024-09-17 11:09:46.812,414.6318955194973,95
2024-09-17 11:09:46.957,414.6230691308166,11
2024-09-17 11:09:47.019,414.6305108583694,103
2024-09-17 11:09:47.122,414.59052601891386,1004
2024-09-17 11:09:47.123,414.57036755941294,1004
2024-09-17 11:09:47.208,414.6086246409464,99
2024-09-17 11:09:47.211,414.6174150401128,97
2024-09-17 11:09:47.231,414.60819220280285,104
2024-09-17 11:09:47.250,414.637441504782,105
2024-09-17 11:09:47.252,414.6244619577049,99
2024-09-17 11:09:47.276,414.5904553518433,999
2024-09-17 11:09:47.287,414.5942276277257,13
2024-09-17 11:09:47.354,414.59141328521054,100
2024-09-17 11:09:47.450,414.6137595706195,997
2024-09-17 11:09:47.452,414.5819102587221,98
2024-09-17 11:09:47.460,414.6323514217569,8
2024-09-17 11:09:47.464,414.5860852170859,99
2024-09-17 11:09:47.482,414.6422387848764,1000
2024-09-17 11:09:47.555,414.6204851955261,996
2024-09-17 11:09:47.614,414.59517760259286,1001
2024-09-17 11:09:47.644,414.5874036183449,7
2024-09-17 11:09:47.645,414.60338307279176,13
2024-09-17 11:09:47.716,414.6242462578568,5
2024-09-17 11:09:47.728,414.588539903592,996
2024-09-17 11:09:47.819,414.57604157058256,998
2024-09-17 11:09:47.838,414.5836291534207,14
2024-09-17 11:09:47.875,414.5773792962525,5
2024-09-17 11:09:47.887,414.6247811045847,103
2024-09-17 11:09:47.897,414.6098110189125,996
2024-09-17 11:09:47.907,414.6309546357822,996
2024-09-17 11:09:47.974,414.6109007965013,1005
2024-09-17 11:09:48.007,,12
2024-09-17 11:09:48.036,414.5736299161807,12
2024-09-17 11:09:48.052,414.6071422840674,14
2024-09-17 11:09:48.056,414.5844224316972,996
2024-09-17 11:09:48.057,414.58115514063394,9
2024-09-17 11:09:48.104,414.5719929685572,98
2024-09-17 11:09:48.140,,1000
2024-09-17 11:09:48.184,414.574564116598,14
2024-09-17 11:09:48.209,414.5742610094137,98
2024-09-17 11:09:48.318,414.56954981324486,104
2024-09-17 11:09:48.321,414.58102646483263,997
2024-09-17 11:09:48.328,414.5762601935606,999
2024-09-17 11:09:48.342,414.5727186665417,105
2024-09-17 11:09:48.345,414.567837399366,105
2024-09-17 11:09:48.366,414.5697137681129,1005
2024-09-17 11:09:48.400,414.5586411158256,997
2024-09-17 11:09:48.438,414.5715395401157,13
2024-09-17 11:09:48.439,414.5693775340577,105
2024-09-17 11:09:48.454,414.5883854937289,105
2024-09-17 11:09:48.471,414.5774253485634,105
2024-09-17 11:09:48.515,414.5872591039903,96
2024-09-17 11:09:48.627,414.5668141745375,995
2024-09-17 11:09:48.649,414.55163666942485,1003
2024-09-17 11:09:48.683,414.5585906962383,7
2024-09-17 11:09:48.780,414.60751544231766,95
2024-09-17 11:09:48.796,414.5677482218172,5
2024-09-17 11:09:48.798,414.5898381105396,999
2024-09-17 11:09:48.889,414.5688885223506,7
2024-09-17 11:09:48.937,414.5854770833429,5
2024-09-17 11:09:49.166,414.5986563330616,97
2024-09-17 11:09:49.218,414.59351205240574,97
2024-09-17 11:09:49.314,414.5864377455193,10
2024-09-17 11:09:49.331,414.5777688704623,997
2024-09-17 11:09:49.389,414.57963357154233,1001
2024-09-17 11:09:49.831,414.5774098285109,1003
2024-09-17 11:09:49.935,414.5703618870683,1003
2024-09-17 11:09:50.041,414.6468792595976,98
2024-09-17 11:09:50.054,414.6320693542252,1004
2024-09-17 11:09:50.072,414.6612225334799,9
2024-09-17 11:09:50.091,414.6289109596655,98
2024-09-17 11:09:50.117,414.6633790442826,996
2024-09-17 11:09:50.141,414.599250835964,11
2024-09-17 11:09:50.170,414.57957847637294,100
2024-09-17 11:09:50.214,414.6297004118149,97
2024-09-17 11:09:50.222,414.64818461206346,105
2024-09-17 11:09:50.246,414.6526926045236,97
2024-09-17 11:09:50.247,414.6227804228645,11
2024-09-17 11:09:50.292,414.6571171355001,1002
2024-09-17 11:09:50.313,414.6356643898099,996
2024-09-17 11:09:50.366,414.6333126896808,995
2024-09-17 11:09:50.465,414.67183860675846,1000
2024-09-17 11:09:50.467,414.6560641752952,95
2024-09-17 11:09:50.633,414.5972683534418,1002
2024-09-17 11:09:50.645,414.66205108254064,997
2024-09-17 11:09:50.675,414.6621207166838,1001
2024-09-17 11:09:50.754,414.644373899408,5
2024-09-17 11:09:50.769,414.665250783255,103
2024-09-17 11:09:50.775,414.6015699109785,1003
2024-09-17 11:09:50.899,414.6147849558809,102
2024-09-17 11:09:50.919,414.6267869981865,1003
2024-09-17 11:09:50.945,414.5970409373435,101
2024-09-17 11:09:50.953,414.6466988181549,97
2024-09-17 11:09:50.962,414.5995278348931,95
2024-09-17 11:09:50.969,414.6382677175478,100
2024-09-17 11:09:50.993,414.63518134500856,1005
2024-09-17 11:09:51.074,414.61282184250376,101
2024-09-17 11:09:51.136,414.6465577511466,104
2024-09-17 11:09:51.485,414.6331859159166,96
2024-09-17 11:09:51.593,414.63019684163066,99
2024-09-17 11:09:51.607,414.62003609991314,11
2024-09-17 11:09:51.628,414.62968007763465,101
2024-09-17 11:09:51.797,414.6123364071196,998
2024-09-17 11:09:51.814,414.6323355279184,95
2024-09-17 11:09:51.839,414.6214545252532,13
2024-09-17 11:09:51.840,414.6216895870283,100
2024-09-17 11:09:51.853,414.638586512487,12
2024-09-17 11:09:52.019,414.65424697993257,6
2024-09-17 11:09:52.111,414.70440906571264,1001
2024-09-17 11:09:52.123,414.681190355433,10
2024-09-17 11:09:52.209,414.6899507702639,996
2024-09-17 11:09:52.271,414.6720032382716,1004
2024-09-17 11:09:52.335,414.65785535391313,99
2024-09-17 11:09:52.372,414.6909200879838,995
2024-09-17 11:09:52.522,414.6648076634809,1005
2024-09-17 11:09:52.634,414.6723164356845,998
2024-09-17 11:09:52.680,414.6800739746841,13
2024-09-17 11:09:52.770,414.6280250981404,105
2024-09-17 11:09:52.775,414.6680865477516,98
2024-09-17 11:09:52.782,414.6615393017711,1005
2024-09-17 11:09:52.993,414.6916800525215,10
2024-09-17 11:09:53.894,414.6552247596174,1000
2024-09-17 11:09:54.167,414.6398367996286,8
2024-09-17 11:09:54.292,414.6565363774444,96
2024-09-17 11:09:54.314,414.6616767719233,8
2024-09-17 11:09:54.377,414.637975534985,9
2024-09-17 11:09:54.403,414.6388869626129,12
2024-09-17 11:09:54.506,414.6198930956005,103
2024-09-17 11:09:54.534,414.6438981207236,1003
2024-09-17 11:09:54.549,414.6581517180543,10
2024-09-17 11:09:54.704,414.63291031607366,96
2024-09-17 11:09:54.712,414.6532964077549,98
2024-09-17 11:09:54.798,414.6438380616833,12
2024-09-17 11:09:54.987,414.6484537961576,97
2024-09-17 11:09:55.051,414.6488268333397,1004
2024-09-17 11:09:55.111,414.6264342903728,995
2024-09-17 11:09:55.134,414.6738718290089,1004
2024-09-17 11:09:55.183,414.6546883344406,99
2024-09-17 11:09:55.195,414.6586022927044,104
2024-09-17 11:09:55.211,414.6392481838318,101
2024-09-17 11:09:55.212,414.6653660663524,105
2024-09-17 11:09:55.281,414.6559096478341,1003
2024-09-17 11:09:55.288,414.641018792325,10
2024-09-17 11:09:55.381,414.6566717864346,102
2024-09-17 11:09:55.493,414.6788648672213,1001
2024-09-17 11:09:55.506,414.6503559491459,104
2024-09-17 11:09:55.636,414.6363202251529,5
2024-09-17 11:09:55.714,414.6258392501363,997
2024-09-17 11:09:55.743,414.6348817809389,1004
2024-09-17 11:09:55.886,414.626788979162,97
2024-09-17 11:09:55.980,414.67238715805627,8
2024-09-17 11:09:56.144,414.6800398968116,1002
2024-09-17 11:09:56.993,414.6841825984165,999
2024-09-17 11:09:57.021,414.7071989265978,100
2024-09-17 11:09:57.122,414.7291534837975,9
2024-09-17 11:09:57.205,414.7405614228816,96
2024-09-17 11:09:57.291,414.7030734404884,1001
2024-09-17 11:09:57.346,414.7225232076465,1002
2024-09-17 11:09:57.420,414.6900278994987,10
2024-09-17 11:09:57.600,414.7137709416261,99
2024-09-17 11:09:57.788,414.7251716673263,11
2024-09-17 11:09:57.835,414.73835440528063,99
2024-09-17 11:09:57.851,414.7096604001634,95
2024-09-17 11:09:57.922,414.7408782887025,1005
2024-09-17 11:09:57.987,414.71472543397954,6
2024-09-17 11:09:58.002,414.7351459759082,996
2024-09-17 11:09:58.047,414.7757787868643,11
2024-09-17 11:09:58.049,414.7679238177933,995
2024-09-17 11:09:58.102,,99
2024-09-17 11:09:58.356,414.7633980695925,11
2024-09-17 11:09:58.397,414.75243495514655,1004
2024-09-17 11:09:58.427,414.745435302298,97
2024-09-17 11:09:58.431,414.77378106819305,999
2024-09-17 11:09:58.481,414.75252640077576,6
2024-09-17 11:09:58.639,414.73664446250274,996
2024-09-17 11:09:58.673,414.7219590562767,7
2024-09-17 11:09:58.685,414.732019177032,997
2024-09-17 11:09:58.697,414.7637973455624,1004
2024-09-17 11:09:58.755,414.76401666789707,12
2024-09-17 11:09:58.848,414.7648166530775,5
2024-09-17 11:09:58.850,414.7526333246757,12
2024-09-17 11:09:58.881,414.75868374532655,6
2024-09-17 11:09:58.984,414.77444602789046,1002
2024-09-17 11:09:59.067,414.7793733825062,1003
2024-09-17 11:09:59.076,414.7339325262912,7
2024-09-17 11:09:59.084,414.7567761791795,101
2024-09-17 11:09:59.091,414.77783261538656,104
2024-09-17 11:09:59.114,414.7469184205314,99
2024-09-17 11:09:59.164,,1000
2024-09-17 11:09:59.444,414.7083383404984,7
2024-09-17 11:09:59.457,414.7070411304331,1003
2024-09-17 11:09:59.470,414.7713152597364,8
2024-09-17 11:09:59.490,414.7196020250563,14
2024-09-17 11:09:59.522,414.7520778200056,14
2024-09-17 11:09:59.532,414.73079990807634,102
