Timestamp,Price,Size
2024-09-19 13:49:00.084,420.68269895071967,96
2024-09-19 13:49:00.159,420.71237168481656,5
2024-09-19 13:49:00.161,420.7911333740715,998
2024-09-19 13:49:00.206,420.7350909803585,995
2024-09-19 13:49:00.206,420.6795339743229,10
2024-09-19 13:49:00.224,420.713330517056,10
2024-09-19 13:49:00.243,420.7251182053645,6
2024-09-19 13:49:00.247,420.72576595424334,1002
2024-09-19 13:49:00.262,420.7206476441688,10
2024-09-19 13:49:00.272,420.68575616348494,5
2024-09-19 13:49:00.278,420.6843320835312,104
2024-09-19 13:49:00.280,420.71182321437993,995
2024-09-19 13:49:00.300,420.70892148697953,1005
2024-09-19 13:49:00.334,420.6811279512778,104
2024-09-19 13:49:00.518,420.7220267003553,10
2024-09-19 13:49:00.523,420.745675886525,105
2024-09-19 13:49:00.529,420.67503549423685,11
2024-09-19 13:49:00.535,420.7070752363596,998
2024-09-19 13:49:00.546,420.760757345273,14
2024-09-19 13:49:00.595,,995
2024-09-19 13:49:00.668,420.718777876545,7
2024-09-19 13:49:00.805,420.74116132251214,998
2024-09-19 13:49:00.851,420.7105583295025,104
2024-09-19 13:49:00.874,420.6870375233784,999
2024-09-19 13:49:00.910,420.7579977865703,103
2024-09-19 13:49:00.945,420.724717628303,8
2024-09-19 13:49:00.968,420.6962741288184,98
2024-09-19 13:49:01.157,420.6922094639228,104
2024-09-19 13:49:01.288,420.6983441671948,1002
2024-09-19 13:49:01.387,420.7037806707272,100
2024-09-19 13:49:01.421,420.6981149103925,100
2024-09-19 13:49:01.886,420.7017877225565,7
2024-09-19 13:49:02.002,-420.70458915827743,97
2024-09-19 13:49:02.249,420.7029812365429,6
2024-09-19 13:49:02.255,420.74559043114783,105
2024-09-19 13:49:02.285,420.7604979786044,5
2024-09-19 13:49:02.292,,15
2024-09-19 13:49:02.339,420.7109721073776,102
2024-09-19 13:49:02.348,420.7176607995701,1003
2024-09-19 13:49:02.353,420.7025591049249,12
2024-09-19 13:49:02.369,420.7815208667212,1000
2024-09-19 13:49:02.402,420.69923980916064,96
2024-09-19 13:49:02.434,420.7478246189411,10
2024-09-19 13:49:02.481,420.7174295225946,11
2024-09-19 13:49:02.496,420.77555354778826,100
2024-09-19 13:49:02.678,420.772261978372,6
2024-09-19 13:49:02.745,420.7616089923223,101
2024-09-19 13:49:02.757,420.6993449207146,6
2024-09-19 13:49:02.800,420.7247297122567,5
2024-09-19 13:49:02.830,420.7116659528914,1001
2024-09-19 13:49:02.892,420.7149216857642,1004
2024-09-19 13:49:02.915,420.7723769630091,1002
2024-09-19 13:49:02.923,420.7757667531969,996
2024-09-19 13:49:02.979,420.7831574399072,98
2024-09-19 13:49:03.038,420.7414058975999,8
2024-09-19 13:49:03.046,420.8142055943957,99
2024-09-19 13:49:03.051,420.7579115950848,10
2024-09-19 13:49:03.104,420.9449180546632,100
2024-09-19 13:49:03.150,420.85145947081406,9
2024-09-19 13:49:03.169,420.8152604501915,997
2024-09-19 13:49:03.197,420.8535459762566,1003
2024-09-19 13:49:03.205,420.8405796623732,1005
2024-09-19 13:49:03.342,420.813941156209,98
2024-09-19 13:49:03.345,420.8390261571495,105
2024-09-19 13:49:03.386,420.9465038524154,99
2024-09-19 13:49:03.513,420.8870091971759,102
2024-09-19 13:49:03.549,420.9361819619739,14
2024-09-19 13:49:03.552,420.75547229387615,10
2024-09-19 13:49:03.579,420.7877512878745,101
2024-09-19 13:49:03.601,420.8555140328551,1005
2024-09-19 13:49:03.606,420.7726300841341,1005
2024-09-19 13:49:03.617,420.857294467679,1001
2024-09-19 13:49:03.661,420.9540952374178,104
2024-09-19 13:49:03.725,420.91874924598113,996
2024-09-19 13:49:03.744,420.9321238286479,98
2024-09-19 13:49:03.747,420.81266192375335,997
2024-09-19 13:49:03.774,420.7617373703759,96
2024-09-19 13:49:03.853,420.81178894858806,11
2024-09-19 13:49:03.870,420.81258505501233,96
2024-09-19 13:49:03.887,420.7653244770863,999
2024-09-19 13:49:03.927,420.9180419143573,103
2024-09-19 13:49:03.955,420.9465627507162,5
2024-09-19 13:49:03.970,420.9341839712925,12
2024-09-19 13:49:04.125,420.94835822300615,9
2024-09-19 13:49:04.265,420.9722167094161,96
2024-09-19 13:49:04.314,420.9677430683391,1001
2024-09-19 13:49:04.652,420.93898838858746,1001
2024-09-19 13:49:04.768,-420.9678674674281,11
2024-09-19 13:49:04.832,420.93001262033135,1000
2024-09-19 13:49:05.032,420.9493547728584,7
2024-09-19 13:49:05.053,42.09406965422707,1003
2024-09-19 13:49:05.093,420.9749118192935,5
2024-09-19 13:49:05.125,420.9400385710556,13
2024-09-19 13:49:05.152,420.9544295342493,7
2024-09-19 13:49:05.166,420.96213350248746,1002
2024-09-19 13:49:05.195,420.984901621412,97
2024-09-19 13:49:05.212,420.955944080103,95
2024-09-19 13:49:05.216,420.9669404885278,15
2024-09-19 13:49:05.221,420.9694151793104,1003
2024-09-19 13:49:05.253,420.9818853656984,97
2024-09-19 13:49:05.377,420.9593898244559,13
2024-09-19 13:49:05.408,420.9522814554599,14
2024-09-19 13:49:05.414,420.946128634146,12
2024-09-19 13:49:05.572,420.9513893006936,103
2024-09-19 13:49:05.583,420.9494493290719,995
2024-09-19 13:49:05.692,420.956513787731,104
2024-09-19 13:49:05.718,420.9782897243693,1002
2024-09-19 13:49:05.773,420.9793730583485,9
2024-09-19 13:49:05.774,420.96302173190657,105
2024-09-19 13:49:05.791,420.96403019531016,10
2024-09-19 13:49:05.828,420.96003717417045,1001
2024-09-19 13:49:05.852,420.953110592142,98
2024-09-19 13:49:05.901,420.9512310524725,104
2024-09-19 13:49:06.402,420.964048008091,995
2024-09-19 13:49:07.391,420.9772400785937,1004
2024-09-19 13:49:07.401,420.9748599139821,998
2024-09-19 13:49:07.548,420.9987151141128,1004
2024-09-19 13:49:07.792,421.0129096707522,95
2024-09-19 13:49:07.837,420.98518276066,1003
2024-09-19 13:49:07.983,420.9894840658866,104
2024-09-19 13:49:08.019,420.9908524087051,1004
2024-09-19 13:49:08.117,421.0321321698537,13
2024-09-19 13:49:08.243,421.0257567778919,103
2024-09-19 13:49:08.261,420.9767375727616,12
2024-09-19 13:49:08.287,421.0411758787734,998
2024-09-19 13:49:08.431,420.9943042780952,998
2024-09-19 13:49:08.552,421.0214227399924,15
2024-09-19 13:49:08.589,421.0398447348412,98
2024-09-19 13:49:08.615,421.0249479017076,6
2024-09-19 13:49:08.625,421.0310203965975,102
2024-09-19 13:49:08.639,421.0254768644966,8
2024-09-19 13:49:08.699,421.0695793755052,1002
2024-09-19 13:49:08.720,421.06649071037634,999
2024-09-19 13:49:08.751,420.9855521099186,95
2024-09-19 13:49:08.766,421.0426136110403,97
2024-09-19 13:49:08.781,420.9806032127627,5
2024-09-19 13:49:08.860,420.9979896975239,13
2024-09-19 13:49:09.012,420.8664675804384,100
2024-09-19 13:49:09.021,420.8557125703026,104
2024-09-19 13:49:09.152,420.9798339308357,98
2024-09-19 13:49:09.154,420.8660448446382,1004
2024-09-19 13:49:09.198,420.9720339575656,99
2024-09-19 13:49:09.205,420.9528044409043,11
2024-09-19 13:49:09.228,420.9498312101609,95
2024-09-19 13:49:09.321,420.9187248101285,100
2024-09-19 13:49:09.328,420.9307860328795,96
2024-09-19 13:49:09.329,420.9263664355207,99
2024-09-19 13:49:09.338,420.9868444068344,15
2024-09-19 13:49:09.347,420.9308419632181,1005
2024-09-19 13:49:09.501,420.8553403796926,103
2024-09-19 13:49:09.540,420.8368727960282,1005
2024-09-19 13:49:09.570,420.8499271166671,6
2024-09-19 13:49:09.607,420.9426532010384,14
2024-09-19 13:49:09.610,420.9786440254182,10
2024-09-19 13:49:09.663,420.9279275309635,1002
2024-09-19 13:49:09.667,420.9005350412449,101
2024-09-19 13:49:09.723,420.93201771052986,10
2024-09-19 13:49:09.766,420.9994362464974,5
2024-09-19 13:49:09.782,420.93738924941584,5
2024-09-19 13:49:09.815,420.9320770195637,1002
2024-09-19 13:49:09.816,420.95889367662113,1003
2024-09-19 13:49:09.832,420.8629786674849,95
2024-09-19 13:49:09.839,420.90990835374976,6
2024-09-19 13:49:09.862,420.9800504004117,10
2024-09-19 13:49:09.942,420.8715747786242,1004
2024-09-19 13:49:09.958,420.9171437400301,997
2024-09-19 13:49:09.989,420.9800031376906,102
2024-09-19 13:49:10.065,420.8667611122958,1002
2024-09-19 13:49:10.181,420.8879220516888,99
2024-09-19 13:49:10.223,420.8497597624618,99
2024-09-19 13:49:10.242,420.893250599306,103
2024-09-19 13:49:10.269,420.86478161013616,102
2024-09-19 13:49:10.282,420.87873535768864,13
2024-09-19 13:49:10.309,420.8472845751492,12
2024-09-19 13:49:10.369,420.8965641311978,99
2024-09-19 13:49:10.394,420.8789423573636,1001
2024-09-19 13:49:10.400,420.8379038890943,99
2024-09-19 13:49:10.411,420.8834596731372,100
2024-09-19 13:49:10.451,420.8853121541488,5
2024-09-19 13:49:10.490,420.8597212192284,104
2024-09-19 13:49:10.569,420.8936464688288,5
2024-09-19 13:49:10.577,420.8985351135063,995
2024-09-19 13:49:10.635,420.8831905134522,996
2024-09-19 13:49:10.638,420.8824698872095,995
2024-09-19 13:49:10.692,420.8725361723456,995
2024-09-19 13:49:10.747,420.84475894867546,1003
2024-09-19 13:49:10.757,420.8793480355266,10
2024-09-19 13:49:10.772,420.8874175421438,1003
2024-09-19 13:49:10.871,420.8986362348052,13
2024-09-19 13:49:10.871,420.9091073385996,1000
2024-09-19 13:49:10.922,420.86167204461697,6
2024-09-19 13:49:10.945,420.8774516653978,997
2024-09-19 13:49:10.959,420.8412565524171,9
2024-09-19 13:49:12.112,420.7998380290094,10
2024-09-19 13:49:12.182,420.7725237019953,7
2024-09-19 13:49:12.276,420.8299425141751,98
2024-09-19 13:49:12.328,420.781048743361,98
2024-09-19 13:49:12.347,420.8340238566623,1003
2024-09-19 13:49:12.407,420.818410316712,13
2024-09-19 13:49:12.440,420.81687767305175,7
2024-09-19 13:49:12.453,420.8497633896222,97
2024-09-19 13:49:12.482,420.8505123384512,99
2024-09-19 13:49:12.502,420.82144763554186,996
2024-09-19 13:49:12.519,420.8418752310864,101
2024-09-19 13:49:12.568,420.8579740418241,98
2024-09-19 13:49:12.604,420.7893472073644,1005
2024-09-19 13:49:12.615,420.84227515714457,998
2024-09-19 13:49:12.640,420.7910059486558,96
2024-09-19 13:49:12.648,-420.8276607135082,9
2024-09-19 13:49:12.693,420.7744863872204,95
2024-09-19 13:49:12.721,420.8675369390478,998
2024-09-19 13:49:12.759,420.79418013956166,102
2024-09-19 13:49:12.785,420.8473262502505,996
2024-09-19 13:49:12.865,420.7915918264744,1002
2024-09-19 13:49:12.871,-420.8044982401794,99
2024-09-19 13:49:12.911,420.79333813262,1002
2024-09-19 13:49:12.943,420.8366920331408,10
2024-09-19 13:49:12.951,420.8392059208606,1000
2024-09-19 13:49:12.961,420.8409942436404,8
2024-09-19 13:49:12.991,,102
2024-09-19 13:49:13.032,420.79281133351554,15
2024-09-19 13:49:13.128,420.819630817897,999
2024-09-19 13:49:13.217,420.8157802548458,100
2024-09-19 13:49:13.242,420.7888108400106,102
2024-09-19 13:49:13.305,420.802086459643,998
2024-09-19 13:49:13.745,420.805444855712,10
2024-09-19 13:49:13.851,420.7862625542568,7
2024-09-19 13:49:13.871,420.7948061409397,6
2024-09-19 13:49:13.937,420.7963939065271,6
2024-09-19 13:49:14.292,420.7949268382832,105
2024-09-19 13:49:14.406,420.8010243760409,101
2024-09-19 13:49:14.468,420.8071667356335,103
2024-09-19 13:49:14.549,420.7987405149484,998
2024-09-19 13:49:14.556,420.7834391227341,7
2024-09-19 13:49:15.066,420.7291523008444,6
2024-09-19 13:49:15.068,420.7385006042007,104
2024-09-19 13:49:15.079,420.7276960206792,1001
2024-09-19 13:49:15.128,420.7526750260566,997
2024-09-19 13:49:15.137,420.7337253988465,1005
2024-09-19 13:49:15.232,420.7416783408149,8
2024-09-19 13:49:15.291,420.74452586741165,7
2024-09-19 13:49:15.436,420.7100685808893,6
2024-09-19 13:49:15.539,420.7893764655124,999
2024-09-19 13:49:15.549,420.7865756540144,104
2024-09-19 13:49:15.553,420.75605676991074,97
2024-09-19 13:49:15.554,420.7552265104594,102
2024-09-19 13:49:15.584,420.7480005941335,104
2024-09-19 13:49:15.709,420.7519308351322,95
2024-09-19 13:49:15.785,420.7498564610327,103
2024-09-19 13:49:15.926,420.7470204213509,995
2024-09-19 13:49:15.933,420.74053308710654,11
2024-09-19 13:49:16.023,420.7149223778265,996
2024-09-19 13:49:16.097,420.729903312262,997
2024-09-19 13:49:16.121,420.7201928307159,1005
2024-09-19 13:49:16.180,420.725878469585,11
2024-09-19 13:49:16.232,420.7062543963495,104
2024-09-19 13:49:16.303,420.7021018076337,10
2024-09-19 13:49:16.360,420.7342438676732,1000
2024-09-19 13:49:16.376,420.7238072467972,13
2024-09-19 13:49:16.422,420.7166371151137,997
2024-09-19 13:49:16.426,420.6766786351823,101
2024-09-19 13:49:16.452,420.7181098433479,97
2024-09-19 13:49:16.544,420.6917797847391,103
2024-09-19 13:49:16.566,420.6613634428701,13
2024-09-19 13:49:16.574,420.729650304696,8
2024-09-19 13:49:16.592,420.72287919824,996
2024-09-19 13:49:16.605,420.73712745168905,6
2024-09-19 13:49:16.617,420.7329592545237,1000
2024-09-19 13:49:16.626,420.7369584804836,999
2024-09-19 13:49:16.659,420.6631442484504,100
2024-09-19 13:49:16.736,420.6928449046177,13
2024-09-19 13:49:16.741,420.6825553315343,101
2024-09-19 13:49:16.790,420.73339489382215,99
2024-09-19 13:49:16.793,420.71374025657616,13
2024-09-19 13:49:16.889,420.6899956692792,1004
2024-09-19 13:49:16.960,420.7055798942517,101
2024-09-19 13:49:16.973,420.7275794731681,99
2024-09-19 13:49:17.052,420.6988552151269,997
2024-09-19 13:49:17.100,420.7039303403225,999
2024-09-19 13:49:17.176,420.6855676558561,97
2024-09-19 13:49:17.179,420.7087917813879,101
2024-09-19 13:49:17.454,420.7016494111015,1003
2024-09-19 13:49:17.487,420.7019591524987,104
2024-09-19 13:49:17.495,420.7016553738367,11
2024-09-19 13:49:17.549,420.71488013822574,999
2024-09-19 13:49:17.637,420.7040340705288,999
2024-09-19 13:49:17.697,420.6974716278005,8
2024-09-19 13:49:17.860,420.6976939090395,1002
2024-09-19 13:49:17.937,420.7129669618817,6
2024-09-19 13:49:18.010,420.6989857574762,101
2024-09-19 13:49:18.011,420.672824468691,98
2024-09-19 13:49:18.050,420.6934303204696,99
2024-09-19 13:49:18.109,420.6981877766837,999
2024-09-19 13:49:18.169,420.6807621523463,104
2024-09-19 13:49:18.423,420.6733368144609,15
2024-09-19 13:49:18.440,420.687710643872,8
2024-09-19 13:49:18.455,420.7018916859972,96
2024-09-19 13:49:18.461,420.7133480116045,999
2024-09-19 13:49:18.463,420.6675364847478,1003
2024-09-19 13:49:18.467,420.6831844922318,104
2024-09-19 13:49:18.482,420.6831305566015,10
2024-09-19 13:49:18.557,420.68201223196746,101
2024-09-19 13:49:18.597,420.6727132665318,100
2024-09-19 13:49:18.659,420.7025285191308,996
2024-09-19 13:49:18.668,420.68172061316,999
2024-09-19 13:49:18.744,420.6900041542508,996
2024-09-19 13:49:18.819,420.6990351255017,1000
2024-09-19 13:49:18.951,420.6859014850941,1004
2024-09-19 13:49:18.999,420.7010645571877,7
2024-09-19 13:49:20.066,420.703606636121,96
2024-09-19 13:49:20.108,420.7046109057373,99
2024-09-19 13:49:20.209,420.7084537031004,104
2024-09-19 13:49:20.295,420.688343307403,6
2024-09-19 13:49:20.342,,98
2024-09-19 13:49:20.451,420.6941942798962,96
2024-09-19 13:49:20.477,42.067720340321046,8
2024-09-19 13:49:20.525,420.6982684857607,1001
2024-09-19 13:49:20.540,420.6727459062773,1003
2024-09-19 13:49:20.600,420.6937382436834,100
2024-09-19 13:49:20.651,-420.6696440180764,96
2024-09-19 13:49:20.652,420.6720829770025,14
2024-09-19 13:49:20.668,420.7179556905859,1003
2024-09-19 13:49:20.690,420.7194490507029,15
2024-09-19 13:49:20.690,420.6782012684503,1001
2024-09-19 13:49:20.701,420.6766300663735,12
2024-09-19 13:49:20.748,420.6822209388638,15
2024-09-19 13:49:20.782,420.6990259508848,5
2024-09-19 13:49:20.821,420.7024447430997,104
2024-09-19 13:49:20.824,420.7037676372332,9
2024-09-19 13:49:20.958,420.6979193388217,1003
2024-09-19 13:49:20.999,420.7170023906979,98
2024-09-19 13:49:21.087,420.68632024893424,996
2024-09-19 13:49:21.166,420.62791876165335,12
2024-09-19 13:49:21.197,420.6594375724573,96
2024-09-19 13:49:21.206,420.63514659369935,15
2024-09-19 13:49:21.262,420.63911667551673,103
2024-09-19 13:49:21.268,420.6140298638893,1005
2024-09-19 13:49:21.274,420.61467274547175,97
2024-09-19 13:49:21.292,420.6244147941428,97
2024-09-19 13:49:21.316,420.6055156293068,102
2024-09-19 13:49:21.361,420.6343183664132,998
2024-09-19 13:49:21.394,420.6715846543131,14
2024-09-19 13:49:21.437,420.6315118016973,1000
2024-09-19 13:49:21.477,420.6168791857955,1000
2024-09-19 13:49:21.523,420.6673654728216,1005
2024-09-19 13:49:21.525,420.64446959820725,95
2024-09-19 13:49:21.529,420.6752383335309,97
2024-09-19 13:49:21.571,420.628734260333,997
2024-09-19 13:49:21.574,420.6226701382295,14
2024-09-19 13:49:21.620,420.6754731850751,95
2024-09-19 13:49:21.632,420.6623996982989,104
2024-09-19 13:49:21.656,420.6537298937707,95
2024-09-19 13:49:21.716,420.71542737770335,5
2024-09-19 13:49:21.763,420.7036101915028,96
2024-09-19 13:49:21.804,420.66518695812505,103
2024-09-19 13:49:21.858,420.6899538785733,11
2024-09-19 13:49:21.876,420.5928290532638,99
2024-09-19 13:49:21.893,420.6290107028802,99
2024-09-19 13:49:21.943,420.5960452027732,1000
2024-09-19 13:49:23.086,420.59673921147305,1000
2024-09-19 13:49:23.252,420.619272743008,998
2024-09-19 13:49:23.274,420.6284627951785,103
2024-09-19 13:49:23.357,420.63515477308346,999
2024-09-19 13:49:23.431,420.5966525541914,10
2024-09-19 13:49:23.732,420.621260895465,1001
2024-09-19 13:49:23.748,420.6255783559954,11
2024-09-19 13:49:23.879,420.5947915191594,103
2024-09-19 13:49:23.946,420.63113825736224,998
2024-09-19 13:49:23.965,420.6387616246265,1000
2024-09-19 13:49:24.024,420.585038905928,1000
2024-09-19 13:49:24.058,420.5939922478152,97
2024-09-19 13:49:24.107,420.6024921896144,10
2024-09-19 13:49:24.115,420.6121249797931,98
2024-09-19 13:49:24.148,420.63678589062175,6
2024-09-19 13:49:24.190,420.61474825912296,1003
2024-09-19 13:49:24.209,420.5848040522792,13
2024-09-19 13:49:24.272,420.5728002601172,15
2024-09-19 13:49:24.287,420.5975639695244,1000
2024-09-19 13:49:24.316,420.6139652240822,1000
2024-09-19 13:49:24.377,420.6236428901893,997
2024-09-19 13:49:24.416,420.5690501173676,1004
2024-09-19 13:49:24.440,420.5728832666692,5
2024-09-19 13:49:24.463,420.59664957674187,10
2024-09-19 13:49:24.535,420.59642380218753,95
2024-09-19 13:49:24.564,420.59986129330287,14
2024-09-19 13:49:24.616,420.62393467917553,7
2024-09-19 13:49:24.619,420.6098285802134,102
2024-09-19 13:49:24.634,420.6045929270934,101
2024-09-19 13:49:24.657,420.5656586353866,999
2024-09-19 13:49:24.766,420.6041689463904,8
2024-09-19 13:49:24.780,420.6037233208846,7
2024-09-19 13:49:24.882,420.596673994487,99
2024-09-19 13:49:24.894,420.5936223023973,1000
2024-09-19 13:49:24.931,420.5980622574592,997
2024-09-19 13:49:24.936,420.6398126561803,995
2024-09-19 13:49:24.990,420.6000932518667,100
2024-09-19 13:49:25.102,420.5793580260776,15
2024-09-19 13:49:25.109,420.5383293640058,99
2024-09-19 13:49:25.299,420.5374202253269,1004
2024-09-19 13:49:25.338,420.5720734048683,11
2024-09-19 13:49:25.625,420.56769615241353,1002
2024-09-19 13:49:25.734,420.5707352127886,1004
2024-09-19 13:49:25.816,420.5762734922328,8
2024-09-19 13:49:26.116,420.5517997890554,97
2024-09-19 13:49:26.151,420.56613387296846,995
2024-09-19 13:49:26.254,420.5819546922557,8
2024-09-19 13:49:26.298,420.57333580235127,8
2024-09-19 13:49:26.304,420.6098398696884,101
2024-09-19 13:49:26.305,420.5603251230919,1001
2024-09-19 13:49:26.384,420.5892250792167,13
2024-09-19 13:49:26.404,420.57427986952086,100
2024-09-19 13:49:26.412,420.6117036149852,12
2024-09-19 13:49:26.468,42.05490335254021,1001
2024-09-19 13:49:26.514,420.5420156861994,1003
2024-09-19 13:49:26.546,420.5905578845284,105
2024-09-19 13:49:26.548,420.534069160916,102
2024-09-19 13:49:26.549,420.5532524801583,99
2024-09-19 13:49:26.569,420.5741034646612,996
2024-09-19 13:49:26.586,420.56435312481136,7
2024-09-19 13:49:26.589,420.56167250856254,5
2024-09-19 13:49:26.623,420.59100767080906,14
2024-09-19 13:49:26.793,420.57952021880936,6
2024-09-19 13:49:26.810,420.6195651724066,1003
2024-09-19 13:49:26.832,420.5458648019821,1005
2024-09-19 13:49:26.848,420.6142394934424,5
2024-09-19 13:49:26.851,420.5743557477978,12
2024-09-19 13:49:26.887,420.5359958606678,1003
2024-09-19 13:49:26.902,420.6243613018783,9
2024-09-19 13:49:26.961,420.5796942591027,95
2024-09-19 13:49:26.988,420.571914499221,998
2024-09-19 13:49:27.135,420.5658512726691,11
2024-09-19 13:49:27.232,420.5569471627273,99
2024-09-19 13:49:27.275,420.5671746938677,9
2024-09-19 13:49:27.372,420.5394432127944,995
2024-09-19 13:49:27.390,420.5728357165437,100
2024-09-19 13:49:27.390,420.562269229544,996
2024-09-19 13:49:27.582,420.55964780826935,101
2024-09-19 13:49:27.638,420.5031754065311,9
2024-09-19 13:49:27.663,420.56911796429966,102
2024-09-19 13:49:27.672,420.496517480197,11
2024-09-19 13:49:27.680,420.5502809019313,99
2024-09-19 13:49:27.701,420.5319996624159,14
2024-09-19 13:49:27.783,420.5307816038761,1003
2024-09-19 13:49:27.792,420.5488992184686,105
2024-09-19 13:49:27.805,420.5504341834057,101
2024-09-19 13:49:27.819,420.54661717146126,1001
2024-09-19 13:49:27.894,420.5015697061526,6
2024-09-19 13:49:27.937,420.51685175536426,101
2024-09-19 13:49:27.986,420.5452659286744,9
2024-09-19 13:49:27.990,420.571265141351,15
2024-09-19 13:49:28.193,420.53754988538856,10
2024-09-19 13:49:28.251,420.5064440992815,8
2024-09-19 13:49:28.267,42.05318419844813,105
2024-09-19 13:49:28.648,420.503757483095,97
2024-09-19 13:49:29.352,420.5135007522345,7
2024-09-19 13:49:29.734,420.52477656741934,1005
2024-09-19 13:49:30.040,420.51986476446586,105
2024-09-19 13:49:30.079,420.5072843388741,6
2024-09-19 13:49:30.155,420.5334072663503,99
2024-09-19 13:49:30.223,420.5366663522224,1005
2024-09-19 13:49:30.455,420.5041039609836,9
2024-09-19 13:49:30.524,420.4989502701494,14
2024-09-19 13:49:30.532,420.53990980902114,1005
2024-09-19 13:49:30.599,420.5070544770028,13
2024-09-19 13:49:30.605,420.49652330019705,1003
2024-09-19 13:49:30.622,420.5176244645514,999
2024-09-19 13:49:30.648,420.4894013056269,103
2024-09-19 13:49:30.704,420.5352764783718,99
2024-09-19 13:49:30.710,420.52233207092144,1005
2024-09-19 13:49:30.714,420.5460057686994,7
2024-09-19 13:49:30.795,420.5221046513984,98
2024-09-19 13:49:30.837,420.4992464453083,95
2024-09-19 13:49:30.885,420.5252398978944,996
2024-09-19 13:49:31.172,420.5098772752464,97
2024-09-19 13:49:31.406,420.5025437113498,98
2024-09-19 13:49:31.487,420.5102441888993,1005
2024-09-19 13:49:31.721,420.5322906838077,999
2024-09-19 13:49:31.897,420.5346033611352,1001
2024-09-19 13:49:32.120,420.4825466622902,998
2024-09-19 13:49:32.245,420.492060056207,14
2024-09-19 13:49:32.838,420.48155044967575,1005
2024-09-19 13:49:33.150,420.4664847341944,8
2024-09-19 13:49:33.153,420.4610289454049,95
2024-09-19 13:49:33.337,420.3923291229693,14
2024-09-19 13:49:33.411,420.4634688658954,1004
2024-09-19 13:49:33.485,-420.432091324117,95
2024-09-19 13:49:33.486,420.4274212546833,97
2024-09-19 13:49:33.492,420.4538075526129,100
2024-09-19 13:49:33.599,420.4172716494292,99
2024-09-19 13:49:33.649,420.44699714366914,95
2024-09-19 13:49:33.656,420.475689753289,997
2024-09-19 13:49:33.696,420.4658529028373,997
2024-09-19 13:49:33.700,420.401374753663,15
2024-09-19 13:49:33.768,420.46637439001694,98
2024-09-19 13:49:33.870,420.40424998970855,101
2024-09-19 13:49:34.056,420.37424989778685,10
2024-09-19 13:49:34.072,420.2661867863662,97
2024-09-19 13:49:34.081,420.36565539526106,101
2024-09-19 13:49:34.122,420.3630198690984,12
2024-09-19 13:49:34.184,420.2292808005573,98
2024-09-19 13:49:34.216,420.33949539934906,10
2024-09-19 13:49:34.248,420.4082353989392,103
2024-09-19 13:49:34.261,420.3375560779293,104
2024-09-19 13:49:34.334,420.26179707876855,11
2024-09-19 13:49:34.354,420.2343581692482,9
2024-09-19 13:49:34.444,420.3679759144229,100
2024-09-19 13:49:34.479,420.3350639520788,999
2024-09-19 13:49:34.511,420.24304259374185,1003
2024-09-19 13:49:34.517,420.28397693671286,97
2024-09-19 13:49:34.530,,12
2024-09-19 13:49:34.531,420.3803571384652,9
2024-09-19 13:49:34.539,420.402787507478,104
2024-09-19 13:49:34.600,420.4023693510025,999
2024-09-19 13:49:34.665,420.3773197773762,11
2024-09-19 13:49:34.666,420.29929576338446,104
2024-09-19 13:49:34.725,420.35762376334856,97
2024-09-19 13:49:34.855,420.38257075076825,99
2024-09-19 13:49:34.860,420.2603375856497,995
2024-09-19 13:49:34.880,420.3782052444091,1003
2024-09-19 13:49:34.898,420.3214387634406,1004
2024-09-19 13:49:34.938,420.364944428276,14
2024-09-19 13:49:34.943,420.371698434614,999
2024-09-19 13:49:34.984,420.332028627261,12
2024-09-19 13:49:35.015,420.2733375974952,99
2024-09-19 13:49:35.077,420.172387901576,1001
2024-09-19 13:49:35.111,420.2113259393177,1004
2024-09-19 13:49:35.127,420.1738708457418,95
2024-09-19 13:49:35.166,420.17642555753736,99
2024-09-19 13:49:35.201,420.24656357187945,1004
2024-09-19 13:49:35.222,420.21471564627234,13
2024-09-19 13:49:35.443,420.1761595339745,97
2024-09-19 13:49:35.517,-420.2605450990222,996
2024-09-19 13:49:35.537,420.2328879125972,97
2024-09-19 13:49:35.616,-420.2170637069202,14
2024-09-19 13:49:35.622,420.2206232991751,996
2024-09-19 13:49:35.660,420.1759182581184,105
2024-09-19 13:49:35.664,420.2462483157144,102
2024-09-19 13:49:35.685,420.2327651198956,1001
2024-09-19 13:49:35.689,420.193771654212,104
2024-09-19 13:49:35.756,420.1799164617136,6
2024-09-19 13:49:35.789,420.2413536215084,102
2024-09-19 13:49:35.837,420.2301430581456,102
2024-09-19 13:49:35.873,420.2706317206079,15
2024-09-19 13:49:35.903,420.2283178801197,101
2024-09-19 13:49:35.911,420.1795259025453,103
2024-09-19 13:49:35.939,420.2363737828699,96
2024-09-19 13:49:35.993,420.2450937426106,96
2024-09-19 13:49:36.014,420.17562896268095,99
2024-09-19 13:49:36.074,420.20560318727007,5
2024-09-19 13:49:36.100,420.18846348833415,997
2024-09-19 13:49:36.175,42.02479506592833,99
2024-09-19 13:49:36.179,420.1893005865241,1003
2024-09-19 13:49:36.228,420.1749560377682,996
2024-09-19 13:49:36.308,420.21264827952376,14
2024-09-19 13:49:36.363,420.1649232923893,1004
2024-09-19 13:49:36.469,420.22958827471416,97
2024-09-19 13:49:36.524,420.228928857527,11
2024-09-19 13:49:36.572,420.2276408646858,99
2024-09-19 13:49:36.590,420.1792096598229,1002
2024-09-19 13:49:36.663,420.2178002891629,1002
2024-09-19 13:49:36.666,420.179382646714,11
2024-09-19 13:49:36.726,-420.2051628562587,101
2024-09-19 13:49:36.755,420.1826386966224,7
2024-09-19 13:49:36.777,420.1767808738121,104
2024-09-19 13:49:36.834,420.2008512476304,1002
2024-09-19 13:49:36.848,420.1659772849752,996
2024-09-19 13:49:36.893,420.1703129486567,100
2024-09-19 13:49:36.914,420.2201265908122,995
2024-09-19 13:49:36.923,420.2042752424064,996
2024-09-19 13:49:36.937,420.1621652884426,999
2024-09-19 13:49:36.940,420.19421651007656,997
2024-09-19 13:49:36.967,420.2396725070915,104
2024-09-19 13:49:36.969,420.193148402035,999
2024-09-19 13:49:36.984,420.17391360536885,12
2024-09-19 13:49:37.510,420.1948008453617,997
2024-09-19 13:49:37.537,420.1957910917261,997
2024-09-19 13:49:37.677,420.19181859813057,95
2024-09-19 13:49:38.117,420.2099389326569,9
2024-09-19 13:49:38.141,420.21400402515695,996
2024-09-19 13:49:38.336,420.2016695541192,12
2024-09-19 13:49:38.536,420.2076767917411,95
2024-09-19 13:49:38.749,420.21071517068566,997
2024-09-19 13:49:39.024,420.1881427066939,996
2024-09-19 13:49:39.037,420.2069509748652,10
2024-09-19 13:49:39.153,420.2087758810815,104
2024-09-19 13:49:39.160,420.2070842201642,13
2024-09-19 13:49:39.222,420.167339794604,1001
2024-09-19 13:49:39.363,420.1843650453764,999
2024-09-19 13:49:39.405,420.1784563486075,7
2024-09-19 13:49:39.415,420.1717169855663,14
2024-09-19 13:49:39.538,420.1878336648143,102
2024-09-19 13:49:39.561,420.17325394578336,11
2024-09-19 13:49:39.612,420.1712000799606,5
2024-09-19 13:49:39.679,420.1867537502327,1000
2024-09-19 13:49:39.740,420.2252385996061,9
2024-09-19 13:49:39.773,420.19651032806695,102
2024-09-19 13:49:39.794,420.1777259089362,1003
2024-09-19 13:49:39.834,420.167924449029,6
2024-09-19 13:49:39.894,420.21577223746624,7
2024-09-19 13:49:40.017,420.17286653243,7
2024-09-19 13:49:40.041,420.1788268005954,15
2024-09-19 13:49:40.130,420.1628152678205,13
2024-09-19 13:49:40.148,420.1920644093513,1002
2024-09-19 13:49:40.161,420.1824124855856,99
2024-09-19 13:49:40.204,420.1733786011138,105
2024-09-19 13:49:40.301,420.1646492951418,101
2024-09-19 13:49:40.461,420.1566680623108,1001
2024-09-19 13:49:40.480,420.16528555126655,100
2024-09-19 13:49:40.613,420.1736754835963,999
2024-09-19 13:49:40.650,420.1770623064495,101
2024-09-19 13:49:40.663,420.1473446140743,105
2024-09-19 13:49:40.788,420.15718448743377,104
2024-09-19 13:49:40.810,420.1952261041778,7
2024-09-19 13:49:40.846,420.169901069284,997
2024-09-19 13:49:40.897,420.1739518960561,15
2024-09-19 13:49:41.001,420.2091821149455,95
2024-09-19 13:49:41.040,420.2076108336285,1001
2024-09-19 13:49:41.097,420.1357608005187,5
2024-09-19 13:49:41.148,420.1047745387228,997
2024-09-19 13:49:41.156,420.1611870980148,100
2024-09-19 13:49:41.170,420.1985722029236,11
2024-09-19 13:49:41.201,420.2080279352842,13
2024-09-19 13:49:41.204,420.1388504092661,95
2024-09-19 13:49:41.207,420.2180686836468,97
2024-09-19 13:49:41.209,420.1574466607303,99
2024-09-19 13:49:41.248,420.219236564562,103
2024-09-19 13:49:41.258,420.22015217456686,7
2024-09-19 13:49:41.260,420.1769677894853,98
2024-09-19 13:49:41.272,420.2110598050264,1000
2024-09-19 13:49:41.326,420.2140537655415,95
2024-09-19 13:49:41.373,420.22216493303176,15
2024-09-19 13:49:41.389,420.1968624045944,996
2024-09-19 13:49:41.429,420.16560888221,97
2024-09-19 13:49:41.511,420.2185816595086,98
2024-09-19 13:49:41.523,420.2081417232211,14
2024-09-19 13:49:41.586,420.1547119223376,95
2024-09-19 13:49:41.628,420.1947291351423,11
2024-09-19 13:49:41.729,420.2054107323119,97
2024-09-19 13:49:41.787,420.1847160346063,999
2024-09-19 13:49:41.872,420.19441949176417,13
2024-09-19 13:49:41.921,420.1268947506249,8
2024-09-19 13:49:41.926,420.20535533048337,14
2024-09-19 13:49:41.967,420.1948875699616,95
2024-09-19 13:49:42.100,-420.195164426813,12
2024-09-19 13:49:42.131,420.2137329045139,105
2024-09-19 13:49:42.168,420.20341394932126,1001
2024-09-19 13:49:42.175,420.205765984999,9
2024-09-19 13:49:42.225,420.18292493716496,1000
2024-09-19 13:49:42.268,420.17844006314783,14
2024-09-19 13:49:42.270,420.1912383683183,11
2024-09-19 13:49:42.276,420.1595946435705,1003
2024-09-19 13:49:42.285,420.2055314201598,14
2024-09-19 13:49:42.322,420.1522211447256,1003
2024-09-19 13:49:42.415,420.1568408838933,7
2024-09-19 13:49:42.535,42.0195144249876,1000
2024-09-19 13:49:42.590,420.191788662418,995
2024-09-19 13:49:42.639,420.2046723029458,101
2024-09-19 13:49:42.676,420.1609312605461,103
2024-09-19 13:49:42.682,420.20561171189246,98
2024-09-19 13:49:42.684,420.1511452573993,1002
2024-09-19 13:49:42.743,420.15656739594846,995
2024-09-19 13:49:42.809,420.2131811018027,104
2024-09-19 13:49:42.824,420.1685445470206,6
2024-09-19 13:49:42.856,420.206067566017,100
2024-09-19 13:49:42.872,420.221645427669,9
2024-09-19 13:49:42.906,420.1758516354631,1000
2024-09-19 13:49:42.998,420.2118640301728,1004
2024-09-19 13:49:42.998,420.1776391317566,1004
2024-09-19 13:49:43.045,420.19225647446393,102
2024-09-19 13:49:43.073,420.1569724088187,15
2024-09-19 13:49:43.082,420.1827179398445,1000
2024-09-19 13:49:43.167,420.1947350675374,1001
2024-09-19 13:49:43.191,420.183443697606,999
2024-09-19 13:49:43.196,420.1999850494168,1004
2024-09-19 13:49:43.224,420.19371043202426,1005
2024-09-19 13:49:43.256,420.1858720138925,7
2024-09-19 13:49:43.261,420.1901308047163,5
2024-09-19 13:49:43.371,420.1759623210687,101
2024-09-19 13:49:43.378,420.1690593975172,12
2024-09-19 13:49:43.395,420.19801652766296,1000
2024-09-19 13:49:43.429,420.1979132086674,6
2024-09-19 13:49:43.523,420.1754731925308,996
2024-09-19 13:49:43.559,420.1780274843912,99
2024-09-19 13:49:43.562,420.1773694572284,1005
2024-09-19 13:49:43.604,420.198500795653,7
2024-09-19 13:49:43.617,420.19054025713626,98
2024-09-19 13:49:43.647,420.2096790479562,98
2024-09-19 13:49:43.684,420.176502858846,8
2024-09-19 13:49:43.736,420.1857106487348,102
2024-09-19 13:49:43.763,420.18530166834233,98
2024-09-19 13:49:43.813,420.2055645138266,105
2024-09-19 13:49:43.824,420.1791797810602,98
2024-09-19 13:49:43.874,420.205474682676,98
2024-09-19 13:49:43.915,420.18585234424944,998
2024-09-19 13:49:43.934,420.15853943831934,12
2024-09-19 13:49:43.958,420.2058863254478,95
2024-09-19 13:49:44.105,420.15455159132193,14
2024-09-19 13:49:44.110,420.15125882793535,1002
2024-09-19 13:49:44.111,420.17192559001217,10
2024-09-19 13:49:44.155,420.16192136210793,1004
2024-09-19 13:49:44.168,420.16671563741966,99
2024-09-19 13:49:44.173,420.1557079592989,100
2024-09-19 13:49:44.184,420.177352383296,105
2024-09-19 13:49:44.201,420.1586062888019,97
2024-09-19 13:49:44.231,420.16396776689993,13
2024-09-19 13:49:44.359,420.1532812026623,996
2024-09-19 13:49:44.371,420.16616092408447,9
2024-09-19 13:49:44.381,420.16521240606346,1003
2024-09-19 13:49:44.423,420.2012614165978,996
2024-09-19 13:49:44.442,420.1531507036628,996
2024-09-19 13:49:44.455,420.1445580366312,1003
2024-09-19 13:49:44.501,420.1642988850336,11
2024-09-19 13:49:44.577,420.16261774146585,1001
2024-09-19 13:49:44.621,420.14654869899965,13
2024-09-19 13:49:44.690,420.1446150971639,5
2024-09-19 13:49:44.729,420.14726825564566,1003
2024-09-19 13:49:44.734,420.1910083692835,15
2024-09-19 13:49:44.739,420.1927331620968,999
2024-09-19 13:49:44.742,420.16447455863977,1004
2024-09-19 13:49:44.777,420.1506562790658,105
2024-09-19 13:49:44.825,420.1346189203196,95
2024-09-19 13:49:44.827,420.2135960112224,100
2024-09-19 13:49:44.842,420.179936279295,998
2024-09-19 13:49:44.845,420.1735577870247,100
2024-09-19 13:49:44.868,420.1564309570091,99
2024-09-19 13:49:44.989,420.1793629794368,1001
2024-09-19 13:49:45.000,420.1038651457021,97
2024-09-19 13:49:45.156,420.09553716551545,997
2024-09-19 13:49:45.160,420.130229991238,105
2024-09-19 13:49:45.404,420.09003544691495,11
2024-09-19 13:49:45.513,420.09138178075744,100
2024-09-19 13:49:45.582,420.0948370857128,999
2024-09-19 13:49:45.637,420.1266010800293,999
2024-09-19 13:49:45.784,420.09220104229314,1000
2024-09-19 13:49:45.826,420.1495858791087,5
2024-09-19 13:49:46.129,420.04632725765606,100
2024-09-19 13:49:46.334,420.0550842542324,1002
2024-09-19 13:49:46.335,420.0918884153628,99
2024-09-19 13:49:46.520,420.0772321866162,104
2024-09-19 13:49:46.546,420.065218919132,13
2024-09-19 13:49:46.561,420.0684144390429,996
2024-09-19 13:49:46.575,420.0711186567845,1005
2024-09-19 13:49:46.737,420.062457508535,12
2024-09-19 13:49:46.738,420.0566529642263,12
2024-09-19 13:49:46.760,420.05127907472985,1002
2024-09-19 13:49:46.784,420.1012274631861,103
2024-09-19 13:49:46.948,420.0704555519138,12
2024-09-19 13:49:47.022,420.1688182815216,1000
2024-09-19 13:49:47.045,420.071529566269,997
2024-09-19 13:49:47.052,420.0752204251565,13
2024-09-19 13:49:47.066,420.105982197324,104
2024-09-19 13:49:47.109,420.1823872363721,997
2024-09-19 13:49:47.120,420.1312484110807,999
2024-09-19 13:49:47.275,420.14582825548274,95
2024-09-19 13:49:47.351,420.1589252747608,1000
2024-09-19 13:49:47.374,420.13913530150745,995
2024-09-19 13:49:47.434,420.12206214522246,1001
2024-09-19 13:49:47.455,42.01043616298485,101
2024-09-19 13:49:47.458,420.14564558180456,100
2024-09-19 13:49:47.516,420.1389609895882,8
2024-09-19 13:49:47.595,420.0877301572155,98
2024-09-19 13:49:47.609,420.1081267720154,1000
2024-09-19 13:49:47.639,420.0813108922731,14
2024-09-19 13:49:47.676,420.1602829018516,996
2024-09-19 13:49:47.833,420.1104525444234,998
2024-09-19 13:49:47.952,420.1187038045431,997
2024-09-19 13:49:48.031,420.0997863242512,98
2024-09-19 13:49:48.059,420.1257699200953,96
2024-09-19 13:49:48.096,420.08334522315926,15
2024-09-19 13:49:48.143,420.06772823678494,11
2024-09-19 13:49:48.275,420.09130205397577,97
2024-09-19 13:49:48.282,420.1017463403198,103
2024-09-19 13:49:48.383,420.1017221503454,995
2024-09-19 13:49:48.423,420.0575037490492,1002
2024-09-19 13:49:48.467,420.0861799000335,95
2024-09-19 13:49:48.470,420.0594883060591,1000
2024-09-19 13:49:48.478,420.0940720996381,995
2024-09-19 13:49:48.501,420.0725185773526,103
2024-09-19 13:49:48.542,420.0992497369997,6
2024-09-19 13:49:48.581,420.0477935695632,103
2024-09-19 13:49:48.640,420.065718386439,1001
2024-09-19 13:49:48.712,420.0737257576217,13
2024-09-19 13:49:48.846,420.0762582964679,95
2024-09-19 13:49:48.890,420.11655379220144,96
2024-09-19 13:49:48.915,420.06423116166775,103
2024-09-19 13:49:48.938,420.0897659363964,999
2024-09-19 13:49:48.948,420.06770415033634,1005
2024-09-19 13:49:49.085,420.1310746914696,14
2024-09-19 13:49:49.118,420.13655764118585,996
2024-09-19 13:49:49.147,420.1020780327017,6
2024-09-19 13:49:49.152,420.18089727681433,7
2024-09-19 13:49:49.374,420.0641577082042,1001
2024-09-19 13:49:49.376,420.0387691289304,95
2024-09-19 13:49:49.432,420.1185684823343,12
2024-09-19 13:49:49.575,420.177200615148,101
2024-09-19 13:49:49.580,420.1309764219214,999
2024-09-19 13:49:49.583,420.106172498708,104
2024-09-19 13:49:49.629,420.0562896732428,9
2024-09-19 13:49:49.789,420.1052888514599,14
2024-09-19 13:49:49.906,420.0434569136089,12
2024-09-19 13:49:49.918,420.1643643055574,9
2024-09-19 13:49:49.920,420.15989650036767,102
2024-09-19 13:49:49.937,420.030795989273,98
2024-09-19 13:49:49.993,420.13474873864,105
2024-09-19 13:49:50.055,420.2243786877432,1001
2024-09-19 13:49:50.067,420.2155731760595,11
2024-09-19 13:49:50.078,420.2460432614511,7
2024-09-19 13:49:50.101,420.229294023783,5
2024-09-19 13:49:50.126,420.2321895336689,997
2024-09-19 13:49:50.203,420.20229902077,96
2024-09-19 13:49:50.219,420.21549380090335,11
2024-09-19 13:49:50.229,420.22306073950944,97
2024-09-19 13:49:50.305,420.25037102091545,998
2024-09-19 13:49:50.423,420.2310385087371,1002
2024-09-19 13:49:50.433,420.2221618891229,98
2024-09-19 13:49:50.454,420.2192885644675,97
2024-09-19 13:49:50.478,420.2010053023641,102
2024-09-19 13:49:50.482,420.2068071402258,1000
2024-09-19 13:49:50.503,420.2037557923664,11
2024-09-19 13:49:50.510,420.2273030637261,8
2024-09-19 13:49:50.592,420.22398586140906,95
2024-09-19 13:49:50.603,420.2407891190621,998
2024-09-19 13:49:50.604,420.2235294871565,95
2024-09-19 13:49:50.609,420.225028914805,7
2024-09-19 13:49:50.688,420.21281874570366,10
2024-09-19 13:49:50.778,420.2365381523733,105
2024-09-19 13:49:50.806,420.2184781610308,100
2024-09-19 13:49:50.813,420.1802910534739,101
2024-09-19 13:49:50.871,420.2185726792403,5
2024-09-19 13:49:50.892,420.2283960592152,8
2024-09-19 13:49:50.894,420.1945016095625,105
2024-09-19 13:49:50.977,420.23470862468696,99
2024-09-19 13:49:50.998,420.2113064755105,103
2024-09-19 13:49:51.039,420.1835560162662,6
2024-09-19 13:49:51.258,420.1921846434688,11
2024-09-19 13:49:51.299,420.2032819460407,997
2024-09-19 13:49:51.645,420.1892291807769,1003
2024-09-19 13:49:51.801,420.1786159499148,102
2024-09-19 13:49:51.816,420.1849101322533,1003
2024-09-19 13:49:52.090,420.24474676197127,999
2024-09-19 13:49:52.091,420.1980796696049,8
2024-09-19 13:49:52.128,420.2464318166509,105
2024-09-19 13:49:52.215,420.2375554101339,998
2024-09-19 13:49:52.283,420.23763118709553,95
2024-09-19 13:49:52.351,420.2248298588767,104
2024-09-19 13:49:52.362,420.23827132768326,15
2024-09-19 13:49:52.498,420.2321521745219,97
2024-09-19 13:49:52.603,420.2647185129796,1004
2024-09-19 13:49:52.648,420.2124176558064,105
2024-09-19 13:49:52.658,420.25269152878207,9
2024-09-19 13:49:52.685,420.2106892125096,1004
2024-09-19 13:49:52.710,,1005
2024-09-19 13:49:52.756,420.2275402901963,95
2024-09-19 13:49:52.765,420.1946137252718,99
2024-09-19 13:49:52.776,420.22795964546776,1001
2024-09-19 13:49:52.798,420.2218258254634,997
2024-09-19 13:49:52.835,420.23945036140685,104
2024-09-19 13:49:52.841,420.2290724387209,97
2024-09-19 13:49:52.858,420.2519391126829,104
2024-09-19 13:49:52.891,42.02017478702626,101
2024-09-19 13:49:52.938,420.2372606904232,10
2024-09-19 13:49:52.952,420.2277500858786,12
2024-09-19 13:49:52.993,420.2351010215753,105
2024-09-19 13:49:52.997,420.22013763446586,998
2024-09-19 13:49:53.252,420.2431540471228,105
2024-09-19 13:49:53.317,420.26602596596,1003
2024-09-19 13:49:53.420,420.2801272842688,6
2024-09-19 13:49:53.428,420.27812656071126,105
2024-09-19 13:49:53.568,420.24840938349394,999
2024-09-19 13:49:53.866,420.2314979211031,97
2024-09-19 13:49:53.900,420.2618130799611,103
2024-09-19 13:49:54.007,420.29143648719554,5
2024-09-19 13:49:54.056,420.3577136606079,6
2024-09-19 13:49:54.124,420.3647110785324,6
2024-09-19 13:49:54.126,420.3224827617768,103
2024-09-19 13:49:54.212,420.3687623279893,998
2024-09-19 13:49:54.269,420.3455323272128,997
2024-09-19 13:49:54.282,420.36357815196186,11
2024-09-19 13:49:54.322,420.2932055038323,997
2024-09-19 13:49:54.361,420.3362454981887,1005
2024-09-19 13:49:54.385,420.31093945360345,9
2024-09-19 13:49:54.558,420.36289151041626,997
2024-09-19 13:49:54.566,420.3161440077996,1005
2024-09-19 13:49:54.580,420.2857027576948,98
2024-09-19 13:49:54.585,-420.3087470793894,15
2024-09-19 13:49:54.591,420.2866070578942,10
2024-09-19 13:49:54.712,420.3171600020112,12
2024-09-19 13:49:54.728,420.2938352167294,12
2024-09-19 13:49:54.744,420.3368680709348,101
2024-09-19 13:49:54.753,420.3374143202453,11
2024-09-19 13:49:54.755,420.3265193901419,6
2024-09-19 13:49:54.822,420.28874296324034,998
2024-09-19 13:49:54.830,420.28752872539707,998
2024-09-19 13:49:54.942,420.32707275486615,996
2024-09-19 13:49:54.965,420.3487205649814,103
2024-09-19 13:49:55.067,420.3279940994125,997
2024-09-19 13:49:55.169,420.3595716914237,97
2024-09-19 13:49:55.423,420.3379661379802,15
2024-09-19 13:49:55.574,420.31549746291694,9
2024-09-19 13:49:55.698,420.3326365522438,15
2024-09-19 13:49:56.553,420.3620267220962,1003
2024-09-19 13:49:57.069,420.355461192413,998
2024-09-19 13:49:57.182,420.36315187089326,101
2024-09-19 13:49:57.217,420.3381378090261,1003
2024-09-19 13:49:57.225,420.4023321668542,995
2024-09-19 13:49:57.250,420.3405445229986,95
2024-09-19 13:49:57.266,420.35147601094064,14
2024-09-19 13:49:57.270,420.3589522640335,1005
2024-09-19 13:49:57.288,420.3228238921399,1004
2024-09-19 13:49:57.350,420.35814757058745,102
2024-09-19 13:49:57.409,420.3337370553041,104
2024-09-19 13:49:57.429,420.38855004687633,10
2024-09-19 13:49:57.450,420.36828119197247,7
2024-09-19 13:49:57.511,420.34283509849945,95
2024-09-19 13:49:57.517,420.3738343205462,997
2024-09-19 13:49:57.546,420.3563801442029,95
2024-09-19 13:49:57.588,420.3724851829117,10
2024-09-19 13:49:57.762,420.3373712202262,96
2024-09-19 13:49:57.813,420.3378510538846,98
2024-09-19 13:49:57.833,420.360075392019,100
2024-09-19 13:49:57.890,420.3519199314244,100
2024-09-19 13:49:57.998,420.3868879862768,95
2024-09-19 13:49:58.042,420.4308011526669,15
2024-09-19 13:49:58.125,420.4043679643686,95
2024-09-19 13:49:58.421,420.4225179591771,1005
2024-09-19 13:49:58.461,420.424353874458,97
2024-09-19 13:49:58.552,420.3701703050909,13
2024-09-19 13:49:58.556,420.4193135174435,1000
2024-09-19 13:49:58.862,420.4212521519594,1003
2024-09-19 13:49:59.134,420.38553413785377,12
2024-09-19 13:49:59.370,420.4197011733781,103
2024-09-19 13:49:59.509,420.3740721573046,100
2024-09-19 13:49:59.517,420.3547187592201,9
2024-09-19 13:49:59.612,420.3704178143943,995
2024-09-19 13:49:59.773,420.3684066586168,1004
2024-09-19 13:49:59.791,420.3632125063688,11
2024-09-19 13:49:59.873,420.38604110461296,100
2024-09-19 13:49:59.920,42.04048640167598,102
