Timestamp,Price,Size
2024-09-19 12:41:00.081,424.7965038138289,1001
2024-09-19 12:41:00.120,424.77933461097246,102
2024-09-19 12:41:00.125,424.8299798735726,10
2024-09-19 12:41:00.159,424.8042376047807,999
2024-09-19 12:41:00.189,424.88789685417214,9
2024-09-19 12:41:00.207,424.8921249787009,999
2024-09-19 12:41:00.234,424.867117550719,101
2024-09-19 12:41:00.253,424.7806989033687,102
2024-09-19 12:41:00.300,424.796431970922,13
2024-09-19 12:41:00.306,424.7919433167722,14
2024-09-19 12:41:00.349,424.8717359686546,998
2024-09-19 12:41:00.406,424.87681408358696,1005
2024-09-19 12:41:00.432,424.7793663174882,1004
2024-09-19 12:41:00.474,424.78858821848377,1002
2024-09-19 12:41:00.494,424.8632688402235,1004
2024-09-19 12:41:00.583,424.7867929339741,10
2024-09-19 12:41:00.609,424.8698564703847,14
2024-09-19 12:41:00.624,424.8731716460241,1002
2024-09-19 12:41:00.706,424.88251968902847,10
2024-09-19 12:41:00.736,424.76673698463,97
2024-09-19 12:41:00.787,424.7712030166729,100
2024-09-19 12:41:00.831,424.8341248137849,5
2024-09-19 12:41:00.882,424.8903570568503,95
2024-09-19 12:41:00.982,424.77905789271296,104
2024-09-19 12:41:01.109,424.7558045493446,12
2024-09-19 12:41:01.146,424.80953052975576,995
2024-09-19 12:41:01.222,424.8595728955728,1004
2024-09-19 12:41:01.246,424.86225556010686,1001
2024-09-19 12:41:01.251,424.8345322954915,95
2024-09-19 12:41:01.251,424.7720428017085,14
2024-09-19 12:41:01.290,424.8537380315192,999
2024-09-19 12:41:01.371,424.83814778924,102
2024-09-19 12:41:01.404,424.8297297365895,105
2024-09-19 12:41:01.406,424.7721306963724,12
2024-09-19 12:41:01.437,424.7680632636391,1004
2024-09-19 12:41:01.515,424.77091353692,1005
2024-09-19 12:41:01.529,424.7670344061483,999
2024-09-19 12:41:01.695,424.7896517962966,100
2024-09-19 12:41:01.847,424.782609034101,95
2024-09-19 12:41:01.944,424.8576367942055,1001
2024-09-19 12:41:01.946,424.78601245382674,5
2024-09-19 12:41:01.967,424.85824910425214,13
2024-09-19 12:41:01.979,424.7925609310677,8
2024-09-19 12:41:01.997,424.7762737056066,104
2024-09-19 12:41:02.115,424.8804468486438,1004
2024-09-19 12:41:02.117,424.8764588145431,96
2024-09-19 12:41:02.145,424.8734615616621,6
2024-09-19 12:41:02.199,424.8896287555043,105
2024-09-19 12:41:02.213,424.8802392795625,6
2024-09-19 12:41:02.240,424.871767925411,13
2024-09-19 12:41:02.273,424.86082904834507,10
2024-09-19 12:41:02.274,424.87521040532937,995
2024-09-19 12:41:02.317,424.871496598591,101
2024-09-19 12:41:02.343,424.88432233553726,10
2024-09-19 12:41:02.427,424.88242971446914,998
2024-09-19 12:41:02.453,424.8997032537608,12
2024-09-19 12:41:02.490,424.8698464477708,97
2024-09-19 12:41:02.514,424.8614428826395,11
2024-09-19 12:41:02.553,424.87031803602895,995
2024-09-19 12:41:02.570,424.90044997812646,9
2024-09-19 12:41:02.581,424.8643257555089,996
2024-09-19 12:41:02.585,424.861726752832,99
2024-09-19 12:41:02.781,424.8863222547123,95
2024-09-19 12:41:02.825,424.8894106555571,13
2024-09-19 12:41:02.828,424.8650458809279,103
2024-09-19 12:41:02.907,424.87262045737407,14
2024-09-19 12:41:03.085,424.8781810331189,101
2024-09-19 12:41:03.375,424.85614830528976,101
2024-09-19 12:41:03.584,424.8760593678242,1004
2024-09-19 12:41:04.232,-424.8966205004908,1001
2024-09-19 12:41:04.324,424.8772819337861,96
2024-09-19 12:41:04.466,424.9017805916834,98
2024-09-19 12:41:04.503,424.8728036183269,95
2024-09-19 12:41:04.556,424.9023199059488,1005
2024-09-19 12:41:04.633,424.8565750420038,14
2024-09-19 12:41:04.719,424.8759245128096,996
2024-09-19 12:41:04.837,424.85676565225367,997
2024-09-19 12:41:04.928,424.8914021085665,12
2024-09-19 12:41:05.026,424.913824849476,15
2024-09-19 12:41:05.209,424.9072185874967,8
2024-09-19 12:41:05.255,424.91913851348727,995
2024-09-19 12:41:05.264,424.8869140974939,102
2024-09-19 12:41:05.367,424.8773257382218,7
2024-09-19 12:41:05.544,424.88198647641536,14
2024-09-19 12:41:05.785,424.9485442383565,8
2024-09-19 12:41:05.791,424.8932001433423,1001
2024-09-19 12:41:05.823,424.9086026972871,5
2024-09-19 12:41:05.899,424.89716899614825,13
2024-09-19 12:41:06.076,424.8914766570465,9
2024-09-19 12:41:06.152,424.9258676549493,8
2024-09-19 12:41:06.197,424.9215440226243,1003
2024-09-19 12:41:06.243,424.91499011468113,6
2024-09-19 12:41:06.276,424.907379196148,14
2024-09-19 12:41:06.372,424.888875207316,1003
2024-09-19 12:41:06.497,424.9111340041508,96
2024-09-19 12:41:06.694,424.933280355024,12
2024-09-19 12:41:06.750,424.9141573015507,999
2024-09-19 12:41:07.079,424.9222835649722,14
2024-09-19 12:41:07.118,424.9338496371295,12
2024-09-19 12:41:07.143,424.88520825848855,1000
2024-09-19 12:41:07.147,424.8818714374804,12
2024-09-19 12:41:07.153,424.9095555105267,996
2024-09-19 12:41:07.167,424.9176402433028,102
2024-09-19 12:41:07.189,424.9374876157333,1005
2024-09-19 12:41:07.237,424.8997284424695,98
2024-09-19 12:41:07.361,424.9048179054956,996
2024-09-19 12:41:07.410,424.9341396084681,1003
2024-09-19 12:41:07.533,424.9336281608549,105
2024-09-19 12:41:07.572,424.9107806998092,12
2024-09-19 12:41:07.581,424.9174634386573,96
2024-09-19 12:41:07.624,424.8993321207734,105
2024-09-19 12:41:07.654,424.9371610605371,6
2024-09-19 12:41:07.732,424.8840525165788,995
2024-09-19 12:41:07.798,424.8869071846513,103
2024-09-19 12:41:07.919,424.8933638376096,995
2024-09-19 12:41:07.933,424.923895920297,15
2024-09-19 12:41:08.001,424.93584192758266,1004
2024-09-19 12:41:08.004,424.9585352894681,12
2024-09-19 12:41:08.084,42.49664806393207,99
2024-09-19 12:41:08.239,424.9512808617191,7
2024-09-19 12:41:08.419,424.9756171239633,1004
2024-09-19 12:41:08.444,424.9386117888698,1000
2024-09-19 12:41:08.463,424.9607165859215,998
2024-09-19 12:41:08.466,424.9416749083857,104
2024-09-19 12:41:08.523,424.9182084959355,98
2024-09-19 12:41:08.540,424.9761391872354,102
2024-09-19 12:41:08.599,424.9534983299005,98
2024-09-19 12:41:08.647,424.9531181480982,997
2024-09-19 12:41:08.730,424.9507614701865,13
2024-09-19 12:41:08.857,-425.00891175386346,1001
2024-09-19 12:41:08.922,425.03052043808015,8
2024-09-19 12:41:08.936,424.98525943401097,997
2024-09-19 12:41:08.988,424.9535574058294,104
2024-09-19 12:41:08.997,424.9395672207082,10
2024-09-19 12:41:10.024,424.9852139675508,9
2024-09-19 12:41:10.035,425.0239122618263,1002
2024-09-19 12:41:10.049,424.98204750062496,13
2024-09-19 12:41:10.060,424.8598151913191,999
2024-09-19 12:41:10.078,424.98570393398114,97
2024-09-19 12:41:10.104,425.016191901618,97
2024-09-19 12:41:10.105,424.9126262644178,13
2024-09-19 12:41:10.126,424.9899682633921,997
2024-09-19 12:41:10.137,425.0451351963805,95
2024-09-19 12:41:10.138,-424.9525562775592,104
2024-09-19 12:41:10.187,424.8890230131618,99
2024-09-19 12:41:10.231,424.8907157094798,995
2024-09-19 12:41:10.292,425.0411913097255,11
2024-09-19 12:41:10.341,424.9276529647878,104
2024-09-19 12:41:10.499,424.87913074797547,103
2024-09-19 12:41:10.507,425.0382068367856,10
2024-09-19 12:41:10.583,425.05406949037706,1002
2024-09-19 12:41:10.639,424.8619908636771,10
2024-09-19 12:41:10.685,424.8616349456331,6
2024-09-19 12:41:10.729,424.91206231779086,6
2024-09-19 12:41:10.737,425.0049099425317,96
2024-09-19 12:41:10.747,424.9946554386464,100
2024-09-19 12:41:10.807,424.8666157376351,996
2024-09-19 12:41:10.809,424.9977173423487,997
2024-09-19 12:41:10.818,424.9678324350578,103
2024-09-19 12:41:10.839,424.9890039014912,999
2024-09-19 12:41:10.874,424.90421677567525,9
2024-09-19 12:41:10.930,424.85160210770607,1004
2024-09-19 12:41:10.953,425.011634911996,9
2024-09-19 12:41:10.992,424.9972659716474,99
2024-09-19 12:41:11.962,424.8872895365178,12
2024-09-19 12:41:12.439,424.8933767632674,13
2024-09-19 12:41:12.444,424.8927628298728,1005
2024-09-19 12:41:12.579,424.8804913255598,105
2024-09-19 12:41:12.684,424.8777649165266,100
2024-09-19 12:41:12.704,424.893089140457,9
2024-09-19 12:41:12.722,424.8929379855555,998
2024-09-19 12:41:12.734,424.902330538838,101
2024-09-19 12:41:12.762,424.8979910524232,101
2024-09-19 12:41:13.276,424.917071330118,95
2024-09-19 12:41:13.288,424.91128283356585,5
2024-09-19 12:41:13.290,424.9003523138537,998
2024-09-19 12:41:13.338,424.945742528981,105
2024-09-19 12:41:13.341,425.0005611321748,105
2024-09-19 12:41:13.373,424.8949521525327,103
2024-09-19 12:41:13.418,424.92107869324,10
2024-09-19 12:41:13.430,424.9247602779527,96
2024-09-19 12:41:13.444,424.9517431249225,102
2024-09-19 12:41:13.611,424.999717683404,95
2024-09-19 12:41:13.629,424.9765668090207,98
2024-09-19 12:41:13.702,424.9935938469697,5
2024-09-19 12:41:13.734,424.95616785878735,1001
2024-09-19 12:41:13.883,424.8753451244384,102
2024-09-19 12:41:13.943,424.8909169848605,5
2024-09-19 12:41:13.993,424.972651001816,995
2024-09-19 12:41:14.120,424.9794366336668,102
2024-09-19 12:41:14.453,424.9795628063812,997
2024-09-19 12:41:14.587,424.9733521898216,997
2024-09-19 12:41:14.669,424.9769479753284,999
2024-09-19 12:41:15.728,424.9586219934301,15
2024-09-19 12:41:16.290,424.95197875935565,999
2024-09-19 12:41:16.312,424.9586586159891,13
2024-09-19 12:41:16.482,424.9649622037775,998
2024-09-19 12:41:17.147,424.9991218513481,95
2024-09-19 12:41:17.154,424.9637541643335,102
2024-09-19 12:41:17.180,424.9820108950029,9
2024-09-19 12:41:17.271,424.9924860364328,1000
2024-09-19 12:41:17.317,424.9952958748119,99
2024-09-19 12:41:17.365,425.0068740783751,998
2024-09-19 12:41:17.405,425.00275999876885,104
2024-09-19 12:41:17.509,425.01592956702666,98
2024-09-19 12:41:17.536,424.93255852359897,5
2024-09-19 12:41:17.555,425.0113795821857,997
2024-09-19 12:41:17.570,425.02087718173567,1003
2024-09-19 12:41:17.570,424.9744343966175,1001
2024-09-19 12:41:17.586,424.9644234336404,995
2024-09-19 12:41:17.620,424.98778318732406,96
2024-09-19 12:41:17.633,424.9363985961686,13
2024-09-19 12:41:17.668,425.0068861312391,1003
2024-09-19 12:41:17.733,424.9396682150036,6
2024-09-19 12:41:17.758,424.9395357407861,99
2024-09-19 12:41:17.798,424.94320301579626,12
2024-09-19 12:41:17.808,424.9773200602529,11
2024-09-19 12:41:17.870,425.0066197775769,7
2024-09-19 12:41:17.919,424.97739849246966,100
2024-09-19 12:41:17.943,424.99302307920095,5
2024-09-19 12:41:17.976,424.9535004444574,97
2024-09-19 12:41:17.985,424.9511105368969,999
2024-09-19 12:41:18.009,424.9241485609129,1003
2024-09-19 12:41:18.202,424.9190562147836,1004
2024-09-19 12:41:18.493,424.93133699224256,1004
2024-09-19 12:41:18.741,424.91715426209015,102
2024-09-19 12:41:18.842,424.9197297982525,1004
2024-09-19 12:41:18.896,424.92703176175337,105
2024-09-19 12:41:19.012,42.49623311250373,96
2024-09-19 12:41:19.080,424.963529993755,1002
2024-09-19 12:41:19.118,424.9543995414311,1003
2024-09-19 12:41:19.201,424.9392996494968,995
2024-09-19 12:41:19.238,424.9664408179429,995
2024-09-19 12:41:19.271,424.9656732270512,14
2024-09-19 12:41:19.286,424.94755328809424,998
2024-09-19 12:41:19.302,424.9711179385348,998
2024-09-19 12:41:19.304,424.982220514168,1002
2024-09-19 12:41:19.401,424.9542661138127,7
2024-09-19 12:41:19.419,424.9683602686216,96
2024-09-19 12:41:19.444,424.9438456997677,7
2024-09-19 12:41:19.482,424.9695186697618,97
2024-09-19 12:41:19.515,424.9676776881693,96
2024-09-19 12:41:19.592,424.9574516601152,5
2024-09-19 12:41:19.626,424.97100193593207,95
2024-09-19 12:41:19.634,424.9817707458317,105
2024-09-19 12:41:19.702,424.93965575840696,7
2024-09-19 12:41:19.906,424.9593077611863,96
2024-09-19 12:41:19.915,424.9586780259002,996
2024-09-19 12:41:20.036,424.939101429144,100
2024-09-19 12:41:20.039,424.9424674243373,98
2024-09-19 12:41:20.099,424.9550670000557,996
2024-09-19 12:41:20.346,424.9340277253015,5
2024-09-19 12:41:20.409,424.9659958180216,5
2024-09-19 12:41:20.427,424.94792489885526,12
2024-09-19 12:41:20.430,424.9364172782557,1003
2024-09-19 12:41:20.451,424.9504620385845,105
2024-09-19 12:41:20.501,424.9506025541567,101
2024-09-19 12:41:20.547,424.9592373092361,999
2024-09-19 12:41:20.564,424.9580268017767,101
2024-09-19 12:41:20.567,424.9569302717798,105
2024-09-19 12:41:20.704,424.9440573632658,1003
2024-09-19 12:41:20.795,424.9401450814028,996
2024-09-19 12:41:20.811,424.9291147887762,9
2024-09-19 12:41:20.817,424.9378970530877,996
2024-09-19 12:41:21.081,424.932708990537,11
2024-09-19 12:41:21.131,424.9369150261716,12
2024-09-19 12:41:22.034,424.95574804235713,13
2024-09-19 12:41:22.066,424.9589592078066,105
2024-09-19 12:41:22.095,424.95855150633287,8
2024-09-19 12:41:22.185,424.9271731870834,998
2024-09-19 12:41:22.217,424.9359575744033,13
2024-09-19 12:41:22.265,424.96285234984776,998
2024-09-19 12:41:22.278,424.96658265823936,1002
2024-09-19 12:41:22.302,424.9751825445918,997
2024-09-19 12:41:22.338,424.959016612507,9
2024-09-19 12:41:22.361,424.9316640658961,102
2024-09-19 12:41:22.395,424.9376849163189,8
2024-09-19 12:41:22.443,424.9420456628961,996
2024-09-19 12:41:22.517,424.9548968391152,103
2024-09-19 12:41:22.580,424.9396807257557,100
2024-09-19 12:41:22.593,424.92404146866033,101
2024-09-19 12:41:22.613,424.9351209200897,998
2024-09-19 12:41:22.633,424.97396102140544,8
2024-09-19 12:41:22.721,424.97142497591807,13
2024-09-19 12:41:22.762,424.98185882510006,100
2024-09-19 12:41:22.768,424.95564981655457,96
2024-09-19 12:41:22.770,424.9227724403572,99
2024-09-19 12:41:22.775,424.9269205848505,105
2024-09-19 12:41:22.830,424.9406313355888,104
2024-09-19 12:41:22.884,424.9194835679564,7
2024-09-19 12:41:22.992,424.9341779578581,15
2024-09-19 12:41:23.143,424.9693815307262,104
2024-09-19 12:41:23.242,424.9724659897944,97
2024-09-19 12:41:23.384,424.9821594636754,95
2024-09-19 12:41:23.431,424.9831066172127,105
2024-09-19 12:41:23.496,424.9921752766821,98
2024-09-19 12:41:23.797,424.9923277738476,1000
2024-09-19 12:41:23.953,424.9992489390228,101
2024-09-19 12:41:23.962,424.9883905489623,14
2024-09-19 12:41:25.019,424.8817888330737,13
2024-09-19 12:41:25.098,-424.89658858969614,1003
2024-09-19 12:41:25.109,-424.9294633318157,9
2024-09-19 12:41:25.124,424.9042093159653,997
2024-09-19 12:41:25.175,424.8377296615935,8
2024-09-19 12:41:25.201,424.9083164501933,1004
2024-09-19 12:41:25.254,424.9578972278953,101
2024-09-19 12:41:25.269,424.85202197674965,97
2024-09-19 12:41:25.334,424.889033862696,1000
2024-09-19 12:41:25.362,424.9739978890816,13
2024-09-19 12:41:25.363,424.863768204605,5
2024-09-19 12:41:25.375,424.86933924310233,105
2024-09-19 12:41:25.375,424.8442722144008,10
2024-09-19 12:41:25.417,424.919750740882,96
2024-09-19 12:41:25.428,424.8380498819606,12
2024-09-19 12:41:25.525,424.93293167123255,105
2024-09-19 12:41:25.535,424.86125464207686,998
2024-09-19 12:41:25.578,-424.8313411435868,97
2024-09-19 12:41:25.592,424.8476580965784,6
2024-09-19 12:41:25.605,424.8438996215624,1002
2024-09-19 12:41:25.780,424.8588434781816,102
2024-09-19 12:41:25.805,424.86191586334985,6
2024-09-19 12:41:25.815,424.93642356345,102
2024-09-19 12:41:25.882,424.8226523868082,97
2024-09-19 12:41:25.956,424.86442197948304,1001
2024-09-19 12:41:26.107,424.8285798349596,96
2024-09-19 12:41:26.209,424.8483672795847,11
2024-09-19 12:41:26.222,424.8435206605783,97
2024-09-19 12:41:26.233,424.825243486809,9
2024-09-19 12:41:26.429,424.8210298025645,96
2024-09-19 12:41:26.456,424.8523388973458,6
2024-09-19 12:41:26.603,424.8182401773756,102
2024-09-19 12:41:26.621,424.8294594806353,102
2024-09-19 12:41:26.625,424.858099387802,1005
2024-09-19 12:41:26.643,424.848797870543,996
2024-09-19 12:41:26.650,424.8334600967453,104
2024-09-19 12:41:26.697,424.81651288224737,104
2024-09-19 12:41:26.754,424.81511056754977,12
2024-09-19 12:41:26.771,424.8613158082951,97
2024-09-19 12:41:26.795,424.8362632911188,13
2024-09-19 12:41:26.812,424.8239803829231,999
2024-09-19 12:41:26.833,424.8241635170619,1001
2024-09-19 12:41:26.844,424.84972174083,13
2024-09-19 12:41:26.999,424.8529236487401,15
2024-09-19 12:41:27.059,424.8654559598187,997
2024-09-19 12:41:27.105,424.8423740822878,101
2024-09-19 12:41:27.135,424.836059026144,100
2024-09-19 12:41:27.254,424.8589355224208,14
2024-09-19 12:41:27.268,424.8745898374505,11
2024-09-19 12:41:27.272,424.8896059764674,1001
2024-09-19 12:41:27.337,424.85390142263657,1003
2024-09-19 12:41:27.366,424.8448572769473,14
2024-09-19 12:41:27.439,424.8461278527682,1003
2024-09-19 12:41:27.481,424.8502724557501,1000
2024-09-19 12:41:27.577,424.911717844671,95
2024-09-19 12:41:27.583,424.8460981754181,105
2024-09-19 12:41:27.594,424.8740697853982,13
2024-09-19 12:41:27.632,424.8302736093115,996
2024-09-19 12:41:27.716,424.84043652841785,12
2024-09-19 12:41:27.754,424.83484372548463,14
2024-09-19 12:41:27.855,424.8533676394757,9
2024-09-19 12:41:27.870,424.8321357465782,1001
2024-09-19 12:41:27.929,424.8634522117854,10
2024-09-19 12:41:27.957,424.81951529678986,98
2024-09-19 12:41:28.007,424.7849100701779,998
2024-09-19 12:41:28.008,424.8178440903211,1000
2024-09-19 12:41:28.056,424.7867292710512,103
2024-09-19 12:41:28.133,424.7670843733607,14
2024-09-19 12:41:28.228,424.7854991579949,999
2024-09-19 12:41:28.336,424.7532593973565,9
2024-09-19 12:41:28.345,424.8289865696784,100
2024-09-19 12:41:28.347,424.8340908506589,10
2024-09-19 12:41:28.384,424.8768452449117,105
2024-09-19 12:41:28.417,424.7657357576591,998
2024-09-19 12:41:28.532,424.860118871238,103
2024-09-19 12:41:28.640,424.8537379215601,104
2024-09-19 12:41:28.801,424.8498268878094,9
2024-09-19 12:41:28.845,424.7674971789382,998
2024-09-19 12:41:28.927,424.8556116347305,10
2024-09-19 12:41:29.039,424.7276180063033,97
2024-09-19 12:41:29.075,424.78290073557577,1001
2024-09-19 12:41:29.101,424.7437007964578,997
2024-09-19 12:41:29.103,424.7736558951228,100
2024-09-19 12:41:29.130,424.7758935415838,13
2024-09-19 12:41:29.199,424.7845889304668,14
2024-09-19 12:41:29.269,424.72498135968647,1004
2024-09-19 12:41:29.269,424.77968999740114,998
2024-09-19 12:41:29.308,424.7772885925155,101
2024-09-19 12:41:29.390,424.7742456008546,1003
2024-09-19 12:41:29.391,424.7813810961052,103
2024-09-19 12:41:29.417,424.7247445521366,12
2024-09-19 12:41:29.504,424.7344868527426,98
2024-09-19 12:41:29.533,424.7633624869849,104
2024-09-19 12:41:29.543,424.77472887251423,7
2024-09-19 12:41:29.567,424.7475137551007,105
2024-09-19 12:41:29.569,424.7689365274648,1002
2024-09-19 12:41:29.587,424.7746919752704,96
2024-09-19 12:41:29.693,424.76414405838045,15
2024-09-19 12:41:29.724,424.72441113701495,7
2024-09-19 12:41:29.797,424.7360587301268,998
2024-09-19 12:41:29.841,424.7552404944417,1000
2024-09-19 12:41:29.866,424.7452493767216,103
2024-09-19 12:41:29.900,424.7456290334339,9
2024-09-19 12:41:29.964,424.7519054048352,1004
2024-09-19 12:41:30.091,424.7660837392626,105
2024-09-19 12:41:30.163,424.7651328821471,104
2024-09-19 12:41:31.036,424.79156286775145,100
2024-09-19 12:41:31.054,424.7880747838756,12
2024-09-19 12:41:31.083,424.7961946883667,99
2024-09-19 12:41:31.390,424.7770722411436,995
2024-09-19 12:41:31.499,424.79282162884033,100
2024-09-19 12:41:31.526,424.7826518840111,98
2024-09-19 12:41:31.598,424.7836232419657,998
2024-09-19 12:41:31.661,424.8041797937929,996
2024-09-19 12:41:31.670,424.7622230735113,105
2024-09-19 12:41:31.748,424.7873131082175,6
2024-09-19 12:41:31.796,424.7922927950931,96
2024-09-19 12:41:31.843,-424.793147061867,100
2024-09-19 12:41:31.865,424.78995009684473,11
2024-09-19 12:41:31.876,424.8049294581572,1004
2024-09-19 12:41:31.948,424.80332214092624,1001
2024-09-19 12:41:31.949,424.78055408947046,1003
2024-09-19 12:41:31.960,424.79574856418367,97
2024-09-19 12:41:31.980,424.7760117458562,102
2024-09-19 12:41:32.152,424.7486352458637,8
2024-09-19 12:41:32.210,424.7858857532837,998
2024-09-19 12:41:32.295,424.781435430245,98
2024-09-19 12:41:32.316,424.7618658469513,997
2024-09-19 12:41:32.317,424.7349747865862,99
2024-09-19 12:41:32.504,424.7762807572364,14
2024-09-19 12:41:32.555,424.7824702604396,998
2024-09-19 12:41:32.602,424.75534887416495,100
2024-09-19 12:41:32.610,424.7620410041508,96
2024-09-19 12:41:32.654,424.7580530625158,11
2024-09-19 12:41:32.794,424.7556110159431,996
2024-09-19 12:41:32.849,424.7180690398201,96
2024-09-19 12:41:32.931,424.72082628845,1005
2024-09-19 12:41:32.966,424.73246848103497,9
2024-09-19 12:41:32.993,424.7831614554384,1002
2024-09-19 12:41:34.007,424.6909210889289,103
2024-09-19 12:41:34.041,424.754310221448,97
2024-09-19 12:41:34.042,424.7386516406608,15
2024-09-19 12:41:34.066,424.7373099343756,1002
2024-09-19 12:41:34.104,424.7607776571108,996
2024-09-19 12:41:34.110,424.7607300695633,101
2024-09-19 12:41:34.135,424.67390888366896,14
2024-09-19 12:41:34.170,424.6887098002017,5
2024-09-19 12:41:34.210,-424.74967119303886,9
2024-09-19 12:41:34.221,424.6858155877593,99
2024-09-19 12:41:34.251,424.67023960817306,1005
2024-09-19 12:41:34.267,424.7084638738599,5
2024-09-19 12:41:34.397,424.708857785406,14
2024-09-19 12:41:34.463,424.7564916307009,102
2024-09-19 12:41:34.469,424.6727828660262,10
2024-09-19 12:41:34.517,424.6876118660626,13
2024-09-19 12:41:34.571,424.7383724354246,996
2024-09-19 12:41:34.645,424.74691456509527,103
2024-09-19 12:41:34.672,424.69303683233744,13
2024-09-19 12:41:34.700,424.6507161154042,100
2024-09-19 12:41:34.704,424.6823711248338,14
2024-09-19 12:41:34.710,424.6735114584277,97
2024-09-19 12:41:34.724,424.76460476534254,95
2024-09-19 12:41:34.827,424.6652153504288,996
2024-09-19 12:41:34.840,424.7017573701093,1000
2024-09-19 12:41:34.893,424.7517653557048,5
2024-09-19 12:41:34.938,424.759463161333,105
2024-09-19 12:41:34.953,424.76630103792985,95
2024-09-19 12:41:34.961,424.6984057897654,5
2024-09-19 12:41:34.984,424.73575397739154,9
2024-09-19 12:41:35.050,424.62065042377657,95
2024-09-19 12:41:35.173,424.6518226491911,1005
2024-09-19 12:41:35.287,424.6426620971843,1000
2024-09-19 12:41:35.305,424.66752183243176,6
2024-09-19 12:41:35.335,424.64143980016377,100
2024-09-19 12:41:35.350,424.619752892998,996
2024-09-19 12:41:35.410,424.6530409327247,105
2024-09-19 12:41:35.426,424.6606861071626,999
2024-09-19 12:41:35.429,424.63127248784696,997
2024-09-19 12:41:35.446,424.61663125170617,97
2024-09-19 12:41:35.481,424.6271353879646,999
2024-09-19 12:41:35.583,424.6575775950219,14
2024-09-19 12:41:35.601,424.6018720161271,996
2024-09-19 12:41:35.617,424.63193973097566,999
2024-09-19 12:41:35.652,424.6146120471308,99
2024-09-19 12:41:35.774,424.6068897665668,96
2024-09-19 12:41:35.797,424.6053151662233,95
2024-09-19 12:41:35.803,424.63024828918,12
2024-09-19 12:41:35.808,424.61777736488574,998
2024-09-19 12:41:35.855,424.6402264517024,13
2024-09-19 12:41:35.939,424.6507869219022,103
2024-09-19 12:41:36.075,424.59792837907344,99
2024-09-19 12:41:36.076,424.5578903058413,104
2024-09-19 12:41:36.121,424.6008749554841,1005
2024-09-19 12:41:36.123,424.5746997441602,10
2024-09-19 12:41:36.151,424.5649089573093,1003
2024-09-19 12:41:36.189,424.5682143326055,99
2024-09-19 12:41:36.214,424.5670917467016,11
2024-09-19 12:41:36.222,,99
2024-09-19 12:41:36.238,424.59454465786496,96
2024-09-19 12:41:36.250,424.5730707474778,14
2024-09-19 12:41:36.255,424.56395030518473,100
2024-09-19 12:41:36.370,424.5556691739868,997
2024-09-19 12:41:36.374,424.5843155172096,995
2024-09-19 12:41:36.431,424.56553091846666,998
2024-09-19 12:41:36.460,424.60782767250106,102
2024-09-19 12:41:36.477,424.5722372759779,997
2024-09-19 12:41:36.482,424.5946294687585,97
2024-09-19 12:41:36.518,424.5983130247325,1000
2024-09-19 12:41:36.537,424.6092574196188,12
2024-09-19 12:41:36.537,424.53724308538,99
2024-09-19 12:41:36.556,424.5790890183712,98
2024-09-19 12:41:36.562,424.6165777526815,8
2024-09-19 12:41:36.702,424.6146780505055,1004
2024-09-19 12:41:36.719,424.6032979775815,1004
2024-09-19 12:41:36.873,424.60952334174414,100
2024-09-19 12:41:36.953,424.5758620908411,99
2024-09-19 12:41:36.956,424.5790910233736,1001
2024-09-19 12:41:36.994,424.6246427365944,9
2024-09-19 12:41:37.029,424.6075747954535,997
2024-09-19 12:41:37.066,424.58524027936215,98
2024-09-19 12:41:37.266,424.5745413542717,14
2024-09-19 12:41:37.325,424.59460378544463,98
2024-09-19 12:41:37.359,424.57115927182326,104
2024-09-19 12:41:37.621,424.5910205121624,98
2024-09-19 12:41:37.646,424.5971234113601,5
2024-09-19 12:41:37.774,424.57193637311184,101
2024-09-19 12:41:37.794,424.5608304210502,98
2024-09-19 12:41:37.852,424.5970607391423,997
2024-09-19 12:41:37.860,424.593015267424,98
2024-09-19 12:41:38.037,424.4822356068613,97
2024-09-19 12:41:38.146,424.45719888877534,101
2024-09-19 12:41:38.202,424.4655822902257,1002
2024-09-19 12:41:38.291,424.491560629998,12
2024-09-19 12:41:38.316,424.5229056531559,95
2024-09-19 12:41:38.325,424.47164142414704,6
2024-09-19 12:41:38.410,424.4712818184354,12
2024-09-19 12:41:38.436,424.5280928459996,15
2024-09-19 12:41:38.472,424.425551271332,996
2024-09-19 12:41:38.491,424.4967856752976,15
2024-09-19 12:41:38.606,424.43164218804816,1005
2024-09-19 12:41:38.637,424.4190187641001,1005
2024-09-19 12:41:38.676,424.4939301139109,995
2024-09-19 12:41:38.717,424.54482945221497,999
2024-09-19 12:41:38.792,424.4280318191569,7
2024-09-19 12:41:38.803,424.488408662644,95
2024-09-19 12:41:38.805,424.5046813448908,104
2024-09-19 12:41:38.957,424.55011420725833,95
2024-09-19 12:41:38.965,424.4291286384913,999
2024-09-19 12:41:39.004,424.4407964223424,96
2024-09-19 12:41:39.018,424.56396891633375,995
2024-09-19 12:41:39.020,424.5086560519933,8
2024-09-19 12:41:39.154,424.52289491981713,1001
2024-09-19 12:41:39.182,424.4415972424286,1004
2024-09-19 12:41:39.194,424.4331020420536,1004
2024-09-19 12:41:39.195,424.4374932878387,998
2024-09-19 12:41:39.337,424.4750984404533,10
2024-09-19 12:41:39.353,424.4465188042225,6
2024-09-19 12:41:39.381,424.5274569724578,1002
2024-09-19 12:41:39.390,424.4561807178313,101
2024-09-19 12:41:39.423,424.53462693565706,99
2024-09-19 12:41:39.543,424.453153733831,999
2024-09-19 12:41:39.549,424.50640224532094,1003
2024-09-19 12:41:39.591,424.4735585823098,98
2024-09-19 12:41:39.675,424.5418368466153,995
2024-09-19 12:41:39.690,424.4481892549419,12
2024-09-19 12:41:39.717,424.4401842442948,1003
2024-09-19 12:41:39.755,424.4494438640448,95
2024-09-19 12:41:39.802,424.43284829865786,15
2024-09-19 12:41:39.809,424.4446660517161,1005
2024-09-19 12:41:39.816,424.53881847555306,12
2024-09-19 12:41:39.820,42.452454526316586,99
2024-09-19 12:41:40.143,424.6050107955419,95
2024-09-19 12:41:40.420,424.5880271918342,1001
2024-09-19 12:41:40.587,424.5847196292725,1001
2024-09-19 12:41:40.716,424.60534163076215,12
2024-09-19 12:41:40.798,424.58688796049,98
2024-09-19 12:41:41.369,424.6014299721641,997
2024-09-19 12:41:41.915,424.592960040312,1001
2024-09-19 12:41:42.046,424.596290626632,5
2024-09-19 12:41:42.056,424.58583137242334,103
2024-09-19 12:41:42.142,424.5947039306121,1001
2024-09-19 12:41:42.160,424.6143185404681,999
2024-09-19 12:41:42.164,,14
2024-09-19 12:41:42.174,424.6140134244746,97
2024-09-19 12:41:42.190,424.5990935274203,995
2024-09-19 12:41:42.237,424.5950396600293,12
2024-09-19 12:41:42.251,424.5783216438029,13
2024-09-19 12:41:42.338,424.5553187733007,7
2024-09-19 12:41:42.342,424.5957440259571,998
2024-09-19 12:41:42.374,424.5356925763181,1003
2024-09-19 12:41:42.378,424.6198427665274,10
2024-09-19 12:41:42.379,424.59636250645457,98
2024-09-19 12:41:42.379,424.605510667763,996
2024-09-19 12:41:42.424,424.576112428855,8
2024-09-19 12:41:42.459,424.5855810599859,1004
2024-09-19 12:41:42.516,424.6104822558037,14
2024-09-19 12:41:42.627,424.5960211945352,95
2024-09-19 12:41:42.697,424.6012575686134,997
2024-09-19 12:41:42.699,424.5460507783832,13
2024-09-19 12:41:42.748,424.5476957689795,996
2024-09-19 12:41:42.828,424.5981760417599,997
2024-09-19 12:41:42.834,424.6024269116487,12
2024-09-19 12:41:42.928,-424.622312914875,99
2024-09-19 12:41:42.945,424.5929253458034,5
2024-09-19 12:41:42.985,424.6064366137608,96
2024-09-19 12:41:43.034,424.5544528775888,996
2024-09-19 12:41:43.263,424.53525058157646,1000
2024-09-19 12:41:43.311,424.54097526072303,95
2024-09-19 12:41:43.462,424.5453609452271,97
2024-09-19 12:41:43.707,,5
2024-09-19 12:41:43.753,424.5338221983137,15
2024-09-19 12:41:44.894,424.546811597103,10
2024-09-19 12:41:44.933,424.51347285676405,15
2024-09-19 12:41:45.019,424.5182201749984,10
2024-09-19 12:41:45.102,424.49586558012646,104
2024-09-19 12:41:45.202,424.4912493185915,10
2024-09-19 12:41:45.229,424.49344993871847,1003
2024-09-19 12:41:45.313,424.4885952616934,12
2024-09-19 12:41:45.340,424.5222370632864,96
2024-09-19 12:41:45.495,424.51284317351775,101
2024-09-19 12:41:45.515,424.5088617175001,995
2024-09-19 12:41:45.534,424.5047090430578,14
2024-09-19 12:41:45.781,424.5095675932349,100
2024-09-19 12:41:45.915,424.4876147332784,11
2024-09-19 12:41:46.002,424.5380139166722,96
2024-09-19 12:41:46.061,424.5930223850449,103
2024-09-19 12:41:46.089,424.5728921938877,13
2024-09-19 12:41:46.165,424.6505217301773,7
2024-09-19 12:41:46.267,424.56598497961846,105
2024-09-19 12:41:46.407,424.5415486837676,1000
2024-09-19 12:41:46.468,424.6166616363171,95
2024-09-19 12:41:46.478,424.5288826423801,104
2024-09-19 12:41:46.485,424.6278916202215,14
2024-09-19 12:41:46.512,424.634359893879,1003
2024-09-19 12:41:46.604,424.637275370632,998
2024-09-19 12:41:46.784,424.5348134240485,95
2024-09-19 12:41:46.796,424.6154040400344,996
2024-09-19 12:41:46.800,424.6277026766228,10
2024-09-19 12:41:46.834,424.6550451097265,996
2024-09-19 12:41:47.072,424.6806980026065,1002
2024-09-19 12:41:47.075,424.6795546287864,9
2024-09-19 12:41:47.241,424.65089870222846,995
2024-09-19 12:41:47.315,424.65190030725415,1005
2024-09-19 12:41:47.407,424.6222194570891,1000
2024-09-19 12:41:47.470,424.65012763108666,1002
2024-09-19 12:41:47.637,424.66608438170033,1000
2024-09-19 12:41:47.696,424.6599975095184,11
2024-09-19 12:41:47.758,424.6381874588882,5
2024-09-19 12:41:47.815,424.6015566342701,9
2024-09-19 12:41:47.860,424.6604005757532,1001
2024-09-19 12:41:47.861,424.633844994496,6
2024-09-19 12:41:47.871,424.5890140192087,100
2024-09-19 12:41:48.021,424.5901065677608,996
2024-09-19 12:41:48.186,424.596877269096,12
2024-09-19 12:41:48.268,424.5833901944402,997
2024-09-19 12:41:48.422,-424.56798310899256,15
2024-09-19 12:41:48.517,424.59315441886565,995
2024-09-19 12:41:48.541,424.592531323263,95
2024-09-19 12:41:48.738,424.5848160970923,95
2024-09-19 12:41:48.992,424.5867972516328,1002
2024-09-19 12:41:49.005,424.57096254887193,14
2024-09-19 12:41:49.014,424.5497719285005,14
2024-09-19 12:41:49.150,424.5256933319517,15
2024-09-19 12:41:49.505,424.5566446217742,14
2024-09-19 12:41:49.859,424.5500651084449,98
2024-09-19 12:41:49.876,424.5527892395038,6
2024-09-19 12:41:49.982,424.51385204573046,1001
2024-09-19 12:41:50.007,424.53328931383015,1001
2024-09-19 12:41:50.042,424.5347729461979,11
2024-09-19 12:41:50.185,424.5719914010844,98
2024-09-19 12:41:50.248,424.5554532775285,7
2024-09-19 12:41:50.298,424.564830103772,1003
2024-09-19 12:41:50.380,424.5447102532967,5
2024-09-19 12:41:50.417,424.5446705892275,6
2024-09-19 12:41:50.419,424.5428329116969,97
2024-09-19 12:41:50.558,424.5482077328947,101
2024-09-19 12:41:50.565,424.5230104553652,7
2024-09-19 12:41:50.661,424.5481967083458,1003
2024-09-19 12:41:50.771,424.5658267395481,95
2024-09-19 12:41:50.795,424.5473066921357,12
2024-09-19 12:41:50.932,424.55360448459845,998
2024-09-19 12:41:51.141,424.5963066441896,14
2024-09-19 12:41:51.160,424.59360634531896,1000
2024-09-19 12:41:51.208,424.57411114418494,105
2024-09-19 12:41:51.252,424.5883011037486,12
2024-09-19 12:41:51.450,424.589211923972,1001
2024-09-19 12:41:51.453,424.6121702678548,998
2024-09-19 12:41:51.482,424.5549535810288,10
2024-09-19 12:41:51.613,424.5758076248509,13
2024-09-19 12:41:51.630,424.590649658708,995
2024-09-19 12:41:51.653,424.5546417136355,15
2024-09-19 12:41:51.698,424.5897902823354,996
2024-09-19 12:41:51.790,424.5659424149315,12
2024-09-19 12:41:51.877,424.5993803032991,104
2024-09-19 12:41:51.932,424.5865418800189,13
2024-09-19 12:41:51.933,424.5902743779894,998
2024-09-19 12:41:51.980,424.6154636411159,1001
2024-09-19 12:41:51.992,424.58134112445936,105
2024-09-19 12:41:51.998,424.5947263329938,9
2024-09-19 12:41:52.040,424.56801891772767,8
2024-09-19 12:41:52.108,424.58721781730185,998
2024-09-19 12:41:52.268,424.5572015340364,14
2024-09-19 12:41:52.336,424.54306283805886,105
2024-09-19 12:41:52.364,424.5414848323608,96
2024-09-19 12:41:52.408,424.5741128204176,5
2024-09-19 12:41:52.655,424.58711130913713,104
2024-09-19 12:41:52.707,424.575866219571,1005
2024-09-19 12:41:52.772,424.5642168559623,1001
2024-09-19 12:41:52.834,424.5423948691748,99
2024-09-19 12:41:52.850,424.5367270074144,8
2024-09-19 12:41:53.033,424.6170702757737,102
2024-09-19 12:41:53.042,424.61155571574494,97
2024-09-19 12:41:53.053,424.5910470426669,8
2024-09-19 12:41:53.069,424.59161543175406,15
2024-09-19 12:41:53.119,424.59705737633305,97
2024-09-19 12:41:53.125,424.60508182957454,10
2024-09-19 12:41:53.291,424.6213010426944,5
2024-09-19 12:41:53.293,424.6177833471244,6
2024-09-19 12:41:53.328,424.60199843228185,105
2024-09-19 12:41:53.355,424.6185488332317,98
2024-09-19 12:41:53.377,424.6056365901462,13
2024-09-19 12:41:53.801,424.5918240700424,1004
2024-09-19 12:41:54.049,424.5816053142929,12
2024-09-19 12:41:54.260,424.5799754512748,105
2024-09-19 12:41:54.321,424.5386232589996,997
2024-09-19 12:41:54.371,424.57241353790926,1002
2024-09-19 12:41:54.418,424.5949831792344,95
2024-09-19 12:41:54.482,424.5390734284885,999
2024-09-19 12:41:54.486,424.60794921497774,103
2024-09-19 12:41:54.547,424.5932177928065,8
2024-09-19 12:41:54.629,424.5312612209693,13
2024-09-19 12:41:54.990,424.53986544236193,98
2024-09-19 12:41:55.101,424.4868553609287,6
2024-09-19 12:41:55.109,424.500764236654,6
2024-09-19 12:41:55.135,424.54061929734144,103
2024-09-19 12:41:55.168,424.46936193570383,13
2024-09-19 12:41:55.330,424.49607497431737,8
2024-09-19 12:41:55.562,424.4724838368785,104
2024-09-19 12:41:55.598,424.5243683131592,5
2024-09-19 12:41:55.647,424.5251826019676,11
2024-09-19 12:41:55.665,424.49126305091977,104
2024-09-19 12:41:55.693,424.519462995899,1002
2024-09-19 12:41:55.800,424.4634119278583,11
2024-09-19 12:41:55.818,424.49136421624,1002
2024-09-19 12:41:55.819,424.5073572517862,103
2024-09-19 12:41:55.831,424.5017142286027,12
2024-09-19 12:41:55.834,424.45598312188366,996
2024-09-19 12:41:55.913,424.5164503708696,997
2024-09-19 12:41:56.612,424.49454583207984,95
2024-09-19 12:41:56.724,424.4799510570493,103
2024-09-19 12:41:57.035,424.4917812694699,999
2024-09-19 12:41:57.038,424.4921675312688,998
2024-09-19 12:41:57.061,424.5102824336098,1005
2024-09-19 12:41:57.087,424.5174128153217,14
2024-09-19 12:41:57.140,424.5070088779272,100
2024-09-19 12:41:57.174,424.5156001849512,1000
2024-09-19 12:41:57.193,424.527102206283,95
2024-09-19 12:41:57.275,424.4829225792392,998
2024-09-19 12:41:57.305,424.5277192587745,95
2024-09-19 12:41:57.308,424.5037450931733,9
2024-09-19 12:41:57.361,424.4799658663004,5
2024-09-19 12:41:57.500,424.493201807593,7
2024-09-19 12:41:57.541,424.49947275616535,102
2024-09-19 12:41:57.567,424.4897663502649,103
2024-09-19 12:41:57.572,424.5210049735849,999
2024-09-19 12:41:57.609,424.4971279109853,99
2024-09-19 12:41:57.624,424.5105001168797,11
2024-09-19 12:41:57.658,424.5227385337688,15
2024-09-19 12:41:57.720,424.5228348864156,105
2024-09-19 12:41:57.730,424.5232658010922,104
2024-09-19 12:41:57.744,424.5080417081543,97
2024-09-19 12:41:57.857,424.5142043883863,995
2024-09-19 12:41:57.875,424.5385784477932,12
2024-09-19 12:41:57.936,424.52626057839353,1005
2024-09-19 12:41:57.940,424.48476528059786,12
2024-09-19 12:41:57.959,424.497150891546,998
2024-09-19 12:41:57.972,424.5081299987297,12
2024-09-19 12:41:57.994,424.5351544502971,9
2024-09-19 12:41:58.042,424.5143238153802,995
2024-09-19 12:41:58.106,424.5198988866731,104
2024-09-19 12:41:58.163,424.5092086108569,96
2024-09-19 12:41:59.638,424.5048613428246,998
2024-09-19 12:41:59.897,424.5207176441105,100
