Timestamp,Price,Size
2024-09-19 15:34:00.022,417.9676692237889,7
2024-09-19 15:34:00.036,418.0013699019785,95
2024-09-19 15:34:00.118,417.9588822235913,11
2024-09-19 15:34:00.212,417.9505894514264,15
2024-09-19 15:34:00.227,418.0037979447088,998
2024-09-19 15:34:00.229,418.01824675667086,8
2024-09-19 15:34:00.239,417.9494028954288,5
2024-09-19 15:34:00.242,417.9671970393284,97
2024-09-19 15:34:00.285,417.9596506814645,11
2024-09-19 15:34:00.302,417.9782722265276,998
2024-09-19 15:34:00.361,417.9802419906079,102
2024-09-19 15:34:00.402,417.9500161388672,12
2024-09-19 15:34:00.469,418.0107333430109,97
2024-09-19 15:34:00.495,417.9981386566483,8
2024-09-19 15:34:00.575,417.9597118791786,11
2024-09-19 15:34:00.605,418.0366371835804,8
2024-09-19 15:34:00.653,418.0279713414951,6
2024-09-19 15:34:00.668,417.9611969835768,1001
2024-09-19 15:34:00.900,417.95548649038886,1003
2024-09-19 15:34:00.964,417.9540834705614,1002
2024-09-19 15:34:00.982,418.0232670886989,6
2024-09-19 15:34:00.993,417.9497239498635,998
2024-09-19 15:34:01.114,417.97371916178577,999
2024-09-19 15:34:01.135,418.0005805319579,7
2024-09-19 15:34:01.205,417.98184706104354,13
2024-09-19 15:34:01.280,417.96692717478646,1005
2024-09-19 15:34:01.344,417.977496725067,102
2024-09-19 15:34:01.695,417.9698681255231,101
2024-09-19 15:34:02.303,417.9522764948491,7
2024-09-19 15:34:02.400,417.94684181609233,97
2024-09-19 15:34:02.712,417.9458726669043,101
2024-09-19 15:34:02.864,417.916871782736,8
2024-09-19 15:34:02.899,417.9303790468859,98
2024-09-19 15:34:03.095,417.93897349235584,105
2024-09-19 15:34:03.226,417.923146566243,999
2024-09-19 15:34:03.234,417.94367870374174,1003
2024-09-19 15:34:03.282,417.9306927195028,100
2024-09-19 15:34:03.383,417.9534986478968,14
2024-09-19 15:34:03.438,417.9059826848026,1001
2024-09-19 15:34:03.443,41.80046910191939,999
2024-09-19 15:34:03.480,417.921800977016,100
2024-09-19 15:34:03.613,417.9880750108546,9
2024-09-19 15:34:03.659,417.9937262880073,1001
2024-09-19 15:34:03.829,417.9486387793957,995
2024-09-19 15:34:03.931,417.9166011119469,15
2024-09-19 15:34:04.089,417.98799562378935,104
2024-09-19 15:34:04.105,417.9890244152606,1005
2024-09-19 15:34:04.212,417.9755210964148,995
2024-09-19 15:34:04.359,417.9697658507131,1004
2024-09-19 15:34:04.473,417.9752116136431,6
2024-09-19 15:34:04.621,417.9737222754593,11
2024-09-19 15:34:04.630,419.57813242255486,10
2024-09-19 15:34:04.799,417.972297177589,99
2024-09-19 15:34:04.827,417.99707570332697,999
2024-09-19 15:34:04.856,417.9726153660442,105
2024-09-19 15:34:04.951,417.9857485474644,1001
2024-09-19 15:34:04.986,417.970458376664,1005
2024-09-19 15:34:05.177,417.9844570359632,1004
2024-09-19 15:34:05.178,418.0262477784954,101
2024-09-19 15:34:05.189,417.9927515322385,96
2024-09-19 15:34:05.191,418.04733638560896,104
2024-09-19 15:34:05.221,418.0211501725032,1005
2024-09-19 15:34:05.280,418.01022911557305,14
2024-09-19 15:34:05.308,417.9886167858292,105
2024-09-19 15:34:05.335,418.01693558230966,101
2024-09-19 15:34:05.378,418.0034113150735,101
2024-09-19 15:34:05.424,417.9810275199786,98
2024-09-19 15:34:05.426,417.9816013068602,7
2024-09-19 15:34:05.438,417.9988312465845,99
2024-09-19 15:34:05.495,418.01402205168574,11
2024-09-19 15:34:05.701,417.9653424813676,999
2024-09-19 15:34:05.778,418.01880657942064,996
2024-09-19 15:34:05.823,417.98966090361074,1003
2024-09-19 15:34:05.829,418.0334280701125,105
2024-09-19 15:34:05.835,418.0102129395409,9
2024-09-19 15:34:05.847,418.0205178432541,9
2024-09-19 15:34:05.873,418.03904073507385,15
2024-09-19 15:34:05.916,417.995581232391,13
2024-09-19 15:34:05.943,418.0409015522577,96
2024-09-19 15:34:05.993,418.0330259637209,104
2024-09-19 15:34:06.065,417.9498141756382,996
2024-09-19 15:34:06.122,417.9196392183823,1001
2024-09-19 15:34:06.143,417.96239006433626,11
2024-09-19 15:34:06.194,417.9297985866869,1002
2024-09-19 15:34:06.281,417.939497851522,101
2024-09-19 15:34:06.437,417.9368874044548,1001
2024-09-19 15:34:06.539,417.9439018392279,9
2024-09-19 15:34:06.543,417.93946998058544,1003
2024-09-19 15:34:06.580,417.94812783723177,95
2024-09-19 15:34:06.581,417.9433513321192,1004
2024-09-19 15:34:06.617,417.9324322305595,12
2024-09-19 15:34:06.666,417.9561873231178,1003
2024-09-19 15:34:06.722,417.9412545187146,999
2024-09-19 15:34:06.724,417.95111050103617,996
2024-09-19 15:34:06.798,417.9534580250833,13
2024-09-19 15:34:06.834,417.941672116631,1001
2024-09-19 15:34:06.909,417.9259836438286,998
2024-09-19 15:34:06.936,417.9336964321213,1004
2024-09-19 15:34:06.950,417.95389275783486,100
2024-09-19 15:34:06.980,417.9496758107017,97
2024-09-19 15:34:07.002,419.6361731972357,103
2024-09-19 15:34:07.028,417.938015359682,997
2024-09-19 15:34:07.077,417.9593223564884,6
2024-09-19 15:34:07.429,417.96303112464193,9
2024-09-19 15:34:07.500,417.9389135553485,1001
2024-09-19 15:34:08.068,417.9649219358666,105
2024-09-19 15:34:08.249,419.5777170042471,104
2024-09-19 15:34:08.311,417.94280226006026,8
2024-09-19 15:34:08.399,417.9556734740078,11
2024-09-19 15:34:08.494,417.9505483385993,995
2024-09-19 15:34:08.959,417.94387633395087,996
2024-09-19 15:34:09.064,417.97169061731535,104
2024-09-19 15:34:09.294,417.96872543143775,997
2024-09-19 15:34:09.310,417.9630935401126,10
2024-09-19 15:34:09.362,417.9507708663379,104
2024-09-19 15:34:09.399,,15
2024-09-19 15:34:09.511,417.9802922865399,7
2024-09-19 15:34:09.615,417.9351468635945,1001
2024-09-19 15:34:09.775,417.9762089046648,8
2024-09-19 15:34:09.849,417.97341445830864,12
2024-09-19 15:34:10.048,417.9546736180699,7
2024-09-19 15:34:10.177,417.9718125592659,102
2024-09-19 15:34:10.209,417.9239951582695,1000
2024-09-19 15:34:10.214,417.9580112890835,7
2024-09-19 15:34:10.216,417.9177021260569,105
2024-09-19 15:34:10.218,417.9344525484625,104
2024-09-19 15:34:10.309,417.9464144175645,1003
2024-09-19 15:34:10.389,417.9650298884193,1002
2024-09-19 15:34:10.417,417.9757192385095,996
2024-09-19 15:34:10.419,417.94869697595584,104
2024-09-19 15:34:10.473,417.958593202938,1004
2024-09-19 15:34:10.512,417.95377100378175,8
2024-09-19 15:34:10.517,417.9763359829495,995
2024-09-19 15:34:10.561,417.9649809607701,15
2024-09-19 15:34:10.563,417.9222945556826,100
2024-09-19 15:34:10.591,417.97000505272274,998
2024-09-19 15:34:10.604,417.95507062162494,103
2024-09-19 15:34:10.713,417.9517459860848,1001
2024-09-19 15:34:10.736,417.9709841599456,8
2024-09-19 15:34:10.740,417.9458851786037,15
2024-09-19 15:34:10.757,417.9863031609035,997
2024-09-19 15:34:10.772,417.9496259729697,1000
2024-09-19 15:34:10.776,417.9661504324774,7
2024-09-19 15:34:10.825,417.9813797264152,11
2024-09-19 15:34:10.853,417.9886154181708,13
2024-09-19 15:34:10.931,417.97325005210496,999
2024-09-19 15:34:11.004,417.767997167612,995
2024-09-19 15:34:11.028,417.91603998774167,14
2024-09-19 15:34:11.076,417.92088928890695,1002
2024-09-19 15:34:11.136,417.898147968242,11
2024-09-19 15:34:11.157,417.85423187274273,999
2024-09-19 15:34:11.165,417.7749833562272,15
2024-09-19 15:34:11.246,417.81165126419273,998
2024-09-19 15:34:11.263,417.77535929874966,105
2024-09-19 15:34:11.356,417.76661356373353,5
2024-09-19 15:34:11.366,417.909943350937,1004
2024-09-19 15:34:11.413,417.89904368357816,1002
2024-09-19 15:34:11.417,417.9088375685839,9
2024-09-19 15:34:11.435,417.76827525295806,14
2024-09-19 15:34:11.462,417.9162323321487,996
2024-09-19 15:34:11.474,417.76400218179697,102
2024-09-19 15:34:11.483,417.8535646919809,96
2024-09-19 15:34:11.483,417.7771883811592,100
2024-09-19 15:34:11.502,417.88334934589216,1002
2024-09-19 15:34:11.558,417.8864139897495,99
2024-09-19 15:34:11.563,417.7477987615688,12
2024-09-19 15:34:11.684,417.9136500099535,1001
2024-09-19 15:34:11.713,417.8049596171214,1003
2024-09-19 15:34:11.838,417.8696258589054,8
2024-09-19 15:34:11.917,417.7761554239909,997
2024-09-19 15:34:11.930,417.9058788746751,996
2024-09-19 15:34:11.973,417.8848757011044,9
2024-09-19 15:34:11.978,417.83541306498734,105
2024-09-19 15:34:12.030,417.7431679310045,995
2024-09-19 15:34:12.070,417.7515244663502,995
2024-09-19 15:34:12.113,417.7572473175364,101
2024-09-19 15:34:12.120,417.7596230726958,105
2024-09-19 15:34:12.309,417.7253498932757,1005
2024-09-19 15:34:12.334,417.7289176858188,1001
2024-09-19 15:34:12.343,417.7498584344205,1003
2024-09-19 15:34:12.359,417.73697967143687,98
2024-09-19 15:34:12.444,417.757924961358,1003
2024-09-19 15:34:12.456,417.72086753510615,97
2024-09-19 15:34:12.460,417.7280616070734,13
2024-09-19 15:34:12.482,417.72545163068605,9
2024-09-19 15:34:12.522,41.77163261808582,998
2024-09-19 15:34:12.637,417.7538092400616,1001
2024-09-19 15:34:12.699,417.7551157198339,104
2024-09-19 15:34:12.812,417.73889416126246,12
2024-09-19 15:34:12.845,417.73044939779953,97
2024-09-19 15:34:12.963,417.7380182292123,8
2024-09-19 15:34:12.990,417.75856047028975,998
2024-09-19 15:34:13.029,417.7305309883381,101
2024-09-19 15:34:13.101,417.7578308090005,1003
2024-09-19 15:34:13.131,417.736567506462,1004
2024-09-19 15:34:13.158,417.75323323038657,95
2024-09-19 15:34:13.162,417.7410932184807,104
2024-09-19 15:34:13.202,417.7713215153303,5
2024-09-19 15:34:13.271,417.71794435472447,996
2024-09-19 15:34:13.304,417.7311664705923,12
2024-09-19 15:34:13.358,417.7842237308523,102
2024-09-19 15:34:13.430,417.7471658622904,6
2024-09-19 15:34:13.469,417.7224510767286,104
2024-09-19 15:34:13.527,417.7799239720168,12
2024-09-19 15:34:13.636,417.7813295733973,1000
2024-09-19 15:34:13.668,417.7530508110705,98
2024-09-19 15:34:13.670,417.7408826614694,98
2024-09-19 15:34:13.677,417.73158382929046,6
2024-09-19 15:34:13.700,417.78272026503225,1002
2024-09-19 15:34:13.706,417.7220898228975,98
2024-09-19 15:34:13.706,417.7306869780211,99
2024-09-19 15:34:13.806,417.7360837770072,11
2024-09-19 15:34:13.813,417.7592834930397,97
2024-09-19 15:34:13.825,417.75684320236144,1001
2024-09-19 15:34:13.841,417.7924318739399,105
2024-09-19 15:34:13.858,417.770267306662,15
2024-09-19 15:34:13.997,417.7652997853588,1005
2024-09-19 15:34:14.101,417.7840065508178,103
2024-09-19 15:34:14.125,417.7562266518864,96
2024-09-19 15:34:14.262,417.7478889445392,13
2024-09-19 15:34:14.269,417.76611487643135,100
2024-09-19 15:34:14.297,417.74217806117406,6
2024-09-19 15:34:14.454,417.7390541504649,998
2024-09-19 15:34:14.474,417.7684876485545,101
2024-09-19 15:34:14.495,417.7396584383802,105
2024-09-19 15:34:14.974,417.7485079375164,1004
2024-09-19 15:34:15.043,417.7973937589583,101
2024-09-19 15:34:15.075,417.81429729617815,11
2024-09-19 15:34:15.075,417.81702532039793,997
2024-09-19 15:34:15.233,417.7501221283999,8
2024-09-19 15:34:15.297,417.78169035127775,996
2024-09-19 15:34:15.324,417.8262228327375,10
2024-09-19 15:34:15.403,417.8295634649351,1003
2024-09-19 15:34:15.470,417.78508971316575,1005
2024-09-19 15:34:15.485,417.8043716496308,14
2024-09-19 15:34:15.495,417.75649214980734,995
2024-09-19 15:34:15.515,417.8215541350319,13
2024-09-19 15:34:15.520,417.7531961927488,1005
2024-09-19 15:34:15.569,417.8301150013932,998
2024-09-19 15:34:15.607,417.7526357464384,998
2024-09-19 15:34:15.664,417.7719172153081,102
2024-09-19 15:34:15.677,417.7677128238766,1002
2024-09-19 15:34:15.740,417.7943788695432,13
2024-09-19 15:34:15.763,,105
2024-09-19 15:34:15.767,417.7490326858772,8
2024-09-19 15:34:15.797,417.7977983809412,999
2024-09-19 15:34:15.813,417.7577489931405,998
2024-09-19 15:34:15.941,417.7451371474074,998
2024-09-19 15:34:15.996,417.7634163024277,998
2024-09-19 15:34:16.023,417.810926946761,12
2024-09-19 15:34:16.194,417.7972618716111,96
2024-09-19 15:34:16.214,417.79812774459646,104
2024-09-19 15:34:16.217,417.8061962570012,13
2024-09-19 15:34:16.226,417.8124239773696,9
2024-09-19 15:34:16.232,417.7845439964711,10
2024-09-19 15:34:16.258,417.7938337126588,995
2024-09-19 15:34:16.338,-417.7899431103981,1003
2024-09-19 15:34:16.412,417.8171165452774,998
2024-09-19 15:34:16.445,417.7888223711034,14
2024-09-19 15:34:16.478,417.8173778941105,10
2024-09-19 15:34:16.562,417.7760170459073,999
2024-09-19 15:34:16.568,417.8138467016612,99
2024-09-19 15:34:16.588,417.78231030170497,997
2024-09-19 15:34:16.589,417.78457051893486,95
2024-09-19 15:34:16.607,417.7775604088311,7
2024-09-19 15:34:16.671,417.76940157215137,996
2024-09-19 15:34:16.681,417.7895917940385,104
2024-09-19 15:34:16.695,417.7820369074535,1002
2024-09-19 15:34:16.701,417.8022392119258,1003
2024-09-19 15:34:16.706,417.81031849483946,98
2024-09-19 15:34:16.828,417.7878286199951,998
2024-09-19 15:34:16.899,417.8114876076356,6
2024-09-19 15:34:16.907,417.76233248904,10
2024-09-19 15:34:16.917,417.7748992055654,101
2024-09-19 15:34:16.968,417.7794956733816,95
2024-09-19 15:34:16.994,417.8049330772826,5
2024-09-19 15:34:17.046,417.7972625387807,1003
2024-09-19 15:34:17.057,417.7971563958623,1001
2024-09-19 15:34:17.057,419.5469394487065,1000
2024-09-19 15:34:17.079,417.8258918028064,95
2024-09-19 15:34:17.163,417.83319509685,997
2024-09-19 15:34:17.211,417.8121820514489,13
2024-09-19 15:34:17.226,417.8044166774338,1005
2024-09-19 15:34:17.321,417.8278740856843,7
2024-09-19 15:34:17.363,41.78499326621133,1002
2024-09-19 15:34:17.561,417.8315417615189,104
2024-09-19 15:34:17.612,417.7988618071791,11
2024-09-19 15:34:17.626,417.84144791269017,13
2024-09-19 15:34:17.634,419.5517433748795,1001
2024-09-19 15:34:17.688,-417.8340996142948,999
2024-09-19 15:34:17.837,417.8255161551608,996
2024-09-19 15:34:17.867,417.80756271229336,996
2024-09-19 15:34:17.998,417.8167183729719,102
2024-09-19 15:34:18.007,417.8732289625167,6
2024-09-19 15:34:18.012,417.8178257510076,13
2024-09-19 15:34:18.015,417.8772119842589,15
2024-09-19 15:34:18.064,417.8559374083079,5
2024-09-19 15:34:18.076,417.8599020043423,101
2024-09-19 15:34:18.120,417.8824676107846,6
2024-09-19 15:34:18.210,417.855924968545,104
2024-09-19 15:34:18.226,417.8363013703048,10
2024-09-19 15:34:18.328,417.8757278604202,1003
2024-09-19 15:34:18.340,417.8340057835034,8
2024-09-19 15:34:18.469,417.82484410189824,97
2024-09-19 15:34:18.631,417.8637668029503,98
2024-09-19 15:34:18.641,417.8357021232675,1001
2024-09-19 15:34:18.661,417.8762120262311,998
2024-09-19 15:34:18.698,417.859275718904,97
2024-09-19 15:34:18.777,417.8201928150543,1002
2024-09-19 15:34:18.950,417.8534532439203,1004
2024-09-19 15:34:19.025,417.870142832848,15
2024-09-19 15:34:19.031,417.9146686251007,1000
2024-09-19 15:34:19.089,417.8901589731304,103
2024-09-19 15:34:19.106,417.8913144764634,6
2024-09-19 15:34:19.145,-417.8707575891144,10
2024-09-19 15:34:19.221,417.8967274517235,5
2024-09-19 15:34:19.355,417.9224247026319,105
2024-09-19 15:34:19.399,417.9130938128751,104
2024-09-19 15:34:19.427,417.8739810965445,101
2024-09-19 15:34:19.446,417.8991462060818,12
2024-09-19 15:34:19.458,419.5276970230718,1003
2024-09-19 15:34:19.478,417.88515923040393,101
2024-09-19 15:34:19.546,417.9211873111981,9
2024-09-19 15:34:19.559,417.9081287966218,12
2024-09-19 15:34:19.563,417.916524132075,1002
2024-09-19 15:34:19.574,417.8887589182928,998
2024-09-19 15:34:19.575,417.90363697632,9
2024-09-19 15:34:19.712,417.9408325387598,95
2024-09-19 15:34:19.774,417.8799088914888,1001
2024-09-19 15:34:19.809,417.9291268342711,7
2024-09-19 15:34:19.896,417.8706963430597,95
2024-09-19 15:34:19.941,417.91549032016434,1003
2024-09-19 15:34:19.949,417.9229446145405,96
2024-09-19 15:34:19.956,417.8843690109864,14
2024-09-19 15:34:19.974,417.8651953720561,96
2024-09-19 15:34:19.992,417.9053574003362,103
2024-09-19 15:34:20.031,417.9360045284071,96
2024-09-19 15:34:20.066,417.923394251328,1004
2024-09-19 15:34:20.163,417.9526324765769,15
2024-09-19 15:34:20.202,417.9011446212547,1003
2024-09-19 15:34:20.298,417.910404090592,12
2024-09-19 15:34:20.324,417.9107515486936,103
2024-09-19 15:34:20.353,417.9212475333175,1004
2024-09-19 15:34:20.395,417.9130787983581,95
2024-09-19 15:34:20.417,417.9193887269652,97
2024-09-19 15:34:20.460,417.9153432625101,97
2024-09-19 15:34:20.493,417.9133387631821,12
2024-09-19 15:34:20.526,417.910999778277,1000
2024-09-19 15:34:20.548,417.90457528333394,95
2024-09-19 15:34:20.568,417.919108375829,7
2024-09-19 15:34:20.588,417.9105373769486,10
2024-09-19 15:34:20.625,417.9061061274039,997
2024-09-19 15:34:20.706,,13
2024-09-19 15:34:20.707,417.9366547094163,7
2024-09-19 15:34:20.715,417.9083838628097,1003
2024-09-19 15:34:20.755,417.9187511906024,995
2024-09-19 15:34:20.833,417.93052779942207,14
2024-09-19 15:34:20.839,417.952517696025,95
2024-09-19 15:34:20.854,417.9522922942643,1002
2024-09-19 15:34:20.874,417.90648113309135,996
2024-09-19 15:34:20.896,417.9520904641984,1000
2024-09-19 15:34:20.952,417.9410567069079,11
2024-09-19 15:34:20.991,417.9169499210543,995
2024-09-19 15:34:21.543,417.9008815471932,1003
2024-09-19 15:34:21.980,417.89993694119846,102
2024-09-19 15:34:22.015,417.9456560156979,996
2024-09-19 15:34:22.125,417.9324643826042,105
2024-09-19 15:34:22.157,417.91445822610416,99
2024-09-19 15:34:22.218,417.9157532642661,95
2024-09-19 15:34:22.223,417.90689594543295,9
2024-09-19 15:34:22.286,417.910774974849,100
2024-09-19 15:34:22.352,417.9255315106025,999
2024-09-19 15:34:22.426,417.9041697604386,104
2024-09-19 15:34:22.435,417.9001046707127,1000
2024-09-19 15:34:22.435,417.89427404360526,999
2024-09-19 15:34:22.515,417.9250538196087,1004
2024-09-19 15:34:22.541,417.9391453879437,9
2024-09-19 15:34:22.651,417.9010996713158,1005
2024-09-19 15:34:22.707,417.9522401436215,8
2024-09-19 15:34:22.783,417.9288253539404,7
2024-09-19 15:34:22.829,417.9097072410143,104
2024-09-19 15:34:22.845,417.9137540065699,997
2024-09-19 15:34:22.857,417.9383023280014,12
2024-09-19 15:34:22.870,417.9083537866217,102
2024-09-19 15:34:22.930,417.9415178895276,995
2024-09-19 15:34:22.943,417.9175870352274,5
2024-09-19 15:34:22.949,417.9177121225677,1000
2024-09-19 15:34:22.958,417.9231529483964,100
2024-09-19 15:34:23.400,419.5333875236293,10
2024-09-19 15:34:24.115,417.95390832128646,996
2024-09-19 15:34:24.175,417.9547974807721,1000
2024-09-19 15:34:24.253,417.9926764590753,9
2024-09-19 15:34:24.365,417.9202540153382,1004
2024-09-19 15:34:24.375,417.96297897362,998
2024-09-19 15:34:24.409,417.94204017416894,6
2024-09-19 15:34:24.456,417.9898104795095,1002
2024-09-19 15:34:24.545,417.9581134911245,10
2024-09-19 15:34:24.591,,15
2024-09-19 15:34:24.609,417.9688557959717,99
2024-09-19 15:34:24.613,417.9283021499314,102
2024-09-19 15:34:24.729,417.9740138901087,1004
2024-09-19 15:34:24.799,417.9577586962241,1002
2024-09-19 15:34:24.801,417.9906896768224,999
2024-09-19 15:34:24.828,417.9730676217904,12
2024-09-19 15:34:24.860,417.97260362626105,96
2024-09-19 15:34:24.933,417.9681591711203,14
2024-09-19 15:34:24.954,417.9584317569286,1001
2024-09-19 15:34:24.956,417.9454638025762,1002
2024-09-19 15:34:24.964,417.95729265856295,1000
2024-09-19 15:34:25.379,417.94140654495857,99
2024-09-19 15:34:25.721,417.9370734353096,95
2024-09-19 15:34:26.011,417.918045793635,7
2024-09-19 15:34:26.017,417.9321192486192,998
2024-09-19 15:34:26.044,417.9270035722876,104
2024-09-19 15:34:26.064,417.92524756783945,11
2024-09-19 15:34:26.103,417.9332774576054,997
2024-09-19 15:34:26.121,417.9363924994105,12
2024-09-19 15:34:26.196,417.9353906997943,98
2024-09-19 15:34:26.309,417.91282822070826,14
2024-09-19 15:34:26.428,417.93750595689534,12
2024-09-19 15:34:26.440,417.9262658046302,11
2024-09-19 15:34:26.533,417.9224737465065,999
2024-09-19 15:34:26.538,417.92660999718566,13
2024-09-19 15:34:26.550,417.9921834363889,5
2024-09-19 15:34:26.587,417.9249184552231,6
2024-09-19 15:34:26.610,417.9216641671326,995
2024-09-19 15:34:26.627,417.9661779964925,7
2024-09-19 15:34:26.636,417.9246814939879,97
2024-09-19 15:34:26.655,417.93672482895465,5
2024-09-19 15:34:26.659,417.93726627322826,14
2024-09-19 15:34:26.695,417.9418574350621,10
2024-09-19 15:34:26.710,417.92431758102185,1002
2024-09-19 15:34:26.742,417.9095083628935,97
2024-09-19 15:34:26.744,417.91068408868784,995
2024-09-19 15:34:26.791,417.9199257521213,12
2024-09-19 15:34:26.884,417.94090379053,100
2024-09-19 15:34:26.901,417.9205916976799,95
2024-09-19 15:34:26.909,417.9601768734311,1001
2024-09-19 15:34:26.914,417.9296199882784,1003
2024-09-19 15:34:26.988,417.9293416305251,95
2024-09-19 15:34:27.009,417.9801124537513,100
2024-09-19 15:34:27.091,417.95078359556,99
2024-09-19 15:34:27.101,419.460455171242,104
2024-09-19 15:34:27.146,417.97259045101697,105
2024-09-19 15:34:27.169,417.9672169611943,1000
2024-09-19 15:34:27.204,417.9389700189865,997
2024-09-19 15:34:27.211,417.9478572033996,996
2024-09-19 15:34:27.222,417.9370967634297,100
2024-09-19 15:34:27.227,417.9492801401225,98
2024-09-19 15:34:27.233,417.95492569076725,15
2024-09-19 15:34:27.245,417.9565391433822,11
2024-09-19 15:34:27.381,-417.962092507768,1005
2024-09-19 15:34:27.386,417.9549447394016,98
2024-09-19 15:34:27.518,417.9615728925721,995
2024-09-19 15:34:27.519,417.96854265077263,1004
2024-09-19 15:34:27.602,417.9674402534333,1004
2024-09-19 15:34:27.708,417.9452422265552,999
2024-09-19 15:34:27.808,417.99285862658087,11
2024-09-19 15:34:27.851,417.9433934034383,1003
2024-09-19 15:34:29.057,417.9395080922445,996
2024-09-19 15:34:29.129,417.9323375998286,104
2024-09-19 15:34:29.334,417.94129510739424,11
2024-09-19 15:34:29.366,417.94630423804057,1003
2024-09-19 15:34:29.518,417.93134898427,15
2024-09-19 15:34:29.747,417.9411222521818,7
2024-09-19 15:34:29.947,417.9413900990184,1005
2024-09-19 15:34:30.027,41.79963872653324,998
2024-09-19 15:34:30.043,418.0660480578994,9
2024-09-19 15:34:30.060,418.0213267915138,100
2024-09-19 15:34:30.214,418.04443134740967,998
2024-09-19 15:34:30.245,419.5719712560311,102
2024-09-19 15:34:30.262,418.0067808355506,1004
2024-09-19 15:34:30.282,417.9834469845865,5
2024-09-19 15:34:30.308,418.0140390607038,12
2024-09-19 15:34:30.326,418.0342300760136,5
2024-09-19 15:34:30.332,418.0306778129057,5
2024-09-19 15:34:30.384,417.9696654059773,1000
2024-09-19 15:34:30.388,417.9985186494093,1002
2024-09-19 15:34:30.439,418.0355605899746,8
2024-09-19 15:34:30.457,417.9595545742969,999
2024-09-19 15:34:30.469,417.9895448975369,101
2024-09-19 15:34:30.489,418.0037046587981,1004
2024-09-19 15:34:30.532,418.0408437760334,102
2024-09-19 15:34:30.548,418.0320061931593,999
2024-09-19 15:34:30.563,418.0021557017995,14
2024-09-19 15:34:30.566,-417.9952604660012,13
2024-09-19 15:34:30.620,417.9403969895809,105
2024-09-19 15:34:30.710,418.0288095400045,5
2024-09-19 15:34:30.716,,1003
2024-09-19 15:34:30.787,418.03994969072846,1005
2024-09-19 15:34:30.796,-418.0009551165262,997
2024-09-19 15:34:30.812,417.9873060054052,7
2024-09-19 15:34:30.837,418.0403015152207,105
2024-09-19 15:34:30.859,418.0321429899063,5
2024-09-19 15:34:30.886,417.9803949603915,999
2024-09-19 15:34:30.980,417.9947845010511,999
2024-09-19 15:34:31.005,418.0740833172672,98
2024-09-19 15:34:31.007,418.03637985104,999
2024-09-19 15:34:31.021,418.040875473238,97
2024-09-19 15:34:31.105,418.0875095024938,13
2024-09-19 15:34:31.161,417.999452656524,5
2024-09-19 15:34:31.218,418.0224858464616,11
2024-09-19 15:34:31.229,418.0189660913669,5
2024-09-19 15:34:31.242,417.99348949807535,97
2024-09-19 15:34:31.268,418.0640415214886,100
2024-09-19 15:34:31.345,418.0600190416482,95
2024-09-19 15:34:31.539,418.0114227405528,12
2024-09-19 15:34:31.611,418.0413227490473,999
2024-09-19 15:34:31.696,418.0311708174134,11
2024-09-19 15:34:31.740,418.0507789361658,15
2024-09-19 15:34:31.885,418.0171261953991,100
2024-09-19 15:34:31.939,418.0873819526741,996
2024-09-19 15:34:31.976,417.9966750001568,997
2024-09-19 15:34:31.978,418.0199141325781,9
2024-09-19 15:34:32.077,419.5066024008392,7
2024-09-19 15:34:32.196,418.00944576188914,8
2024-09-19 15:34:32.295,417.9903413642991,95
2024-09-19 15:34:32.904,418.0029066455277,1005
2024-09-19 15:34:33.150,418.0462117643857,102
2024-09-19 15:34:33.181,418.075605195946,102
2024-09-19 15:34:33.389,418.0600739110632,1002
2024-09-19 15:34:33.429,418.0865201690703,95
2024-09-19 15:34:33.451,418.0194355824462,999
2024-09-19 15:34:33.457,418.04321946803736,11
2024-09-19 15:34:33.621,418.07288894829577,7
2024-09-19 15:34:33.667,418.0529389850136,99
2024-09-19 15:34:33.672,418.0207221878497,10
2024-09-19 15:34:33.682,418.0613542529517,1002
2024-09-19 15:34:33.687,418.0265778253392,1004
2024-09-19 15:34:33.714,418.0432859126502,99
2024-09-19 15:34:33.741,418.0792413411051,100
2024-09-19 15:34:33.830,418.0602548932156,103
2024-09-19 15:34:33.970,-418.0246580358322,11
2024-09-19 15:34:34.141,418.0934967765365,95
2024-09-19 15:34:34.292,419.4172582429636,995
2024-09-19 15:34:34.773,418.0743879329596,99
2024-09-19 15:34:34.777,418.0581336934784,996
2024-09-19 15:34:34.910,418.0711747701154,1000
2024-09-19 15:34:35.472,419.3328210262183,10
2024-09-19 15:34:35.518,418.03790317863,8
2024-09-19 15:34:35.779,418.0218754372927,1000
2024-09-19 15:34:35.833,418.0271193049426,9
2024-09-19 15:34:35.972,418.04521694772063,14
2024-09-19 15:34:36.002,418.0375363784843,104
2024-09-19 15:34:36.072,418.0420325902725,103
2024-09-19 15:34:36.141,418.0416658243695,1001
2024-09-19 15:34:36.144,418.0701173627971,10
2024-09-19 15:34:36.166,418.0663382411237,10
2024-09-19 15:34:36.259,418.0531326784634,996
2024-09-19 15:34:36.285,418.0626897300418,1005
2024-09-19 15:34:36.382,418.0667771584105,102
2024-09-19 15:34:36.395,418.0305918280676,1004
2024-09-19 15:34:36.421,418.0512227010342,13
2024-09-19 15:34:36.428,418.0605417321013,997
2024-09-19 15:34:36.514,418.03102669169937,14
2024-09-19 15:34:36.532,418.01990766716574,104
2024-09-19 15:34:36.562,418.03627450596287,1005
2024-09-19 15:34:36.585,418.0442898146115,97
2024-09-19 15:34:36.623,418.04872271025255,7
2024-09-19 15:34:36.651,418.06534586170267,6
2024-09-19 15:34:36.716,418.07658169565445,100
2024-09-19 15:34:36.754,418.0408756414328,8
2024-09-19 15:34:36.792,418.0454447672022,8
2024-09-19 15:34:36.792,418.0387801932969,999
2024-09-19 15:34:36.816,418.05693441549874,10
2024-09-19 15:34:36.924,418.05028214168897,105
2024-09-19 15:34:36.930,418.0522548726137,13
2024-09-19 15:34:36.981,418.0718168253522,1004
2024-09-19 15:34:36.987,418.037980797769,14
2024-09-19 15:34:37.799,418.05677864684105,14
2024-09-19 15:34:38.191,418.119186448892,103
2024-09-19 15:34:38.217,418.13289493113007,1005
2024-09-19 15:34:38.256,418.1159123240115,95
2024-09-19 15:34:38.266,418.1272704065792,101
2024-09-19 15:34:38.272,418.15730957891066,105
2024-09-19 15:34:38.277,418.1323562893486,996
2024-09-19 15:34:38.303,418.1405527868155,101
2024-09-19 15:34:38.311,418.12398986835626,1003
2024-09-19 15:34:38.324,418.1195208542953,1002
2024-09-19 15:34:38.327,418.14291454682655,100
2024-09-19 15:34:38.490,418.1090161124576,97
2024-09-19 15:34:38.516,418.12756121555816,9
2024-09-19 15:34:38.557,418.0935218187293,99
2024-09-19 15:34:38.649,418.1275393175377,9
2024-09-19 15:34:38.657,418.1192692640826,1001
2024-09-19 15:34:38.674,418.1500625459906,10
2024-09-19 15:34:38.749,418.0796163479053,997
2024-09-19 15:34:38.832,418.09435019976354,12
2024-09-19 15:34:38.884,418.1019085851385,95
2024-09-19 15:34:38.885,418.1173492330789,11
2024-09-19 15:34:38.987,418.1164362455197,105
2024-09-19 15:34:39.187,-418.1249155559376,1004
2024-09-19 15:34:39.247,418.125612189056,14
2024-09-19 15:34:39.262,418.1363309455583,11
2024-09-19 15:34:39.386,418.10738420129167,96
2024-09-19 15:34:39.544,418.1180376775588,1002
2024-09-19 15:34:40.000,418.090104230662,97
2024-09-19 15:34:40.046,418.10424526119147,12
2024-09-19 15:34:40.057,418.1353933007796,95
2024-09-19 15:34:40.159,418.09847739968376,1002
2024-09-19 15:34:40.185,418.10212668735215,13
2024-09-19 15:34:40.208,418.1012059913094,15
2024-09-19 15:34:40.313,418.0968919605428,14
2024-09-19 15:34:40.408,418.1041729513652,105
2024-09-19 15:34:40.463,418.1320115476879,100
2024-09-19 15:34:40.474,418.1072875153182,105
2024-09-19 15:34:40.551,418.0934219904839,997
2024-09-19 15:34:40.552,418.10839176422746,1003
2024-09-19 15:34:40.667,418.0914093682375,1001
2024-09-19 15:34:40.670,418.1464582896127,13
2024-09-19 15:34:40.674,418.1083856542744,8
2024-09-19 15:34:40.726,418.1255195332084,1000
2024-09-19 15:34:40.730,418.0916952833655,1002
2024-09-19 15:34:40.754,418.1231279026738,97
2024-09-19 15:34:40.758,418.08495691225886,1001
2024-09-19 15:34:40.798,418.1412716099509,12
2024-09-19 15:34:40.800,418.09058152629945,998
2024-09-19 15:34:40.805,418.10760042057217,999
2024-09-19 15:34:40.838,418.1091831727613,8
2024-09-19 15:34:40.867,418.1247385600869,6
2024-09-19 15:34:40.897,418.1189514850324,10
2024-09-19 15:34:40.936,418.1426003753241,9
2024-09-19 15:34:40.945,418.0956134499143,98
2024-09-19 15:34:40.960,418.1102606266958,10
2024-09-19 15:34:40.972,418.136336901476,997
2024-09-19 15:34:41.040,418.1494567724944,96
2024-09-19 15:34:41.052,418.141529759467,13
2024-09-19 15:34:41.098,418.1122335223325,11
2024-09-19 15:34:41.099,418.18516579254,998
2024-09-19 15:34:41.110,418.1706369983659,14
2024-09-19 15:34:41.136,418.1318782623621,96
2024-09-19 15:34:41.158,418.1338063214969,15
2024-09-19 15:34:41.162,418.1723464851793,5
2024-09-19 15:34:41.179,418.1510326285798,12
2024-09-19 15:34:41.229,418.13244192601707,1001
2024-09-19 15:34:41.237,418.1892846263384,98
2024-09-19 15:34:41.258,418.1153561837464,8
2024-09-19 15:34:41.288,418.1447697831042,996
2024-09-19 15:34:41.297,418.1697857643808,995
2024-09-19 15:34:41.376,418.1942874610566,8
2024-09-19 15:34:41.443,418.1811257829621,1003
2024-09-19 15:34:41.565,418.146181902128,102
2024-09-19 15:34:41.566,418.14459232451503,15
2024-09-19 15:34:41.638,418.13616832180907,104
2024-09-19 15:34:41.643,418.1243226885588,1004
2024-09-19 15:34:41.674,418.157996660988,1005
2024-09-19 15:34:41.679,-418.1381311150462,9
2024-09-19 15:34:41.709,418.1214917499508,995
2024-09-19 15:34:41.797,418.13624672860834,8
2024-09-19 15:34:41.890,418.18288309019886,104
2024-09-19 15:34:41.921,418.1415060992306,9
2024-09-19 15:34:42.040,418.0901410047636,10
2024-09-19 15:34:42.117,418.11444609578734,1003
2024-09-19 15:34:42.312,418.1304001985777,97
2024-09-19 15:34:42.521,418.1084993687036,97
2024-09-19 15:34:42.633,418.1098404591839,7
2024-09-19 15:34:42.927,418.0973468145397,1001
2024-09-19 15:34:43.101,418.0892543710715,997
2024-09-19 15:34:43.125,418.0957283972028,103
2024-09-19 15:34:43.129,418.122677420226,1002
2024-09-19 15:34:43.139,418.0940092991247,105
2024-09-19 15:34:43.188,418.1220391094553,98
2024-09-19 15:34:43.287,418.1224116616408,13
2024-09-19 15:34:43.395,418.088688326434,1005
2024-09-19 15:34:43.400,418.0963976796348,1001
2024-09-19 15:34:43.560,418.1144779852017,996
2024-09-19 15:34:43.634,,995
2024-09-19 15:34:43.645,418.0892806451009,6
2024-09-19 15:34:43.713,418.0865997939897,100
2024-09-19 15:34:43.767,418.1288794201286,12
2024-09-19 15:34:43.997,418.1275412786516,997
2024-09-19 15:34:44.027,418.15234464866336,5
2024-09-19 15:34:44.133,418.1420832120938,10
2024-09-19 15:34:44.303,418.17944624581617,8
2024-09-19 15:34:44.367,418.1830299364856,105
2024-09-19 15:34:44.378,418.1413278074975,99
2024-09-19 15:34:44.511,418.1329004290845,6
2024-09-19 15:34:44.534,418.10833219442816,10
2024-09-19 15:34:44.841,418.1828303682453,96
2024-09-19 15:34:44.999,418.18728811036425,1004
2024-09-19 15:34:45.048,418.16633853915073,9
2024-09-19 15:34:45.378,418.14799202211896,1003
2024-09-19 15:34:45.398,418.1709018935596,9
2024-09-19 15:34:45.470,418.1522663051349,103
2024-09-19 15:34:45.639,418.1661458216386,101
2024-09-19 15:34:45.803,418.14568750656775,13
2024-09-19 15:34:45.834,-418.1658781630137,995
2024-09-19 15:34:45.925,418.146033388698,102
2024-09-19 15:34:45.995,418.1545438506974,1003
2024-09-19 15:34:46.068,418.1986158897008,1005
2024-09-19 15:34:46.101,418.1842094618508,105
2024-09-19 15:34:46.289,419.3513808187008,103
2024-09-19 15:34:46.334,418.1997817757929,995
2024-09-19 15:34:46.372,418.20609463017104,11
2024-09-19 15:34:46.423,418.206510545194,1000
2024-09-19 15:34:46.491,418.2194001246632,5
2024-09-19 15:34:46.612,418.23757774681474,996
2024-09-19 15:34:46.636,41.81932307493065,98
2024-09-19 15:34:46.649,418.21262561231765,6
2024-09-19 15:34:46.671,418.205592226667,11
2024-09-19 15:34:46.735,418.1668029076238,13
2024-09-19 15:34:46.759,418.1742351866172,15
2024-09-19 15:34:46.796,418.18242587683983,1000
2024-09-19 15:34:46.800,418.1731694299945,1000
2024-09-19 15:34:46.849,418.1837965825777,1003
2024-09-19 15:34:46.922,418.1873734995063,98
2024-09-19 15:34:46.927,418.1803000856556,996
2024-09-19 15:34:46.983,418.17904179909146,12
2024-09-19 15:34:47.064,-418.071796750912,96
2024-09-19 15:34:47.079,418.1727139356842,13
2024-09-19 15:34:47.232,418.1798820939792,998
2024-09-19 15:34:47.280,418.107774225378,998
2024-09-19 15:34:47.294,418.0994608891377,103
2024-09-19 15:34:47.358,418.09436236768704,6
2024-09-19 15:34:47.360,418.12364000332576,1002
2024-09-19 15:34:47.372,418.11086011073513,6
2024-09-19 15:34:47.497,418.191983566337,99
2024-09-19 15:34:47.527,418.19611554171615,1005
2024-09-19 15:34:47.572,418.1978504076633,8
2024-09-19 15:34:47.634,418.0888032692464,996
2024-09-19 15:34:47.682,418.1873698267398,98
2024-09-19 15:34:47.708,418.1919806682235,8
2024-09-19 15:34:47.710,418.1734080733593,9
2024-09-19 15:34:47.719,418.10844586328886,102
2024-09-19 15:34:47.743,418.0699000325261,5
2024-09-19 15:34:47.813,418.1711998756737,9
2024-09-19 15:34:47.851,418.2070689464829,15
2024-09-19 15:34:47.852,418.1864636892425,97
2024-09-19 15:34:47.897,418.16530057295387,97
2024-09-19 15:34:47.901,418.1161630563382,1003
2024-09-19 15:34:47.954,418.1298377836951,1003
2024-09-19 15:34:48.022,418.1498456019955,101
2024-09-19 15:34:48.035,418.1636209188191,102
2024-09-19 15:34:48.078,418.1401394521999,7
2024-09-19 15:34:48.134,418.15236377109545,1000
2024-09-19 15:34:48.392,418.1638046471083,996
2024-09-19 15:34:48.416,,9
2024-09-19 15:34:48.428,418.1578492673171,15
2024-09-19 15:34:48.520,418.15614219491,100
2024-09-19 15:34:48.625,418.1522699644441,98
2024-09-19 15:34:48.636,418.150903996834,1004
2024-09-19 15:34:48.778,418.1584454771665,1005
2024-09-19 15:34:48.866,418.1293047107025,6
2024-09-19 15:34:48.869,418.1594125821598,11
2024-09-19 15:34:48.900,418.168125782083,13
2024-09-19 15:34:49.008,418.2000781909807,105
2024-09-19 15:34:49.012,418.1897839045631,10
2024-09-19 15:34:49.016,418.1847902504757,1003
2024-09-19 15:34:49.068,418.22103946900455,104
2024-09-19 15:34:49.075,418.2001300894325,104
2024-09-19 15:34:49.082,418.22973665637136,1005
2024-09-19 15:34:49.105,418.2022567218593,97
2024-09-19 15:34:49.121,418.225901780844,98
2024-09-19 15:34:49.137,418.2277349579836,9
2024-09-19 15:34:49.196,418.1995266450592,1002
2024-09-19 15:34:49.214,418.1664618384611,1005
2024-09-19 15:34:49.296,418.2072733712868,14
2024-09-19 15:34:49.315,418.1890317728591,1004
2024-09-19 15:34:49.354,418.2000842339206,96
2024-09-19 15:34:49.384,418.21587747755336,6
2024-09-19 15:34:49.461,418.16950589282607,1005
2024-09-19 15:34:49.515,418.2141259250244,12
2024-09-19 15:34:49.548,418.2016222498465,103
2024-09-19 15:34:49.550,418.21587014277793,11
2024-09-19 15:34:49.670,418.21096177822966,96
2024-09-19 15:34:49.719,418.20293427414407,1001
2024-09-19 15:34:49.735,418.2280795973301,9
2024-09-19 15:34:49.789,418.22580420007455,12
2024-09-19 15:34:49.837,418.2185003813034,1000
2024-09-19 15:34:49.861,418.218420844093,6
2024-09-19 15:34:49.864,418.20100259305497,9
2024-09-19 15:34:49.877,418.195346834752,5
2024-09-19 15:34:49.888,418.2025739533309,15
2024-09-19 15:34:49.900,418.2184320181616,11
2024-09-19 15:34:49.993,418.2241410309172,105
2024-09-19 15:34:50.031,418.13147208437374,5
2024-09-19 15:34:50.031,418.1439450893947,98
2024-09-19 15:34:50.159,418.1668952897488,99
2024-09-19 15:34:50.172,418.1394111368676,104
2024-09-19 15:34:50.195,418.146755883624,5
2024-09-19 15:34:50.207,418.1318976622838,98
2024-09-19 15:34:50.351,418.1465954881889,13
2024-09-19 15:34:50.354,418.1400783121926,1005
2024-09-19 15:34:50.417,418.1662777422937,15
2024-09-19 15:34:50.458,418.1457891702161,105
2024-09-19 15:34:50.514,418.1355704876735,1004
2024-09-19 15:34:50.597,418.148807759554,99
2024-09-19 15:34:50.635,418.1664655171844,98
2024-09-19 15:34:50.676,418.1767928645522,1000
2024-09-19 15:34:50.700,418.1503851579436,998
2024-09-19 15:34:50.759,418.1551524801899,1002
2024-09-19 15:34:50.798,418.1780476643873,101
2024-09-19 15:34:50.798,418.1347808321885,13
2024-09-19 15:34:50.923,418.18994980162097,5
2024-09-19 15:34:50.928,418.12946842278217,996
2024-09-19 15:34:50.986,-418.1882335738398,9
2024-09-19 15:34:51.001,418.15727344357504,96
2024-09-19 15:34:51.007,418.19766062625865,95
2024-09-19 15:34:51.031,418.2023668691877,101
2024-09-19 15:34:51.059,418.1509008697095,14
2024-09-19 15:34:51.137,418.1907825678437,105
2024-09-19 15:34:51.146,418.2072664678863,999
2024-09-19 15:34:51.147,418.19217567030887,6
2024-09-19 15:34:51.267,418.1736600018331,6
2024-09-19 15:34:51.288,418.1545857387408,5
2024-09-19 15:34:51.379,418.1537190569741,10
2024-09-19 15:34:51.386,418.1683912141731,995
2024-09-19 15:34:51.392,418.166585155822,5
2024-09-19 15:34:51.455,418.1686074157085,1000
2024-09-19 15:34:51.481,418.13387559814703,103
2024-09-19 15:34:51.597,418.2245312665244,12
2024-09-19 15:34:51.801,418.2067150369458,98
2024-09-19 15:34:51.833,418.2004867068734,1004
2024-09-19 15:34:51.880,418.1752888976189,1003
2024-09-19 15:34:51.956,418.2055072263968,95
2024-09-19 15:34:51.973,418.1510875600597,11
2024-09-19 15:34:51.977,418.2180297176792,100
2024-09-19 15:34:52.106,418.27739675596007,999
2024-09-19 15:34:52.156,418.1921776105309,11
2024-09-19 15:34:52.206,418.2911867970064,11
2024-09-19 15:34:52.281,418.2875900865425,97
2024-09-19 15:34:52.344,418.2391520262465,1005
2024-09-19 15:34:52.402,418.2447001327304,11
2024-09-19 15:34:52.612,418.2886244395392,98
2024-09-19 15:34:52.807,418.2807531024956,101
2024-09-19 15:34:53.020,418.349650241557,1005
2024-09-19 15:34:53.025,418.3060151783057,5
2024-09-19 15:34:53.073,418.2818915400106,102
2024-09-19 15:34:53.102,418.27315833218,1004
2024-09-19 15:34:53.216,418.289323797433,5
2024-09-19 15:34:53.221,418.2880114316637,999
2024-09-19 15:34:53.243,418.3125611502925,12
2024-09-19 15:34:53.304,418.3217508220084,10
2024-09-19 15:34:53.473,418.2448865335551,995
2024-09-19 15:34:53.500,418.3018773075405,1002
2024-09-19 15:34:53.513,418.2337930283382,9
2024-09-19 15:34:53.532,418.27053358657264,1004
2024-09-19 15:34:53.536,418.3210622369094,10
2024-09-19 15:34:53.537,419.46672658302447,11
2024-09-19 15:34:53.607,418.3019690927873,998
2024-09-19 15:34:53.632,418.2862829642304,1001
2024-09-19 15:34:53.661,418.2792618337831,14
2024-09-19 15:34:53.827,418.2595753636954,8
2024-09-19 15:34:53.872,418.3097857548617,1000
2024-09-19 15:34:53.881,418.2553470692844,7
2024-09-19 15:34:53.942,418.2717164166263,99
2024-09-19 15:34:53.944,418.22744097475226,999
2024-09-19 15:34:53.982,418.23732093011705,1003
2024-09-19 15:34:53.990,418.3134437258692,105
2024-09-19 15:34:54.227,418.3627653376757,996
2024-09-19 15:34:54.252,418.3421258150935,102
2024-09-19 15:34:54.285,418.3454609784528,11
2024-09-19 15:34:54.465,418.37851297523366,996
2024-09-19 15:34:54.530,418.3848397588459,998
2024-09-19 15:34:54.627,418.366695642797,14
2024-09-19 15:34:54.877,418.3749981233795,15
2024-09-19 15:34:55.054,418.4248892681904,10
2024-09-19 15:34:55.099,418.4240015855309,98
2024-09-19 15:34:55.134,418.4116505019862,8
2024-09-19 15:34:55.194,418.4115201926711,12
2024-09-19 15:34:55.233,418.3992010360516,98
2024-09-19 15:34:55.238,418.4101016872914,1004
2024-09-19 15:34:55.326,418.4044329741966,997
2024-09-19 15:34:55.500,418.4088621900584,7
2024-09-19 15:34:55.515,418.4276455237828,1002
2024-09-19 15:34:55.543,418.4145584678368,100
2024-09-19 15:34:55.629,418.4027404653912,97
2024-09-19 15:34:55.637,418.4183759125008,999
2024-09-19 15:34:55.658,418.4091521225215,99
2024-09-19 15:34:55.705,418.40977770718143,105
2024-09-19 15:34:55.801,418.4194060860677,997
2024-09-19 15:34:55.838,418.43387925355165,98
2024-09-19 15:34:55.847,418.42376686378645,95
2024-09-19 15:34:55.922,,997
2024-09-19 15:34:57.026,418.4522759296985,8
2024-09-19 15:34:57.066,418.40123248410697,1004
2024-09-19 15:34:57.093,418.4403915145916,102
2024-09-19 15:34:57.112,418.428677361431,10
2024-09-19 15:34:57.169,418.41969701343766,15
2024-09-19 15:34:57.241,418.4234974191066,102
2024-09-19 15:34:57.245,418.4428099952662,12
2024-09-19 15:34:57.253,418.41277143711307,104
2024-09-19 15:34:57.280,418.4006631559466,996
2024-09-19 15:34:57.373,418.4273476444387,103
2024-09-19 15:34:57.394,418.3976594077029,997
2024-09-19 15:34:57.423,418.41427054091736,1005
2024-09-19 15:34:57.423,418.38676543503294,10
2024-09-19 15:34:57.496,418.42263797630056,1005
2024-09-19 15:34:57.502,,13
2024-09-19 15:34:57.511,418.4032876466047,13
2024-09-19 15:34:57.559,418.4122829247684,15
2024-09-19 15:34:57.614,418.4081941000516,6
2024-09-19 15:34:57.672,418.4466927716499,103
2024-09-19 15:34:57.700,418.38462576215255,101
2024-09-19 15:34:57.722,418.42772582909765,1000
2024-09-19 15:34:57.767,418.40959803298057,996
2024-09-19 15:34:57.817,418.3718011381976,97
2024-09-19 15:34:57.862,418.43617252863686,104
2024-09-19 15:34:57.894,41.84178907421639,15
2024-09-19 15:34:57.938,418.4186082545917,999
2024-09-19 15:34:58.015,418.4096398479808,96
2024-09-19 15:34:58.237,418.3713022556069,5
2024-09-19 15:34:58.317,418.4193876875845,6
2024-09-19 15:34:58.318,418.3660237636904,13
2024-09-19 15:34:58.327,418.4208973023388,105
2024-09-19 15:34:58.476,418.3871824393348,99
2024-09-19 15:34:58.483,418.36483547211583,1003
2024-09-19 15:34:58.512,418.3688070542026,15
2024-09-19 15:34:58.604,418.4100108472141,14
2024-09-19 15:34:58.641,418.4148594872409,15
2024-09-19 15:34:58.701,418.4106106095867,10
2024-09-19 15:34:58.713,418.41828637736825,99
2024-09-19 15:34:58.714,418.3773072504012,997
2024-09-19 15:34:58.828,418.4107614375012,12
2024-09-19 15:34:58.993,418.36334592522616,99
2024-09-19 15:34:58.994,418.3684379419082,6
2024-09-19 15:34:59.111,418.3798931468855,7
2024-09-19 15:34:59.113,418.43404776809217,98
2024-09-19 15:34:59.120,41.84016943489927,1005
2024-09-19 15:34:59.130,418.4260260835241,5
2024-09-19 15:34:59.217,418.3994609954564,12
2024-09-19 15:34:59.220,418.4118269345776,999
2024-09-19 15:34:59.245,418.4297439556357,95
2024-09-19 15:34:59.263,418.41411088385496,996
2024-09-19 15:34:59.323,418.4269610498579,104
2024-09-19 15:34:59.404,418.39136814548806,997
2024-09-19 15:34:59.429,418.3850741885687,102
2024-09-19 15:34:59.466,418.3643459544919,102
2024-09-19 15:34:59.537,418.4300168843705,6
2024-09-19 15:34:59.557,418.405451754966,13
2024-09-19 15:34:59.588,418.393180395504,1000
2024-09-19 15:34:59.622,418.4259028682784,96
2024-09-19 15:34:59.696,418.4255975586047,1002
2024-09-19 15:34:59.736,418.383267101175,15
2024-09-19 15:34:59.750,418.37694101749145,1003
2024-09-19 15:34:59.768,418.3828203675205,997
2024-09-19 15:34:59.807,418.4114852803889,5
2024-09-19 15:34:59.865,418.3975961099534,14
2024-09-19 15:34:59.871,418.41895810152624,7
2024-09-19 15:34:59.901,418.4218159345051,996
2024-09-19 15:34:59.962,418.4319733498153,8
