Timestamp,Price,Size
2024-09-18 13:55:00.064,415.53076911093575,996
2024-09-18 13:55:00.127,415.5670681303718,997
2024-09-18 13:55:00.243,415.5561555522351,104
2024-09-18 13:55:00.324,415.53956184812586,1000
2024-09-18 13:55:00.440,415.5134047032985,100
2024-09-18 13:55:00.541,415.5657891580112,996
2024-09-18 13:55:00.790,415.5609525759999,8
2024-09-18 13:55:00.955,415.5656734850993,101
2024-09-18 13:55:00.983,415.52418777834,999
2024-09-18 13:55:01.009,415.5618796861202,101
2024-09-18 13:55:01.011,415.53544741132487,99
2024-09-18 13:55:01.041,415.51939284400936,103
2024-09-18 13:55:01.082,415.51463243766506,1002
2024-09-18 13:55:01.660,415.5507345064478,105
2024-09-18 13:55:01.682,415.5360272374218,102
2024-09-18 13:55:02.003,415.5323288730484,9
2024-09-18 13:55:02.080,415.5472389832331,100
2024-09-18 13:55:02.094,415.514852852264,12
2024-09-18 13:55:02.097,415.5130628237346,95
2024-09-18 13:55:02.100,41.55755867192472,1003
2024-09-18 13:55:02.101,415.5871630659869,103
2024-09-18 13:55:02.104,415.5468334706507,98
2024-09-18 13:55:02.140,415.5671845080102,103
2024-09-18 13:55:02.218,415.5739277995404,8
2024-09-18 13:55:02.243,415.5111696222758,1005
2024-09-18 13:55:02.275,415.5547021912046,996
2024-09-18 13:55:02.324,415.531238287119,102
2024-09-18 13:55:02.405,415.5437476008113,5
2024-09-18 13:55:02.415,415.5399461795824,102
2024-09-18 13:55:02.472,415.5676138683374,14
2024-09-18 13:55:02.577,415.49717529134045,104
2024-09-18 13:55:02.636,415.5435840210964,8
2024-09-18 13:55:02.671,415.5372008853985,12
2024-09-18 13:55:02.678,415.5911510169825,103
2024-09-18 13:55:02.679,415.5863834829076,9
2024-09-18 13:55:02.745,415.576025961812,101
2024-09-18 13:55:02.789,415.5346249171568,995
2024-09-18 13:55:02.798,415.5128037288786,1001
2024-09-18 13:55:02.877,415.5519859836671,14
2024-09-18 13:55:02.900,415.5351440272936,102
2024-09-18 13:55:02.924,415.5789707695988,10
2024-09-18 13:55:02.927,415.589787963332,1004
2024-09-18 13:55:02.942,415.5979915241661,1000
2024-09-18 13:55:02.985,415.4870329845057,101
2024-09-18 13:55:03.011,415.4844565608748,1005
2024-09-18 13:55:03.080,415.477867305606,8
2024-09-18 13:55:03.122,415.498678157284,103
2024-09-18 13:55:03.209,415.4768957236922,14
2024-09-18 13:55:03.242,415.48785699061307,1005
2024-09-18 13:55:03.257,415.46712879050864,998
2024-09-18 13:55:03.271,415.49538146887807,5
2024-09-18 13:55:03.332,415.5050575095349,1001
2024-09-18 13:55:03.437,415.46102292533567,96
2024-09-18 13:55:03.492,415.47375281574455,10
2024-09-18 13:55:03.540,415.4983994557209,14
2024-09-18 13:55:03.554,415.4875546781896,7
2024-09-18 13:55:03.643,415.4740660474333,1002
2024-09-18 13:55:03.652,415.5074255938858,1000
2024-09-18 13:55:03.658,415.4969999243667,15
2024-09-18 13:55:03.687,415.4978744080517,1000
2024-09-18 13:55:03.703,,7
2024-09-18 13:55:03.764,415.4912221049556,999
2024-09-18 13:55:03.766,415.50015421533953,996
2024-09-18 13:55:03.783,415.4867377379504,997
2024-09-18 13:55:03.805,415.4746723687259,100
2024-09-18 13:55:03.813,415.49149548216127,997
2024-09-18 13:55:03.834,415.47281868079216,9
2024-09-18 13:55:03.836,415.4730034697813,95
2024-09-18 13:55:03.887,415.4953814774187,100
2024-09-18 13:55:03.915,415.4827439423132,103
2024-09-18 13:55:03.942,415.4910475192409,5
2024-09-18 13:55:03.946,415.4735555214074,100
2024-09-18 13:55:03.978,415.48337213161767,14
2024-09-18 13:55:04.025,415.4672541586239,101
2024-09-18 13:55:04.037,415.4824598825499,996
2024-09-18 13:55:04.076,415.4729598007656,1002
2024-09-18 13:55:04.093,415.4734300365209,6
2024-09-18 13:55:04.107,415.4812139784427,996
2024-09-18 13:55:04.281,415.46880807925726,13
2024-09-18 13:55:04.520,415.46582455554267,7
2024-09-18 13:55:04.725,415.458022003405,100
2024-09-18 13:55:04.883,415.4662367602132,7
2024-09-18 13:55:04.943,415.464988243464,13
2024-09-18 13:55:04.967,415.45845012423246,11
2024-09-18 13:55:04.984,415.4607210823544,100
2024-09-18 13:55:05.040,415.4557301569737,101
2024-09-18 13:55:06.159,415.5276114381424,98
2024-09-18 13:55:06.190,415.47920232164313,1004
2024-09-18 13:55:06.306,415.5073894799487,97
2024-09-18 13:55:06.449,415.4903651942082,5
2024-09-18 13:55:06.512,-415.4792048056249,12
2024-09-18 13:55:06.645,41.54852511251041,1000
2024-09-18 13:55:06.699,415.5008615471395,99
2024-09-18 13:55:06.723,415.50668463045406,7
2024-09-18 13:55:06.946,415.5013444353919,100
2024-09-18 13:55:06.965,415.4996713555061,995
2024-09-18 13:55:06.981,415.4809454742429,998
2024-09-18 13:55:07.137,415.53204594335455,1003
2024-09-18 13:55:07.218,415.5303648902848,104
2024-09-18 13:55:07.230,415.5317386947132,997
2024-09-18 13:55:07.237,415.5551700877682,1005
2024-09-18 13:55:07.380,415.5423652755493,1001
2024-09-18 13:55:07.497,415.5356748363673,98
2024-09-18 13:55:07.504,415.5291577788551,105
2024-09-18 13:55:07.626,415.5240901780346,96
2024-09-18 13:55:07.713,415.5362027365461,15
2024-09-18 13:55:07.833,415.5512330988463,7
2024-09-18 13:55:07.887,415.5377910620624,999
2024-09-18 13:55:07.930,415.5499582158066,12
2024-09-18 13:55:08.065,415.5176749838207,98
2024-09-18 13:55:08.276,415.5025351871662,100
2024-09-18 13:55:09.063,415.5177517187854,105
2024-09-18 13:55:09.121,415.5386831282145,103
2024-09-18 13:55:09.181,415.51797134892666,99
2024-09-18 13:55:09.205,415.5205699103699,999
2024-09-18 13:55:09.245,415.5107450274797,103
2024-09-18 13:55:09.321,415.513829195955,14
2024-09-18 13:55:09.376,415.5350679563135,103
2024-09-18 13:55:09.570,415.51483457684327,105
2024-09-18 13:55:09.743,415.52877782684254,5
2024-09-18 13:55:09.991,41.5528435848795,1003
2024-09-18 13:55:10.003,415.54447767439,96
2024-09-18 13:55:10.020,415.5817544295126,13
2024-09-18 13:55:10.057,415.560517983065,13
2024-09-18 13:55:10.080,415.5312470558586,98
2024-09-18 13:55:10.090,415.5408139722072,14
2024-09-18 13:55:10.228,415.527491948672,102
2024-09-18 13:55:10.251,415.5756511102953,98
2024-09-18 13:55:10.261,415.5483746162454,997
2024-09-18 13:55:10.282,415.535699780794,11
2024-09-18 13:55:10.284,415.5773920476792,6
2024-09-18 13:55:10.378,415.56305338336335,104
2024-09-18 13:55:10.407,415.5364977623162,14
2024-09-18 13:55:10.412,415.5796361497782,12
2024-09-18 13:55:10.477,415.548313565526,11
2024-09-18 13:55:10.635,,10
2024-09-18 13:55:10.712,415.5776602480136,11
2024-09-18 13:55:10.754,415.5361883888257,103
2024-09-18 13:55:10.777,415.54426965806687,102
2024-09-18 13:55:10.796,415.54843378328127,996
2024-09-18 13:55:10.835,415.5556366172439,7
2024-09-18 13:55:10.842,415.5640462882664,5
2024-09-18 13:55:10.871,415.5189508757176,1000
2024-09-18 13:55:10.876,415.53720970735134,5
2024-09-18 13:55:10.901,415.5483697539323,12
2024-09-18 13:55:11.081,415.5276220251387,102
2024-09-18 13:55:11.196,415.54473154923903,95
2024-09-18 13:55:11.300,415.54174873830726,5
2024-09-18 13:55:11.539,415.55096099275056,1001
2024-09-18 13:55:11.689,415.5608312153536,9
2024-09-18 13:55:11.728,415.532680808592,10
2024-09-18 13:55:11.940,415.5543881087388,97
2024-09-18 13:55:12.148,,105
2024-09-18 13:55:12.218,415.5578246262086,98
2024-09-18 13:55:12.269,415.54693017864633,103
2024-09-18 13:55:12.401,415.55639575271965,1004
2024-09-18 13:55:12.441,415.5427563982842,6
2024-09-18 13:55:12.505,415.56338656452,97
2024-09-18 13:55:12.510,415.5665833677241,15
2024-09-18 13:55:12.657,415.5708641745193,1003
2024-09-18 13:55:12.824,415.56958559306366,996
2024-09-18 13:55:12.910,415.5720531062879,103
2024-09-18 13:55:13.111,415.5822887697621,1005
2024-09-18 13:55:13.189,415.5222223444625,6
2024-09-18 13:55:13.250,415.56088061630095,12
2024-09-18 13:55:13.279,415.5562919028985,95
2024-09-18 13:55:13.303,415.5891852847896,995
2024-09-18 13:55:13.318,415.56628350989325,1001
2024-09-18 13:55:13.386,-415.5232668714274,1001
2024-09-18 13:55:13.409,415.52802653185296,1004
2024-09-18 13:55:13.411,415.5430719465885,104
2024-09-18 13:55:13.439,415.5220901543546,14
2024-09-18 13:55:13.626,415.5690606937811,105
2024-09-18 13:55:13.663,415.56676182835264,11
2024-09-18 13:55:13.705,415.5882446433096,9
2024-09-18 13:55:13.718,415.5856585315444,995
2024-09-18 13:55:13.804,415.6005085229964,1003
2024-09-18 13:55:13.887,415.5819620739138,1003
2024-09-18 13:55:13.917,415.5220047543252,1005
2024-09-18 13:55:14.053,415.5825165704085,101
2024-09-18 13:55:14.062,415.6119401866987,104
2024-09-18 13:55:14.084,415.5942111172666,12
2024-09-18 13:55:14.339,415.6003845233666,996
2024-09-18 13:55:14.549,415.59771159470654,1001
2024-09-18 13:55:14.871,415.6000210493634,103
2024-09-18 13:55:15.134,415.6107108180307,101
2024-09-18 13:55:15.145,415.6207791033952,5
2024-09-18 13:55:15.175,415.6018317361589,100
2024-09-18 13:55:15.291,415.6418725603322,15
2024-09-18 13:55:15.488,415.6171865124645,100
2024-09-18 13:55:15.563,415.63565887127504,1004
2024-09-18 13:55:15.640,415.6466163009735,6
2024-09-18 13:55:15.664,41.561662546493366,5
2024-09-18 13:55:15.701,415.603561218002,12
2024-09-18 13:55:15.717,415.592077376708,100
2024-09-18 13:55:15.868,415.6113296834869,103
2024-09-18 13:55:16.218,415.6198709054123,10
2024-09-18 13:55:16.550,415.6222929080539,1002
2024-09-18 13:55:16.597,415.639924651014,1005
2024-09-18 13:55:16.832,415.6210487702839,10
2024-09-18 13:55:16.951,415.6228160435226,6
2024-09-18 13:55:17.050,415.66978932302607,1005
2024-09-18 13:55:17.073,415.6097148659844,14
2024-09-18 13:55:17.092,415.6768236872874,105
2024-09-18 13:55:17.092,415.6859197828352,98
2024-09-18 13:55:17.096,415.7054144704546,104
2024-09-18 13:55:17.278,415.6824472399332,996
2024-09-18 13:55:17.279,41.56924089523097,12
2024-09-18 13:55:17.323,415.67168307556034,105
2024-09-18 13:55:17.392,415.6771626558312,105
2024-09-18 13:55:17.419,415.6073210754628,999
2024-09-18 13:55:17.434,415.6746010040473,95
2024-09-18 13:55:17.435,415.7000344943351,996
2024-09-18 13:55:17.441,415.6791719833877,12
2024-09-18 13:55:17.488,415.6157485146728,97
2024-09-18 13:55:17.593,415.68850977862286,995
2024-09-18 13:55:17.596,415.6336976518761,6
2024-09-18 13:55:17.599,415.6108187894803,12
2024-09-18 13:55:17.613,415.665025157775,102
2024-09-18 13:55:17.618,415.6823384922852,1000
2024-09-18 13:55:17.631,415.6173466181986,101
2024-09-18 13:55:17.680,415.6786083113002,14
2024-09-18 13:55:17.748,415.6267866739198,12
2024-09-18 13:55:17.843,415.7021593284518,1003
2024-09-18 13:55:17.883,415.72118963500174,999
2024-09-18 13:55:17.933,415.6934294693244,12
2024-09-18 13:55:17.972,415.673724887047,1002
2024-09-18 13:55:18.085,415.6898830888956,8
2024-09-18 13:55:18.176,415.7010897101514,7
2024-09-18 13:55:18.359,415.66465204484666,99
2024-09-18 13:55:18.366,415.6510378050032,96
2024-09-18 13:55:18.389,415.64799926607793,96
2024-09-18 13:55:18.694,415.6815993137639,99
2024-09-18 13:55:18.709,415.68382365320247,13
2024-09-18 13:55:18.827,415.6733957802193,1003
2024-09-18 13:55:18.996,415.6866849156975,7
2024-09-18 13:55:19.049,415.6917874954846,104
2024-09-18 13:55:19.104,415.6928631716131,98
2024-09-18 13:55:19.142,415.6846649029477,996
2024-09-18 13:55:19.201,415.70695407445214,5
2024-09-18 13:55:19.258,415.7181334376996,9
2024-09-18 13:55:19.335,415.7082158196344,98
2024-09-18 13:55:19.412,415.6830478555231,14
2024-09-18 13:55:19.478,415.7323855797525,999
2024-09-18 13:55:19.506,415.6801728249615,998
2024-09-18 13:55:19.513,415.701584615281,9
2024-09-18 13:55:19.531,415.6845007534615,14
2024-09-18 13:55:19.549,415.6945711588829,1004
2024-09-18 13:55:19.590,415.7315245134105,102
2024-09-18 13:55:19.651,415.68485956367937,999
2024-09-18 13:55:19.726,415.7174947184509,95
2024-09-18 13:55:19.816,415.7093291320545,7
2024-09-18 13:55:19.823,415.69238530474047,999
2024-09-18 13:55:19.915,415.7169245958389,996
2024-09-18 13:55:19.933,415.6895898385419,101
2024-09-18 13:55:20.002,415.715667130502,1004
2024-09-18 13:55:20.043,415.682677143363,13
2024-09-18 13:55:20.110,415.7330808627068,5
2024-09-18 13:55:20.149,415.72125595724657,6
2024-09-18 13:55:20.173,415.7309631731829,998
2024-09-18 13:55:20.180,415.7354108911747,14
2024-09-18 13:55:20.228,415.707645847978,10
2024-09-18 13:55:20.311,415.6856383782351,995
2024-09-18 13:55:20.313,415.7019238221751,998
2024-09-18 13:55:20.314,415.68568286956327,11
2024-09-18 13:55:20.378,415.7241731206958,102
2024-09-18 13:55:20.417,-41.56871005994853,11
2024-09-18 13:55:20.437,415.7201471665015,13
2024-09-18 13:55:20.470,415.7441080139153,998
2024-09-18 13:55:20.550,415.71737986614784,11
2024-09-18 13:55:20.618,415.73088506218215,97
2024-09-18 13:55:20.627,415.7238951203598,1000
2024-09-18 13:55:20.663,415.7252723447031,1005
2024-09-18 13:55:20.680,415.72972929853495,10
2024-09-18 13:55:20.696,415.7020788574939,105
2024-09-18 13:55:20.732,415.673470452245,98
2024-09-18 13:55:20.736,415.7312978613014,997
2024-09-18 13:55:20.841,415.71032971547055,1004
2024-09-18 13:55:20.946,415.73129687003103,5
2024-09-18 13:55:20.978,415.68364945305217,11
2024-09-18 13:55:20.991,415.72273515943306,9
2024-09-18 13:55:21.110,415.7156028605854,1000
2024-09-18 13:55:21.242,415.732338457003,1003
2024-09-18 13:55:21.345,415.7097808636272,1003
2024-09-18 13:55:21.371,415.713230124916,104
2024-09-18 13:55:21.508,415.6780325864252,97
2024-09-18 13:55:21.521,415.709249707022,95
2024-09-18 13:55:21.533,415.7051285659591,1001
2024-09-18 13:55:21.646,415.6997956226651,7
2024-09-18 13:55:21.697,415.6869175290712,105
2024-09-18 13:55:21.712,415.6998984132279,9
2024-09-18 13:55:21.751,415.6938674498055,97
2024-09-18 13:55:21.862,415.6815573410323,99
2024-09-18 13:55:21.957,415.7290794969002,998
2024-09-18 13:55:21.985,415.7002177051961,997
2024-09-18 13:55:22.004,415.6895031328041,1000
2024-09-18 13:55:22.059,415.7024985429851,11
2024-09-18 13:55:22.073,415.6920984869164,13
2024-09-18 13:55:22.176,415.6827144514445,96
2024-09-18 13:55:22.178,415.7029461270296,9
2024-09-18 13:55:22.252,415.68617281834827,996
2024-09-18 13:55:22.311,415.6875251565201,1000
2024-09-18 13:55:22.315,415.6952733516383,101
2024-09-18 13:55:22.318,415.67564674025056,999
2024-09-18 13:55:22.328,415.7037087680108,1001
2024-09-18 13:55:22.366,415.69977405421815,102
2024-09-18 13:55:22.521,415.7027705707048,11
2024-09-18 13:55:22.545,415.7108252750198,5
2024-09-18 13:55:22.582,415.68413792847394,99
2024-09-18 13:55:22.639,415.7124465231466,996
2024-09-18 13:55:22.732,415.69330160562487,11
2024-09-18 13:55:22.778,415.6837233499189,104
2024-09-18 13:55:22.918,415.71558644224194,104
2024-09-18 13:55:22.990,415.6868995907521,1004
2024-09-18 13:55:23.042,415.6766288717599,96
2024-09-18 13:55:23.054,415.6960922037044,97
2024-09-18 13:55:23.097,415.7029096336154,998
2024-09-18 13:55:23.126,415.6600338700978,104
2024-09-18 13:55:23.209,415.6634696736376,998
2024-09-18 13:55:23.230,415.6490110042542,97
2024-09-18 13:55:23.275,415.7169410317953,998
2024-09-18 13:55:23.283,415.67566579101714,101
2024-09-18 13:55:23.328,415.69623451575495,104
2024-09-18 13:55:23.409,415.6326905745606,14
2024-09-18 13:55:23.512,41.5684877724164,1004
2024-09-18 13:55:23.719,415.7023516584117,996
2024-09-18 13:55:23.738,415.6639313246422,1000
2024-09-18 13:55:23.772,415.7003013550178,12
2024-09-18 13:55:24.002,415.6054135853191,103
2024-09-18 13:55:24.004,415.6341365609493,101
2024-09-18 13:55:24.005,415.6171382250248,1000
2024-09-18 13:55:24.057,415.61420149334407,100
2024-09-18 13:55:24.115,415.61418891854805,100
2024-09-18 13:55:24.237,415.5945286704174,1004
2024-09-18 13:55:24.300,415.63134600946194,100
2024-09-18 13:55:24.375,415.6235779304085,99
2024-09-18 13:55:24.409,415.640629701103,14
2024-09-18 13:55:24.433,415.5932113273049,103
2024-09-18 13:55:24.506,415.6041990930239,102
2024-09-18 13:55:24.507,415.6003056698656,1002
2024-09-18 13:55:24.676,415.58884822520616,105
2024-09-18 13:55:24.690,415.62811775817227,998
2024-09-18 13:55:24.706,-415.6262151184565,1001
2024-09-18 13:55:24.741,415.58398226816814,995
2024-09-18 13:55:24.787,415.6037854772071,1005
2024-09-18 13:55:24.963,415.6142587443514,1001
2024-09-18 13:55:25.001,415.6331004036404,12
2024-09-18 13:55:25.027,415.630708875617,1005
2024-09-18 13:55:25.046,415.6459679008929,96
2024-09-18 13:55:25.067,415.6197138975762,1003
2024-09-18 13:55:25.094,415.66492240573547,104
2024-09-18 13:55:25.139,415.6687255743536,102
2024-09-18 13:55:25.142,415.6849525872433,1005
2024-09-18 13:55:25.148,415.6135270157951,11
2024-09-18 13:55:25.153,415.6847081684408,99
2024-09-18 13:55:25.262,415.6193305014186,10
2024-09-18 13:55:25.330,415.6716718299145,14
2024-09-18 13:55:25.345,415.663203295821,13
2024-09-18 13:55:25.390,415.6191796354965,1000
2024-09-18 13:55:25.406,415.6762835571095,998
2024-09-18 13:55:25.443,415.640635035747,96
2024-09-18 13:55:25.507,415.6246309034346,14
2024-09-18 13:55:25.558,415.6518046186031,1002
2024-09-18 13:55:25.562,415.6332195864569,1004
2024-09-18 13:55:25.677,415.6014474673878,105
2024-09-18 13:55:25.723,415.62275273130285,102
2024-09-18 13:55:25.750,415.6534298541012,12
2024-09-18 13:55:25.812,415.598138578413,100
2024-09-18 13:55:25.890,415.63196235856594,1004
2024-09-18 13:55:25.896,415.6590958487535,5
2024-09-18 13:55:25.900,415.6368677325416,997
2024-09-18 13:55:25.943,415.64083106782505,14
2024-09-18 13:55:25.947,415.6321477072456,999
2024-09-18 13:55:25.956,415.6066062312869,999
2024-09-18 13:55:26.041,415.664627659182,995
2024-09-18 13:55:26.257,415.6647788508134,10
2024-09-18 13:55:26.301,415.6707684877317,1001
2024-09-18 13:55:26.496,415.6666893197751,1005
2024-09-18 13:55:26.739,415.6642599710977,95
2024-09-18 13:55:27.008,415.669435768208,995
2024-09-18 13:55:27.038,415.6330052956401,103
2024-09-18 13:55:27.046,415.6191756987289,6
2024-09-18 13:55:27.159,415.65387801292746,100
2024-09-18 13:55:27.194,415.6337053507864,102
2024-09-18 13:55:27.380,415.6641172436873,11
2024-09-18 13:55:27.405,415.6347800759879,103
2024-09-18 13:55:27.435,415.6812283241815,1003
2024-09-18 13:55:27.436,415.6519008589924,997
2024-09-18 13:55:27.490,415.6754540482406,8
2024-09-18 13:55:27.542,415.6682753252398,100
2024-09-18 13:55:27.566,415.6657498123741,1003
2024-09-18 13:55:27.615,415.6496248823084,96
2024-09-18 13:55:27.619,415.6689417507458,995
2024-09-18 13:55:27.659,415.6576752817164,1002
2024-09-18 13:55:27.718,415.64159153650144,97
2024-09-18 13:55:27.792,415.64697766466605,96
2024-09-18 13:55:27.849,415.6460131112261,105
2024-09-18 13:55:28.015,415.6551460206928,97
2024-09-18 13:55:28.021,-415.6756005976464,102
2024-09-18 13:55:28.041,415.6405847498284,97
2024-09-18 13:55:28.058,415.6433734541338,15
2024-09-18 13:55:28.191,415.684933288966,105
2024-09-18 13:55:28.223,415.6426034113173,103
2024-09-18 13:55:28.248,415.6427834537107,101
2024-09-18 13:55:28.394,415.68889210106846,998
2024-09-18 13:55:28.432,415.6798405552324,96
2024-09-18 13:55:28.566,415.6914954810816,5
2024-09-18 13:55:28.716,415.6502981847876,997
2024-09-18 13:55:28.730,415.6515459945667,1005
2024-09-18 13:55:28.744,415.65766224646256,1004
2024-09-18 13:55:28.826,415.6641565217456,8
2024-09-18 13:55:29.040,415.7143492219223,995
2024-09-18 13:55:29.137,415.7078209425299,1003
2024-09-18 13:55:29.199,415.7149455156559,6
2024-09-18 13:55:29.264,415.7152538254925,998
2024-09-18 13:55:29.296,415.6869452566323,12
2024-09-18 13:55:29.332,415.67576211186815,14
2024-09-18 13:55:29.335,415.7015789356939,100
2024-09-18 13:55:29.354,415.6682759974931,1002
2024-09-18 13:55:29.391,415.71068539371305,5
2024-09-18 13:55:29.416,415.7157482381835,1001
2024-09-18 13:55:29.489,415.6887800036154,14
2024-09-18 13:55:29.541,415.73230454438,9
2024-09-18 13:55:29.618,415.7405473668841,1004
2024-09-18 13:55:29.630,415.67812892968186,995
2024-09-18 13:55:29.645,415.6894201395954,98
2024-09-18 13:55:29.687,415.6907045343889,11
2024-09-18 13:55:29.706,415.6752071075785,97
2024-09-18 13:55:29.760,415.7282862129324,101
2024-09-18 13:55:29.780,415.7233234843447,999
2024-09-18 13:55:29.788,415.72562601983697,95
2024-09-18 13:55:29.823,415.6597432470285,103
2024-09-18 13:55:29.879,415.7151522681537,997
2024-09-18 13:55:29.906,415.6827423543698,1001
2024-09-18 13:55:29.921,415.7151675782597,5
2024-09-18 13:55:30.070,415.70049019411977,9
2024-09-18 13:55:30.082,415.6819894736835,100
2024-09-18 13:55:30.273,415.7320501398834,99
2024-09-18 13:55:30.326,415.68625765793047,100
2024-09-18 13:55:30.479,415.71132785808345,95
2024-09-18 13:55:30.492,415.723365023367,96
2024-09-18 13:55:30.492,415.7260073781417,998
2024-09-18 13:55:30.533,415.6817259669042,104
2024-09-18 13:55:30.537,415.6742925899632,1005
2024-09-18 13:55:30.548,415.7225193836924,1003
2024-09-18 13:55:30.613,415.7151196939488,11
2024-09-18 13:55:30.639,415.6808538346924,102
2024-09-18 13:55:30.665,415.7142000625109,995
2024-09-18 13:55:30.677,415.6760407295184,995
2024-09-18 13:55:30.705,415.71020499016254,995
2024-09-18 13:55:30.722,415.7318815200464,13
2024-09-18 13:55:30.722,415.6943511362851,1004
2024-09-18 13:55:30.892,415.74912891140457,6
2024-09-18 13:55:31.064,415.7702037164156,10
2024-09-18 13:55:31.106,415.755260800908,6
2024-09-18 13:55:31.174,415.7614239024772,998
2024-09-18 13:55:31.228,415.8123923702576,1001
2024-09-18 13:55:31.231,415.81972125641664,1002
2024-09-18 13:55:31.327,415.7697094727889,5
2024-09-18 13:55:31.455,415.7936863946903,1002
2024-09-18 13:55:31.528,415.8116544807514,1001
2024-09-18 13:55:31.529,415.7798653797891,100
2024-09-18 13:55:31.606,415.79285260325054,96
2024-09-18 13:55:31.641,415.8086759345115,100
2024-09-18 13:55:31.709,415.80630379484353,8
2024-09-18 13:55:31.765,415.76064950910575,996
2024-09-18 13:55:31.786,415.77911437502064,999
2024-09-18 13:55:31.807,415.7554620137387,1000
2024-09-18 13:55:31.851,415.7945216188021,96
2024-09-18 13:55:31.970,415.7602066034429,997
2024-09-18 13:55:31.987,415.7708931129418,8
2024-09-18 13:55:32.101,415.7034130130397,9
2024-09-18 13:55:32.233,415.7041410726924,104
2024-09-18 13:55:32.279,415.776730586551,999
2024-09-18 13:55:32.291,415.7204592874815,104
2024-09-18 13:55:32.320,415.722607708692,95
2024-09-18 13:55:32.343,415.7156408614214,102
2024-09-18 13:55:32.363,415.71361752773447,95
2024-09-18 13:55:32.452,415.7390318162648,98
2024-09-18 13:55:32.498,415.7494254708632,97
2024-09-18 13:55:32.505,415.7209622061022,999
2024-09-18 13:55:32.513,415.6970447548418,995
2024-09-18 13:55:32.675,415.7145274652812,102
2024-09-18 13:55:32.698,415.73542137929593,996
2024-09-18 13:55:32.762,415.7317663738353,5
2024-09-18 13:55:32.831,415.7686045690507,98
2024-09-18 13:55:32.866,415.6994522263863,10
2024-09-18 13:55:32.978,415.72891752615726,13
2024-09-18 13:55:33.812,415.7172541096686,104
2024-09-18 13:55:34.137,415.7186507051983,996
2024-09-18 13:55:34.137,415.6877086477759,10
2024-09-18 13:55:34.313,415.66644605846216,95
2024-09-18 13:55:34.374,415.6907017766476,6
2024-09-18 13:55:34.427,415.6947042838166,1005
2024-09-18 13:55:34.911,415.6741268275774,100
2024-09-18 13:55:35.196,415.6700943434775,997
2024-09-18 13:55:35.757,415.66829972942185,6
2024-09-18 13:55:35.841,415.6624895951598,97
2024-09-18 13:55:35.888,415.6815850545621,102
2024-09-18 13:55:36.495,-415.677449513726,96
2024-09-18 13:55:36.537,415.6906625849088,10
2024-09-18 13:55:37.199,415.71088454506247,105
2024-09-18 13:55:37.398,415.7039427356305,100
2024-09-18 13:55:37.439,415.7050730500116,1004
2024-09-18 13:55:37.791,415.6842256010491,1003
2024-09-18 13:55:37.833,415.6981163321599,105
2024-09-18 13:55:38.113,41.56899624409197,103
2024-09-18 13:55:38.217,415.6941706266017,1002
2024-09-18 13:55:38.221,415.6836348166455,5
2024-09-18 13:55:38.324,415.692707190286,11
2024-09-18 13:55:38.557,415.6845316086544,1000
2024-09-18 13:55:40.005,415.6008149596277,14
2024-09-18 13:55:40.015,415.6322041942217,10
2024-09-18 13:55:40.028,415.6639250398228,101
2024-09-18 13:55:40.045,415.661829086694,101
2024-09-18 13:55:40.134,415.6876024787008,98
2024-09-18 13:55:40.246,415.6803146318523,14
2024-09-18 13:55:40.280,415.67345622974335,10
2024-09-18 13:55:40.328,415.6902666944566,996
2024-09-18 13:55:40.437,415.6038849758205,97
2024-09-18 13:55:40.464,415.6662078752181,1002
2024-09-18 13:55:40.536,415.6132130149073,15
2024-09-18 13:55:40.546,415.6211756357267,998
2024-09-18 13:55:40.585,415.66999910396686,99
2024-09-18 13:55:40.640,415.6550013010712,96
2024-09-18 13:55:40.661,415.5971385308508,997
2024-09-18 13:55:40.713,415.6678773532641,100
2024-09-18 13:55:40.929,415.6649100383834,13
2024-09-18 13:55:40.998,415.6699105181689,9
2024-09-18 13:55:41.008,415.500969590206,998
2024-09-18 13:55:41.041,415.4901813960312,98
2024-09-18 13:55:41.071,415.4917641147015,1002
2024-09-18 13:55:41.125,415.5942093176976,995
2024-09-18 13:55:41.127,415.5182571760704,104
2024-09-18 13:55:41.344,415.5913432394005,98
2024-09-18 13:55:41.489,415.5252482078601,10
2024-09-18 13:55:41.609,415.56543322741226,105
2024-09-18 13:55:41.642,415.5815985746185,97
2024-09-18 13:55:41.785,415.4922168090106,1005
2024-09-18 13:55:41.867,415.5625008397181,997
2024-09-18 13:55:42.418,415.5211474904409,10
2024-09-18 13:55:42.853,415.4866526860269,95
2024-09-18 13:55:42.887,415.5044303902008,105
2024-09-18 13:55:42.988,415.50255641089416,5
2024-09-18 13:55:43.007,415.4858539918321,10
2024-09-18 13:55:43.007,415.4759071206263,105
2024-09-18 13:55:43.083,415.4902366509927,8
2024-09-18 13:55:43.194,415.4955138753684,5
2024-09-18 13:55:43.203,415.46877377452086,7
2024-09-18 13:55:43.225,415.4949629285132,1002
2024-09-18 13:55:43.290,415.4820694303389,8
2024-09-18 13:55:43.395,415.4860846017958,9
2024-09-18 13:55:43.428,415.4577148471113,14
2024-09-18 13:55:43.447,415.4956626194229,11
2024-09-18 13:55:43.472,415.4750634799699,12
2024-09-18 13:55:43.537,415.4818800074894,10
2024-09-18 13:55:43.557,415.50351971792384,9
2024-09-18 13:55:43.567,415.4899456975942,103
2024-09-18 13:55:43.606,415.5130629590143,96
2024-09-18 13:55:43.609,415.5104178667915,6
2024-09-18 13:55:43.609,415.4711456747145,996
2024-09-18 13:55:43.650,415.4817178913548,1001
2024-09-18 13:55:43.652,415.5243320732705,1004
2024-09-18 13:55:43.753,415.4927380710912,995
2024-09-18 13:55:43.786,415.4988386680821,1000
2024-09-18 13:55:43.864,415.46871346643087,14
2024-09-18 13:55:43.883,415.4724273209889,97
2024-09-18 13:55:43.960,415.4821931518394,996
2024-09-18 13:55:43.961,415.5144183693496,15
2024-09-18 13:55:44.021,415.4309428858437,102
2024-09-18 13:55:44.069,415.4591613654969,995
2024-09-18 13:55:44.123,415.4469258014333,9
2024-09-18 13:55:44.130,415.4869974330547,997
2024-09-18 13:55:44.156,415.43542416713314,1002
2024-09-18 13:55:44.184,415.4500860900405,104
2024-09-18 13:55:44.201,415.454650847612,999
2024-09-18 13:55:44.262,415.4384931214126,9
2024-09-18 13:55:44.270,415.46247382759657,100
2024-09-18 13:55:44.337,-415.4607049745245,1005
2024-09-18 13:55:44.366,415.4812459842312,998
2024-09-18 13:55:44.394,415.48349963099287,101
2024-09-18 13:55:44.469,415.4507458320485,7
2024-09-18 13:55:44.473,415.4360774143853,15
2024-09-18 13:55:44.527,415.474957541599,6
2024-09-18 13:55:44.572,415.475322570198,98
2024-09-18 13:55:44.594,415.4281519999017,997
2024-09-18 13:55:44.606,415.4508508407381,1000
2024-09-18 13:55:44.619,415.4711248524716,8
2024-09-18 13:55:44.627,415.4388991538601,100
2024-09-18 13:55:44.668,415.4556963186761,995
2024-09-18 13:55:44.713,415.4849339828584,10
2024-09-18 13:55:44.716,415.4431663097873,999
2024-09-18 13:55:44.738,415.4469836389735,995
2024-09-18 13:55:44.768,415.4428630142886,15
2024-09-18 13:55:44.857,415.5028076939981,98
2024-09-18 13:55:44.870,415.4557362967426,1005
2024-09-18 13:55:44.905,415.4385404284551,100
2024-09-18 13:55:45.021,415.5111752652109,100
2024-09-18 13:55:45.043,,996
2024-09-18 13:55:45.059,415.45826169110086,9
2024-09-18 13:55:45.094,415.4409938463041,997
2024-09-18 13:55:45.158,415.4569265130094,105
2024-09-18 13:55:45.188,415.51584063068856,1003
2024-09-18 13:55:45.196,415.5181617732838,1003
2024-09-18 13:55:45.362,415.4706763645693,13
2024-09-18 13:55:45.547,415.4513589450332,12
2024-09-18 13:55:45.555,41.55065812150352,1003
2024-09-18 13:55:45.618,415.5368127426376,14
2024-09-18 13:55:45.687,415.5268587841721,996
2024-09-18 13:55:45.692,415.463123116137,7
2024-09-18 13:55:45.728,415.4847240206024,7
2024-09-18 13:55:45.849,415.5226857547066,10
2024-09-18 13:55:45.866,415.5133781846403,105
2024-09-18 13:55:45.867,415.5197279955961,102
2024-09-18 13:55:45.870,415.50524716809934,1004
2024-09-18 13:55:45.897,415.5360506505799,1001
2024-09-18 13:55:45.924,415.4679998578263,14
2024-09-18 13:55:45.930,415.4490489509936,1003
2024-09-18 13:55:45.960,415.5419537008111,998
2024-09-18 13:55:45.982,415.5016791064788,15
2024-09-18 13:55:45.998,415.5163882412741,996
2024-09-18 13:55:46.043,415.4787813987177,1001
2024-09-18 13:55:46.249,415.47651944144616,14
2024-09-18 13:55:46.291,415.4984593717306,1004
2024-09-18 13:55:46.395,415.50993356372,102
2024-09-18 13:55:46.579,415.4962158280928,1005
2024-09-18 13:55:46.816,415.4597465354283,96
2024-09-18 13:55:47.139,415.5998450791433,103
2024-09-18 13:55:47.236,415.512583891859,97
2024-09-18 13:55:47.250,415.5910714891377,6
2024-09-18 13:55:47.251,415.5528544381701,104
2024-09-18 13:55:47.327,415.5303776014805,10
2024-09-18 13:55:47.397,415.5882973176582,1003
2024-09-18 13:55:47.410,415.56672273560935,995
2024-09-18 13:55:47.419,415.5788412175111,99
2024-09-18 13:55:47.452,415.58549514162894,105
2024-09-18 13:55:47.528,415.51116515301527,102
2024-09-18 13:55:47.528,415.5089977594898,1001
2024-09-18 13:55:47.636,415.5476723129746,10
2024-09-18 13:55:47.683,415.5553808143516,98
2024-09-18 13:55:47.689,415.5035042310117,14
2024-09-18 13:55:47.762,415.5250764025098,996
2024-09-18 13:55:47.783,415.5712505845525,101
2024-09-18 13:55:47.915,415.53051357865706,11
2024-09-18 13:55:47.948,415.5326345413185,6
2024-09-18 13:55:48.037,415.6537838866407,999
2024-09-18 13:55:48.112,415.7078484319457,995
2024-09-18 13:55:48.162,415.64873807175536,96
2024-09-18 13:55:48.181,415.65851866501214,15
2024-09-18 13:55:48.206,415.6850357062166,98
2024-09-18 13:55:48.208,415.6219821233243,14
2024-09-18 13:55:48.232,415.64370305927207,1002
2024-09-18 13:55:48.302,415.6418066886132,96
2024-09-18 13:55:48.344,415.676031975456,97
2024-09-18 13:55:48.346,415.6769437261621,997
2024-09-18 13:55:48.347,415.6459381113922,1004
2024-09-18 13:55:48.360,415.7075736364558,6
2024-09-18 13:55:48.373,415.6183592054808,97
2024-09-18 13:55:48.442,415.6730883752074,13
2024-09-18 13:55:48.450,415.6054642682383,105
2024-09-18 13:55:48.460,415.6884140620203,1000
2024-09-18 13:55:48.487,415.69245972825183,1000
2024-09-18 13:55:48.507,415.66349253445946,99
2024-09-18 13:55:48.597,415.6879752831209,1005
2024-09-18 13:55:48.622,415.6180884287865,12
2024-09-18 13:55:48.642,415.6774371462021,103
2024-09-18 13:55:48.661,415.6782817455814,102
2024-09-18 13:55:48.685,415.7083901706364,97
2024-09-18 13:55:48.882,415.7050866758351,996
2024-09-18 13:55:48.889,415.6271799500482,1001
2024-09-18 13:55:49.014,415.7052363585591,996
2024-09-18 13:55:49.076,415.7374948727448,999
2024-09-18 13:55:49.085,415.716226681169,9
2024-09-18 13:55:49.407,415.7486838162882,1005
2024-09-18 13:55:49.601,415.74060795883537,99
2024-09-18 13:55:49.665,415.7366279006818,997
2024-09-18 13:55:49.669,415.7539275320541,99
2024-09-18 13:55:50.147,415.7291027971871,999
2024-09-18 13:55:50.211,41.571432200131184,999
2024-09-18 13:55:50.258,415.7255796372097,102
2024-09-18 13:55:50.310,415.7279702885215,10
2024-09-18 13:55:50.392,415.7033088249936,6
2024-09-18 13:55:50.397,415.7379804451908,999
2024-09-18 13:55:50.467,415.7137145062996,996
2024-09-18 13:55:50.511,415.7323628191986,996
2024-09-18 13:55:50.524,415.7516807037785,999
2024-09-18 13:55:50.532,415.708861409131,998
2024-09-18 13:55:50.576,415.7104169225738,99
2024-09-18 13:55:50.710,415.7030962954982,11
2024-09-18 13:55:50.715,415.7161718689437,1000
2024-09-18 13:55:50.719,415.7463781684585,102
2024-09-18 13:55:50.755,415.74056238054834,996
2024-09-18 13:55:50.927,415.7593045571053,995
2024-09-18 13:55:50.938,415.7111747706634,11
2024-09-18 13:55:50.943,415.7311701444405,99
2024-09-18 13:55:51.225,41.56886033848067,13
2024-09-18 13:55:51.724,415.692297680936,999
2024-09-18 13:55:51.817,415.695728687823,10
2024-09-18 13:55:51.895,415.6813016294254,1001
2024-09-18 13:55:51.927,415.6786756569449,998
2024-09-18 13:55:52.095,415.6633548901767,15
2024-09-18 13:55:52.166,415.610303081033,104
2024-09-18 13:55:52.215,415.66760426947934,97
2024-09-18 13:55:52.414,415.6659411553206,15
2024-09-18 13:55:52.465,415.64848175178815,13
2024-09-18 13:55:52.527,415.660517457608,97
2024-09-18 13:55:52.682,415.6681109299463,98
2024-09-18 13:55:52.704,415.620783871582,998
2024-09-18 13:55:52.733,415.6599343152869,101
2024-09-18 13:55:52.752,415.67088031189024,12
2024-09-18 13:55:52.788,415.6614092834672,6
2024-09-18 13:55:52.852,415.7050360659436,98
2024-09-18 13:55:52.890,415.6559169854021,101
2024-09-18 13:55:52.979,415.625512612244,101
2024-09-18 13:55:53.184,415.6396603694029,9
2024-09-18 13:55:53.419,415.6389418100371,8
2024-09-18 13:55:53.824,415.64429581890136,100
2024-09-18 13:55:53.930,415.6592122527557,96
2024-09-18 13:55:53.952,415.6331512617101,95
2024-09-18 13:55:54.080,415.68000058756,98
2024-09-18 13:55:54.090,415.684969135538,10
2024-09-18 13:55:54.096,415.67905417702207,98
2024-09-18 13:55:54.162,415.65778328790833,5
2024-09-18 13:55:54.281,415.66657596478456,998
2024-09-18 13:55:54.713,415.689985512751,6
2024-09-18 13:55:54.836,415.6674586568144,6
2024-09-18 13:55:55.408,415.66868775745024,103
2024-09-18 13:55:55.552,415.6662819469648,1005
2024-09-18 13:55:55.570,415.6637372216076,1004
2024-09-18 13:55:56.108,-415.669662275386,998
2024-09-18 13:55:56.153,415.6853152738682,998
2024-09-18 13:55:56.203,415.6943852215836,105
2024-09-18 13:55:56.227,415.6946253814151,97
2024-09-18 13:55:56.315,415.6799673573473,100
2024-09-18 13:55:56.333,415.62291474151385,13
2024-09-18 13:55:56.407,415.6100246309285,1000
2024-09-18 13:55:56.410,415.6407809625528,13
2024-09-18 13:55:56.414,415.6618720484144,1005
2024-09-18 13:55:56.485,415.6844400301175,99
2024-09-18 13:55:56.495,415.7025284334496,103
2024-09-18 13:55:56.498,415.6967997710344,1005
2024-09-18 13:55:56.605,415.6662259441357,97
2024-09-18 13:55:56.613,415.6700963174482,105
2024-09-18 13:55:56.853,415.67129922719874,6
2024-09-18 13:55:57.035,415.46960082723433,103
2024-09-18 13:55:57.039,415.48392899356406,7
2024-09-18 13:55:57.049,415.5849067470671,11
2024-09-18 13:55:57.155,415.58249024326864,6
2024-09-18 13:55:57.177,415.5750500304266,997
2024-09-18 13:55:57.241,415.506070176813,96
2024-09-18 13:55:57.244,415.5623091946663,103
2024-09-18 13:55:57.280,415.4886316353181,96
2024-09-18 13:55:57.297,415.5334250815373,1003
2024-09-18 13:55:57.311,415.51953930192457,1004
2024-09-18 13:55:57.350,415.4775038182812,995
2024-09-18 13:55:57.493,415.5131127845771,995
2024-09-18 13:55:57.584,415.5478076517477,1001
2024-09-18 13:55:57.676,415.47653339481553,95
2024-09-18 13:55:57.703,415.6001365183245,8
2024-09-18 13:55:57.743,415.5892526864556,9
2024-09-18 13:55:57.795,415.48244460899485,99
2024-09-18 13:55:57.850,415.6098087775544,11
2024-09-18 13:55:57.854,415.5738595605238,999
2024-09-18 13:55:57.888,415.4672642394333,15
2024-09-18 13:55:57.935,415.4890696245428,1003
2024-09-18 13:55:57.948,415.5915218176327,996
2024-09-18 13:55:58.092,415.4690048133649,13
2024-09-18 13:55:58.193,415.4981127348608,995
2024-09-18 13:55:58.329,415.5104643686146,1001
2024-09-18 13:55:58.343,415.5088261774311,1001
2024-09-18 13:55:58.433,415.4686095277102,1000
2024-09-18 13:55:58.592,,1003
2024-09-18 13:55:58.679,415.5083934577785,1001
2024-09-18 13:55:58.774,415.5091368560811,1002
