Timestamp,Price,Size
2024-09-16 13:02:00.306,416.5584441800765,998
2024-09-16 13:02:00.312,416.5624016922658,103
2024-09-16 13:02:00.336,416.542427909666,996
2024-09-16 13:02:00.618,416.5552040761887,97
2024-09-16 13:02:00.871,416.5706299027312,996
2024-09-16 13:02:01.001,416.5167270307074,104
2024-09-16 13:02:01.077,416.5059268178591,96
2024-09-16 13:02:01.111,416.52432324919073,95
2024-09-16 13:02:01.128,416.5255329548126,1003
2024-09-16 13:02:01.129,41.65171683708448,6
2024-09-16 13:02:01.234,416.4899744626241,996
2024-09-16 13:02:01.303,416.5252912713861,1005
2024-09-16 13:02:01.332,416.4912198669423,10
2024-09-16 13:02:01.466,416.5126671048727,995
2024-09-16 13:02:01.516,416.530333999023,6
2024-09-16 13:02:01.583,416.5350952934744,999
2024-09-16 13:02:01.617,416.50549892522594,95
2024-09-16 13:02:01.702,416.4885895667305,999
2024-09-16 13:02:01.735,416.5114549624191,996
2024-09-16 13:02:01.842,416.4898000632261,8
2024-09-16 13:02:01.843,,11
2024-09-16 13:02:01.866,416.5066583577406,1004
2024-09-16 13:02:01.878,416.5170629842461,1004
2024-09-16 13:02:02.037,416.53527908691575,100
2024-09-16 13:02:02.068,416.52423745889234,13
2024-09-16 13:02:02.130,416.5226910825792,1000
2024-09-16 13:02:02.161,416.51329228065725,8
2024-09-16 13:02:02.180,416.5371855592842,1004
2024-09-16 13:02:02.204,416.5048969105278,7
2024-09-16 13:02:02.232,416.5223914823155,5
2024-09-16 13:02:02.264,416.5112991800772,96
2024-09-16 13:02:02.288,416.4876865850951,999
2024-09-16 13:02:02.376,416.51285737406965,105
2024-09-16 13:02:02.473,416.5120668719322,104
2024-09-16 13:02:02.510,416.497382982155,10
2024-09-16 13:02:02.730,416.4992832002262,14
2024-09-16 13:02:02.747,416.5119278134978,14
2024-09-16 13:02:02.829,416.4801068905778,997
2024-09-16 13:02:02.874,416.5255302601615,8
2024-09-16 13:02:02.923,416.5098394133179,13
2024-09-16 13:02:02.953,416.4869189897777,101
2024-09-16 13:02:02.988,416.51800433874695,995
2024-09-16 13:02:02.992,416.50912808679794,105
2024-09-16 13:02:03.067,416.5466052934897,1002
2024-09-16 13:02:03.248,416.55157902568976,1000
2024-09-16 13:02:03.319,416.5502545857231,101
2024-09-16 13:02:03.398,416.5596142499855,97
2024-09-16 13:02:03.461,416.5575410138151,1003
2024-09-16 13:02:03.554,416.5608571336812,96
2024-09-16 13:02:03.595,416.5485742992359,13
2024-09-16 13:02:03.785,416.53157198389056,100
2024-09-16 13:02:03.797,416.5504524693344,101
2024-09-16 13:02:03.855,416.54259061668125,95
2024-09-16 13:02:03.856,416.5361667992106,14
2024-09-16 13:02:03.999,416.5754420937126,14
2024-09-16 13:02:04.036,416.590382829675,99
2024-09-16 13:02:04.063,416.5354573907325,105
2024-09-16 13:02:04.077,416.5585376040763,995
2024-09-16 13:02:04.143,416.5640515170858,8
2024-09-16 13:02:04.150,416.54396383253385,1003
2024-09-16 13:02:04.208,416.57958993416287,97
2024-09-16 13:02:04.224,416.5804283490499,10
2024-09-16 13:02:04.406,416.5748934980741,11
2024-09-16 13:02:04.492,416.5223860418839,97
2024-09-16 13:02:04.508,416.5932119206856,101
2024-09-16 13:02:04.536,416.5425790123272,104
2024-09-16 13:02:04.605,416.5842577972705,97
2024-09-16 13:02:04.633,416.58323755295874,95
2024-09-16 13:02:04.659,416.5284966929018,1003
2024-09-16 13:02:04.685,416.58479638700686,996
2024-09-16 13:02:04.767,416.5283963410552,10
2024-09-16 13:02:04.801,416.58897672921023,997
2024-09-16 13:02:04.881,416.5751209548778,15
2024-09-16 13:02:04.893,416.5476060157927,1003
2024-09-16 13:02:04.903,416.5854824606726,98
2024-09-16 13:02:04.955,416.5758009131852,13
2024-09-16 13:02:05.130,,1003
2024-09-16 13:02:05.579,416.63253991618905,14
2024-09-16 13:02:05.641,416.61362244389215,1003
2024-09-16 13:02:05.789,416.6527452425095,102
2024-09-16 13:02:06.021,416.6280081584722,99
2024-09-16 13:02:06.061,416.6593235324772,8
2024-09-16 13:02:06.100,416.67347741463055,1005
2024-09-16 13:02:06.164,416.6648443852888,12
2024-09-16 13:02:06.206,416.63944261980913,103
2024-09-16 13:02:06.250,416.6618445137938,12
2024-09-16 13:02:06.311,416.6232802953911,7
2024-09-16 13:02:06.371,416.666474466749,1002
2024-09-16 13:02:06.373,416.6065278024076,5
2024-09-16 13:02:06.412,416.6644595052903,100
2024-09-16 13:02:06.499,416.6466376103374,100
2024-09-16 13:02:06.557,416.6383577488224,12
2024-09-16 13:02:06.603,416.6073420333782,102
2024-09-16 13:02:06.694,416.61118102859234,98
2024-09-16 13:02:06.699,416.6419145279296,104
2024-09-16 13:02:06.795,416.6680699035463,104
2024-09-16 13:02:06.832,416.6797708411073,9
2024-09-16 13:02:06.882,416.6567819489659,1004
2024-09-16 13:02:06.907,416.6431220514615,1005
2024-09-16 13:02:06.928,416.65226626119454,999
2024-09-16 13:02:06.953,416.651056543309,100
2024-09-16 13:02:07.041,416.670527390877,6
2024-09-16 13:02:07.118,416.6636920999645,1005
2024-09-16 13:02:07.119,416.6686030910121,100
2024-09-16 13:02:07.137,416.61938905712566,101
2024-09-16 13:02:07.158,416.6517746982664,1003
2024-09-16 13:02:07.184,416.67276725567336,996
2024-09-16 13:02:07.187,416.6676068865324,105
2024-09-16 13:02:07.262,416.6837605339292,1003
2024-09-16 13:02:07.277,416.6610412562987,97
2024-09-16 13:02:07.355,416.6683053258937,14
2024-09-16 13:02:07.401,416.6659943146475,95
2024-09-16 13:02:07.467,416.67962896142456,5
2024-09-16 13:02:07.599,416.6529572976933,7
2024-09-16 13:02:07.622,416.65815774326967,1005
2024-09-16 13:02:07.647,416.6653107891409,14
2024-09-16 13:02:07.716,416.6714030848459,10
2024-09-16 13:02:07.734,416.679223529679,99
2024-09-16 13:02:07.742,416.67687137633226,1003
2024-09-16 13:02:07.758,416.6867109344575,1005
2024-09-16 13:02:07.836,416.6614420850213,95
2024-09-16 13:02:07.839,416.6756658002364,1000
2024-09-16 13:02:07.892,416.676380755969,1004
2024-09-16 13:02:07.954,416.6324864118461,96
2024-09-16 13:02:07.955,416.6632564866392,996
2024-09-16 13:02:08.053,416.6608718970769,101
2024-09-16 13:02:08.086,416.6569090912672,100
2024-09-16 13:02:08.161,416.6765261818612,9
2024-09-16 13:02:08.218,416.6348040828809,105
2024-09-16 13:02:08.218,416.6276135545849,998
2024-09-16 13:02:08.272,416.7028063379529,1004
2024-09-16 13:02:08.272,416.6654309239975,9
2024-09-16 13:02:08.277,416.6919463900895,96
2024-09-16 13:02:08.355,416.6475813130071,1001
2024-09-16 13:02:08.415,416.6582930433803,998
2024-09-16 13:02:08.470,416.6311774605396,1003
2024-09-16 13:02:08.499,416.6288876635323,999
2024-09-16 13:02:08.616,416.6303970288448,9
2024-09-16 13:02:08.620,416.67684910916375,5
2024-09-16 13:02:08.702,416.6685477463992,100
2024-09-16 13:02:08.761,416.6242154317172,13
2024-09-16 13:02:08.799,416.6536240302694,1005
2024-09-16 13:02:08.806,416.6309495652639,1003
2024-09-16 13:02:08.822,416.6411057482097,14
2024-09-16 13:02:08.844,416.6497310240908,10
2024-09-16 13:02:08.848,416.6193746584836,1002
2024-09-16 13:02:08.878,416.60900258560406,999
2024-09-16 13:02:08.910,416.6676687825832,997
2024-09-16 13:02:08.925,416.6865726468505,6
2024-09-16 13:02:08.932,416.6277442818548,99
2024-09-16 13:02:09.087,416.7455226631734,1005
2024-09-16 13:02:09.098,416.7427783551931,1004
2024-09-16 13:02:09.215,416.7189926355183,101
2024-09-16 13:02:09.229,416.7205638182414,12
2024-09-16 13:02:09.245,416.7048577817649,8
2024-09-16 13:02:09.259,416.7672568415866,103
2024-09-16 13:02:09.299,416.77165514628194,995
2024-09-16 13:02:09.331,416.7478699054139,7
2024-09-16 13:02:09.428,416.7502385958251,999
2024-09-16 13:02:09.490,416.7213734532732,995
2024-09-16 13:02:09.496,416.71440655009405,102
2024-09-16 13:02:09.573,416.7646041351499,15
2024-09-16 13:02:09.576,416.7247093794159,97
2024-09-16 13:02:09.636,416.7274027447464,10
2024-09-16 13:02:09.650,416.7286249631749,14
2024-09-16 13:02:09.658,416.73649025936817,996
2024-09-16 13:02:09.680,416.7216079063176,7
2024-09-16 13:02:09.703,416.74986403326767,96
2024-09-16 13:02:09.735,416.7720544278321,11
2024-09-16 13:02:09.781,416.73738026322326,104
2024-09-16 13:02:09.835,416.7350355505403,995
2024-09-16 13:02:09.890,416.70856961519513,15
2024-09-16 13:02:10.008,416.697217352578,998
2024-09-16 13:02:10.220,416.7070838393968,97
2024-09-16 13:02:10.262,416.730246527557,103
2024-09-16 13:02:10.278,416.6993133887526,98
2024-09-16 13:02:10.356,416.6734172035863,1004
2024-09-16 13:02:10.720,416.7067669073417,1004
2024-09-16 13:02:11.067,416.6290530721972,105
2024-09-16 13:02:11.106,416.6196847651755,11
2024-09-16 13:02:11.145,416.6225434947131,95
2024-09-16 13:02:11.191,416.6410545197849,95
2024-09-16 13:02:11.194,416.6731843553897,15
2024-09-16 13:02:11.196,416.6295725871525,95
2024-09-16 13:02:11.253,416.60769875301565,9
2024-09-16 13:02:11.335,416.6244342334615,100
2024-09-16 13:02:11.478,416.671472220614,7
2024-09-16 13:02:11.557,416.616379488785,12
2024-09-16 13:02:11.616,416.6113761889324,12
2024-09-16 13:02:11.640,416.6845614384481,105
2024-09-16 13:02:11.733,416.6572489466786,1000
2024-09-16 13:02:11.829,416.6170866333929,104
2024-09-16 13:02:11.839,416.6302743746904,100
2024-09-16 13:02:11.841,416.6157933247624,96
2024-09-16 13:02:11.911,416.62451756947854,14
2024-09-16 13:02:11.917,416.6727180698107,999
2024-09-16 13:02:13.162,416.5870781458243,995
2024-09-16 13:02:13.228,416.6123562787076,1004
2024-09-16 13:02:13.259,416.6205461390473,15
2024-09-16 13:02:13.353,416.6072857564629,15
2024-09-16 13:02:13.448,416.62145122445855,99
2024-09-16 13:02:13.455,416.60787514816906,1003
2024-09-16 13:02:13.464,416.6289455249004,1004
2024-09-16 13:02:13.472,416.5870100959152,11
2024-09-16 13:02:13.583,416.6082963711716,100
2024-09-16 13:02:13.587,416.5832937376936,1001
2024-09-16 13:02:13.656,416.6254327156631,7
2024-09-16 13:02:13.892,416.63233208856354,1001
2024-09-16 13:02:13.939,,5
2024-09-16 13:02:14.011,416.6099170548456,998
2024-09-16 13:02:14.034,416.6258493721768,1001
2024-09-16 13:02:14.058,416.6085082533869,15
2024-09-16 13:02:14.072,416.63899425445567,7
2024-09-16 13:02:14.097,416.6106817958709,98
2024-09-16 13:02:14.180,416.6401552004518,998
2024-09-16 13:02:14.289,416.6013684859675,10
2024-09-16 13:02:14.319,416.6009597695426,13
2024-09-16 13:02:14.393,416.6343263136306,1002
2024-09-16 13:02:14.459,41.66102723357061,9
2024-09-16 13:02:14.515,416.64391862489725,1001
2024-09-16 13:02:14.536,416.6303612862241,98
2024-09-16 13:02:14.537,416.6237732070071,12
2024-09-16 13:02:14.546,416.6307396840408,105
2024-09-16 13:02:14.548,416.6357695527232,15
2024-09-16 13:02:14.676,416.6021802464894,1000
2024-09-16 13:02:14.729,416.6178327477263,103
2024-09-16 13:02:14.756,416.6291657398951,1000
2024-09-16 13:02:14.784,416.6268581420426,10
2024-09-16 13:02:14.793,416.6273864207525,12
2024-09-16 13:02:14.900,41.66382564814173,10
2024-09-16 13:02:14.922,416.6342092896412,103
2024-09-16 13:02:14.975,416.61640075346617,995
2024-09-16 13:02:15.030,416.5915355365995,97
2024-09-16 13:02:15.120,416.5998876162864,1000
2024-09-16 13:02:15.974,416.60211466148775,12
2024-09-16 13:02:16.137,416.590764480245,7
2024-09-16 13:02:16.172,416.58999611249664,997
2024-09-16 13:02:16.224,416.5782111731593,10
2024-09-16 13:02:16.271,416.5806627328199,6
2024-09-16 13:02:16.348,416.5854955826863,996
2024-09-16 13:02:16.385,416.603815447736,97
2024-09-16 13:02:16.445,416.5621688638777,103
2024-09-16 13:02:16.471,416.5954249081624,101
2024-09-16 13:02:16.520,416.59719406607456,100
2024-09-16 13:02:16.619,416.5879178827166,6
2024-09-16 13:02:16.623,416.58422349767295,1001
2024-09-16 13:02:16.671,416.5998247255174,997
2024-09-16 13:02:16.734,416.5702377981076,13
2024-09-16 13:02:16.869,416.5909249145806,5
2024-09-16 13:02:16.881,416.59056644620426,102
2024-09-16 13:02:16.919,416.61259899619927,97
2024-09-16 13:02:17.057,416.5599855904455,997
2024-09-16 13:02:17.074,416.5381342094802,999
2024-09-16 13:02:17.074,416.5564485014397,102
2024-09-16 13:02:17.104,416.56139105348007,13
2024-09-16 13:02:17.132,416.5541302746478,999
2024-09-16 13:02:17.189,416.5671362817534,12
2024-09-16 13:02:17.226,416.54452177946496,996
2024-09-16 13:02:17.257,416.5523600821845,105
2024-09-16 13:02:17.300,416.5406567164045,104
2024-09-16 13:02:17.317,416.5457944467791,9
2024-09-16 13:02:17.453,416.544880137463,99
2024-09-16 13:02:17.544,416.5561893514338,996
2024-09-16 13:02:17.556,416.568874952839,99
2024-09-16 13:02:17.639,416.5559148702336,99
2024-09-16 13:02:17.805,416.5678004846558,1002
2024-09-16 13:02:17.835,416.5631431907464,104
2024-09-16 13:02:17.864,416.5749869778625,998
2024-09-16 13:02:17.908,416.5606212631942,100
2024-09-16 13:02:17.936,416.570719396593,104
2024-09-16 13:02:17.959,416.5626512466879,96
2024-09-16 13:02:18.027,416.59345688283946,1004
2024-09-16 13:02:18.124,416.6416691337284,15
2024-09-16 13:02:18.136,416.649287173892,998
2024-09-16 13:02:18.171,416.5993845713557,995
2024-09-16 13:02:18.196,416.6217459630729,12
2024-09-16 13:02:18.203,,9
2024-09-16 13:02:18.314,416.563404471886,10
2024-09-16 13:02:18.385,416.58500699727085,9
2024-09-16 13:02:18.620,416.54861372104,9
2024-09-16 13:02:18.715,416.5598778985778,1003
2024-09-16 13:02:18.770,416.5637281035069,7
2024-09-16 13:02:18.789,416.64096709296433,96
2024-09-16 13:02:18.958,416.5947152106199,96
2024-09-16 13:02:19.053,41.66657039570024,9
2024-09-16 13:02:19.066,416.69489840395175,1005
2024-09-16 13:02:19.081,416.6399842500384,998
2024-09-16 13:02:19.092,416.6529893941305,15
2024-09-16 13:02:19.138,416.628977352152,8
2024-09-16 13:02:19.158,416.6706573873431,95
2024-09-16 13:02:19.193,416.6422675107748,13
2024-09-16 13:02:19.194,416.66991697406246,101
2024-09-16 13:02:19.204,416.6955227009952,1001
2024-09-16 13:02:19.207,416.6391272679097,104
2024-09-16 13:02:19.444,416.6582323699256,997
2024-09-16 13:02:19.516,416.6905801972989,11
2024-09-16 13:02:19.791,416.6262238419259,11
2024-09-16 13:02:19.827,416.69951919907805,12
2024-09-16 13:02:19.880,416.7018090622967,101
2024-09-16 13:02:20.041,416.6617389383637,14
2024-09-16 13:02:20.045,416.65616767954697,100
2024-09-16 13:02:20.120,416.6490842987084,105
2024-09-16 13:02:20.180,416.6507845363136,999
2024-09-16 13:02:20.253,416.6774998467265,97
2024-09-16 13:02:20.262,416.68044797524624,11
2024-09-16 13:02:20.322,416.71409671164895,6
2024-09-16 13:02:20.639,416.6591270215504,1004
2024-09-16 13:02:20.656,416.6849004704105,1001
2024-09-16 13:02:20.687,416.6879284077067,101
2024-09-16 13:02:20.838,416.7002463402424,96
2024-09-16 13:02:20.873,416.6606519758976,10
2024-09-16 13:02:20.914,416.67651355827405,1005
2024-09-16 13:02:21.013,416.71223236274494,13
2024-09-16 13:02:21.054,416.7048659494032,1001
2024-09-16 13:02:21.190,416.7272596516739,1000
2024-09-16 13:02:21.289,416.71034945356297,9
2024-09-16 13:02:21.340,416.7120496334304,14
2024-09-16 13:02:21.341,416.7000764770857,9
2024-09-16 13:02:21.564,416.6963101408597,102
2024-09-16 13:02:21.602,416.6924122748006,105
2024-09-16 13:02:21.609,416.7067578342241,98
2024-09-16 13:02:21.663,416.6862665506087,9
2024-09-16 13:02:21.735,416.7058921473003,5
2024-09-16 13:02:21.750,416.7036160107953,97
2024-09-16 13:02:21.948,416.6832415680678,6
2024-09-16 13:02:21.991,416.68582906913207,1004
2024-09-16 13:02:21.992,416.68022618252985,102
2024-09-16 13:02:22.054,416.7898719213906,5
2024-09-16 13:02:22.056,416.7639611056356,6
2024-09-16 13:02:22.058,416.7193844238682,10
2024-09-16 13:02:22.064,416.7663264101536,13
2024-09-16 13:02:22.089,416.7615413254256,997
2024-09-16 13:02:22.218,416.7731599108256,9
2024-09-16 13:02:22.248,41.67119699962405,13
2024-09-16 13:02:22.258,416.7554345084158,15
2024-09-16 13:02:22.298,416.7429087964307,14
2024-09-16 13:02:22.300,416.71903565540686,998
2024-09-16 13:02:22.389,416.78202938648417,10
2024-09-16 13:02:22.400,416.77472742470906,9
2024-09-16 13:02:22.586,416.7877931340431,96
2024-09-16 13:02:22.626,416.7107134381495,96
2024-09-16 13:02:22.634,416.7327994751168,12
2024-09-16 13:02:22.653,416.7189442843373,96
2024-09-16 13:02:22.659,416.7621075406508,100
2024-09-16 13:02:22.715,416.7906388165007,8
2024-09-16 13:02:22.906,416.75455518638927,999
2024-09-16 13:02:22.906,416.7726213629246,97
2024-09-16 13:02:22.927,416.7861782878619,12
2024-09-16 13:02:22.989,416.7626579685936,103
2024-09-16 13:02:23.007,416.758768929362,98
2024-09-16 13:02:23.018,416.7519464585187,997
2024-09-16 13:02:23.021,416.7561618410406,101
2024-09-16 13:02:23.037,416.7581505090744,997
2024-09-16 13:02:23.189,416.74992300926607,9
2024-09-16 13:02:23.236,416.7469663231586,1002
2024-09-16 13:02:23.254,416.7610594529218,1004
2024-09-16 13:02:23.264,416.7447647288787,995
2024-09-16 13:02:23.275,416.76275815143777,13
2024-09-16 13:02:23.352,416.7559307410073,6
2024-09-16 13:02:23.387,416.7456741230373,95
2024-09-16 13:02:23.597,416.7481875895134,995
2024-09-16 13:02:23.728,416.74945656848826,1002
2024-09-16 13:02:23.740,416.74734671084366,15
2024-09-16 13:02:23.836,416.74117510023706,10
2024-09-16 13:02:23.851,416.73552055307727,1005
2024-09-16 13:02:23.866,416.7511852691004,14
2024-09-16 13:02:23.946,416.74557212772544,13
2024-09-16 13:02:23.971,416.7803659478862,105
2024-09-16 13:02:24.022,416.7405708407388,102
2024-09-16 13:02:24.055,416.74469363130834,999
2024-09-16 13:02:24.071,416.7241395456809,996
2024-09-16 13:02:24.086,416.7562890718228,1003
2024-09-16 13:02:24.087,416.78229939927417,1005
2024-09-16 13:02:24.129,416.736486118074,1003
2024-09-16 13:02:24.130,416.74809276401726,996
2024-09-16 13:02:24.146,416.733948258584,998
2024-09-16 13:02:24.159,416.7465315080755,998
2024-09-16 13:02:24.189,416.7798285515064,1001
2024-09-16 13:02:24.291,416.7807855032563,10
2024-09-16 13:02:24.299,416.7380444071398,95
2024-09-16 13:02:24.341,416.7220353952791,99
2024-09-16 13:02:24.364,416.7522179405306,1002
2024-09-16 13:02:24.374,416.7838021297133,13
2024-09-16 13:02:24.404,416.7405048407552,998
2024-09-16 13:02:24.444,-416.79320204611696,996
2024-09-16 13:02:24.475,416.777546793403,100
2024-09-16 13:02:24.550,416.7309459511313,1000
2024-09-16 13:02:24.612,416.74208491102456,104
2024-09-16 13:02:24.658,416.783419302465,8
2024-09-16 13:02:24.749,416.7722419734853,104
2024-09-16 13:02:24.801,416.7257385655017,104
2024-09-16 13:02:24.889,416.7268715068225,11
2024-09-16 13:02:24.895,416.7515559249986,102
2024-09-16 13:02:24.915,416.7319912256242,99
2024-09-16 13:02:24.971,416.7355038506401,999
2024-09-16 13:02:24.973,416.7409483111645,9
2024-09-16 13:02:25.071,416.6846678493385,12
2024-09-16 13:02:25.089,416.6744174279312,5
2024-09-16 13:02:25.106,416.6911151405114,1003
2024-09-16 13:02:25.112,416.684046992222,1004
2024-09-16 13:02:25.136,416.6973563115891,104
2024-09-16 13:02:25.176,416.7076494195184,104
2024-09-16 13:02:25.226,416.6572859782382,1003
2024-09-16 13:02:25.283,416.73430192196366,997
2024-09-16 13:02:25.447,416.66178346066766,1004
2024-09-16 13:02:25.472,416.6845399833701,5
2024-09-16 13:02:25.506,416.6984347020032,1001
2024-09-16 13:02:25.566,416.67495648304856,97
2024-09-16 13:02:25.581,416.7127799323085,102
2024-09-16 13:02:25.617,416.6678761490486,999
2024-09-16 13:02:25.700,416.6815560081704,999
2024-09-16 13:02:25.701,416.67539297539633,1005
2024-09-16 13:02:25.730,416.71088902649205,10
2024-09-16 13:02:25.739,416.6568028800593,10
2024-09-16 13:02:25.752,416.6614418310859,1000
2024-09-16 13:02:25.807,416.6690742379456,101
2024-09-16 13:02:25.818,416.7043673226765,1002
2024-09-16 13:02:25.868,416.6656190519722,997
2024-09-16 13:02:25.878,416.6613147633127,997
2024-09-16 13:02:25.918,416.6649913501986,100
2024-09-16 13:02:25.974,416.7175010783965,10
2024-09-16 13:02:25.996,416.6902207874709,5
2024-09-16 13:02:26.271,416.6318610722324,100
2024-09-16 13:02:26.316,416.6596700108318,996
2024-09-16 13:02:26.374,416.6406846351545,999
2024-09-16 13:02:26.384,416.6410801839811,102
2024-09-16 13:02:26.407,416.6419033772083,15
2024-09-16 13:02:26.412,416.6501427690321,105
2024-09-16 13:02:26.955,416.64102720246734,995
2024-09-16 13:02:27.071,416.62288608648566,7
2024-09-16 13:02:27.139,416.6300220706416,6
2024-09-16 13:02:27.271,416.6320034293437,998
2024-09-16 13:02:27.357,416.61669630606906,96
2024-09-16 13:02:27.359,416.62594337576473,1002
2024-09-16 13:02:27.396,416.6388266004892,99
2024-09-16 13:02:27.444,416.6143905632636,1001
2024-09-16 13:02:27.452,,99
2024-09-16 13:02:27.464,416.60406236790993,104
2024-09-16 13:02:27.496,416.60169378200754,11
2024-09-16 13:02:27.500,416.6321609256975,98
2024-09-16 13:02:27.512,416.61935746269785,102
2024-09-16 13:02:27.672,416.627405161643,996
2024-09-16 13:02:27.687,416.5999840535394,10
2024-09-16 13:02:27.688,416.6299377363289,6
2024-09-16 13:02:27.702,416.6062612467077,104
2024-09-16 13:02:27.738,416.608010655532,13
2024-09-16 13:02:27.772,416.6155045239672,101
2024-09-16 13:02:27.778,416.6155838615512,101
2024-09-16 13:02:27.878,416.6086021036052,8
2024-09-16 13:02:27.945,416.6299017953465,95
2024-09-16 13:02:27.960,416.60951290050775,101
2024-09-16 13:02:27.961,416.61860640488567,105
2024-09-16 13:02:28.367,416.6033863016221,99
2024-09-16 13:02:28.416,416.5922405552408,7
2024-09-16 13:02:29.013,416.47363431903176,9
2024-09-16 13:02:29.085,416.52744919750296,999
2024-09-16 13:02:29.128,416.5296036015274,97
2024-09-16 13:02:29.184,416.48984024282646,97
2024-09-16 13:02:29.269,,98
2024-09-16 13:02:29.319,416.5137767805121,105
2024-09-16 13:02:29.341,416.5188961818185,999
2024-09-16 13:02:29.360,416.5013499454196,1004
2024-09-16 13:02:29.424,416.4720610929636,99
2024-09-16 13:02:29.521,416.5502721057722,996
2024-09-16 13:02:29.531,416.49384636673153,14
2024-09-16 13:02:29.536,416.5221689966537,996
2024-09-16 13:02:29.543,416.495137165735,100
2024-09-16 13:02:29.560,416.4878361227691,5
2024-09-16 13:02:29.578,416.5253068195188,11
2024-09-16 13:02:29.638,416.4949771224669,98
2024-09-16 13:02:29.675,416.4870352385376,13
2024-09-16 13:02:29.716,416.50052837121456,14
2024-09-16 13:02:29.736,416.5682915808035,1003
2024-09-16 13:02:29.760,-416.4910575210977,12
2024-09-16 13:02:29.769,416.5212535043629,13
2024-09-16 13:02:29.904,416.51009161723647,1003
2024-09-16 13:02:29.986,416.5203896054184,103
2024-09-16 13:02:30.094,416.4927798599238,1004
2024-09-16 13:02:30.125,416.5060566708677,13
2024-09-16 13:02:30.144,416.5087862906844,10
2024-09-16 13:02:30.190,416.4674408899359,102
2024-09-16 13:02:30.274,416.5111632315064,11
2024-09-16 13:02:30.333,416.5191153970489,14
2024-09-16 13:02:30.350,-416.4841755715402,105
2024-09-16 13:02:30.360,416.4967120686501,1000
2024-09-16 13:02:30.437,416.491821966388,997
2024-09-16 13:02:30.489,416.4799060663144,13
2024-09-16 13:02:30.514,416.4937627726184,1000
2024-09-16 13:02:30.607,416.5386224158138,10
2024-09-16 13:02:30.620,-416.494127948937,95
2024-09-16 13:02:30.675,416.4984596898072,95
2024-09-16 13:02:30.749,416.5376590049988,102
2024-09-16 13:02:30.883,416.5082988634211,998
2024-09-16 13:02:30.900,416.4923790444086,15
2024-09-16 13:02:30.969,416.5261559046187,99
2024-09-16 13:02:32.401,416.4806125394907,1001
2024-09-16 13:02:33.042,416.4844520113731,102
2024-09-16 13:02:33.324,416.47542406948526,1001
2024-09-16 13:02:33.383,416.4716099642825,11
2024-09-16 13:02:33.416,416.4579446978482,9
2024-09-16 13:02:33.494,416.4765828902432,10
2024-09-16 13:02:33.581,416.48264707424016,997
2024-09-16 13:02:33.640,416.46035895262906,13
2024-09-16 13:02:33.703,416.4948275278289,14
2024-09-16 13:02:33.729,416.4871568440569,1004
2024-09-16 13:02:33.826,416.4553961682839,1002
2024-09-16 13:02:33.903,416.4613485226031,5
2024-09-16 13:02:33.915,416.44296920155045,1001
2024-09-16 13:02:33.955,416.47461544733625,7
2024-09-16 13:02:33.987,416.4602635938452,101
2024-09-16 13:02:34.000,416.3741632406556,7
2024-09-16 13:02:34.072,416.3895120411384,1000
2024-09-16 13:02:34.107,416.40365491373177,96
2024-09-16 13:02:34.167,416.3818205078916,5
2024-09-16 13:02:34.175,416.3877376772255,102
2024-09-16 13:02:34.221,416.3928275846668,997
2024-09-16 13:02:34.223,416.3716177969517,95
2024-09-16 13:02:34.248,416.400856756279,8
2024-09-16 13:02:34.249,416.4173968742776,15
2024-09-16 13:02:34.283,416.4402120467707,7
2024-09-16 13:02:34.336,416.40546898264586,5
2024-09-16 13:02:34.378,416.399842167923,14
2024-09-16 13:02:34.379,416.4121253642268,1001
2024-09-16 13:02:34.517,416.37455560275794,8
2024-09-16 13:02:34.556,416.3822082518902,999
2024-09-16 13:02:34.604,416.4428446752679,11
2024-09-16 13:02:34.609,416.4369086936511,104
2024-09-16 13:02:34.610,416.386736236993,6
2024-09-16 13:02:34.658,416.4381183390911,12
2024-09-16 13:02:34.667,416.39214860768783,98
2024-09-16 13:02:34.774,416.3974786192818,104
2024-09-16 13:02:35.047,416.3713887633295,7
2024-09-16 13:02:35.081,416.3619742458164,15
2024-09-16 13:02:35.172,416.3874839548892,13
2024-09-16 13:02:35.211,416.3664330913372,997
2024-09-16 13:02:35.315,416.36174619241206,1001
2024-09-16 13:02:35.395,416.3484904172066,96
2024-09-16 13:02:35.440,416.3641907418686,995
2024-09-16 13:02:35.447,416.379755947468,105
2024-09-16 13:02:35.486,416.3545049726917,1000
2024-09-16 13:02:35.489,416.3697453212866,14
2024-09-16 13:02:35.524,416.3827038051779,6
2024-09-16 13:02:35.531,416.356152855085,997
2024-09-16 13:02:35.534,416.3695360178223,102
2024-09-16 13:02:35.535,416.36838637737446,1000
2024-09-16 13:02:35.536,416.34741963406447,1002
2024-09-16 13:02:35.544,416.3738771535622,102
2024-09-16 13:02:35.614,416.3865949046488,1005
2024-09-16 13:02:35.680,416.36803325247325,102
2024-09-16 13:02:35.681,416.3628133862002,1002
2024-09-16 13:02:35.682,416.3770371209913,8
2024-09-16 13:02:35.710,416.3679933072084,6
2024-09-16 13:02:35.752,416.350726292977,12
2024-09-16 13:02:35.792,416.3770032217598,102
2024-09-16 13:02:35.827,416.3855755398365,1002
2024-09-16 13:02:35.958,416.3708296774929,102
2024-09-16 13:02:35.967,416.3797068879637,8
2024-09-16 13:02:35.972,416.36218480418825,13
2024-09-16 13:02:36.078,416.3629998787471,104
2024-09-16 13:02:36.244,416.3620310799519,1004
2024-09-16 13:02:36.251,416.3650680731124,99
2024-09-16 13:02:36.560,416.36838789029207,98
2024-09-16 13:02:36.567,416.36869668680174,95
2024-09-16 13:02:36.631,416.3719849889808,99
2024-09-16 13:02:36.658,416.3584134768794,9
2024-09-16 13:02:36.717,416.3582330790191,1004
2024-09-16 13:02:36.801,416.368715803493,102
2024-09-16 13:02:37.063,416.2783361154176,98
2024-09-16 13:02:37.207,416.3483329277691,1000
2024-09-16 13:02:37.293,416.2391246897882,100
2024-09-16 13:02:37.384,,5
2024-09-16 13:02:37.397,416.2244581896542,98
2024-09-16 13:02:37.512,416.2593641174697,9
2024-09-16 13:02:37.590,416.3353758442166,13
2024-09-16 13:02:37.621,416.3643984983425,95
2024-09-16 13:02:37.643,416.22485044792086,997
2024-09-16 13:02:37.773,416.30157441147,998
2024-09-16 13:02:37.777,416.3260198500532,995
2024-09-16 13:02:37.864,416.354653695469,98
2024-09-16 13:02:37.917,416.3317739236529,5
2024-09-16 13:02:37.958,416.2810949051728,104
2024-09-16 13:02:37.966,416.2252598639653,12
2024-09-16 13:02:37.970,416.2474551806523,8
2024-09-16 13:02:38.001,416.28511157376334,13
2024-09-16 13:02:38.039,416.2762812753446,101
2024-09-16 13:02:38.041,416.24918627071673,999
2024-09-16 13:02:38.054,416.2986297204332,1000
2024-09-16 13:02:38.146,416.27083581570406,11
2024-09-16 13:02:38.167,416.26954892466114,14
2024-09-16 13:02:38.170,416.2790959665194,7
2024-09-16 13:02:38.185,416.2939070131975,103
2024-09-16 13:02:38.196,416.2598210017325,1005
2024-09-16 13:02:38.205,416.2967036372706,1004
2024-09-16 13:02:38.292,416.2767312800955,1005
2024-09-16 13:02:38.327,416.3089065487249,14
2024-09-16 13:02:38.503,416.2548198435071,1002
2024-09-16 13:02:38.547,416.2720761525253,99
2024-09-16 13:02:38.565,416.290224459964,13
2024-09-16 13:02:38.612,416.27584968313965,99
2024-09-16 13:02:38.703,416.27677154663206,104
2024-09-16 13:02:38.705,416.2781277721651,7
2024-09-16 13:02:38.721,416.2681375886098,96
2024-09-16 13:02:38.762,416.3305545866044,101
2024-09-16 13:02:38.767,416.2749614701944,6
2024-09-16 13:02:39.093,416.30688503980775,1000
2024-09-16 13:02:39.204,416.29708822028863,6
2024-09-16 13:02:39.261,416.302522946746,12
2024-09-16 13:02:39.284,,102
2024-09-16 13:02:39.420,416.322463440662,7
2024-09-16 13:02:39.465,-416.2769656529314,96
2024-09-16 13:02:39.619,416.2853178197688,1004
2024-09-16 13:02:39.662,416.3042595979762,1003
2024-09-16 13:02:39.665,416.3423776809523,1000
2024-09-16 13:02:39.681,416.34564519451646,104
2024-09-16 13:02:39.681,416.276285186793,995
2024-09-16 13:02:39.824,416.2619901063276,99
2024-09-16 13:02:39.982,416.2740751134443,14
2024-09-16 13:02:40.024,416.3783834764256,101
2024-09-16 13:02:40.267,416.3228905568652,997
2024-09-16 13:02:40.331,416.3412044403405,1002
2024-09-16 13:02:40.356,416.344523007536,95
2024-09-16 13:02:40.388,416.4065846363536,1002
2024-09-16 13:02:40.393,416.3729526751111,95
2024-09-16 13:02:40.407,416.34743122308487,5
2024-09-16 13:02:40.437,416.36757750823386,9
2024-09-16 13:02:40.475,416.43932221292346,1002
2024-09-16 13:02:40.544,416.4182040955282,13
2024-09-16 13:02:40.638,416.3332170142573,95
2024-09-16 13:02:40.740,416.3354520593728,1002
2024-09-16 13:02:40.826,416.336498354658,96
2024-09-16 13:02:40.838,416.4307477537428,9
2024-09-16 13:02:40.846,416.336050035074,102
2024-09-16 13:02:40.994,416.4281174979621,15
2024-09-16 13:02:41.042,416.402315630563,9
2024-09-16 13:02:41.043,416.4022285031525,96
2024-09-16 13:02:41.071,416.4211087215692,1002
2024-09-16 13:02:41.160,416.4099175981975,9
2024-09-16 13:02:41.162,416.40882527798624,1002
2024-09-16 13:02:41.253,416.421399445797,998
2024-09-16 13:02:41.317,416.415677590935,100
2024-09-16 13:02:41.338,416.4352480994706,1005
2024-09-16 13:02:41.349,416.4105989686802,104
2024-09-16 13:02:41.377,416.4082318784364,97
2024-09-16 13:02:41.417,416.4194963670548,7
2024-09-16 13:02:41.441,416.4047863846968,14
2024-09-16 13:02:41.474,416.408827650123,102
2024-09-16 13:02:41.506,416.4134634070702,1005
2024-09-16 13:02:41.507,-416.44229061839735,96
2024-09-16 13:02:41.630,416.41087103744167,6
2024-09-16 13:02:41.634,416.413171298353,10
2024-09-16 13:02:41.683,416.42766711131327,1000
2024-09-16 13:02:41.745,416.3876309868606,1003
2024-09-16 13:02:41.781,416.3951659870961,1003
2024-09-16 13:02:41.799,416.4472370270522,96
2024-09-16 13:02:41.850,416.4100376755748,1004
2024-09-16 13:02:41.918,416.4113886595746,99
2024-09-16 13:02:41.944,416.4273664382063,998
2024-09-16 13:02:41.978,416.4247942732982,999
2024-09-16 13:02:41.979,416.40225211046186,997
2024-09-16 13:02:42.001,416.37587250840215,1000
2024-09-16 13:02:42.021,416.3636525052653,96
2024-09-16 13:02:42.068,416.3714105670122,7
2024-09-16 13:02:42.096,416.37126959315583,5
2024-09-16 13:02:42.181,416.4083366369685,15
2024-09-16 13:02:42.349,416.4100997199485,102
2024-09-16 13:02:42.683,416.3945153500278,95
2024-09-16 13:02:42.713,416.3878145573912,101
2024-09-16 13:02:42.809,416.3869927227152,1002
2024-09-16 13:02:42.902,416.4149182495049,6
2024-09-16 13:02:42.961,416.4006728422577,95
2024-09-16 13:02:44.342,416.3844819138136,15
2024-09-16 13:02:44.343,416.37849177791696,1003
2024-09-16 13:02:44.447,416.3883947058577,7
2024-09-16 13:02:44.663,416.38128101493214,10
2024-09-16 13:02:45.014,416.4685872626801,1002
2024-09-16 13:02:45.040,416.4517846232439,1002
2024-09-16 13:02:45.085,416.4790333107381,1001
2024-09-16 13:02:45.133,416.51267809374434,998
2024-09-16 13:02:45.142,,11
2024-09-16 13:02:45.197,416.5045528027444,7
2024-09-16 13:02:45.269,416.4576676187276,100
2024-09-16 13:02:45.304,416.4309267547204,995
2024-09-16 13:02:45.336,416.5352838792787,13
2024-09-16 13:02:45.349,416.467028834344,15
2024-09-16 13:02:45.385,416.4986309786604,997
2024-09-16 13:02:45.447,416.3997425310743,997
2024-09-16 13:02:45.461,416.4626342956366,105
2024-09-16 13:02:45.495,416.42484385295415,10
2024-09-16 13:02:45.513,416.44249737952,6
2024-09-16 13:02:45.551,416.4544537570698,1001
2024-09-16 13:02:45.669,416.51037104547794,95
2024-09-16 13:02:45.698,416.4732696343851,8
2024-09-16 13:02:45.755,416.45747154134295,10
2024-09-16 13:02:45.771,416.4679846710812,103
2024-09-16 13:02:45.793,416.49223511895855,101
2024-09-16 13:02:45.831,416.49577967192766,1001
2024-09-16 13:02:45.866,416.4039995679745,97
2024-09-16 13:02:45.924,416.5198948292248,98
2024-09-16 13:02:45.988,416.53293450355113,1002
2024-09-16 13:02:46.080,416.45282152661633,99
2024-09-16 13:02:46.206,416.4393439233557,998
2024-09-16 13:02:46.286,416.4376345105448,105
2024-09-16 13:02:46.344,416.46427787679016,14
2024-09-16 13:02:46.362,416.47249704122936,7
2024-09-16 13:02:46.372,416.4696840035716,1003
2024-09-16 13:02:46.419,416.4456022480983,9
2024-09-16 13:02:46.472,416.4608077509522,996
2024-09-16 13:02:46.501,416.4158168572114,13
2024-09-16 13:02:46.665,416.4579943144527,102
2024-09-16 13:02:46.891,416.4500561050436,100
2024-09-16 13:02:46.892,416.41350943560366,12
2024-09-16 13:02:47.039,416.3722287570049,1001
2024-09-16 13:02:47.111,416.4008788682463,100
2024-09-16 13:02:47.146,416.3619966797314,100
2024-09-16 13:02:47.182,416.3688213626914,6
2024-09-16 13:02:47.201,416.412810930415,5
2024-09-16 13:02:47.234,416.4103420025684,105
2024-09-16 13:02:47.262,-416.347198308957,103
2024-09-16 13:02:47.281,416.3246480321917,8
2024-09-16 13:02:47.291,416.36866572564224,1004
2024-09-16 13:02:47.308,416.3948274357084,96
2024-09-16 13:02:47.338,416.3168958976424,15
2024-09-16 13:02:47.342,416.3856982300827,15
2024-09-16 13:02:47.425,416.4040036267853,1000
2024-09-16 13:02:47.433,416.3350074819372,101
2024-09-16 13:02:47.468,416.3219652035892,7
2024-09-16 13:02:47.469,416.4006786651566,996
2024-09-16 13:02:47.485,416.3364521507275,998
2024-09-16 13:02:47.489,416.4096665004864,1003
2024-09-16 13:02:47.489,416.3504168121953,11
2024-09-16 13:02:47.688,416.3546756499056,8
2024-09-16 13:02:47.771,416.3972462999326,101
2024-09-16 13:02:47.773,416.34943737162,97
2024-09-16 13:02:47.848,416.3346294900443,999
2024-09-16 13:02:47.873,416.316702329118,12
2024-09-16 13:02:47.935,416.40138686751794,6
2024-09-16 13:02:47.938,416.3161266911015,1003
2024-09-16 13:02:48.004,416.265343691104,101
2024-09-16 13:02:48.017,416.3216838894906,997
2024-09-16 13:02:48.056,416.3518580787925,14
2024-09-16 13:02:48.092,416.2674171416013,12
2024-09-16 13:02:48.110,416.281303063155,997
2024-09-16 13:02:48.129,416.3283163427345,101
2024-09-16 13:02:48.159,-416.3356470916434,1004
2024-09-16 13:02:48.171,416.301120281077,7
2024-09-16 13:02:48.177,416.3108413048194,997
2024-09-16 13:02:48.246,416.3111431907682,101
2024-09-16 13:02:48.260,416.2838928585901,15
2024-09-16 13:02:48.261,416.2912448871415,15
2024-09-16 13:02:48.439,416.2753338042314,98
2024-09-16 13:02:48.500,416.3040853646889,103
2024-09-16 13:02:48.534,416.3306226043807,9
2024-09-16 13:02:48.567,416.3102568229184,99
2024-09-16 13:02:48.595,416.3530279502588,100
2024-09-16 13:02:48.742,416.3483565169745,11
2024-09-16 13:02:48.764,416.3642533669159,12
2024-09-16 13:02:48.782,416.27963330145263,104
2024-09-16 13:02:48.881,-416.3515649961867,101
2024-09-16 13:02:48.884,416.32967503726536,95
2024-09-16 13:02:48.916,416.3239615321329,1000
2024-09-16 13:02:48.937,416.26281264712406,102
2024-09-16 13:02:49.010,416.246613461949,14
2024-09-16 13:02:49.046,416.2193769485269,1005
2024-09-16 13:02:49.162,416.2672927871147,104
2024-09-16 13:02:49.188,416.25631535599,100
2024-09-16 13:02:49.190,416.2289859044523,998
2024-09-16 13:02:49.285,416.2523086577096,15
2024-09-16 13:02:49.302,416.2198598794354,103
2024-09-16 13:02:49.355,416.2360532534128,97
2024-09-16 13:02:49.400,416.23687641391,1004
2024-09-16 13:02:49.537,416.27899046866577,7
2024-09-16 13:02:49.938,416.27672843761286,101
2024-09-16 13:02:49.941,416.2723234297986,101
2024-09-16 13:02:49.986,416.2412955939677,98
2024-09-16 13:02:50.045,416.1762127995879,13
2024-09-16 13:02:50.046,416.1946202936835,12
2024-09-16 13:02:50.046,416.2235660275391,997
2024-09-16 13:02:50.071,416.2138922987913,1002
2024-09-16 13:02:50.131,416.209658296157,997
2024-09-16 13:02:50.133,416.1953996604514,105
2024-09-16 13:02:50.161,416.1876320222604,1000
2024-09-16 13:02:50.175,416.17598258393866,11
2024-09-16 13:02:50.324,416.1852224017211,1003
2024-09-16 13:02:50.338,416.2036598111554,995
2024-09-16 13:02:50.425,416.1951209182187,101
2024-09-16 13:02:50.460,416.183006762334,12
2024-09-16 13:02:50.507,416.1816028339304,1000
2024-09-16 13:02:50.575,416.15863750775947,100
2024-09-16 13:02:50.620,416.16279141145486,5
2024-09-16 13:02:50.659,416.1710579702551,97
2024-09-16 13:02:50.725,416.2167922103231,12
2024-09-16 13:02:50.802,416.161722680986,997
2024-09-16 13:02:50.809,416.1580148869878,12
2024-09-16 13:02:50.837,416.1929735479176,997
2024-09-16 13:02:50.880,416.1737498466189,105
2024-09-16 13:02:50.960,41.61757984065619,9
2024-09-16 13:02:50.972,416.2008142469068,7
2024-09-16 13:02:51.293,416.18221810162976,105
2024-09-16 13:02:51.345,416.1782760132063,7
2024-09-16 13:02:52.152,416.1759724649719,103
2024-09-16 13:02:52.168,416.1798028423858,1002
2024-09-16 13:02:52.294,416.16029731776,6
2024-09-16 13:02:52.337,416.16560918997607,1004
2024-09-16 13:02:52.446,416.1388467684017,104
2024-09-16 13:02:52.541,416.1700098728812,98
2024-09-16 13:02:52.543,416.177308914534,105
2024-09-16 13:02:52.585,416.1438699392774,97
2024-09-16 13:02:52.626,416.1961931245456,105
2024-09-16 13:02:52.694,416.2050088087586,1002
2024-09-16 13:02:52.760,416.1940833096391,10
2024-09-16 13:02:52.877,416.1375610639273,997
2024-09-16 13:02:52.899,416.1214114086462,98
2024-09-16 13:02:52.995,416.161209229153,997
2024-09-16 13:02:53.035,416.13584133029366,99
2024-09-16 13:02:53.098,416.1682099284317,99
2024-09-16 13:02:53.100,416.14461599176593,13
2024-09-16 13:02:53.131,416.1478658960893,95
2024-09-16 13:02:53.191,416.13258174273113,999
2024-09-16 13:02:53.255,416.1328151642744,105
2024-09-16 13:02:53.337,416.16163903311593,8
2024-09-16 13:02:53.377,416.1474528208544,99
2024-09-16 13:02:53.445,416.1575801156092,95
2024-09-16 13:02:53.711,416.1744633462806,99
2024-09-16 13:02:53.732,416.1592914485233,14
2024-09-16 13:02:53.766,416.1697846040263,105
2024-09-16 13:02:53.777,416.1299358140923,97
2024-09-16 13:02:53.784,416.1708983668506,98
2024-09-16 13:02:53.837,416.158609990082,104
2024-09-16 13:02:53.848,416.15195902560185,15
2024-09-16 13:02:53.966,416.1276666750911,999
2024-09-16 13:02:53.979,416.16165075703486,100
2024-09-16 13:02:54.004,416.1667547334042,11
2024-09-16 13:02:54.076,416.1774850331183,5
2024-09-16 13:02:54.094,416.2414515336719,95
2024-09-16 13:02:54.113,416.2222556906029,101
2024-09-16 13:02:54.132,416.1947444922745,95
2024-09-16 13:02:54.168,416.2403710462371,1000
2024-09-16 13:02:54.181,416.1852753819357,998
2024-09-16 13:02:54.240,416.1774227936919,104
2024-09-16 13:02:54.247,416.1711762086353,7
2024-09-16 13:02:54.268,416.21858878143854,99
2024-09-16 13:02:54.292,416.1916733571993,9
2024-09-16 13:02:54.326,416.1606794088089,12
2024-09-16 13:02:54.392,416.1910877033127,103
2024-09-16 13:02:54.431,416.20637158597,104
2024-09-16 13:02:54.464,416.1925992671326,95
2024-09-16 13:02:54.477,416.2421510259083,1001
2024-09-16 13:02:54.488,416.1703123924343,1005
2024-09-16 13:02:54.490,416.1457020308123,1004
2024-09-16 13:02:54.652,416.1724619067387,96
2024-09-16 13:02:54.652,416.1639957606869,997
2024-09-16 13:02:54.728,416.1703135259393,101
2024-09-16 13:02:54.782,416.2308931313926,1003
2024-09-16 13:02:54.788,416.1619242550519,96
2024-09-16 13:02:54.797,416.16198918858726,15
2024-09-16 13:02:54.852,416.2383258141674,8
2024-09-16 13:02:54.901,416.1860364458569,8
2024-09-16 13:02:54.910,416.1729555877838,99
2024-09-16 13:02:54.915,416.1590000956245,1002
2024-09-16 13:02:54.917,416.21188450762656,103
2024-09-16 13:02:54.990,416.2369271086412,13
2024-09-16 13:02:55.010,416.16648738370327,1004
2024-09-16 13:02:55.209,416.1823155593889,1002
2024-09-16 13:02:55.234,416.1742438517034,7
2024-09-16 13:02:55.241,416.13971142606886,9
2024-09-16 13:02:55.269,416.1642418705369,15
2024-09-16 13:02:55.274,416.1379923592834,5
2024-09-16 13:02:55.332,416.1368811930154,1005
2024-09-16 13:02:55.411,416.1467996870814,1003
2024-09-16 13:02:55.542,416.1757346510653,99
2024-09-16 13:02:55.596,416.18038257468976,102
2024-09-16 13:02:55.701,416.1604969416334,105
2024-09-16 13:02:55.710,416.187601655587,15
2024-09-16 13:02:55.749,416.1689482633396,10
2024-09-16 13:02:55.815,416.1519062788913,1003
2024-09-16 13:02:55.888,416.1687982857337,97
2024-09-16 13:02:55.926,416.1609347198379,13
2024-09-16 13:02:56.136,416.2046963093632,1000
2024-09-16 13:02:56.173,41.619053841061046,1001
2024-09-16 13:02:56.277,416.21153523137247,1002
2024-09-16 13:02:56.278,416.2969094765545,96
2024-09-16 13:02:56.298,416.1996576364367,1001
2024-09-16 13:02:56.344,416.1920646750203,13
2024-09-16 13:02:56.344,416.2054185828532,7
2024-09-16 13:02:56.354,416.22120206372847,7
2024-09-16 13:02:56.371,416.2710320868746,995
2024-09-16 13:02:56.384,416.1753414149311,1003
2024-09-16 13:02:56.444,416.2206294233373,1004
2024-09-16 13:02:56.450,416.32497318934657,995
2024-09-16 13:02:56.518,416.23840994118166,8
2024-09-16 13:02:56.541,416.2204588740587,996
2024-09-16 13:02:56.589,416.1975418995937,7
2024-09-16 13:02:56.622,416.28521975800993,1005
2024-09-16 13:02:56.688,416.1915562752891,1004
2024-09-16 13:02:56.780,416.2200084419472,996
2024-09-16 13:02:56.814,416.2101608603242,996
2024-09-16 13:02:56.840,416.3095472539934,997
2024-09-16 13:02:56.855,416.18823436783526,99
2024-09-16 13:02:56.868,416.2035794525553,995
2024-09-16 13:02:56.880,416.2337664812389,998
2024-09-16 13:02:56.913,416.1956094591114,11
2024-09-16 13:02:56.930,416.3269224820602,7
2024-09-16 13:02:56.977,416.2200998375277,14
2024-09-16 13:02:57.143,416.3125459990427,99
2024-09-16 13:02:57.265,416.3059550608623,997
2024-09-16 13:02:58.014,416.3032720551778,14
2024-09-16 13:02:58.116,416.3138637430652,1004
2024-09-16 13:02:58.191,416.2773794673317,96
2024-09-16 13:02:58.250,416.29049438259455,14
2024-09-16 13:02:58.332,416.29171121191945,105
2024-09-16 13:02:58.400,416.29065377331307,995
2024-09-16 13:02:58.407,416.29520635880266,99
2024-09-16 13:02:58.469,416.29550909973415,102
2024-09-16 13:02:58.474,416.3077529691711,12
2024-09-16 13:02:58.556,416.2960800842828,12
2024-09-16 13:02:58.748,416.28622176294033,1002
2024-09-16 13:02:58.757,416.3188959525149,5
2024-09-16 13:02:58.819,416.2997912842299,9
2024-09-16 13:02:58.967,416.30508880609466,12
2024-09-16 13:02:59.024,416.2288797901698,8
2024-09-16 13:02:59.026,416.2461879184657,1001
2024-09-16 13:02:59.073,416.21233644112993,97
2024-09-16 13:02:59.116,416.1992991345642,96
2024-09-16 13:02:59.144,416.19635439628775,96
2024-09-16 13:02:59.179,416.1878188607742,6
2024-09-16 13:02:59.200,416.1919111010606,6
2024-09-16 13:02:59.221,416.2362730736061,102
2024-09-16 13:02:59.312,416.19093652179,15
2024-09-16 13:02:59.347,416.2340971106617,9
2024-09-16 13:02:59.361,416.20495050568326,1004
2024-09-16 13:02:59.361,416.20959981341736,6
2024-09-16 13:02:59.426,416.1754671551371,997
2024-09-16 13:02:59.453,416.202402734003,5
2024-09-16 13:02:59.479,416.2038099058816,13
2024-09-16 13:02:59.484,416.2534173194768,12
2024-09-16 13:02:59.553,416.203423540866,12
2024-09-16 13:02:59.577,416.2788191966183,996
2024-09-16 13:02:59.632,416.2532444232277,998
2024-09-16 13:02:59.645,416.253675282456,12
2024-09-16 13:02:59.709,416.2243929031503,12
2024-09-16 13:02:59.746,416.238867159202,1005
2024-09-16 13:02:59.805,416.2516493428616,102
2024-09-16 13:02:59.810,416.2241834114625,1005
2024-09-16 13:02:59.841,416.1895024864541,10
2024-09-16 13:02:59.894,416.2605428549832,95
2024-09-16 13:02:59.969,416.1659218128463,995
2024-09-16 13:02:59.990,416.1840049058405,103
2024-09-16 13:02:59.997,41.62177653123548,1003
