Timestamp,Price,Size
2024-09-17 12:28:00.043,407.4759629736743,101
2024-09-17 12:28:00.094,407.4680727532052,102
2024-09-17 12:28:00.100,-407.4323364828727,1001
2024-09-17 12:28:00.141,407.41807094696935,996
2024-09-17 12:28:00.158,407.49448796593776,102
2024-09-17 12:28:00.186,407.44334515891154,10
2024-09-17 12:28:00.196,407.4411915502142,9
2024-09-17 12:28:00.227,407.4736774715207,9
2024-09-17 12:28:00.280,40.74302819614133,99
2024-09-17 12:28:00.293,407.4583878684557,10
2024-09-17 12:28:00.375,407.41611090840576,14
2024-09-17 12:28:00.396,407.4361510674029,12
2024-09-17 12:28:00.514,407.4663101907891,1004
2024-09-17 12:28:00.623,407.4776229502231,11
2024-09-17 12:28:00.706,407.4863254107789,14
2024-09-17 12:28:00.754,407.4477666554957,10
2024-09-17 12:28:00.820,407.4404801855523,96
2024-09-17 12:28:00.860,407.4852924954497,101
2024-09-17 12:28:00.910,407.4245616803329,998
2024-09-17 12:28:00.912,407.4332721971434,13
2024-09-17 12:28:00.951,407.4876531052275,1002
2024-09-17 12:28:00.974,407.4413172508601,11
2024-09-17 12:28:00.997,-407.4422264322424,100
2024-09-17 12:28:02.001,407.3892683760061,103
2024-09-17 12:28:02.004,407.3859756318231,5
2024-09-17 12:28:02.006,407.36635877907946,96
2024-09-17 12:28:02.076,407.40877031681407,1001
2024-09-17 12:28:02.097,407.3291602857344,1005
2024-09-17 12:28:02.122,407.3204959058527,12
2024-09-17 12:28:02.125,407.36371783966,997
2024-09-17 12:28:02.151,,997
2024-09-17 12:28:02.167,407.41961101574265,104
2024-09-17 12:28:02.175,407.40558458599486,98
2024-09-17 12:28:02.195,407.3259219828362,1005
2024-09-17 12:28:02.231,407.4218110930048,101
2024-09-17 12:28:02.266,407.3747656997856,996
2024-09-17 12:28:02.284,407.3576634072057,11
2024-09-17 12:28:02.303,407.3021618142236,1000
2024-09-17 12:28:02.317,407.3657615571632,995
2024-09-17 12:28:02.579,407.3673571420827,995
2024-09-17 12:28:02.590,407.3449101231989,105
2024-09-17 12:28:02.607,407.3647448897845,103
2024-09-17 12:28:02.716,407.34488983978025,7
2024-09-17 12:28:02.738,407.37219363586433,11
2024-09-17 12:28:02.832,407.3812761416861,101
2024-09-17 12:28:02.833,407.35692505836505,1003
2024-09-17 12:28:02.882,407.3588307584784,6
2024-09-17 12:28:02.890,407.37236247522,5
2024-09-17 12:28:02.916,407.42647820432927,999
2024-09-17 12:28:02.935,407.3562529894627,12
2024-09-17 12:28:02.942,407.3750680822004,99
2024-09-17 12:28:02.946,407.3955746954958,97
2024-09-17 12:28:03.056,407.3168526019587,95
2024-09-17 12:28:03.071,407.3565931708884,6
2024-09-17 12:28:03.083,407.30747233279817,999
2024-09-17 12:28:03.108,407.3625657410826,12
2024-09-17 12:28:03.152,407.3312210586121,14
2024-09-17 12:28:03.178,407.3396607693524,104
2024-09-17 12:28:03.262,407.31699993487,6
2024-09-17 12:28:03.349,407.3671480047575,7
2024-09-17 12:28:03.418,407.3234930817452,100
2024-09-17 12:28:03.461,407.3715271854198,1005
2024-09-17 12:28:03.465,407.3419403768915,7
2024-09-17 12:28:03.753,407.3233047773871,104
2024-09-17 12:28:03.932,407.3113938294183,10
2024-09-17 12:28:03.978,407.3212819025718,999
2024-09-17 12:28:04.122,407.309624765688,100
2024-09-17 12:28:04.272,407.3137594029095,99
2024-09-17 12:28:04.352,407.3168897480718,12
2024-09-17 12:28:04.516,407.313121463466,11
2024-09-17 12:28:04.743,407.2923239079074,1002
2024-09-17 12:28:04.795,407.3220633748172,8
2024-09-17 12:28:04.821,407.3271660580062,1004
2024-09-17 12:28:05.016,407.24874621311807,8
2024-09-17 12:28:05.030,407.17404552952144,10
2024-09-17 12:28:05.066,407.21790512115945,97
2024-09-17 12:28:05.107,407.242582926463,7
2024-09-17 12:28:05.113,407.2323390122724,98
2024-09-17 12:28:05.133,407.2178707338025,7
2024-09-17 12:28:05.148,407.187529616658,999
2024-09-17 12:28:05.153,407.2045656699279,9
2024-09-17 12:28:05.169,407.1576011090221,5
2024-09-17 12:28:05.178,407.19618691187554,1002
2024-09-17 12:28:05.201,407.2023398695873,8
2024-09-17 12:28:05.212,407.1775636965423,998
2024-09-17 12:28:05.238,407.2343468030987,7
2024-09-17 12:28:05.350,407.2201238934837,5
2024-09-17 12:28:05.476,407.2087064376175,99
2024-09-17 12:28:05.494,407.1914386680997,998
2024-09-17 12:28:05.603,407.282091280374,996
2024-09-17 12:28:05.632,407.2649744528844,6
2024-09-17 12:28:05.686,407.19116947387175,5
2024-09-17 12:28:05.706,407.2490860489243,13
2024-09-17 12:28:05.829,407.30716529262486,98
2024-09-17 12:28:05.860,407.1779608081147,95
2024-09-17 12:28:05.880,407.19439523162447,997
2024-09-17 12:28:05.902,407.2379496782263,102
2024-09-17 12:28:05.998,407.192768380875,996
2024-09-17 12:28:06.826,407.1902056433834,9
2024-09-17 12:28:06.867,407.1791231066291,100
2024-09-17 12:28:07.109,407.1854430257024,13
2024-09-17 12:28:07.168,407.2145047753128,102
2024-09-17 12:28:07.218,407.2188442434925,995
2024-09-17 12:28:07.245,407.1565633039412,997
2024-09-17 12:28:07.502,407.187814298047,9
2024-09-17 12:28:07.616,407.18359243499685,996
2024-09-17 12:28:07.684,407.189944795543,997
2024-09-17 12:28:07.718,407.1686600360301,15
2024-09-17 12:28:07.719,407.1982629183752,996
2024-09-17 12:28:07.857,407.1696275116244,104
2024-09-17 12:28:07.859,407.2328660987596,8
2024-09-17 12:28:07.887,407.2120254269632,1003
2024-09-17 12:28:07.891,407.1761423592861,999
2024-09-17 12:28:07.919,407.1696505578985,8
2024-09-17 12:28:07.921,407.1937481042722,102
2024-09-17 12:28:07.956,407.1931973387521,9
2024-09-17 12:28:07.957,407.1657809645873,104
2024-09-17 12:28:08.165,407.1362215495079,996
2024-09-17 12:28:08.185,407.1350448790891,995
2024-09-17 12:28:08.344,407.1406739442773,9
2024-09-17 12:28:08.423,407.1514100509893,10
2024-09-17 12:28:08.426,407.13665179181385,13
2024-09-17 12:28:08.704,407.1337532311288,100
2024-09-17 12:28:08.737,407.17397397945234,102
2024-09-17 12:28:08.830,407.1259348049488,99
2024-09-17 12:28:09.032,407.1430141536279,7
2024-09-17 12:28:09.259,407.14149661793874,12
2024-09-17 12:28:09.309,407.1620914892402,1002
2024-09-17 12:28:09.361,407.1475121872661,1002
2024-09-17 12:28:09.400,407.1614639785107,996
2024-09-17 12:28:09.426,407.15196033722646,1004
2024-09-17 12:28:09.453,407.13771244183096,96
2024-09-17 12:28:09.532,407.1590275439576,100
2024-09-17 12:28:09.630,407.1639540582568,1001
2024-09-17 12:28:09.740,407.1636833558978,998
2024-09-17 12:28:09.754,407.1525088971785,6
2024-09-17 12:28:09.878,407.1553325867641,6
2024-09-17 12:28:09.913,407.1568435160078,1004
2024-09-17 12:28:09.932,407.1474301779149,997
2024-09-17 12:28:09.992,407.1604440141553,1000
2024-09-17 12:28:10.135,407.1455121988743,6
2024-09-17 12:28:10.171,407.1269972797999,1001
2024-09-17 12:28:10.184,407.1071818864361,103
2024-09-17 12:28:10.203,407.1055437807473,997
2024-09-17 12:28:10.210,407.12306843914143,13
2024-09-17 12:28:10.219,407.11305893066833,1004
2024-09-17 12:28:10.240,407.11189204238445,1005
2024-09-17 12:28:10.275,407.1048111041508,1004
2024-09-17 12:28:10.360,407.1153531987181,13
2024-09-17 12:28:10.403,407.1481032316005,11
2024-09-17 12:28:10.412,407.132911244188,11
2024-09-17 12:28:10.586,407.1214670256324,999
2024-09-17 12:28:10.640,407.1139558183264,95
2024-09-17 12:28:10.648,407.1051764161166,1003
2024-09-17 12:28:10.691,407.12075280940365,101
2024-09-17 12:28:10.703,407.1174341471385,101
2024-09-17 12:28:10.823,40.71353307436805,6
2024-09-17 12:28:10.883,40.71356544560757,101
2024-09-17 12:28:10.900,407.11082165433817,5
2024-09-17 12:28:10.932,407.1576778324786,8
2024-09-17 12:28:11.033,407.1705700976553,99
2024-09-17 12:28:11.061,407.1875415931991,96
2024-09-17 12:28:11.125,407.1619020363741,8
2024-09-17 12:28:11.133,407.15056831017046,14
2024-09-17 12:28:11.182,407.1270361489243,11
2024-09-17 12:28:11.305,407.1607880291588,97
2024-09-17 12:28:11.327,407.1748247698458,99
2024-09-17 12:28:11.345,407.1381690619259,6
2024-09-17 12:28:11.456,407.125120240129,102
2024-09-17 12:28:11.456,407.1469013482378,995
2024-09-17 12:28:11.473,407.1600606930745,103
2024-09-17 12:28:11.706,407.1903211205217,15
2024-09-17 12:28:11.831,407.1615910616477,996
2024-09-17 12:28:11.851,407.1299991797792,98
2024-09-17 12:28:12.059,407.1438459105275,1004
2024-09-17 12:28:12.096,407.1352735515168,95
2024-09-17 12:28:12.103,407.1277234490226,11
2024-09-17 12:28:12.136,407.1481194656316,7
2024-09-17 12:28:12.164,407.1445442135074,997
2024-09-17 12:28:12.170,407.141267566842,1001
2024-09-17 12:28:12.199,407.1516702825512,104
2024-09-17 12:28:12.250,407.21621370465897,1000
2024-09-17 12:28:12.257,407.1465668245264,10
2024-09-17 12:28:12.275,407.1576866928158,95
2024-09-17 12:28:12.278,407.1342063117152,99
2024-09-17 12:28:12.325,407.1585141067796,5
2024-09-17 12:28:12.328,407.1787489222684,1005
2024-09-17 12:28:12.352,407.1446204125492,15
2024-09-17 12:28:12.413,407.20154332756,996
2024-09-17 12:28:12.435,407.1597982348265,6
2024-09-17 12:28:12.447,407.1556186571822,1002
2024-09-17 12:28:12.467,407.1687651546947,105
2024-09-17 12:28:12.518,407.1772291066832,999
2024-09-17 12:28:12.523,407.1594771396944,1004
2024-09-17 12:28:12.578,407.1565749138319,98
2024-09-17 12:28:12.639,407.1497862636836,11
2024-09-17 12:28:12.688,407.1604505307473,15
2024-09-17 12:28:12.714,407.15000682593137,98
2024-09-17 12:28:12.736,407.1414892828539,1002
2024-09-17 12:28:12.844,407.1627149704304,11
2024-09-17 12:28:12.849,407.1790127898876,13
2024-09-17 12:28:12.857,407.1566598740936,14
2024-09-17 12:28:12.930,407.1488510238519,6
2024-09-17 12:28:13.207,407.2165070231286,99
2024-09-17 12:28:13.264,407.2111731119285,1005
2024-09-17 12:28:13.736,407.2264335521154,997
2024-09-17 12:28:13.978,407.2230303294571,105
2024-09-17 12:28:14.104,407.18796128201126,5
2024-09-17 12:28:14.325,407.2418386929956,13
2024-09-17 12:28:14.379,407.19138264866206,98
2024-09-17 12:28:14.439,407.1953364222387,105
2024-09-17 12:28:14.459,407.2009264391941,11
2024-09-17 12:28:14.510,407.21857710947376,99
2024-09-17 12:28:14.528,407.22570734427376,8
2024-09-17 12:28:14.673,407.1972354955786,996
2024-09-17 12:28:14.699,407.2488562185078,995
2024-09-17 12:28:14.728,407.1988620273917,98
2024-09-17 12:28:14.746,407.226792607972,97
2024-09-17 12:28:14.795,407.23705518533706,103
2024-09-17 12:28:15.025,407.1731033727259,999
2024-09-17 12:28:15.127,407.147089448272,12
2024-09-17 12:28:15.164,407.22172507297006,104
2024-09-17 12:28:15.186,407.2232677318786,1002
2024-09-17 12:28:15.188,407.2266271589879,9
2024-09-17 12:28:15.234,407.2022863048835,98
2024-09-17 12:28:15.296,407.1573454405885,9
2024-09-17 12:28:15.335,407.1847928269387,7
2024-09-17 12:28:15.348,407.147893717004,12
2024-09-17 12:28:15.353,407.236604791492,997
2024-09-17 12:28:15.364,407.2392507445695,1001
2024-09-17 12:28:15.429,407.2284387772238,103
2024-09-17 12:28:15.548,407.1572637286804,95
2024-09-17 12:28:15.549,407.2430066496547,996
2024-09-17 12:28:15.570,407.1754237994814,1005
2024-09-17 12:28:15.729,407.2072020383625,1001
2024-09-17 12:28:15.788,407.1573407293093,1001
2024-09-17 12:28:15.935,407.2244962091658,13
2024-09-17 12:28:15.962,407.22332772399454,96
2024-09-17 12:28:15.963,407.24565155995816,101
2024-09-17 12:28:16.045,407.1585983170842,97
2024-09-17 12:28:16.046,407.1654789970944,9
2024-09-17 12:28:16.238,407.18580007260925,9
2024-09-17 12:28:16.366,407.1729016391018,105
2024-09-17 12:28:16.414,407.1684774369405,11
2024-09-17 12:28:16.455,407.1561499633166,999
2024-09-17 12:28:16.503,407.1348888837088,12
2024-09-17 12:28:16.560,407.15116774875753,105
2024-09-17 12:28:16.579,407.1519968062661,102
2024-09-17 12:28:16.643,407.1455769595658,1000
2024-09-17 12:28:16.661,407.15045863288304,100
2024-09-17 12:28:16.673,407.12672307473946,11
2024-09-17 12:28:16.767,407.1418132724578,999
2024-09-17 12:28:16.810,407.13768319647966,102
2024-09-17 12:28:16.850,407.14989251618624,100
2024-09-17 12:28:16.859,407.1406805832697,998
2024-09-17 12:28:16.916,407.1396353266322,101
2024-09-17 12:28:16.943,407.14755722096425,98
2024-09-17 12:28:16.962,407.1768461396519,103
2024-09-17 12:28:17.005,407.17489037286697,8
2024-09-17 12:28:17.217,407.169476911474,1003
2024-09-17 12:28:17.444,407.1854360570398,1000
2024-09-17 12:28:17.527,407.199225518032,100
2024-09-17 12:28:17.840,407.1972971932065,6
2024-09-17 12:28:17.915,407.16918325159935,13
2024-09-17 12:28:18.040,407.1700346145819,12
2024-09-17 12:28:18.055,407.2354302624989,1001
2024-09-17 12:28:18.066,407.2565271053476,9
2024-09-17 12:28:18.073,407.2252736169842,102
2024-09-17 12:28:18.082,407.278591970169,1000
2024-09-17 12:28:18.083,407.25574275623535,97
2024-09-17 12:28:18.378,407.2404751997656,98
2024-09-17 12:28:18.405,407.18736491900273,11
2024-09-17 12:28:18.665,407.246520914453,995
2024-09-17 12:28:18.733,407.2269462166994,997
2024-09-17 12:28:18.768,407.2651739289561,996
2024-09-17 12:28:18.794,407.1777038796743,99
2024-09-17 12:28:18.815,407.181071002702,105
2024-09-17 12:28:18.838,407.2779575979746,100
2024-09-17 12:28:18.911,407.200803786482,6
2024-09-17 12:28:19.074,407.2787511670903,10
2024-09-17 12:28:19.075,407.2539632385528,5
2024-09-17 12:28:19.113,407.2669484742016,9
2024-09-17 12:28:19.408,407.26599747795376,1004
2024-09-17 12:28:19.741,407.26731868522944,102
2024-09-17 12:28:19.852,407.2764611272753,7
2024-09-17 12:28:20.027,407.2454442432351,13
2024-09-17 12:28:20.091,407.27109129524496,8
2024-09-17 12:28:20.094,407.2645630905633,7
2024-09-17 12:28:20.157,407.2798465791796,98
2024-09-17 12:28:20.163,407.27252473574936,101
2024-09-17 12:28:20.173,407.3291580755744,9
2024-09-17 12:28:20.224,407.2657214860517,14
2024-09-17 12:28:20.225,407.3102538065626,15
2024-09-17 12:28:20.307,407.2849328338212,99
2024-09-17 12:28:20.314,407.3050893934015,1004
2024-09-17 12:28:20.329,407.2484559235086,997
2024-09-17 12:28:20.343,-407.3246619035519,105
2024-09-17 12:28:20.379,407.2983447620678,999
2024-09-17 12:28:20.388,407.2576125927855,10
2024-09-17 12:28:20.420,407.2415765848025,996
2024-09-17 12:28:20.440,407.26228402045297,95
2024-09-17 12:28:20.500,407.2490589143397,100
2024-09-17 12:28:20.565,,9
2024-09-17 12:28:20.590,407.2822580172294,1004
2024-09-17 12:28:20.660,407.32329388027176,998
2024-09-17 12:28:20.708,407.2671760551679,101
2024-09-17 12:28:20.775,407.2521655765074,12
2024-09-17 12:28:20.823,407.24930070655927,1001
2024-09-17 12:28:20.855,407.2662005022492,14
2024-09-17 12:28:20.945,407.310583895909,15
2024-09-17 12:28:20.972,407.3184661719784,96
2024-09-17 12:28:21.081,407.2729442973704,103
2024-09-17 12:28:21.160,407.31658133886566,102
2024-09-17 12:28:21.180,407.2902303644488,11
2024-09-17 12:28:21.192,407.315252911103,104
2024-09-17 12:28:21.231,407.31066151861296,1005
2024-09-17 12:28:21.286,407.3037626789565,10
2024-09-17 12:28:21.296,407.2879139476343,9
2024-09-17 12:28:21.339,407.3154041635367,5
2024-09-17 12:28:21.372,407.2964793285589,7
2024-09-17 12:28:21.373,407.3270845257065,96
2024-09-17 12:28:21.467,407.3038581041336,99
2024-09-17 12:28:21.561,407.3302248668909,103
2024-09-17 12:28:21.632,407.2921620632278,1002
2024-09-17 12:28:21.657,407.29236828302686,8
2024-09-17 12:28:21.733,407.3160053472966,98
2024-09-17 12:28:21.767,407.31331591983457,102
2024-09-17 12:28:21.768,407.3279352058105,105
2024-09-17 12:28:21.827,407.3069788702286,101
2024-09-17 12:28:21.873,407.3162411005821,97
2024-09-17 12:28:21.924,407.3251817206947,6
2024-09-17 12:28:21.937,407.335481228702,1005
2024-09-17 12:28:21.975,407.3264627925376,998
2024-09-17 12:28:21.978,407.3083554052634,1003
2024-09-17 12:28:21.981,407.2833417793496,997
2024-09-17 12:28:22.006,407.35086918236334,1003
2024-09-17 12:28:22.025,407.3274937294445,7
2024-09-17 12:28:22.054,407.36328468165925,101
2024-09-17 12:28:22.090,407.34898547767705,997
2024-09-17 12:28:22.333,407.35077934887937,5
2024-09-17 12:28:22.341,407.32786500940784,9
2024-09-17 12:28:22.354,407.361246777214,100
2024-09-17 12:28:22.382,407.3624051754581,14
2024-09-17 12:28:22.408,407.3505373743012,101
2024-09-17 12:28:22.437,407.32979059805575,7
2024-09-17 12:28:22.560,407.3425455941126,10
2024-09-17 12:28:22.562,407.3702085533968,1004
2024-09-17 12:28:22.679,407.3215093966215,95
2024-09-17 12:28:22.702,407.3317735162408,15
2024-09-17 12:28:22.746,407.3513217266024,995
2024-09-17 12:28:22.803,407.311522843556,102
2024-09-17 12:28:22.815,407.3010798330041,1005
2024-09-17 12:28:22.845,407.3311582854884,13
2024-09-17 12:28:22.920,407.354892363449,12
2024-09-17 12:28:22.993,407.368795560097,7
2024-09-17 12:28:23.122,407.3155340436895,1002
2024-09-17 12:28:23.200,407.27509171052014,95
2024-09-17 12:28:23.203,407.2987792955113,12
2024-09-17 12:28:23.381,407.2610076274901,105
2024-09-17 12:28:23.424,407.2784598144887,102
2024-09-17 12:28:23.515,407.29316904940936,102
2024-09-17 12:28:23.553,407.2750230027537,12
2024-09-17 12:28:23.581,407.3139849469018,96
2024-09-17 12:28:23.636,407.3032327751621,10
2024-09-17 12:28:23.713,407.3215697667814,12
2024-09-17 12:28:23.722,407.26798444813016,10
2024-09-17 12:28:23.762,407.32339249561,102
2024-09-17 12:28:23.919,407.28921864647526,10
2024-09-17 12:28:23.958,407.28550705117823,96
2024-09-17 12:28:23.960,407.328980097486,997
2024-09-17 12:28:24.038,407.33048233756807,96
2024-09-17 12:28:24.080,407.308498635624,15
2024-09-17 12:28:24.154,407.3022588462856,11
2024-09-17 12:28:24.166,407.3254992880304,1003
2024-09-17 12:28:24.293,407.3221513495957,1001
2024-09-17 12:28:24.500,407.3361438878382,6
2024-09-17 12:28:24.517,407.3285425232187,996
2024-09-17 12:28:24.528,407.3091650348748,12
2024-09-17 12:28:24.549,407.32010665142496,998
2024-09-17 12:28:24.657,407.32237509000953,5
2024-09-17 12:28:24.722,407.31140848255535,13
2024-09-17 12:28:24.851,407.3238337723254,5
2024-09-17 12:28:25.020,407.3488020015974,104
2024-09-17 12:28:25.141,407.3343099855105,10
2024-09-17 12:28:25.153,407.3292430114042,9
2024-09-17 12:28:25.337,407.34198038874143,996
2024-09-17 12:28:25.403,407.3256550656571,12
2024-09-17 12:28:25.520,407.33491037226565,1003
2024-09-17 12:28:25.588,407.3463714818182,1002
2024-09-17 12:28:25.616,407.3448318870054,995
2024-09-17 12:28:25.624,407.3260746055236,12
2024-09-17 12:28:25.659,-407.3597732963155,1002
2024-09-17 12:28:25.841,407.3434642180971,15
2024-09-17 12:28:25.863,407.3270302915764,14
2024-09-17 12:28:25.874,407.3516928986541,12
2024-09-17 12:28:25.915,407.3730145973281,8
2024-09-17 12:28:25.951,407.4005252808153,7
2024-09-17 12:28:25.953,407.32724650938553,12
2024-09-17 12:28:26.192,407.3902109804,997
2024-09-17 12:28:26.294,407.3812132754061,8
2024-09-17 12:28:26.443,407.3917541005584,12
2024-09-17 12:28:26.482,407.3856012868024,1004
2024-09-17 12:28:26.882,407.3924000339656,1001
2024-09-17 12:28:26.885,407.37939531394966,1004
2024-09-17 12:28:26.931,407.3939820381413,103
2024-09-17 12:28:26.990,407.3822421718669,8
2024-09-17 12:28:27.078,407.3551652556767,15
2024-09-17 12:28:27.105,407.3704957292058,10
2024-09-17 12:28:27.221,407.399256181326,105
2024-09-17 12:28:27.267,407.3568683893962,99
2024-09-17 12:28:27.290,407.3701067420494,8
2024-09-17 12:28:27.290,407.3779042503113,100
2024-09-17 12:28:27.297,407.3953334842499,12
2024-09-17 12:28:27.543,407.35676501867175,1005
2024-09-17 12:28:27.590,407.3458607944076,999
2024-09-17 12:28:27.709,407.38059321665975,998
2024-09-17 12:28:27.888,407.3681318903541,5
2024-09-17 12:28:28.006,407.40739624313926,11
2024-09-17 12:28:28.191,407.3530318335428,1003
2024-09-17 12:28:28.202,407.42044227936987,11
2024-09-17 12:28:28.212,407.3588768661783,103
2024-09-17 12:28:28.238,407.3945933004493,7
2024-09-17 12:28:28.257,407.40296500382914,8
2024-09-17 12:28:28.375,407.3592721306258,12
2024-09-17 12:28:28.467,407.367197469358,105
2024-09-17 12:28:28.495,407.4225159789566,8
2024-09-17 12:28:28.646,-407.3618747519556,15
2024-09-17 12:28:28.828,407.42731515281423,998
2024-09-17 12:28:28.946,407.4121044206959,99
2024-09-17 12:28:29.020,407.4594458749887,105
2024-09-17 12:28:29.085,407.4490379386096,1005
2024-09-17 12:28:29.092,407.4014489452649,101
2024-09-17 12:28:29.103,407.4448864231748,104
2024-09-17 12:28:29.182,407.4050318020409,999
2024-09-17 12:28:29.207,407.44979254886937,5
2024-09-17 12:28:29.208,407.4025090225258,100
2024-09-17 12:28:29.212,407.4437598712127,9
2024-09-17 12:28:29.242,407.399080188876,9
2024-09-17 12:28:29.323,407.4149144133498,1002
2024-09-17 12:28:29.349,407.4018325094808,1002
2024-09-17 12:28:29.380,407.4409105056103,1001
2024-09-17 12:28:29.393,407.39684473241226,996
2024-09-17 12:28:29.577,407.4601727132218,1005
2024-09-17 12:28:29.637,407.46305556512806,998
2024-09-17 12:28:29.643,407.4374023902876,1005
2024-09-17 12:28:29.647,407.4362036139093,1005
2024-09-17 12:28:29.667,407.4557566002145,999
2024-09-17 12:28:29.699,407.4340863455935,100
2024-09-17 12:28:29.752,407.4651900248261,13
2024-09-17 12:28:29.777,407.4219991025636,9
2024-09-17 12:28:29.821,407.44910717831226,95
2024-09-17 12:28:29.897,407.402230422255,1005
2024-09-17 12:28:29.905,407.402985705752,104
2024-09-17 12:28:29.975,407.454470654857,996
2024-09-17 12:28:30.004,407.4369331765328,1000
2024-09-17 12:28:30.096,407.43871781750846,999
2024-09-17 12:28:30.139,407.4216297960316,995
2024-09-17 12:28:30.318,407.4331722705042,997
2024-09-17 12:28:30.342,407.4069544514069,105
2024-09-17 12:28:30.434,407.4095635979149,9
2024-09-17 12:28:30.656,407.41720338016376,102
2024-09-17 12:28:30.835,407.4447331057752,101
2024-09-17 12:28:31.108,407.45561305963946,996
2024-09-17 12:28:31.132,407.459439360596,1004
2024-09-17 12:28:31.695,407.4553026246253,999
2024-09-17 12:28:31.803,407.4646599759649,6
2024-09-17 12:28:32.030,407.4689922951999,11
2024-09-17 12:28:32.077,407.4697640860901,97
2024-09-17 12:28:32.193,407.47749112941096,12
2024-09-17 12:28:32.409,407.47019270574384,11
2024-09-17 12:28:32.795,407.46148857448577,996
2024-09-17 12:28:32.935,407.4813875910472,8
2024-09-17 12:28:34.079,407.4776182960719,5
2024-09-17 12:28:34.178,407.4836894902505,999
2024-09-17 12:28:34.993,40.75016726541256,997
2024-09-17 12:28:35.053,407.51714149588594,13
2024-09-17 12:28:35.090,407.4998832397525,1001
2024-09-17 12:28:35.156,407.503363646779,1004
2024-09-17 12:28:35.261,407.4954749341185,1003
2024-09-17 12:28:35.400,407.5009168086317,14
2024-09-17 12:28:35.419,407.5209841257667,104
2024-09-17 12:28:35.433,407.4904215205253,996
2024-09-17 12:28:35.442,407.51794706368383,95
2024-09-17 12:28:35.452,407.5044978730088,105
2024-09-17 12:28:35.466,407.4897977007712,105
2024-09-17 12:28:35.478,407.5143091186628,1005
2024-09-17 12:28:35.525,407.5204950886528,9
2024-09-17 12:28:35.532,407.49243194524666,1000
2024-09-17 12:28:35.617,407.5053340911484,5
2024-09-17 12:28:35.641,407.4991103237951,95
2024-09-17 12:28:35.739,407.503531300717,14
2024-09-17 12:28:35.750,407.5168440373466,95
2024-09-17 12:28:35.827,407.51440632111854,10
2024-09-17 12:28:35.828,407.4958360646201,997
2024-09-17 12:28:35.839,407.4960867392543,6
2024-09-17 12:28:35.848,407.49215244301735,105
2024-09-17 12:28:35.855,407.4768355409471,11
2024-09-17 12:28:35.862,407.49199230984897,14
2024-09-17 12:28:35.901,407.5021157725377,9
2024-09-17 12:28:35.915,407.5177637727988,1003
2024-09-17 12:28:35.925,407.49127742563184,98
2024-09-17 12:28:35.960,407.5087466183312,102
2024-09-17 12:28:36.002,407.4270988236516,10
2024-09-17 12:28:36.061,407.4598027980871,99
2024-09-17 12:28:36.077,407.44723328516886,5
2024-09-17 12:28:36.079,,8
2024-09-17 12:28:36.117,407.420040780799,999
2024-09-17 12:28:36.118,407.45307557923655,1004
2024-09-17 12:28:36.157,407.3714961005577,105
2024-09-17 12:28:36.182,407.368883259681,95
2024-09-17 12:28:36.184,407.41116220482144,97
2024-09-17 12:28:36.194,407.440178035785,8
2024-09-17 12:28:36.227,407.463414802946,995
2024-09-17 12:28:36.246,407.42681449204827,1001
2024-09-17 12:28:36.347,407.442654760996,995
2024-09-17 12:28:36.386,407.3885080290887,1001
2024-09-17 12:28:36.418,407.3853729625227,995
2024-09-17 12:28:36.428,407.3969826534717,97
2024-09-17 12:28:36.472,-407.3979834737622,999
2024-09-17 12:28:36.583,407.39033965029074,8
2024-09-17 12:28:36.681,407.420464642934,10
2024-09-17 12:28:36.683,407.4030263177709,1000
2024-09-17 12:28:36.696,407.4392677961464,97
2024-09-17 12:28:36.853,407.4618223249007,100
2024-09-17 12:28:36.871,407.46400755828927,100
2024-09-17 12:28:36.926,407.4087420970255,95
2024-09-17 12:28:36.996,407.4092639565824,1000
2024-09-17 12:28:37.077,407.4373844437783,1000
2024-09-17 12:28:37.109,407.4346385676863,7
2024-09-17 12:28:37.698,407.41721651949655,14
2024-09-17 12:28:38.111,407.43477582122136,103
2024-09-17 12:28:38.224,407.4118138577275,97
2024-09-17 12:28:38.299,407.391611875566,95
2024-09-17 12:28:38.314,407.4064806475635,97
2024-09-17 12:28:38.327,407.4195907752688,1003
2024-09-17 12:28:38.327,407.4049700361365,100
2024-09-17 12:28:38.330,407.3980351541594,10
2024-09-17 12:28:38.342,407.4147052322333,6
2024-09-17 12:28:38.362,407.4293234684922,1000
2024-09-17 12:28:38.635,407.411137295192,101
2024-09-17 12:28:38.702,407.377971844588,101
2024-09-17 12:28:38.759,407.4083046981331,11
2024-09-17 12:28:38.783,407.4229547344994,1005
2024-09-17 12:28:38.820,407.418080649994,6
2024-09-17 12:28:38.996,407.41495050587264,100
2024-09-17 12:28:39.115,407.4290433622932,105
2024-09-17 12:28:39.489,407.4240156666801,995
2024-09-17 12:28:39.589,407.4431297170592,103
2024-09-17 12:28:39.968,407.4208150289456,6
2024-09-17 12:28:40.003,407.4147398529565,996
2024-09-17 12:28:40.018,407.4034498656952,105
2024-09-17 12:28:40.127,407.4312147133342,5
2024-09-17 12:28:40.152,407.4001992743576,1005
2024-09-17 12:28:40.213,407.4189950211484,101
2024-09-17 12:28:40.250,407.39339157510426,12
2024-09-17 12:28:40.254,407.41762301528615,5
2024-09-17 12:28:40.281,,104
2024-09-17 12:28:40.336,407.4310610934992,102
2024-09-17 12:28:40.348,407.4296059438446,1003
2024-09-17 12:28:40.433,407.4020089088754,999
2024-09-17 12:28:40.523,407.4093461760292,100
2024-09-17 12:28:40.630,407.4290122593328,102
2024-09-17 12:28:40.635,407.4345750110196,99
2024-09-17 12:28:40.721,407.40445439805086,13
2024-09-17 12:28:40.733,407.4283298420267,13
2024-09-17 12:28:40.744,407.4044782831263,1001
2024-09-17 12:28:40.792,407.4358141372895,6
2024-09-17 12:28:40.799,407.4046831272987,11
2024-09-17 12:28:40.860,407.4279529871353,997
2024-09-17 12:28:40.983,-407.4169626354417,1001
2024-09-17 12:28:41.183,407.42131439996143,12
2024-09-17 12:28:41.585,407.41859920697897,1003
2024-09-17 12:28:41.670,407.4008280479444,1003
2024-09-17 12:28:42.103,407.4381018575506,7
2024-09-17 12:28:42.104,407.4324238284686,10
2024-09-17 12:28:42.278,407.435070541279,105
2024-09-17 12:28:42.635,407.4438944335012,5
2024-09-17 12:28:42.989,407.43670496304384,98
2024-09-17 12:28:43.076,407.4188983348325,1005
2024-09-17 12:28:43.085,407.4307479761497,1004
2024-09-17 12:28:43.122,407.41038539321016,7
2024-09-17 12:28:43.125,407.3838422061898,98
2024-09-17 12:28:43.134,407.3595724876045,10
2024-09-17 12:28:43.159,407.36044642130565,104
2024-09-17 12:28:43.183,407.3810124519516,103
2024-09-17 12:28:43.186,407.34814195175016,99
2024-09-17 12:28:43.252,407.3581247014937,1004
2024-09-17 12:28:43.277,407.3750927630394,10
2024-09-17 12:28:43.308,407.4328970798287,102
2024-09-17 12:28:43.346,407.4001359284208,1004
2024-09-17 12:28:43.431,407.4178709935296,10
2024-09-17 12:28:43.475,407.41391476957926,6
2024-09-17 12:28:43.516,407.4217148361825,1002
2024-09-17 12:28:43.535,407.4185397644712,12
2024-09-17 12:28:43.701,407.448267764631,7
2024-09-17 12:28:43.723,407.4139882856457,10
2024-09-17 12:28:43.757,407.3644385890134,95
2024-09-17 12:28:43.843,407.3615011766837,1002
2024-09-17 12:28:43.845,407.4227014556892,1000
2024-09-17 12:28:43.853,-407.35155363454857,11
2024-09-17 12:28:43.872,407.4275028382625,12
2024-09-17 12:28:43.955,407.4306945300698,995
2024-09-17 12:28:43.987,407.3752773460715,1003
2024-09-17 12:28:44.002,407.3030784581987,102
2024-09-17 12:28:44.007,407.2763065881112,9
2024-09-17 12:28:44.064,407.2709177256321,8
2024-09-17 12:28:44.108,407.2642420627519,1002
2024-09-17 12:28:44.186,407.2572596151753,999
2024-09-17 12:28:44.207,407.27240838327015,12
2024-09-17 12:28:44.286,407.23447547886025,5
2024-09-17 12:28:44.334,407.2603581003878,1001
2024-09-17 12:28:44.349,407.2740667757645,10
2024-09-17 12:28:44.381,407.2571768033801,1000
2024-09-17 12:28:44.425,407.2233562172458,9
2024-09-17 12:28:44.506,407.2496047927469,97
2024-09-17 12:28:44.541,407.2796285356234,11
2024-09-17 12:28:44.546,407.2401734343667,1004
2024-09-17 12:28:44.652,407.2393175944208,1005
2024-09-17 12:28:44.744,407.3068918727065,14
2024-09-17 12:28:44.881,407.240380847712,1003
2024-09-17 12:28:44.902,40.73552267768887,101
2024-09-17 12:28:44.903,407.2818133531489,103
2024-09-17 12:28:44.945,407.31985649820126,12
2024-09-17 12:28:44.964,407.3512072878429,998
2024-09-17 12:28:44.979,407.3082459494452,1000
2024-09-17 12:28:45.189,407.2726214778414,999
2024-09-17 12:28:45.413,407.2597242942196,998
2024-09-17 12:28:46.053,407.3183409945021,9
2024-09-17 12:28:46.121,,1005
2024-09-17 12:28:46.166,407.2810726929634,102
2024-09-17 12:28:46.203,407.2823638484954,103
2024-09-17 12:28:46.225,407.28733443300433,995
2024-09-17 12:28:46.229,407.3108826266049,97
2024-09-17 12:28:46.364,407.2769834054984,1004
2024-09-17 12:28:46.377,407.3003839470746,1003
2024-09-17 12:28:46.412,407.3210531142885,97
2024-09-17 12:28:46.446,407.2924060883441,5
2024-09-17 12:28:46.459,407.305707827978,7
2024-09-17 12:28:46.461,407.2808671096908,995
2024-09-17 12:28:46.473,407.276993774214,995
2024-09-17 12:28:46.505,407.27885728517833,105
2024-09-17 12:28:46.603,407.3120279954196,998
2024-09-17 12:28:46.664,407.3091930373032,1001
2024-09-17 12:28:46.734,407.2863584450042,5
2024-09-17 12:28:46.746,407.2786535083677,8
2024-09-17 12:28:46.765,407.2962214541984,1002
2024-09-17 12:28:46.769,407.2854878510611,99
2024-09-17 12:28:46.832,407.31766813782633,14
2024-09-17 12:28:46.848,407.3152395705663,9
2024-09-17 12:28:46.926,407.2710442872835,101
2024-09-17 12:28:46.960,407.27957433705336,5
2024-09-17 12:28:47.032,407.2740576006661,995
2024-09-17 12:28:47.048,407.2841849585771,101
2024-09-17 12:28:47.179,407.2648832128722,12
2024-09-17 12:28:47.205,407.2833657800244,95
2024-09-17 12:28:47.703,407.279850864364,999
2024-09-17 12:28:47.750,407.2812321167866,1001
2024-09-17 12:28:47.764,407.2669811834792,7
2024-09-17 12:28:48.003,407.2892594764856,1000
2024-09-17 12:28:48.024,407.2987485754465,1004
2024-09-17 12:28:48.083,407.2418815468319,1005
2024-09-17 12:28:48.195,407.2889792546277,998
2024-09-17 12:28:48.293,407.2866966057625,996
2024-09-17 12:28:48.329,407.2560257925501,1004
2024-09-17 12:28:48.449,407.2751663690228,10
2024-09-17 12:28:48.590,407.2792131872279,1003
2024-09-17 12:28:48.608,407.2947619103601,997
2024-09-17 12:28:48.620,407.2703322117006,996
2024-09-17 12:28:48.682,407.2951224522983,14
2024-09-17 12:28:48.706,407.2908396087462,97
2024-09-17 12:28:48.754,407.27034623877904,100
2024-09-17 12:28:48.785,407.2921934443098,12
2024-09-17 12:28:48.888,407.2787472689846,96
2024-09-17 12:28:48.977,407.2889333581781,1002
2024-09-17 12:28:49.002,407.2508196896561,101
2024-09-17 12:28:49.199,407.2946345423235,101
2024-09-17 12:28:49.221,407.3127072663812,999
2024-09-17 12:28:49.243,407.2678175603487,101
2024-09-17 12:28:49.286,407.31974058063554,6
2024-09-17 12:28:49.319,407.2846238782354,10
2024-09-17 12:28:49.366,407.2971611957386,1002
2024-09-17 12:28:49.389,407.319898135884,5
2024-09-17 12:28:49.403,407.2477496020365,100
2024-09-17 12:28:49.434,407.339839201694,99
2024-09-17 12:28:49.455,407.28866148877455,7
2024-09-17 12:28:49.467,407.2482220941218,96
2024-09-17 12:28:49.468,407.2997529957948,8
2024-09-17 12:28:49.471,407.2934575278164,1005
2024-09-17 12:28:49.554,407.28793126635975,1000
2024-09-17 12:28:49.679,407.26147087947487,13
2024-09-17 12:28:49.684,407.2608777310487,13
2024-09-17 12:28:49.702,407.30600206475714,996
2024-09-17 12:28:49.746,407.2911791652906,6
2024-09-17 12:28:49.788,407.3383283373612,995
2024-09-17 12:28:49.794,407.3230619964144,96
2024-09-17 12:28:49.796,407.290598172666,103
2024-09-17 12:28:49.838,407.3345758202665,14
2024-09-17 12:28:49.847,407.2903274379448,1000
2024-09-17 12:28:49.897,407.2416178668811,13
2024-09-17 12:28:49.901,407.3426440918025,103
2024-09-17 12:28:49.904,407.26960723590673,13
2024-09-17 12:28:49.939,407.2597959195183,98
2024-09-17 12:28:50.100,407.3153447241584,12
2024-09-17 12:28:50.210,407.3215042511466,1004
2024-09-17 12:28:50.303,407.31834438114015,98
2024-09-17 12:28:50.357,407.3096264981172,103
2024-09-17 12:28:50.364,407.2855000153922,1003
2024-09-17 12:28:50.405,407.3281778067852,996
2024-09-17 12:28:50.452,407.32861537693583,9
2024-09-17 12:28:50.475,407.2835234156354,999
2024-09-17 12:28:50.685,407.320450042067,5
2024-09-17 12:28:50.738,407.2813751683296,95
2024-09-17 12:28:50.758,407.309878192602,1001
2024-09-17 12:28:50.764,407.3083859094704,12
2024-09-17 12:28:50.844,407.3202062519992,999
2024-09-17 12:28:50.845,407.3368076012537,15
2024-09-17 12:28:50.854,407.29624953442647,101
2024-09-17 12:28:50.862,407.30505599807714,1003
2024-09-17 12:28:50.976,407.30967533104734,104
2024-09-17 12:28:51.042,407.3605081929621,97
2024-09-17 12:28:51.207,407.3038886852156,104
2024-09-17 12:28:51.232,407.31364943295097,105
2024-09-17 12:28:51.274,407.317117621434,9
2024-09-17 12:28:51.295,407.3278187586485,13
2024-09-17 12:28:51.382,407.3371508338597,15
2024-09-17 12:28:51.387,40.733943036912336,8
2024-09-17 12:28:51.453,407.3564584322587,14
2024-09-17 12:28:51.507,407.3033665547809,100
2024-09-17 12:28:51.615,407.2682212061735,98
2024-09-17 12:28:51.666,407.3507239938804,995
2024-09-17 12:28:51.748,407.3087151738622,995
2024-09-17 12:28:51.751,407.3119773534288,98
2024-09-17 12:28:51.883,407.336012451192,9
2024-09-17 12:28:51.914,407.2768539434898,95
2024-09-17 12:28:51.963,407.3195092898686,999
2024-09-17 12:28:51.990,407.2841914686698,1001
2024-09-17 12:28:52.005,407.2837203070365,998
2024-09-17 12:28:52.049,407.2492927211823,14
2024-09-17 12:28:52.060,407.2512076720843,101
2024-09-17 12:28:52.094,407.25113994193765,7
2024-09-17 12:28:52.095,407.2322081582822,10
2024-09-17 12:28:52.314,407.2744538268636,1005
2024-09-17 12:28:52.315,407.2592794956135,1003
2024-09-17 12:28:52.406,407.2182032176854,1002
2024-09-17 12:28:52.472,407.28013478190553,996
2024-09-17 12:28:52.474,407.2339935726553,998
2024-09-17 12:28:52.509,407.2261036299208,1005
2024-09-17 12:28:52.511,407.27160336580033,1005
2024-09-17 12:28:52.562,407.2677797835533,6
2024-09-17 12:28:52.565,407.2386740482596,13
2024-09-17 12:28:52.598,407.274845830809,1002
2024-09-17 12:28:52.634,407.2539341424174,95
2024-09-17 12:28:52.745,407.2619026708578,98
2024-09-17 12:28:52.764,407.27088567701065,999
2024-09-17 12:28:52.781,407.2558668608344,100
2024-09-17 12:28:52.804,407.2350047269696,97
2024-09-17 12:28:52.805,407.25327535713166,997
2024-09-17 12:28:52.824,407.2386841320872,998
2024-09-17 12:28:52.838,407.26840953236376,997
2024-09-17 12:28:52.842,407.228199996824,999
2024-09-17 12:28:52.936,407.2472513577811,98
2024-09-17 12:28:53.049,407.1947106294946,9
2024-09-17 12:28:53.141,407.21726628881146,104
2024-09-17 12:28:53.168,407.2335508578987,8
2024-09-17 12:28:53.185,407.237946624236,7
2024-09-17 12:28:53.292,407.2364169329987,1001
2024-09-17 12:28:53.366,407.2243591245596,1003
2024-09-17 12:28:53.471,407.22646516436765,997
2024-09-17 12:28:53.483,407.2189513214242,11
2024-09-17 12:28:53.519,407.21977808894655,97
2024-09-17 12:28:53.547,407.2389078099073,5
2024-09-17 12:28:53.580,407.2308530667859,999
2024-09-17 12:28:53.647,-407.21481749316496,101
2024-09-17 12:28:53.650,407.20299808746944,9
2024-09-17 12:28:53.671,407.22180490634247,101
2024-09-17 12:28:53.737,407.2392324701688,95
2024-09-17 12:28:53.737,407.22860189324,1000
2024-09-17 12:28:53.766,407.2099730434684,1005
2024-09-17 12:28:53.822,407.1982135654635,96
2024-09-17 12:28:53.865,407.2684449919358,12
2024-09-17 12:28:53.885,407.22003707950944,99
2024-09-17 12:28:53.894,407.2299580426426,1001
2024-09-17 12:28:54.214,407.1928035754146,105
2024-09-17 12:28:54.532,407.10717886302274,96
2024-09-17 12:28:54.542,407.1545719007594,105
2024-09-17 12:28:54.599,407.1449350274021,105
2024-09-17 12:28:54.631,407.1780510880861,6
2024-09-17 12:28:54.697,407.0934715782344,1003
2024-09-17 12:28:54.717,407.0783031197949,1002
2024-09-17 12:28:54.749,407.1425872629793,999
2024-09-17 12:28:54.810,407.1234679439511,97
2024-09-17 12:28:54.878,407.1663152993679,997
2024-09-17 12:28:54.951,407.1792329135763,998
2024-09-17 12:28:55.037,407.0880561297423,97
2024-09-17 12:28:55.107,407.08339873872046,997
2024-09-17 12:28:55.122,407.0788602191157,102
2024-09-17 12:28:55.149,407.0747727693743,99
2024-09-17 12:28:55.231,407.0803431000626,101
2024-09-17 12:28:55.244,407.0769099291095,10
2024-09-17 12:28:55.325,407.0890682490109,1000
2024-09-17 12:28:55.342,407.09942750725793,998
2024-09-17 12:28:55.380,407.0953359421438,103
2024-09-17 12:28:55.393,407.1080382170905,995
2024-09-17 12:28:55.468,407.0983978675066,14
2024-09-17 12:28:55.476,407.0949447647549,98
2024-09-17 12:28:55.511,407.0903266430399,999
2024-09-17 12:28:55.555,407.0993174122699,5
2024-09-17 12:28:55.670,407.08011253720014,1001
2024-09-17 12:28:55.680,407.0771103512002,1004
2024-09-17 12:28:55.697,407.0783559518329,6
2024-09-17 12:28:55.764,407.0950127872019,1000
2024-09-17 12:28:55.765,407.0798425905827,1001
2024-09-17 12:28:55.779,407.0969827172753,1002
2024-09-17 12:28:55.782,407.0888345837627,1000
2024-09-17 12:28:55.784,407.07794019149736,11
2024-09-17 12:28:55.933,407.0960797688389,103
2024-09-17 12:28:55.989,407.0822154535834,102
2024-09-17 12:28:56.024,407.0098717192985,15
2024-09-17 12:28:56.046,407.0237443378808,999
2024-09-17 12:28:56.049,407.0400743093973,1002
2024-09-17 12:28:56.089,407.111899919781,9
2024-09-17 12:28:56.093,407.03128432633775,11
2024-09-17 12:28:56.127,407.0689144071277,105
2024-09-17 12:28:56.157,407.11013161421016,105
2024-09-17 12:28:56.162,407.0161554935148,98
2024-09-17 12:28:56.275,407.0948748861509,103
2024-09-17 12:28:56.295,407.1060048223178,995
2024-09-17 12:28:56.312,407.03585464998224,1001
2024-09-17 12:28:56.366,407.105024815501,104
2024-09-17 12:28:56.434,407.0935398244192,95
2024-09-17 12:28:56.543,407.09115282911125,101
2024-09-17 12:28:56.655,-407.0341497752346,995
2024-09-17 12:28:56.686,407.0996022475368,1003
2024-09-17 12:28:56.687,407.11443518536566,104
2024-09-17 12:28:56.781,407.0691476643056,13
2024-09-17 12:28:56.810,407.0503775931873,1002
2024-09-17 12:28:56.834,407.05653166344587,1001
2024-09-17 12:28:56.910,407.0846322763637,12
2024-09-17 12:28:56.929,407.0271575893016,98
2024-09-17 12:28:56.957,407.02395246793816,997
2024-09-17 12:28:56.974,407.10312877222674,103
2024-09-17 12:28:58.023,407.041116830545,997
2024-09-17 12:28:58.108,407.1220114259302,1005
2024-09-17 12:28:58.110,407.0812596917083,95
2024-09-17 12:28:58.168,407.07803731522506,12
2024-09-17 12:28:58.216,,6
2024-09-17 12:28:58.238,407.0504411724176,10
2024-09-17 12:28:58.252,407.05990609419786,13
2024-09-17 12:28:58.287,40.70355274803919,14
2024-09-17 12:28:58.380,407.0968613589075,13
2024-09-17 12:28:58.394,407.0922053578673,9
2024-09-17 12:28:58.400,407.1125878732991,998
2024-09-17 12:28:58.472,407.08319499831214,1004
2024-09-17 12:28:58.494,407.0577732162876,9
2024-09-17 12:28:58.562,407.0452703739255,9
2024-09-17 12:28:58.587,407.12204711830304,999
2024-09-17 12:28:58.623,407.0543020875053,1001
2024-09-17 12:28:58.630,407.0753131210652,9
2024-09-17 12:28:58.674,407.0541467017326,995
2024-09-17 12:28:58.674,407.0467835971744,996
2024-09-17 12:28:58.749,407.0648227279257,5
2024-09-17 12:28:58.920,407.02695181166536,996
2024-09-17 12:28:58.944,407.0718035040618,9
2024-09-17 12:28:59.029,407.1655206640717,1002
2024-09-17 12:28:59.034,407.1686133478198,96
2024-09-17 12:28:59.080,407.1620620597803,105
2024-09-17 12:28:59.098,407.1625440467135,5
2024-09-17 12:28:59.108,407.161565640464,96
2024-09-17 12:28:59.151,407.17494071204544,996
2024-09-17 12:28:59.154,407.19324066527065,7
2024-09-17 12:28:59.181,407.119883110394,1003
2024-09-17 12:28:59.189,407.1940818149002,98
2024-09-17 12:28:59.217,407.1566534412255,995
2024-09-17 12:28:59.286,407.1278989555233,999
2024-09-17 12:28:59.339,407.1556210395534,12
2024-09-17 12:28:59.460,407.1462049746818,95
2024-09-17 12:28:59.538,407.1450555658855,9
2024-09-17 12:28:59.548,407.1447400555801,100
2024-09-17 12:28:59.600,407.1841100562087,95
2024-09-17 12:28:59.621,407.1538519338643,10
2024-09-17 12:28:59.623,407.1575783783613,11
2024-09-17 12:28:59.678,407.1870033020372,103
2024-09-17 12:28:59.706,407.166159232628,99
2024-09-17 12:28:59.719,407.1912382320973,95
2024-09-17 12:28:59.788,407.1563935937507,98
2024-09-17 12:28:59.792,407.1761134267648,1004
2024-09-17 12:28:59.803,407.1431478262176,98
2024-09-17 12:28:59.813,407.1923059062768,104
2024-09-17 12:28:59.835,407.1952056402999,8
2024-09-17 12:28:59.904,407.1506840537335,8
2024-09-17 12:28:59.917,407.1555118541906,104
2024-09-17 12:28:59.964,407.1980035180567,998
2024-09-17 12:28:59.976,407.17499550038445,1004
