Timestamp,Price,Size
2024-09-18 13:38:00.088,415.626550633745,103
2024-09-18 13:38:00.097,415.6556215490858,1002
2024-09-18 13:38:00.170,415.5875850896439,998
2024-09-18 13:38:00.180,415.6065547098268,1005
2024-09-18 13:38:00.206,415.62745254344577,5
2024-09-18 13:38:00.242,415.62294137146927,98
2024-09-18 13:38:00.265,415.6293158536878,9
2024-09-18 13:38:00.332,415.6166541170439,7
2024-09-18 13:38:00.371,415.6156551292234,998
2024-09-18 13:38:00.394,415.6089248449558,11
2024-09-18 13:38:00.630,-415.6741526349081,999
2024-09-18 13:38:00.644,415.6048489726438,15
2024-09-18 13:38:00.680,415.65434466132217,1002
2024-09-18 13:38:00.703,415.6078469577238,105
2024-09-18 13:38:00.718,415.6113099556326,105
2024-09-18 13:38:00.749,415.6418108463271,100
2024-09-18 13:38:00.816,415.6427580491342,96
2024-09-18 13:38:00.946,415.6241330544232,995
2024-09-18 13:38:00.949,415.65326127674433,102
2024-09-18 13:38:01.025,415.6264854012583,995
2024-09-18 13:38:01.043,415.6898406603528,14
2024-09-18 13:38:01.162,415.6606413062492,8
2024-09-18 13:38:01.233,415.6852105949471,97
2024-09-18 13:38:01.263,415.70134340710746,12
2024-09-18 13:38:01.333,415.61778131550057,10
2024-09-18 13:38:01.338,415.680775806798,100
2024-09-18 13:38:01.384,415.6476184144973,100
2024-09-18 13:38:01.394,415.6874885138973,99
2024-09-18 13:38:01.397,415.640128813447,99
2024-09-18 13:38:01.528,415.6628267450977,1002
2024-09-18 13:38:01.577,415.6904155110967,97
2024-09-18 13:38:01.640,415.67869321285656,96
2024-09-18 13:38:01.665,415.7173963015572,1000
2024-09-18 13:38:01.682,415.6724169378455,10
2024-09-18 13:38:01.697,415.67842484089465,9
2024-09-18 13:38:01.729,415.6834426399562,105
2024-09-18 13:38:01.772,415.641106761565,10
2024-09-18 13:38:01.788,415.6941825384115,101
2024-09-18 13:38:01.830,415.6783318963556,7
2024-09-18 13:38:01.862,415.670562740124,14
2024-09-18 13:38:01.881,415.65933927496576,98
2024-09-18 13:38:01.886,415.6698234880951,100
2024-09-18 13:38:01.892,415.6437337303214,995
2024-09-18 13:38:01.903,415.7036259662939,13
2024-09-18 13:38:01.922,415.66883688495744,104
2024-09-18 13:38:01.925,415.6816230471389,96
2024-09-18 13:38:02.019,415.7302290066668,13
2024-09-18 13:38:02.046,415.65576977477104,98
2024-09-18 13:38:02.095,415.6676471756773,5
2024-09-18 13:38:02.154,415.69580067676543,6
2024-09-18 13:38:02.245,415.699148851316,5
2024-09-18 13:38:02.247,415.6422712829374,1005
2024-09-18 13:38:02.252,415.7247495130106,9
2024-09-18 13:38:02.276,415.6581528925048,6
2024-09-18 13:38:02.279,415.66582846214845,7
2024-09-18 13:38:02.310,415.7217933224189,1001
2024-09-18 13:38:02.322,415.645938013045,97
2024-09-18 13:38:02.415,415.7039820041254,11
2024-09-18 13:38:02.487,415.6742786356217,6
2024-09-18 13:38:02.547,415.6925277496387,1005
2024-09-18 13:38:02.595,415.6675190626032,95
2024-09-18 13:38:02.630,415.6496468680602,102
2024-09-18 13:38:02.649,415.7268778115976,996
2024-09-18 13:38:02.674,415.71973644156697,5
2024-09-18 13:38:02.701,415.7149564043147,998
2024-09-18 13:38:02.718,415.73118364881554,999
2024-09-18 13:38:02.739,415.7220987543408,12
2024-09-18 13:38:02.819,415.6351842061999,999
2024-09-18 13:38:02.838,415.7027681664202,1004
2024-09-18 13:38:02.925,415.7309421162342,1004
2024-09-18 13:38:02.928,415.7175727313014,11
2024-09-18 13:38:03.091,415.6698637842013,105
2024-09-18 13:38:03.149,-415.655021099424,1001
2024-09-18 13:38:03.261,415.6782722081294,10
2024-09-18 13:38:03.307,415.6849295124038,996
2024-09-18 13:38:03.361,415.6867431044038,9
2024-09-18 13:38:03.488,415.6893757755496,95
2024-09-18 13:38:03.568,415.6710468542828,12
2024-09-18 13:38:03.636,,97
2024-09-18 13:38:03.935,415.6668890794066,1003
2024-09-18 13:38:03.969,415.6723293977213,103
2024-09-18 13:38:04.015,415.6353142743648,5
2024-09-18 13:38:04.041,415.6526877205896,1004
2024-09-18 13:38:04.041,415.6459183153776,15
2024-09-18 13:38:04.165,415.6676959054338,1003
2024-09-18 13:38:04.185,415.653474429021,1004
2024-09-18 13:38:04.194,415.64800061579854,998
2024-09-18 13:38:04.204,415.6535261329633,8
2024-09-18 13:38:04.210,415.6472644982573,1001
2024-09-18 13:38:04.249,415.6726339908385,95
2024-09-18 13:38:04.274,415.654054598172,997
2024-09-18 13:38:04.412,415.6499857139653,103
2024-09-18 13:38:04.467,415.6671056990133,1004
2024-09-18 13:38:04.511,415.6702285797818,104
2024-09-18 13:38:04.526,415.6496555770156,12
2024-09-18 13:38:04.541,415.6514395518139,14
2024-09-18 13:38:04.578,415.64479966079085,104
2024-09-18 13:38:04.584,415.6383671320699,999
2024-09-18 13:38:04.646,415.6557752406763,11
2024-09-18 13:38:04.689,415.6470614818476,96
2024-09-18 13:38:04.701,415.6509563338308,996
2024-09-18 13:38:04.753,415.67153240491774,1004
2024-09-18 13:38:04.785,415.6614936486844,11
2024-09-18 13:38:04.808,415.65966208323647,102
2024-09-18 13:38:04.827,415.65559546336505,1003
2024-09-18 13:38:04.964,415.6643869146272,103
2024-09-18 13:38:05.193,415.6257895330818,95
2024-09-18 13:38:05.201,415.62195275859045,12
2024-09-18 13:38:05.389,415.61317268664845,105
2024-09-18 13:38:05.655,415.6078677574642,95
2024-09-18 13:38:07.118,415.60298977992426,10
2024-09-18 13:38:07.245,415.5752180286906,995
2024-09-18 13:38:07.277,-415.6009877924386,1002
2024-09-18 13:38:07.502,415.6082981366589,13
2024-09-18 13:38:08.023,415.4603924215908,100
2024-09-18 13:38:08.125,415.45453816381206,1002
2024-09-18 13:38:08.203,415.477821216374,101
2024-09-18 13:38:08.255,415.4972523252965,12
2024-09-18 13:38:08.261,415.4848572678509,105
2024-09-18 13:38:08.272,415.48270918199984,996
2024-09-18 13:38:08.432,415.5126537413753,9
2024-09-18 13:38:08.514,415.5629528034944,95
2024-09-18 13:38:08.571,415.516143026396,997
2024-09-18 13:38:08.572,415.4420201121537,100
2024-09-18 13:38:08.574,415.4983650395843,105
2024-09-18 13:38:08.581,415.54590902335934,6
2024-09-18 13:38:08.582,415.45358101927866,13
2024-09-18 13:38:08.591,415.5422278271121,11
2024-09-18 13:38:08.679,415.5307872365636,98
2024-09-18 13:38:08.705,415.4757479941895,98
2024-09-18 13:38:08.728,415.4900657514872,95
2024-09-18 13:38:08.806,415.556834968152,104
2024-09-18 13:38:08.886,415.4955090304111,1002
2024-09-18 13:38:08.927,415.5142394123119,6
2024-09-18 13:38:08.994,415.52341590194624,1001
2024-09-18 13:38:09.097,415.3365160720393,101
2024-09-18 13:38:09.106,415.3851871151072,101
2024-09-18 13:38:09.112,415.4284726858792,11
2024-09-18 13:38:09.138,415.3417503611887,97
2024-09-18 13:38:09.154,415.3985281729406,995
2024-09-18 13:38:09.194,415.3191142717266,997
2024-09-18 13:38:09.266,415.40401024765134,97
2024-09-18 13:38:09.327,415.3997062756571,12
2024-09-18 13:38:09.388,415.39512106342,98
2024-09-18 13:38:09.423,415.38600833466415,999
2024-09-18 13:38:09.468,415.3414247410644,1005
2024-09-18 13:38:09.488,415.4108269283352,14
2024-09-18 13:38:09.535,415.3406223651981,99
2024-09-18 13:38:09.547,415.3830138710262,98
2024-09-18 13:38:09.557,415.3891507582255,100
2024-09-18 13:38:09.634,415.3514480117711,95
2024-09-18 13:38:09.653,415.3498832438474,99
2024-09-18 13:38:09.689,415.3494958519647,103
2024-09-18 13:38:09.691,415.3336846547456,13
2024-09-18 13:38:09.694,415.3947043809238,1000
2024-09-18 13:38:09.696,415.41285284397793,98
2024-09-18 13:38:09.757,415.3223438690837,1002
2024-09-18 13:38:09.859,415.3774282248944,101
2024-09-18 13:38:09.963,415.406172305608,101
2024-09-18 13:38:10.026,415.3257575311599,1002
2024-09-18 13:38:10.139,415.30005532834537,102
2024-09-18 13:38:10.191,415.3343789524641,104
2024-09-18 13:38:10.353,415.3133570804071,999
2024-09-18 13:38:10.415,415.30154414693095,103
2024-09-18 13:38:10.479,415.2971548429322,8
2024-09-18 13:38:10.486,415.3043535711614,95
2024-09-18 13:38:10.638,415.3353469782616,996
2024-09-18 13:38:10.671,415.2867927494386,998
2024-09-18 13:38:10.683,415.299226222109,9
2024-09-18 13:38:10.726,415.3171156265246,95
2024-09-18 13:38:10.780,415.3046445417208,100
2024-09-18 13:38:10.921,415.2911421117937,99
2024-09-18 13:38:11.069,415.4349943431081,1000
2024-09-18 13:38:11.085,415.4349664435943,105
2024-09-18 13:38:11.163,415.408237610209,5
2024-09-18 13:38:11.190,415.4140986051776,6
2024-09-18 13:38:11.227,415.3594359148288,14
2024-09-18 13:38:11.575,415.4431219776665,995
2024-09-18 13:38:11.586,415.434128838197,105
2024-09-18 13:38:11.617,415.3484806928087,104
2024-09-18 13:38:11.621,415.3534431440784,996
2024-09-18 13:38:11.646,415.3694705137772,100
2024-09-18 13:38:11.669,-415.461288827662,996
2024-09-18 13:38:11.678,415.3969298981761,995
2024-09-18 13:38:11.690,415.3739829606928,997
2024-09-18 13:38:11.702,415.3987295816673,1005
2024-09-18 13:38:11.719,415.42514243955327,9
2024-09-18 13:38:11.735,415.3962723556611,996
2024-09-18 13:38:11.764,415.4304022649817,997
2024-09-18 13:38:11.772,415.423075692342,997
2024-09-18 13:38:11.794,415.43367205954775,98
2024-09-18 13:38:11.850,415.4635754705071,12
2024-09-18 13:38:11.898,415.44158814497473,995
2024-09-18 13:38:11.924,415.4486645481227,8
2024-09-18 13:38:11.937,-415.4016476141583,1001
2024-09-18 13:38:11.992,415.44653986263376,100
2024-09-18 13:38:12.026,415.4135150408455,6
2024-09-18 13:38:12.054,415.4438868147773,10
2024-09-18 13:38:12.070,415.4029696619817,12
2024-09-18 13:38:12.092,415.4014446134244,999
2024-09-18 13:38:12.145,415.399392501688,97
2024-09-18 13:38:12.272,415.4084344046118,12
2024-09-18 13:38:12.289,415.4471821025288,995
2024-09-18 13:38:12.339,415.4425743623203,5
2024-09-18 13:38:12.385,415.4317429821929,103
2024-09-18 13:38:12.581,415.4216999086513,14
2024-09-18 13:38:12.670,415.377126654041,12
2024-09-18 13:38:12.748,415.4422131381253,9
2024-09-18 13:38:12.812,415.4283656390812,100
2024-09-18 13:38:12.941,415.38108953267886,995
2024-09-18 13:38:12.943,415.398241060054,99
2024-09-18 13:38:13.045,415.4264467846234,103
2024-09-18 13:38:13.116,,999
2024-09-18 13:38:13.239,415.44597539981993,98
2024-09-18 13:38:13.279,415.4073411060052,101
2024-09-18 13:38:13.389,415.44601767337775,100
2024-09-18 13:38:13.476,415.432542583114,1004
2024-09-18 13:38:13.489,415.4075265962368,1001
2024-09-18 13:38:13.751,415.41499177007233,100
2024-09-18 13:38:14.000,415.4088738876911,97
2024-09-18 13:38:14.002,415.3737253581442,998
2024-09-18 13:38:14.017,415.4053624106123,96
2024-09-18 13:38:14.026,415.3789380468782,8
2024-09-18 13:38:14.045,415.38867933896273,9
2024-09-18 13:38:14.134,415.41539681210855,1005
2024-09-18 13:38:14.216,415.4095050539665,13
2024-09-18 13:38:14.235,415.4122129832049,99
2024-09-18 13:38:14.280,415.4029621403381,13
2024-09-18 13:38:14.319,415.3877422871786,100
2024-09-18 13:38:14.328,415.40448828107225,95
2024-09-18 13:38:14.358,415.390615549673,100
2024-09-18 13:38:14.403,415.38513462781503,1001
2024-09-18 13:38:14.435,415.4179524594964,98
2024-09-18 13:38:14.497,415.39524214016825,1001
2024-09-18 13:38:14.548,415.3802820286312,9
2024-09-18 13:38:14.597,415.4059344088169,98
2024-09-18 13:38:14.656,415.38432636076806,10
2024-09-18 13:38:14.768,415.4050538937505,15
2024-09-18 13:38:14.809,415.399074768079,996
2024-09-18 13:38:14.815,415.4084914962112,104
2024-09-18 13:38:14.823,415.4009162938358,7
2024-09-18 13:38:14.841,415.3989701756407,97
2024-09-18 13:38:14.856,415.3982109690108,12
2024-09-18 13:38:14.885,415.41561994436313,96
2024-09-18 13:38:14.907,415.41184709443183,6
2024-09-18 13:38:14.911,415.3857911986304,96
2024-09-18 13:38:14.926,415.4124326274948,95
2024-09-18 13:38:15.004,415.4006302560984,996
2024-09-18 13:38:15.067,415.4133201120422,1001
2024-09-18 13:38:15.103,415.36282299639856,1005
2024-09-18 13:38:15.143,415.3927724243043,12
2024-09-18 13:38:15.204,415.3911144560946,96
2024-09-18 13:38:15.279,415.42591188064233,1001
2024-09-18 13:38:15.288,415.3704380392478,1004
2024-09-18 13:38:15.335,415.4036460572781,996
2024-09-18 13:38:15.561,415.3745131839484,100
2024-09-18 13:38:15.592,415.3740641831764,102
2024-09-18 13:38:15.618,415.3945410613003,5
2024-09-18 13:38:15.671,415.3962060113998,7
2024-09-18 13:38:15.672,415.4034580263311,104
2024-09-18 13:38:15.823,415.3788147386712,95
2024-09-18 13:38:15.826,415.4251488859121,999
2024-09-18 13:38:15.923,415.3696991098566,996
2024-09-18 13:38:15.973,415.38856445827406,103
2024-09-18 13:38:15.997,415.3848776581377,6
2024-09-18 13:38:16.001,415.4001169782617,1003
2024-09-18 13:38:16.024,415.4454398659981,1002
2024-09-18 13:38:16.024,415.38281566036807,996
2024-09-18 13:38:16.057,415.4007743707072,103
2024-09-18 13:38:16.079,415.4177140869942,13
2024-09-18 13:38:16.112,415.4248715541863,14
2024-09-18 13:38:16.129,415.373759405716,995
2024-09-18 13:38:16.135,-415.39189166489854,102
2024-09-18 13:38:16.172,415.3938795350679,7
2024-09-18 13:38:16.231,415.38423593083286,101
2024-09-18 13:38:16.239,415.3923465284088,1003
2024-09-18 13:38:16.355,415.3922199524619,101
2024-09-18 13:38:16.378,415.3908072858637,1004
2024-09-18 13:38:16.398,415.435651965249,105
2024-09-18 13:38:16.500,415.4323764076836,98
2024-09-18 13:38:16.572,415.4125043469194,6
2024-09-18 13:38:16.582,415.4007506285435,11
2024-09-18 13:38:16.609,415.3789892186599,1003
2024-09-18 13:38:16.719,415.3690450160913,96
2024-09-18 13:38:16.764,415.394168244532,7
2024-09-18 13:38:16.773,415.4484814825578,996
2024-09-18 13:38:16.792,415.4000373696512,996
2024-09-18 13:38:16.818,415.359762537193,102
2024-09-18 13:38:16.831,-415.40988697028223,101
2024-09-18 13:38:16.896,415.4196010509458,999
2024-09-18 13:38:16.913,415.41496431906864,14
2024-09-18 13:38:16.959,415.3885242069169,95
2024-09-18 13:38:16.968,415.3742233084894,105
2024-09-18 13:38:17.185,415.335265741006,15
2024-09-18 13:38:17.191,415.3390538293428,95
2024-09-18 13:38:17.205,415.35230152994313,1002
2024-09-18 13:38:17.240,415.3276876036146,6
2024-09-18 13:38:17.308,415.375475763041,15
2024-09-18 13:38:17.316,415.3841399466663,96
2024-09-18 13:38:17.350,415.3722643839248,995
2024-09-18 13:38:17.402,415.2830185690303,14
2024-09-18 13:38:17.478,415.3235621146327,8
2024-09-18 13:38:17.583,415.3074797665324,10
2024-09-18 13:38:17.587,415.3074332224453,10
2024-09-18 13:38:17.590,415.3122084139261,1005
2024-09-18 13:38:17.614,415.3464758423144,1005
2024-09-18 13:38:17.642,41.532490043897305,997
2024-09-18 13:38:17.733,415.3964711233498,996
2024-09-18 13:38:17.830,415.30258357452686,997
2024-09-18 13:38:17.848,415.312002692396,9
2024-09-18 13:38:17.850,415.2647548277545,97
2024-09-18 13:38:17.949,415.2781225279748,995
2024-09-18 13:38:18.065,415.3007728165565,96
2024-09-18 13:38:18.277,415.2904892506253,102
2024-09-18 13:38:18.428,415.282891326947,96
2024-09-18 13:38:18.672,415.29137381631966,7
2024-09-18 13:38:18.737,415.281429273831,104
2024-09-18 13:38:18.860,415.30624190991847,95
2024-09-18 13:38:18.984,415.2898151924828,996
2024-09-18 13:38:19.117,415.2895729044587,10
2024-09-18 13:38:19.229,415.2768916562746,10
2024-09-18 13:38:19.411,415.2796855584836,8
2024-09-18 13:38:19.416,415.2859692820176,1000
2024-09-18 13:38:19.627,415.28619576264686,15
2024-09-18 13:38:19.666,415.2771635543152,100
2024-09-18 13:38:19.973,415.2812998746863,15
2024-09-18 13:38:20.034,415.36845612790376,1005
2024-09-18 13:38:20.134,415.2972741635082,9
2024-09-18 13:38:20.135,415.3177820989406,14
2024-09-18 13:38:20.205,415.29853298381,98
2024-09-18 13:38:20.269,415.3184155043103,6
2024-09-18 13:38:20.352,415.3729433025014,100
2024-09-18 13:38:20.360,415.3078778502962,1004
2024-09-18 13:38:20.412,415.3582332752042,6
2024-09-18 13:38:20.460,415.3161628363777,13
2024-09-18 13:38:20.556,415.3399779220999,102
2024-09-18 13:38:20.623,415.3318347129041,1004
2024-09-18 13:38:20.697,415.3091520628842,1002
2024-09-18 13:38:20.726,415.3684939596263,6
2024-09-18 13:38:20.796,415.3136832576765,101
2024-09-18 13:38:20.863,415.3555883060159,11
2024-09-18 13:38:21.009,415.3421893443529,998
2024-09-18 13:38:21.092,415.3397925412539,12
2024-09-18 13:38:21.097,415.34885421592793,95
2024-09-18 13:38:21.181,415.3540645836437,1002
2024-09-18 13:38:21.276,415.3648409799618,1000
2024-09-18 13:38:21.313,415.3459717849182,98
2024-09-18 13:38:21.314,415.3734349874703,15
2024-09-18 13:38:21.427,415.3526845682665,105
2024-09-18 13:38:21.534,415.34086123828587,105
2024-09-18 13:38:21.534,415.3455812159784,1004
2024-09-18 13:38:21.592,415.34759956436494,996
2024-09-18 13:38:21.615,415.3589212009402,6
2024-09-18 13:38:21.643,415.3491794747944,9
2024-09-18 13:38:21.665,415.3708247769719,5
2024-09-18 13:38:21.800,415.3710327748652,102
2024-09-18 13:38:21.910,415.3494256934118,105
2024-09-18 13:38:21.933,415.3540649718719,1004
2024-09-18 13:38:22.071,-415.361807898082,100
2024-09-18 13:38:22.394,415.35154599125775,1000
2024-09-18 13:38:22.521,415.3536555264317,12
2024-09-18 13:38:22.779,415.3478526783092,1005
2024-09-18 13:38:22.783,415.3644093228327,102
2024-09-18 13:38:22.921,415.3544423222178,104
2024-09-18 13:38:23.056,415.3469280445609,998
2024-09-18 13:38:23.068,415.3480728104785,1004
2024-09-18 13:38:23.100,415.35448349172657,1004
2024-09-18 13:38:23.205,415.3512657494276,999
2024-09-18 13:38:23.205,415.3695433599305,95
2024-09-18 13:38:23.345,415.359443175726,103
2024-09-18 13:38:23.359,415.2888955847626,998
2024-09-18 13:38:23.364,415.3486857180853,96
2024-09-18 13:38:23.413,415.3540528814738,1001
2024-09-18 13:38:23.475,415.3243822352991,103
2024-09-18 13:38:23.538,415.3329443386799,1005
2024-09-18 13:38:23.660,415.3477114510046,1002
2024-09-18 13:38:23.664,415.3614726765799,8
2024-09-18 13:38:23.697,415.3440679160533,8
2024-09-18 13:38:23.749,415.3462646188295,9
2024-09-18 13:38:23.805,415.35564081889095,98
2024-09-18 13:38:23.818,415.3191846417653,1000
2024-09-18 13:38:23.909,415.3453856147379,998
2024-09-18 13:38:23.945,415.3148697369952,15
2024-09-18 13:38:23.950,415.34647881761487,98
2024-09-18 13:38:23.973,415.33166580961006,96
2024-09-18 13:38:24.025,415.2763804007157,9
2024-09-18 13:38:24.151,415.29502416338687,9
2024-09-18 13:38:24.201,415.2790074640549,99
2024-09-18 13:38:24.203,415.2832089587896,1005
2024-09-18 13:38:24.452,415.28684695903695,1004
2024-09-18 13:38:24.453,415.29481492305536,1002
2024-09-18 13:38:24.629,415.27535465750793,11
2024-09-18 13:38:24.660,415.28680525682,996
2024-09-18 13:38:25.002,415.293492953293,1004
2024-09-18 13:38:25.191,415.2650397589877,995
2024-09-18 13:38:25.317,415.27069967502166,6
2024-09-18 13:38:25.976,415.26308905063615,11
2024-09-18 13:38:26.021,415.247750999296,8
2024-09-18 13:38:27.079,415.2657952781736,97
2024-09-18 13:38:27.088,415.2720677417458,8
2024-09-18 13:38:27.094,415.27745493421,15
2024-09-18 13:38:27.106,415.3084027624585,104
2024-09-18 13:38:27.114,415.2606284080392,97
2024-09-18 13:38:27.137,415.2826321833432,14
2024-09-18 13:38:27.156,415.2583993614422,98
2024-09-18 13:38:27.330,415.31202405897335,1005
2024-09-18 13:38:27.412,415.3133935527332,104
2024-09-18 13:38:27.470,415.2888704533151,1003
2024-09-18 13:38:27.555,415.3087281449036,1004
2024-09-18 13:38:27.592,,11
2024-09-18 13:38:27.627,415.2879961554782,998
2024-09-18 13:38:27.713,415.26277709194767,5
2024-09-18 13:38:27.761,415.263087748932,12
2024-09-18 13:38:27.821,415.3019268374549,1002
2024-09-18 13:38:27.838,415.2753693216013,95
2024-09-18 13:38:27.850,415.26522546611824,101
2024-09-18 13:38:27.980,415.2888374801376,1004
2024-09-18 13:38:27.984,415.2830125170688,5
2024-09-18 13:38:28.023,415.3130889226072,102
2024-09-18 13:38:28.189,415.26070426504793,7
2024-09-18 13:38:28.229,415.2865232748576,6
2024-09-18 13:38:28.326,415.3212085873184,995
2024-09-18 13:38:28.375,415.3102289163001,11
2024-09-18 13:38:28.511,415.2933960368402,14
2024-09-18 13:38:28.520,415.2967521313304,11
2024-09-18 13:38:28.594,415.2803255528093,12
2024-09-18 13:38:28.594,415.2793852567631,95
2024-09-18 13:38:28.778,415.3176339921436,1005
2024-09-18 13:38:28.873,415.3060270005065,102
2024-09-18 13:38:28.950,415.2888980239453,1005
2024-09-18 13:38:28.954,415.2959204361988,1003
2024-09-18 13:38:29.013,415.3217813411654,999
2024-09-18 13:38:29.015,415.3049367950321,996
2024-09-18 13:38:29.184,415.3017198883059,998
2024-09-18 13:38:29.362,41.53228092428955,1001
2024-09-18 13:38:29.388,415.3161645707064,1003
2024-09-18 13:38:29.429,415.2988172413772,14
2024-09-18 13:38:29.455,415.24872371080113,998
2024-09-18 13:38:29.472,415.3095318473891,8
2024-09-18 13:38:29.531,415.3016030500255,5
2024-09-18 13:38:29.538,415.2974455545318,98
2024-09-18 13:38:29.638,415.3241420340901,8
2024-09-18 13:38:29.651,415.3253647015076,7
2024-09-18 13:38:29.723,41.5280223203632,101
2024-09-18 13:38:29.747,415.2722154170494,10
2024-09-18 13:38:29.750,415.2589318093397,101
2024-09-18 13:38:29.769,415.2987122745691,1004
2024-09-18 13:38:29.828,415.3007745264937,104
2024-09-18 13:38:30.285,415.28891189980254,8
2024-09-18 13:38:30.342,415.2948729241256,7
2024-09-18 13:38:30.368,415.24660570539606,1000
2024-09-18 13:38:30.412,415.3043095674901,1001
2024-09-18 13:38:30.569,415.2847482540542,996
2024-09-18 13:38:30.619,415.31976529886606,96
2024-09-18 13:38:30.633,415.2782556339686,5
2024-09-18 13:38:30.676,415.2904927819242,1000
2024-09-18 13:38:30.718,415.2934626486621,9
2024-09-18 13:38:30.736,415.2732409860709,995
2024-09-18 13:38:30.772,415.30793143383465,998
2024-09-18 13:38:31.044,415.2790834343899,1003
2024-09-18 13:38:31.103,415.2686874647196,12
2024-09-18 13:38:31.202,415.2499789391754,996
2024-09-18 13:38:31.247,415.2535314344404,14
2024-09-18 13:38:31.416,415.25361470339857,1002
2024-09-18 13:38:31.447,415.2411131257328,995
2024-09-18 13:38:31.459,415.2568842148408,996
2024-09-18 13:38:31.469,415.2580119476732,1002
2024-09-18 13:38:31.576,415.2481759063758,996
2024-09-18 13:38:31.592,415.2605257264965,1001
2024-09-18 13:38:31.853,415.2404025096671,1002
2024-09-18 13:38:32.295,415.20872883285983,1002
2024-09-18 13:38:32.316,415.225470669586,15
2024-09-18 13:38:32.316,415.1919158373146,102
2024-09-18 13:38:32.408,415.2066526498896,7
2024-09-18 13:38:32.482,415.2249537965118,97
2024-09-18 13:38:32.613,415.2386008233056,12
2024-09-18 13:38:32.728,415.2172561940346,100
2024-09-18 13:38:32.771,415.20721954547,12
2024-09-18 13:38:32.775,415.2369821727542,98
2024-09-18 13:38:32.786,415.2562259618752,13
2024-09-18 13:38:32.792,415.2109259667338,5
2024-09-18 13:38:32.821,415.2210885516752,997
2024-09-18 13:38:32.868,415.2369576780434,995
2024-09-18 13:38:32.983,415.2367789595298,102
2024-09-18 13:38:33.026,415.2190578532943,104
2024-09-18 13:38:33.091,415.2191322139924,997
2024-09-18 13:38:33.166,415.1777890418124,5
2024-09-18 13:38:33.211,415.1990269241766,6
2024-09-18 13:38:33.213,415.19808852022805,8
2024-09-18 13:38:33.220,415.20406595734977,100
2024-09-18 13:38:33.223,415.2190728731062,7
2024-09-18 13:38:33.225,415.2071597301921,999
2024-09-18 13:38:33.237,415.2104470463922,997
2024-09-18 13:38:33.263,415.2205478862856,15
2024-09-18 13:38:33.313,415.2102662803957,10
2024-09-18 13:38:33.324,415.1721023511152,12
2024-09-18 13:38:33.487,-415.1899358481194,99
2024-09-18 13:38:33.638,415.21335576801226,999
2024-09-18 13:38:33.644,415.1995997180283,1003
2024-09-18 13:38:33.659,415.24015181274245,103
2024-09-18 13:38:33.667,415.20692498134514,15
2024-09-18 13:38:33.888,415.2006299468919,99
2024-09-18 13:38:33.921,415.1957710783018,1002
2024-09-18 13:38:33.986,415.1875856845968,14
2024-09-18 13:38:34.052,415.207026483711,998
2024-09-18 13:38:34.126,415.2045043119686,6
2024-09-18 13:38:34.290,415.19659593055263,102
2024-09-18 13:38:34.344,415.21680919445697,5
2024-09-18 13:38:34.370,415.21432447379925,1000
2024-09-18 13:38:34.421,415.222441425923,8
2024-09-18 13:38:34.425,415.2036324669651,8
2024-09-18 13:38:34.462,415.1988573501304,15
2024-09-18 13:38:34.510,415.20921664385673,1003
2024-09-18 13:38:34.647,415.2074196953764,1003
2024-09-18 13:38:34.708,415.2036835966492,7
2024-09-18 13:38:34.708,41.52073931522178,98
2024-09-18 13:38:34.779,415.1891207791753,998
2024-09-18 13:38:34.827,415.1856970738757,96
2024-09-18 13:38:35.047,415.1993728930847,998
2024-09-18 13:38:35.083,415.22410040396176,1005
2024-09-18 13:38:35.088,415.2264721902164,996
2024-09-18 13:38:35.121,415.2047083323821,105
2024-09-18 13:38:35.137,415.2239948453279,13
2024-09-18 13:38:35.188,415.1951665494011,1005
2024-09-18 13:38:35.304,415.193742512155,100
2024-09-18 13:38:35.362,415.204868930131,1002
2024-09-18 13:38:35.371,415.23188323098407,96
2024-09-18 13:38:35.468,415.2274803543707,10
2024-09-18 13:38:35.485,415.2100584078287,105
2024-09-18 13:38:35.489,415.2165313697692,12
2024-09-18 13:38:35.523,415.2040480217554,1001
2024-09-18 13:38:35.547,415.2457781115346,102
2024-09-18 13:38:35.572,415.1866386885762,15
2024-09-18 13:38:35.599,415.2090798170935,14
2024-09-18 13:38:35.627,,8
2024-09-18 13:38:35.629,415.2175583275237,999
2024-09-18 13:38:35.633,415.2180454959628,103
2024-09-18 13:38:35.641,415.2391331753804,5
2024-09-18 13:38:35.754,415.2170613965235,997
2024-09-18 13:38:35.767,415.191986299084,996
2024-09-18 13:38:35.780,415.2267541879475,9
2024-09-18 13:38:35.784,415.2139440425941,1004
2024-09-18 13:38:35.799,415.19213875328535,103
2024-09-18 13:38:35.954,415.2234108692805,7
2024-09-18 13:38:35.964,415.2145752738144,995
2024-09-18 13:38:35.968,415.2169925334086,100
2024-09-18 13:38:36.047,415.1928088713826,6
2024-09-18 13:38:36.083,415.1699256503548,6
2024-09-18 13:38:36.089,415.1991753760675,999
2024-09-18 13:38:36.094,415.2005774637873,9
2024-09-18 13:38:36.136,-415.1668712839767,97
2024-09-18 13:38:36.145,415.1655457023324,1000
2024-09-18 13:38:36.206,415.2477575323643,999
2024-09-18 13:38:36.263,415.2201556726498,999
2024-09-18 13:38:36.275,415.2489949146786,102
2024-09-18 13:38:36.354,415.1942481452725,103
2024-09-18 13:38:36.363,415.2674992539502,103
2024-09-18 13:38:36.367,415.2220649364023,996
2024-09-18 13:38:36.383,415.23163448155816,995
2024-09-18 13:38:36.384,415.20836589139407,7
2024-09-18 13:38:36.408,415.23890718513417,96
2024-09-18 13:38:36.458,415.1816838935364,100
2024-09-18 13:38:36.577,415.2186022265129,998
2024-09-18 13:38:36.604,415.23139560631887,12
2024-09-18 13:38:36.604,415.21230174726486,1000
2024-09-18 13:38:36.722,415.1753879173149,15
2024-09-18 13:38:36.757,415.2056059760662,104
2024-09-18 13:38:36.811,415.20987782205134,99
2024-09-18 13:38:36.847,415.2203403040074,1002
2024-09-18 13:38:36.865,415.2200059896477,7
2024-09-18 13:38:36.904,415.19881297053337,10
2024-09-18 13:38:36.931,415.26384572547954,97
2024-09-18 13:38:36.945,415.1917344933233,105
2024-09-18 13:38:36.953,415.2003407583427,5
2024-09-18 13:38:36.962,415.26509924766566,1002
2024-09-18 13:38:37.022,415.18172195432845,15
2024-09-18 13:38:37.067,415.1563527717993,8
2024-09-18 13:38:37.092,415.1194080679368,1004
2024-09-18 13:38:37.117,415.14031380367913,99
2024-09-18 13:38:37.133,415.2006936102299,103
2024-09-18 13:38:37.138,415.1594672588804,1004
2024-09-18 13:38:37.146,415.1511013530079,96
2024-09-18 13:38:37.203,415.1994396683361,1005
2024-09-18 13:38:37.207,415.14209137513774,95
2024-09-18 13:38:37.247,415.2238016090738,99
2024-09-18 13:38:37.374,415.1640869641421,102
2024-09-18 13:38:37.391,415.1531651281408,1005
2024-09-18 13:38:37.406,415.1375895272311,1004
2024-09-18 13:38:37.423,415.1323795037882,8
2024-09-18 13:38:37.508,415.1656660476981,96
2024-09-18 13:38:37.523,41.514684396702,5
2024-09-18 13:38:37.559,415.1145584623197,13
2024-09-18 13:38:37.762,415.14569015176846,95
2024-09-18 13:38:37.772,415.116827149049,1004
2024-09-18 13:38:37.798,415.1340081860073,104
2024-09-18 13:38:37.806,415.1204737732641,1002
2024-09-18 13:38:37.834,415.10720639452217,95
2024-09-18 13:38:37.925,415.1681700723309,10
2024-09-18 13:38:37.973,415.1345584101304,104
2024-09-18 13:38:38.027,415.1773900978372,15
2024-09-18 13:38:38.194,415.1918556868837,1005
2024-09-18 13:38:38.196,415.20022618863845,15
2024-09-18 13:38:38.197,415.1805211712335,11
2024-09-18 13:38:38.254,415.17825266274906,14
2024-09-18 13:38:38.256,415.1749917517962,12
2024-09-18 13:38:38.337,415.1974209960678,1000
2024-09-18 13:38:38.340,415.18540780695366,998
2024-09-18 13:38:38.429,415.18844163531145,104
2024-09-18 13:38:38.467,415.1610823693135,102
2024-09-18 13:38:38.483,415.1739421536696,10
2024-09-18 13:38:38.702,415.14399705308966,8
2024-09-18 13:38:38.714,415.20155576983205,999
2024-09-18 13:38:38.724,415.205307341636,97
2024-09-18 13:38:38.758,415.1989576856743,1001
2024-09-18 13:38:38.779,415.186103747886,14
2024-09-18 13:38:38.793,415.1877374727006,14
2024-09-18 13:38:38.815,415.16835033812407,997
2024-09-18 13:38:38.832,415.1864353681474,1000
2024-09-18 13:38:38.873,415.1475042371112,102
2024-09-18 13:38:38.945,415.2033485142311,998
2024-09-18 13:38:38.952,415.1905834657846,1004
2024-09-18 13:38:39.009,415.1337060567228,1002
2024-09-18 13:38:39.167,415.1624124413381,14
2024-09-18 13:38:39.236,415.1588933390524,996
2024-09-18 13:38:39.341,415.11673777621166,101
2024-09-18 13:38:39.354,415.1876637854705,102
2024-09-18 13:38:39.358,,104
2024-09-18 13:38:39.359,415.16585205374304,14
2024-09-18 13:38:39.371,415.1359196487134,10
2024-09-18 13:38:39.437,415.1515607390674,1004
2024-09-18 13:38:39.535,415.1716178177105,1001
2024-09-18 13:38:39.635,415.1182192743977,995
2024-09-18 13:38:39.637,415.13164745698055,11
2024-09-18 13:38:39.643,415.1397806152319,6
2024-09-18 13:38:39.791,415.1081444633242,1002
2024-09-18 13:38:39.795,415.1714624384066,997
2024-09-18 13:38:39.835,415.1240257679078,95
2024-09-18 13:38:39.877,415.1512747227897,998
2024-09-18 13:38:39.901,415.1166782961668,15
2024-09-18 13:38:39.946,415.12267390158337,104
2024-09-18 13:38:39.972,415.13360320688975,1002
2024-09-18 13:38:41.002,415.1621009413552,15
2024-09-18 13:38:41.041,415.11828942815833,103
2024-09-18 13:38:41.044,415.2067390944682,15
2024-09-18 13:38:41.052,415.16428109574497,100
2024-09-18 13:38:41.074,415.2191383563693,101
2024-09-18 13:38:41.112,415.1853059262818,8
2024-09-18 13:38:41.138,415.2130954272292,15
2024-09-18 13:38:41.164,415.2150398996688,13
2024-09-18 13:38:41.257,415.1100377322233,1003
2024-09-18 13:38:41.351,415.119429168968,1001
2024-09-18 13:38:41.417,415.2325857190684,5
2024-09-18 13:38:41.483,415.1850080944533,1001
2024-09-18 13:38:41.528,415.1643346781165,96
2024-09-18 13:38:41.553,,1005
2024-09-18 13:38:41.569,415.1195587303443,97
2024-09-18 13:38:41.608,415.1633054067686,102
2024-09-18 13:38:41.638,415.1307434935272,997
2024-09-18 13:38:41.638,415.2173907401668,100
2024-09-18 13:38:41.645,415.14478341941134,5
2024-09-18 13:38:41.670,415.21418047574633,98
2024-09-18 13:38:41.843,415.206493423845,8
2024-09-18 13:38:41.851,415.1375946380614,1003
2024-09-18 13:38:41.852,415.20097932259097,104
2024-09-18 13:38:41.893,415.1617309774337,995
2024-09-18 13:38:42.009,415.2442282740087,98
2024-09-18 13:38:42.012,415.2100027771071,10
2024-09-18 13:38:42.062,415.2509268503696,15
2024-09-18 13:38:42.078,415.2034970197452,102
2024-09-18 13:38:42.131,415.2405818350134,100
2024-09-18 13:38:42.168,415.2304030666796,12
2024-09-18 13:38:42.240,415.19477530402753,15
2024-09-18 13:38:42.244,415.257699493915,15
2024-09-18 13:38:42.516,415.2242203030996,15
2024-09-18 13:38:42.590,415.2227103789916,995
2024-09-18 13:38:42.591,415.2657438198751,10
2024-09-18 13:38:42.600,415.2432681954064,105
2024-09-18 13:38:42.649,415.2039336990674,998
2024-09-18 13:38:42.719,415.2388444101139,11
2024-09-18 13:38:42.731,415.2389256974962,1003
2024-09-18 13:38:42.790,415.2276101914418,103
2024-09-18 13:38:42.800,415.2273020242658,1002
2024-09-18 13:38:42.813,415.21974471091016,105
2024-09-18 13:38:42.854,415.209021382554,13
2024-09-18 13:38:42.863,415.2074722445714,100
2024-09-18 13:38:42.983,415.24566897239976,997
2024-09-18 13:38:43.251,415.2381801494292,15
2024-09-18 13:38:43.597,415.1872032287168,95
2024-09-18 13:38:43.657,415.2198146196423,5
2024-09-18 13:38:43.912,415.23277112914656,995
2024-09-18 13:38:43.951,415.20308915017887,6
2024-09-18 13:38:43.972,415.2167278969413,104
2024-09-18 13:38:44.041,415.2324114809723,103
2024-09-18 13:38:44.140,415.1938338427156,1003
2024-09-18 13:38:44.301,415.20369535567386,7
2024-09-18 13:38:44.301,,100
2024-09-18 13:38:44.307,415.19844053465897,998
2024-09-18 13:38:44.499,415.18887564569695,1003
2024-09-18 13:38:44.584,415.20994506717017,1000
2024-09-18 13:38:44.673,415.2025769849721,12
2024-09-18 13:38:44.761,415.2007211766465,95
2024-09-18 13:38:44.821,415.20789038273017,9
2024-09-18 13:38:44.874,415.2033185315836,100
2024-09-18 13:38:44.995,415.1947689696333,101
2024-09-18 13:38:45.018,415.28356937955846,98
2024-09-18 13:38:45.065,415.3365120903912,1003
2024-09-18 13:38:45.104,415.17461277386616,11
2024-09-18 13:38:45.132,415.3563112812327,997
2024-09-18 13:38:45.174,415.3639263766776,102
2024-09-18 13:38:45.188,415.29820551402526,96
2024-09-18 13:38:45.199,415.2313957590696,997
2024-09-18 13:38:45.213,415.34979644754463,98
2024-09-18 13:38:45.234,-415.2192063554036,1001
2024-09-18 13:38:45.267,415.3038386717151,1003
2024-09-18 13:38:45.284,415.3278145007681,13
2024-09-18 13:38:45.363,415.3376614222989,6
2024-09-18 13:38:45.369,415.3644175152456,103
2024-09-18 13:38:45.489,415.33741259053176,96
2024-09-18 13:38:45.515,415.2556442632327,13
2024-09-18 13:38:45.519,415.3206267544703,11
2024-09-18 13:38:45.534,415.1867892185272,996
2024-09-18 13:38:45.563,415.1782557685432,11
2024-09-18 13:38:45.587,415.32169858956377,995
2024-09-18 13:38:45.627,415.1847031759805,12
2024-09-18 13:38:45.742,415.1999837297954,6
2024-09-18 13:38:45.805,415.23726316740925,996
2024-09-18 13:38:45.834,415.310147834292,1004
2024-09-18 13:38:45.842,415.3219009780426,997
2024-09-18 13:38:45.857,415.3854192746855,97
2024-09-18 13:38:45.875,415.3189375602792,9
2024-09-18 13:38:45.959,415.3462663512505,996
2024-09-18 13:38:46.077,415.3330631206911,102
2024-09-18 13:38:46.122,415.3126153508732,10
2024-09-18 13:38:46.255,415.3244509067752,1005
2024-09-18 13:38:46.375,415.3380426130262,8
2024-09-18 13:38:46.424,415.3351520650221,998
2024-09-18 13:38:46.553,415.348758210651,998
2024-09-18 13:38:46.631,-415.3781517335922,998
2024-09-18 13:38:46.646,415.37221546756433,1003
2024-09-18 13:38:46.647,415.4076005758616,6
2024-09-18 13:38:46.648,415.3215794821693,1003
2024-09-18 13:38:46.708,415.32637766832096,12
2024-09-18 13:38:46.715,415.3326688114525,99
2024-09-18 13:38:46.775,415.3561418118837,7
2024-09-18 13:38:46.791,415.3411721933747,997
2024-09-18 13:38:46.819,415.36440382276845,10
2024-09-18 13:38:46.927,415.3582281459629,10
2024-09-18 13:38:46.988,415.345952909108,95
2024-09-18 13:38:48.211,415.4261325216826,103
2024-09-18 13:38:48.214,415.43700950345885,8
2024-09-18 13:38:48.281,415.4192837517216,5
2024-09-18 13:38:48.412,415.4182951769764,95
2024-09-18 13:38:48.564,415.4096554926728,100
2024-09-18 13:38:48.665,415.46462663800736,7
2024-09-18 13:38:48.752,415.4121939033703,11
2024-09-18 13:38:48.777,415.4440027350355,96
2024-09-18 13:38:48.816,415.4331382373189,105
2024-09-18 13:38:48.922,415.4409656048484,10
2024-09-18 13:38:49.072,415.4487388120606,1001
2024-09-18 13:38:49.151,415.44854900593873,13
2024-09-18 13:38:49.218,415.43631603804,995
2024-09-18 13:38:49.240,415.43764767900666,100
2024-09-18 13:38:49.274,415.4384151947745,5
2024-09-18 13:38:49.327,415.45173731831153,1000
2024-09-18 13:38:49.535,415.4441657398656,97
2024-09-18 13:38:49.655,415.4615064754626,995
2024-09-18 13:38:49.688,415.4540688946805,101
2024-09-18 13:38:49.755,415.4519734077572,10
2024-09-18 13:38:49.828,415.44290529821967,1004
2024-09-18 13:38:49.849,415.4432287990138,104
2024-09-18 13:38:50.019,415.37956775737183,105
2024-09-18 13:38:50.027,415.374086427092,13
2024-09-18 13:38:50.120,415.4490377372146,11
2024-09-18 13:38:50.185,415.4136542663744,7
2024-09-18 13:38:50.263,415.4496169898369,101
2024-09-18 13:38:50.332,415.4384443715624,1000
2024-09-18 13:38:50.372,415.45567982415616,6
2024-09-18 13:38:50.378,415.4300659621183,8
2024-09-18 13:38:50.394,415.4484150410792,995
2024-09-18 13:38:50.420,415.4407006809296,105
2024-09-18 13:38:50.550,415.3869195371177,5
2024-09-18 13:38:50.773,415.3818258086863,8
2024-09-18 13:38:50.854,,1003
2024-09-18 13:38:50.891,415.37975255421,1001
2024-09-18 13:38:50.912,415.4581014875597,5
2024-09-18 13:38:50.931,415.395093310084,15
2024-09-18 13:38:50.934,41.53861894776124,105
2024-09-18 13:38:50.965,415.391810503526,100
2024-09-18 13:38:50.995,,15
2024-09-18 13:38:51.021,415.40484826956543,999
2024-09-18 13:38:51.046,415.40503464765584,15
2024-09-18 13:38:51.059,415.39221465275085,6
2024-09-18 13:38:51.073,415.4538232879968,10
2024-09-18 13:38:51.114,415.4488575292471,1001
2024-09-18 13:38:51.273,415.3830361532038,96
2024-09-18 13:38:51.276,415.3977569838915,13
2024-09-18 13:38:51.301,415.3562522118889,12
2024-09-18 13:38:51.304,415.4087671138755,99
2024-09-18 13:38:51.382,415.39288267166944,101
2024-09-18 13:38:51.437,415.39885809550566,99
2024-09-18 13:38:51.445,415.4341635051699,6
2024-09-18 13:38:51.466,415.4189358521841,98
2024-09-18 13:38:51.523,415.4136863456204,99
2024-09-18 13:38:51.562,415.3956888838964,1005
2024-09-18 13:38:51.574,415.3699238324675,98
2024-09-18 13:38:51.641,415.37816185789353,1003
2024-09-18 13:38:51.677,415.3512439410675,14
2024-09-18 13:38:51.702,415.3942435685152,13
2024-09-18 13:38:51.724,,1004
2024-09-18 13:38:51.784,415.4193535933096,12
2024-09-18 13:38:51.795,415.44597270918246,995
2024-09-18 13:38:51.829,415.3630084727581,11
2024-09-18 13:38:51.834,415.3666198940145,1004
2024-09-18 13:38:51.893,415.3710094017378,95
2024-09-18 13:38:51.963,415.3623183349955,1003
2024-09-18 13:38:51.987,,7
2024-09-18 13:38:52.141,415.48395725579553,998
2024-09-18 13:38:52.150,415.4744869022812,101
2024-09-18 13:38:52.171,415.4580668936284,14
2024-09-18 13:38:52.548,415.4761623850656,95
2024-09-18 13:38:52.608,415.4638152397396,95
2024-09-18 13:38:52.726,415.4613952629125,1002
2024-09-18 13:38:52.836,415.4791706143084,1004
2024-09-18 13:38:52.877,415.4713613573122,7
2024-09-18 13:38:53.082,415.4230974896474,95
2024-09-18 13:38:53.105,415.40980647554943,1001
2024-09-18 13:38:53.135,415.40979301255607,15
2024-09-18 13:38:53.139,415.40482311602176,99
2024-09-18 13:38:53.149,415.4322621371932,13
2024-09-18 13:38:53.192,415.3929066333207,998
2024-09-18 13:38:53.278,415.4075437298571,1004
2024-09-18 13:38:53.293,415.4080415418547,10
2024-09-18 13:38:53.341,415.4366353253818,13
2024-09-18 13:38:53.364,415.39919123163446,102
2024-09-18 13:38:53.378,415.43853129594464,11
2024-09-18 13:38:53.425,415.3981818418926,1004
2024-09-18 13:38:53.453,415.4538533940449,996
2024-09-18 13:38:53.474,415.4365881805029,8
2024-09-18 13:38:53.529,415.40560780505945,12
2024-09-18 13:38:53.555,415.41362254739965,99
2024-09-18 13:38:53.577,415.4263762470141,103
2024-09-18 13:38:53.617,415.402791074006,98
2024-09-18 13:38:53.653,415.4315663852089,15
2024-09-18 13:38:53.661,415.39226304547503,9
2024-09-18 13:38:53.671,415.41212502525286,100
2024-09-18 13:38:53.702,415.4003269246726,14
2024-09-18 13:38:53.770,415.41836678319055,995
2024-09-18 13:38:53.781,415.42393163605806,103
2024-09-18 13:38:53.789,415.415283138658,11
2024-09-18 13:38:53.877,415.41996012909823,12
2024-09-18 13:38:53.927,415.4066422913537,15
2024-09-18 13:38:53.954,415.4050940997117,9
2024-09-18 13:38:53.970,415.3944847579978,102
2024-09-18 13:38:54.059,415.4815378877165,13
2024-09-18 13:38:54.061,415.370138618538,100
2024-09-18 13:38:54.116,415.376453114201,98
2024-09-18 13:38:54.192,415.48004723278177,6
2024-09-18 13:38:54.320,415.4693916765511,5
2024-09-18 13:38:54.373,415.3810222475215,98
2024-09-18 13:38:54.429,415.45974664351456,96
2024-09-18 13:38:54.434,415.3736333729629,100
2024-09-18 13:38:54.461,415.46991440127886,100
2024-09-18 13:38:54.474,415.4300330853779,997
2024-09-18 13:38:54.489,415.4601867474302,96
2024-09-18 13:38:54.544,415.4367979418876,1004
2024-09-18 13:38:54.553,415.3746922814331,103
2024-09-18 13:38:54.563,415.44774086599085,104
2024-09-18 13:38:54.576,415.36605184502974,1001
2024-09-18 13:38:54.637,415.3648396943212,8
2024-09-18 13:38:54.665,415.37057914756775,1005
2024-09-18 13:38:54.680,415.4139733508456,102
2024-09-18 13:38:54.693,415.3819878427063,13
2024-09-18 13:38:54.805,415.376797798005,103
2024-09-18 13:38:54.830,41.537502912155205,1004
2024-09-18 13:38:54.836,415.3725269872815,9
2024-09-18 13:38:54.869,415.3742478124333,997
2024-09-18 13:38:54.936,415.3904496358749,1003
2024-09-18 13:38:55.049,415.35906982739607,99
2024-09-18 13:38:55.081,415.3475373445943,101
2024-09-18 13:38:55.082,415.3192695717744,996
2024-09-18 13:38:55.143,415.3200934797905,995
2024-09-18 13:38:55.155,415.3668917288316,1001
2024-09-18 13:38:55.176,415.3355658044522,7
2024-09-18 13:38:55.218,415.333299527682,7
2024-09-18 13:38:55.242,415.3565968671858,12
2024-09-18 13:38:55.261,415.3635791123236,1002
2024-09-18 13:38:55.289,,97
2024-09-18 13:38:55.307,415.3622066604127,101
2024-09-18 13:38:55.334,415.3673540225692,101
2024-09-18 13:38:55.373,415.3648707735581,5
2024-09-18 13:38:55.403,415.3521427535107,15
2024-09-18 13:38:55.408,415.33938259519,99
2024-09-18 13:38:55.421,415.3598298934829,1004
2024-09-18 13:38:55.443,415.3335547124177,97
2024-09-18 13:38:55.480,415.3499272119865,96
2024-09-18 13:38:55.488,415.31997230843615,98
2024-09-18 13:38:55.497,415.37111656664354,101
2024-09-18 13:38:55.513,415.3486929876351,13
2024-09-18 13:38:55.544,415.3733129421109,96
2024-09-18 13:38:55.733,415.3564535410981,6
2024-09-18 13:38:55.759,415.3754045722709,1000
2024-09-18 13:38:55.846,415.3667592252,12
2024-09-18 13:38:55.908,415.373308310057,1004
2024-09-18 13:38:55.915,415.350730204072,15
2024-09-18 13:38:55.928,415.3278177411642,13
2024-09-18 13:38:55.975,415.37522436585857,998
2024-09-18 13:38:56.086,415.4267229387583,7
2024-09-18 13:38:56.102,415.39593598915707,97
2024-09-18 13:38:56.126,415.46256416914247,97
2024-09-18 13:38:56.226,415.3699035655765,998
2024-09-18 13:38:56.315,41.54233485290562,15
2024-09-18 13:38:56.354,415.38300962764765,8
2024-09-18 13:38:56.402,415.4410914983018,7
2024-09-18 13:38:56.478,415.3894089268787,13
2024-09-18 13:38:56.641,415.4492388502838,11
2024-09-18 13:38:56.661,415.4466993370022,13
2024-09-18 13:38:56.688,415.4311636058328,1001
2024-09-18 13:38:56.711,415.3765180710335,1002
2024-09-18 13:38:56.712,415.4245037490055,997
2024-09-18 13:38:56.753,415.4309727117103,97
2024-09-18 13:38:56.965,415.3886713282232,13
2024-09-18 13:38:57.158,415.4788100249655,995
2024-09-18 13:38:57.172,415.4776432098629,105
2024-09-18 13:38:57.200,415.5236875276042,14
2024-09-18 13:38:57.396,415.4961109739038,100
2024-09-18 13:38:57.400,415.5126821562498,9
2024-09-18 13:38:57.450,415.4979033624284,1005
2024-09-18 13:38:57.578,415.4864431996857,99
2024-09-18 13:38:57.582,415.5077603483352,8
2024-09-18 13:38:57.623,415.50567813953984,10
2024-09-18 13:38:57.946,415.51587296801335,99
2024-09-18 13:38:58.268,415.5143730496235,998
2024-09-18 13:38:58.310,415.5242271016187,101
2024-09-18 13:38:59.187,415.5351586094055,996
2024-09-18 13:38:59.238,415.5085753196584,1002
2024-09-18 13:38:59.250,415.55067750384063,10
2024-09-18 13:38:59.283,415.545352494695,95
2024-09-18 13:38:59.369,415.5625607540295,101
2024-09-18 13:38:59.471,415.5429475423441,8
2024-09-18 13:38:59.516,415.5450095326368,5
2024-09-18 13:38:59.615,415.5505501051815,13
2024-09-18 13:38:59.637,415.5204517107581,99
2024-09-18 13:38:59.653,415.5619126714461,1001
2024-09-18 13:38:59.753,415.5313265879212,13
2024-09-18 13:38:59.860,41.55426316134403,998
2024-09-18 13:38:59.890,415.516465404222,998
2024-09-18 13:38:59.921,415.5054768469005,1002
2024-09-18 13:38:59.955,415.50917787879655,99
2024-09-18 13:38:59.976,-415.5589848430541,15
