Timestamp,Price,Size
2024-09-20 13:25:00.043,429.7007000698256,1003
2024-09-20 13:25:00.063,429.70678253424177,96
2024-09-20 13:25:00.206,429.715407908875,5
2024-09-20 13:25:00.319,429.70918402908455,1005
2024-09-20 13:25:00.342,429.717386932411,998
2024-09-20 13:25:00.391,429.7074208733134,15
2024-09-20 13:25:00.399,429.6993236671713,104
2024-09-20 13:25:00.408,429.70655601435874,104
2024-09-20 13:25:00.559,429.715357402298,1003
2024-09-20 13:25:00.721,429.70186269458577,7
2024-09-20 13:25:00.756,429.7177859176806,13
2024-09-20 13:25:00.867,429.7184308091565,97
2024-09-20 13:25:00.931,429.7134380828289,1004
2024-09-20 13:25:01.006,429.7003783290722,6
2024-09-20 13:25:01.020,429.7257432226996,100
2024-09-20 13:25:01.069,429.7213867488938,12
2024-09-20 13:25:01.078,429.7030529122006,5
2024-09-20 13:25:01.082,429.7226220380736,97
2024-09-20 13:25:01.131,429.68030351013056,105
2024-09-20 13:25:01.169,429.6441421805528,101
2024-09-20 13:25:01.179,429.7106018810182,997
2024-09-20 13:25:01.279,429.6499726315736,995
2024-09-20 13:25:01.300,429.66315364479607,102
2024-09-20 13:25:01.487,429.6954801729245,1005
2024-09-20 13:25:01.524,429.65339831084657,14
2024-09-20 13:25:01.578,429.66641585111375,1002
2024-09-20 13:25:01.588,429.715150963899,95
2024-09-20 13:25:01.618,429.72265737059774,997
2024-09-20 13:25:01.657,,99
2024-09-20 13:25:01.705,429.7182694892636,9
2024-09-20 13:25:01.739,429.6928998992852,6
2024-09-20 13:25:01.749,429.71315941086,97
2024-09-20 13:25:01.777,429.6663629089867,1000
2024-09-20 13:25:01.786,429.7048308846896,8
2024-09-20 13:25:01.818,429.729801450277,1004
2024-09-20 13:25:01.824,429.725599914401,1004
2024-09-20 13:25:01.838,429.6366398824057,100
2024-09-20 13:25:01.842,429.7070340613569,6
2024-09-20 13:25:01.860,429.6579451801919,1003
2024-09-20 13:25:01.869,429.6475012250888,97
2024-09-20 13:25:01.905,429.6412292561744,95
2024-09-20 13:25:01.950,429.7352435588791,10
2024-09-20 13:25:01.988,429.66529571997785,103
2024-09-20 13:25:02.009,429.7068968234527,95
2024-09-20 13:25:02.084,429.7025523501468,1005
2024-09-20 13:25:02.096,429.7303661514106,12
2024-09-20 13:25:02.127,429.7425634850354,10
2024-09-20 13:25:02.153,429.77115638302433,1003
2024-09-20 13:25:02.212,429.7734357179183,1004
2024-09-20 13:25:02.350,429.7486150035569,102
2024-09-20 13:25:02.354,429.7238000615122,96
2024-09-20 13:25:02.422,429.73013191363816,1000
2024-09-20 13:25:02.423,429.7080235434309,1002
2024-09-20 13:25:02.423,429.7373472522032,99
2024-09-20 13:25:02.445,429.73463650318166,1005
2024-09-20 13:25:02.485,429.7178487098656,101
2024-09-20 13:25:02.561,429.70431504021394,98
2024-09-20 13:25:02.598,429.76444598158895,1003
2024-09-20 13:25:02.625,429.7319510190833,13
2024-09-20 13:25:02.633,429.73652881704095,995
2024-09-20 13:25:02.674,429.7102178435401,101
2024-09-20 13:25:02.752,429.73741435005815,96
2024-09-20 13:25:02.761,429.7875349902313,5
2024-09-20 13:25:02.782,429.7396266259751,1002
2024-09-20 13:25:02.807,429.7513355992272,101
2024-09-20 13:25:02.824,429.71944408220855,1001
2024-09-20 13:25:02.861,429.7523829794812,95
2024-09-20 13:25:02.872,429.7056006548961,999
2024-09-20 13:25:02.949,429.72735025972366,103
2024-09-20 13:25:02.957,,6
2024-09-20 13:25:02.971,429.7096368377256,103
2024-09-20 13:25:03.016,429.7335653406604,105
2024-09-20 13:25:03.098,429.7553218731416,7
2024-09-20 13:25:03.124,429.7404939308869,1003
2024-09-20 13:25:03.229,429.7406960143969,1002
2024-09-20 13:25:03.268,429.71718250638105,998
2024-09-20 13:25:03.334,429.7380931956727,1003
2024-09-20 13:25:03.336,429.7467492155917,104
2024-09-20 13:25:03.357,429.7813425304108,15
2024-09-20 13:25:03.370,429.7455781236756,12
2024-09-20 13:25:03.392,429.7808512539784,998
2024-09-20 13:25:03.426,429.7219602258672,100
2024-09-20 13:25:03.635,429.77228149919006,1005
2024-09-20 13:25:03.652,429.7214410232971,1005
2024-09-20 13:25:03.654,429.7846890692693,1004
2024-09-20 13:25:03.737,429.7870214266202,1003
2024-09-20 13:25:03.750,429.7129910274684,9
2024-09-20 13:25:03.753,429.82156434620754,8
2024-09-20 13:25:03.786,429.7228249062624,101
2024-09-20 13:25:03.868,429.7875748885429,8
2024-09-20 13:25:03.903,429.7292449981288,14
2024-09-20 13:25:03.929,429.7319466058011,100
2024-09-20 13:25:03.945,429.7547192879212,11
2024-09-20 13:25:04.326,429.735223157861,99
2024-09-20 13:25:05.080,429.738410066283,1005
2024-09-20 13:25:05.095,429.7198177659413,999
2024-09-20 13:25:05.119,429.7390148223144,1001
2024-09-20 13:25:05.130,429.75595556625393,996
2024-09-20 13:25:05.149,429.7670045642101,101
2024-09-20 13:25:05.168,429.7531711227013,1005
2024-09-20 13:25:05.173,429.7478493605833,999
2024-09-20 13:25:05.328,429.7811413195552,96
2024-09-20 13:25:05.328,429.7488527979807,99
2024-09-20 13:25:05.404,429.7462504379554,5
2024-09-20 13:25:05.408,429.7498616094401,95
2024-09-20 13:25:05.466,429.7695839160682,996
2024-09-20 13:25:05.481,429.7441480810397,101
2024-09-20 13:25:05.514,429.75127805144473,13
2024-09-20 13:25:05.527,429.737934937482,1004
2024-09-20 13:25:05.548,429.7490892670885,100
2024-09-20 13:25:05.567,429.748863239892,9
2024-09-20 13:25:05.578,429.7414448650315,13
2024-09-20 13:25:05.594,429.764890973456,1004
2024-09-20 13:25:05.594,429.7650896036065,998
2024-09-20 13:25:05.618,429.7439185304839,14
2024-09-20 13:25:05.640,429.7665339674917,103
2024-09-20 13:25:05.644,429.73804887539353,9
2024-09-20 13:25:05.679,429.7289937036771,98
2024-09-20 13:25:05.695,429.7586379612661,15
2024-09-20 13:25:05.756,429.7454705110084,6
2024-09-20 13:25:05.825,429.7677344937139,1003
2024-09-20 13:25:05.841,429.7541631213359,100
2024-09-20 13:25:05.869,429.75850752991977,9
2024-09-20 13:25:05.973,429.735181513322,11
2024-09-20 13:25:06.311,429.7356049128837,7
2024-09-20 13:25:06.377,429.7740615703042,9
2024-09-20 13:25:06.769,429.7960777178223,100
2024-09-20 13:25:06.836,429.74834422047326,9
2024-09-20 13:25:06.995,429.76848690708425,14
2024-09-20 13:25:07.171,429.8015437571009,997
2024-09-20 13:25:07.175,429.7666571921375,97
2024-09-20 13:25:07.203,429.7941831767552,95
2024-09-20 13:25:07.319,429.7763611683553,14
2024-09-20 13:25:07.328,429.7914251920193,8
2024-09-20 13:25:07.350,429.76652252819775,104
2024-09-20 13:25:07.369,429.7599659536444,105
2024-09-20 13:25:07.395,429.8172940864063,1002
2024-09-20 13:25:07.428,429.7471933098584,9
2024-09-20 13:25:07.470,429.7483464175215,98
2024-09-20 13:25:07.487,429.803499069792,6
2024-09-20 13:25:07.606,429.7890788568461,7
2024-09-20 13:25:07.630,429.7438396956538,8
2024-09-20 13:25:07.653,429.7778318172135,5
2024-09-20 13:25:07.687,429.7827140880807,996
2024-09-20 13:25:07.735,429.810081563386,997
2024-09-20 13:25:07.756,429.76393463264543,1004
2024-09-20 13:25:07.792,429.75278780796725,1003
2024-09-20 13:25:07.799,429.8027702582272,1004
2024-09-20 13:25:08.285,429.7908503746726,101
2024-09-20 13:25:08.333,-429.7854951055346,998
2024-09-20 13:25:08.537,429.7892904819908,6
2024-09-20 13:25:08.584,429.7808276532194,9
2024-09-20 13:25:08.908,429.7895522186551,104
2024-09-20 13:25:08.992,429.7697155585308,998
2024-09-20 13:25:09.012,429.7832945437327,995
2024-09-20 13:25:09.085,429.7484795062141,1001
2024-09-20 13:25:09.253,429.7623095665988,1004
2024-09-20 13:25:09.490,429.77086196603386,1002
2024-09-20 13:25:09.701,429.7688973617058,104
2024-09-20 13:25:09.717,429.7584390653955,9
2024-09-20 13:25:09.724,429.7704095952477,100
2024-09-20 13:25:10.037,429.7449602838556,999
2024-09-20 13:25:10.096,429.7469552048609,1001
2024-09-20 13:25:10.231,429.740827137682,14
2024-09-20 13:25:10.345,429.75395923858537,15
2024-09-20 13:25:10.393,429.7317294406046,104
2024-09-20 13:25:10.565,429.75105591993054,1004
2024-09-20 13:25:10.689,429.7395267061652,1000
2024-09-20 13:25:10.796,429.7346982576791,997
2024-09-20 13:25:10.828,429.7492032095978,15
2024-09-20 13:25:11.056,429.7613539750323,105
2024-09-20 13:25:11.095,429.776725871207,13
2024-09-20 13:25:11.158,429.7579830784076,12
2024-09-20 13:25:11.248,429.7133640382423,5
2024-09-20 13:25:11.283,-429.74633110616026,105
2024-09-20 13:25:11.322,429.7628009633763,96
2024-09-20 13:25:11.365,429.747181485058,99
2024-09-20 13:25:11.421,429.7522960337116,998
2024-09-20 13:25:11.579,429.7570824453479,5
2024-09-20 13:25:11.591,429.734705818153,1001
2024-09-20 13:25:11.646,429.7520915551146,7
2024-09-20 13:25:11.805,429.71901737413424,11
2024-09-20 13:25:12.086,429.70591101456216,7
2024-09-20 13:25:12.156,429.7487607844063,1001
2024-09-20 13:25:12.172,429.70479975938287,7
2024-09-20 13:25:12.173,429.7152362568804,105
2024-09-20 13:25:12.218,429.7404551438306,1005
2024-09-20 13:25:12.276,429.6017959948223,10
2024-09-20 13:25:12.325,429.62270952195774,1002
2024-09-20 13:25:12.333,429.7309091567307,102
2024-09-20 13:25:12.448,429.7068232680453,97
2024-09-20 13:25:12.511,429.62512211342977,8
2024-09-20 13:25:12.533,429.75406777386695,98
2024-09-20 13:25:12.575,429.6861039279127,8
2024-09-20 13:25:12.587,429.7136234064232,10
2024-09-20 13:25:12.652,429.6381990591239,1001
2024-09-20 13:25:12.657,429.7324868798824,1005
2024-09-20 13:25:12.662,429.6305521357695,104
2024-09-20 13:25:12.718,429.7071059607789,7
2024-09-20 13:25:12.786,429.6636328898155,95
2024-09-20 13:25:12.884,429.66032020369664,1000
2024-09-20 13:25:12.917,429.7285171417497,13
2024-09-20 13:25:12.927,429.7053365716157,13
2024-09-20 13:25:12.927,429.7243343184282,13
2024-09-20 13:25:12.951,429.6280742650069,15
2024-09-20 13:25:12.954,42.96209435805388,14
2024-09-20 13:25:12.963,429.72058065067097,1001
2024-09-20 13:25:12.999,429.6550340122706,13
2024-09-20 13:25:14.285,429.623016255186,998
2024-09-20 13:25:14.436,429.6252518111723,1003
2024-09-20 13:25:14.755,429.6112552754153,998
2024-09-20 13:25:14.824,429.6149472115167,1001
2024-09-20 13:25:15.071,429.621847149555,14
2024-09-20 13:25:15.105,429.6278103757324,998
2024-09-20 13:25:15.108,429.63187562419296,102
2024-09-20 13:25:15.156,429.5958001011117,1001
2024-09-20 13:25:15.168,429.5991018774157,10
2024-09-20 13:25:15.197,429.61949102751305,1005
2024-09-20 13:25:15.202,429.6165466413351,14
2024-09-20 13:25:15.316,-429.6491550398783,11
2024-09-20 13:25:15.321,429.6135797903412,9
2024-09-20 13:25:15.345,429.5827013702087,999
2024-09-20 13:25:15.386,429.6260526689935,997
2024-09-20 13:25:15.422,429.59015614021257,99
2024-09-20 13:25:15.450,429.5944113583675,1001
2024-09-20 13:25:15.543,429.6479930921308,1002
2024-09-20 13:25:15.590,429.5854719059863,997
2024-09-20 13:25:15.635,429.5962526518945,1003
2024-09-20 13:25:15.779,429.61038793090086,104
2024-09-20 13:25:15.784,429.6030963995879,105
2024-09-20 13:25:15.820,-429.6088782273042,5
2024-09-20 13:25:15.911,429.62815832504026,1003
2024-09-20 13:25:15.913,429.6029846158425,997
2024-09-20 13:25:15.933,429.624690745726,7
2024-09-20 13:25:15.983,429.6256061111035,11
2024-09-20 13:25:15.997,429.6341913322864,98
2024-09-20 13:25:16.033,429.5331116671159,996
2024-09-20 13:25:16.044,429.46479091046825,96
2024-09-20 13:25:16.048,429.5448524548457,14
2024-09-20 13:25:16.072,429.47830074461245,103
2024-09-20 13:25:16.135,429.5985015920331,14
2024-09-20 13:25:16.137,429.4891667762997,997
2024-09-20 13:25:16.209,,995
2024-09-20 13:25:16.226,429.5189437329042,1001
2024-09-20 13:25:16.228,429.5744638143729,9
2024-09-20 13:25:16.277,,12
2024-09-20 13:25:16.430,429.4954124189122,98
2024-09-20 13:25:16.456,429.5951331874823,103
2024-09-20 13:25:16.458,429.5168946861723,95
2024-09-20 13:25:16.473,429.482187473015,8
2024-09-20 13:25:16.544,429.57077223512607,95
2024-09-20 13:25:16.566,429.53480674816944,1004
2024-09-20 13:25:16.581,429.5181078714444,102
2024-09-20 13:25:16.591,429.52366125341206,7
2024-09-20 13:25:16.672,429.5108955836738,997
2024-09-20 13:25:16.676,429.51626455783423,5
2024-09-20 13:25:16.682,429.53140682288006,11
2024-09-20 13:25:16.745,429.5666286589782,104
2024-09-20 13:25:16.771,429.5249549610337,1005
2024-09-20 13:25:16.814,429.5350187604275,103
2024-09-20 13:25:16.841,429.5077746654962,101
2024-09-20 13:25:16.859,429.5540263772428,102
2024-09-20 13:25:16.872,429.5653265334956,103
2024-09-20 13:25:16.972,429.51253335828176,103
2024-09-20 13:25:17.181,429.5468973519139,1002
2024-09-20 13:25:18.007,429.5599859839108,101
2024-09-20 13:25:18.523,429.54927833799377,1005
2024-09-20 13:25:18.935,429.55089213516345,105
2024-09-20 13:25:19.029,429.5568109069656,8
2024-09-20 13:25:19.030,429.5144363968007,7
2024-09-20 13:25:19.074,429.5391166383589,97
2024-09-20 13:25:19.108,429.4887333937568,15
2024-09-20 13:25:19.133,429.53394520470056,103
2024-09-20 13:25:19.179,429.56120607991977,5
2024-09-20 13:25:19.191,429.5065006599248,99
2024-09-20 13:25:19.305,429.5395082836545,7
2024-09-20 13:25:19.331,429.5502976956965,996
2024-09-20 13:25:19.331,429.5434458765389,6
2024-09-20 13:25:19.423,429.5665010536012,97
2024-09-20 13:25:19.457,429.5491109741125,995
2024-09-20 13:25:19.512,429.48335505574994,96
2024-09-20 13:25:19.570,429.5105019888208,98
2024-09-20 13:25:19.619,429.5672283748645,15
2024-09-20 13:25:19.663,429.5224363340884,1003
2024-09-20 13:25:19.733,-429.53332493892367,1000
2024-09-20 13:25:19.773,429.5200915148813,1001
2024-09-20 13:25:19.782,429.54690180387786,1004
2024-09-20 13:25:19.782,-429.5584889328714,12
2024-09-20 13:25:19.797,429.5584144615799,102
2024-09-20 13:25:19.879,429.53806903203247,1001
2024-09-20 13:25:19.900,429.5575083921567,14
2024-09-20 13:25:20.275,429.4731290199771,1003
2024-09-20 13:25:20.290,429.4605885456661,12
2024-09-20 13:25:20.320,429.4534986403857,97
2024-09-20 13:25:20.390,429.473661877724,101
2024-09-20 13:25:20.456,429.48881133022326,99
2024-09-20 13:25:20.518,429.41309456750287,14
2024-09-20 13:25:20.664,429.4311348272663,997
2024-09-20 13:25:20.670,429.42574374643056,12
2024-09-20 13:25:20.691,429.4274125852809,5
2024-09-20 13:25:20.884,429.4157490717013,10
2024-09-20 13:25:20.902,429.3938639227477,1004
2024-09-20 13:25:21.140,429.4075876373229,14
2024-09-20 13:25:21.209,429.4136395831063,12
2024-09-20 13:25:21.355,429.4143926065753,103
2024-09-20 13:25:21.652,429.425552419604,98
2024-09-20 13:25:22.097,429.3997744039952,102
2024-09-20 13:25:22.160,429.3598244296241,998
2024-09-20 13:25:22.210,-429.3675010238725,998
2024-09-20 13:25:22.223,429.417932249656,1001
2024-09-20 13:25:22.490,429.38745908950375,998
2024-09-20 13:25:22.549,429.3807834641264,1001
2024-09-20 13:25:22.570,429.4237561667162,9
2024-09-20 13:25:22.580,429.39734433778966,996
2024-09-20 13:25:22.604,429.3777428408749,102
2024-09-20 13:25:22.605,429.38823245152366,999
2024-09-20 13:25:22.658,-429.3572040901212,1003
2024-09-20 13:25:22.685,429.3811478205305,15
2024-09-20 13:25:22.734,429.4320489361622,6
2024-09-20 13:25:22.761,429.3975003023999,995
2024-09-20 13:25:22.765,429.4366689321412,1004
2024-09-20 13:25:22.808,429.3946774529481,15
2024-09-20 13:25:22.824,429.4011946177009,1000
2024-09-20 13:25:22.839,429.3703076959888,1003
2024-09-20 13:25:22.858,429.38429957254505,100
2024-09-20 13:25:22.879,429.44771674130544,95
2024-09-20 13:25:22.904,429.4047530036769,15
2024-09-20 13:25:22.936,429.3941045022142,13
2024-09-20 13:25:22.939,429.4060836378312,7
2024-09-20 13:25:23.030,429.3106527938092,7
2024-09-20 13:25:23.076,429.2931556184224,998
2024-09-20 13:25:23.090,429.3386722367352,14
2024-09-20 13:25:23.126,429.2995225372524,102
2024-09-20 13:25:23.153,429.30916251239313,11
2024-09-20 13:25:23.216,429.37079975191017,6
2024-09-20 13:25:23.264,429.3351454565304,14
2024-09-20 13:25:23.399,429.34756649805166,97
2024-09-20 13:25:23.555,429.30921659185054,996
2024-09-20 13:25:23.666,429.2936184185141,96
2024-09-20 13:25:23.686,429.31618966257753,8
2024-09-20 13:25:23.743,429.39478552529937,10
2024-09-20 13:25:23.803,429.309066731482,995
2024-09-20 13:25:23.996,429.40976130382126,14
2024-09-20 13:25:24.068,429.2902585544352,98
2024-09-20 13:25:24.198,429.25159329985,12
2024-09-20 13:25:24.355,429.2312913919258,105
2024-09-20 13:25:24.407,429.272952659442,12
2024-09-20 13:25:24.459,429.2663705657944,96
2024-09-20 13:25:24.647,429.2831677264812,1001
2024-09-20 13:25:24.660,429.25508775341694,99
2024-09-20 13:25:24.715,429.2873417255462,10
2024-09-20 13:25:24.969,429.287052813312,101
2024-09-20 13:25:25.075,429.2291033023917,10
2024-09-20 13:25:25.086,429.258034081824,11
2024-09-20 13:25:25.160,429.2241361227484,995
2024-09-20 13:25:25.271,429.2310316329048,6
2024-09-20 13:25:25.281,429.2289372345591,6
2024-09-20 13:25:25.292,429.3027282649537,95
2024-09-20 13:25:25.335,429.260616134991,96
2024-09-20 13:25:25.341,429.2685964022032,1004
2024-09-20 13:25:25.391,429.2356594343367,999
2024-09-20 13:25:25.531,429.2510523651528,99
2024-09-20 13:25:25.549,429.25998996401705,103
2024-09-20 13:25:25.585,429.2265866158923,10
2024-09-20 13:25:25.623,429.2494199019983,1002
2024-09-20 13:25:25.634,429.2353044800562,1001
2024-09-20 13:25:25.722,429.2583195956412,104
2024-09-20 13:25:25.758,429.2281075601771,6
2024-09-20 13:25:25.768,429.26373063299,102
2024-09-20 13:25:25.777,-429.2496384296349,1005
2024-09-20 13:25:25.784,429.2568221034696,103
2024-09-20 13:25:25.841,429.2277465723467,8
2024-09-20 13:25:25.841,429.23128449008,1003
2024-09-20 13:25:25.851,429.29201420151554,10
2024-09-20 13:25:25.905,429.2375389677788,9
2024-09-20 13:25:25.965,429.2452859809896,99
2024-09-20 13:25:25.974,429.247493108872,1003
2024-09-20 13:25:26.019,429.25118086259937,5
2024-09-20 13:25:26.197,429.2409232160441,6
2024-09-20 13:25:26.211,429.2269465815483,996
2024-09-20 13:25:26.220,429.2389686417287,10
2024-09-20 13:25:26.278,429.1855707480948,105
2024-09-20 13:25:26.324,429.2755917400126,14
2024-09-20 13:25:26.346,429.20597518042615,1002
2024-09-20 13:25:26.395,429.3010394931923,1001
2024-09-20 13:25:26.430,429.196091262615,101
2024-09-20 13:25:26.502,429.2736586479454,1001
2024-09-20 13:25:26.530,-429.2611927037681,104
2024-09-20 13:25:26.726,429.2076734503008,104
2024-09-20 13:25:26.766,429.2879280547066,6
2024-09-20 13:25:26.833,429.2052686500836,13
2024-09-20 13:25:26.886,429.1737481107684,1002
2024-09-20 13:25:26.953,429.2859163417988,15
2024-09-20 13:25:27.040,429.1474561101632,6
2024-09-20 13:25:27.124,429.126348039416,8
2024-09-20 13:25:27.486,429.1882937035553,8
2024-09-20 13:25:27.507,429.1726314114888,103
2024-09-20 13:25:27.574,429.1673271701373,95
2024-09-20 13:25:27.657,429.2010172767161,103
2024-09-20 13:25:27.663,429.1575868809297,995
2024-09-20 13:25:27.689,429.1754194238927,100
2024-09-20 13:25:27.702,429.1596997877414,8
2024-09-20 13:25:27.782,429.15549726753767,15
2024-09-20 13:25:27.796,429.1195556468464,11
2024-09-20 13:25:27.916,429.2077387555015,101
2024-09-20 13:25:28.000,42.92019774625109,15
2024-09-20 13:25:28.068,429.1979574494055,6
2024-09-20 13:25:28.505,429.1860633661872,102
2024-09-20 13:25:28.527,429.1897810472662,999
2024-09-20 13:25:28.554,429.1974613598336,103
2024-09-20 13:25:28.899,429.2101795657151,103
2024-09-20 13:25:29.009,429.2093348650585,5
2024-09-20 13:25:29.147,429.2342823525834,11
2024-09-20 13:25:29.173,429.229943171117,1005
2024-09-20 13:25:29.220,429.1886041226715,13
2024-09-20 13:25:29.268,429.1963006398647,998
2024-09-20 13:25:29.277,42.92036719494564,105
2024-09-20 13:25:29.301,429.2097018202785,11
2024-09-20 13:25:29.304,429.2396770312762,5
2024-09-20 13:25:29.329,429.2303856734708,10
2024-09-20 13:25:29.348,429.2407656884485,105
2024-09-20 13:25:29.350,429.2408100552064,104
2024-09-20 13:25:29.484,429.2161543028884,14
2024-09-20 13:25:29.492,429.2139968216067,15
2024-09-20 13:25:29.523,429.2167967004232,104
2024-09-20 13:25:29.548,429.2217567526599,100
2024-09-20 13:25:29.644,429.18898580570857,7
2024-09-20 13:25:29.747,429.2063300006014,5
2024-09-20 13:25:29.764,429.2317406072972,98
2024-09-20 13:25:29.777,429.2149175918513,1003
2024-09-20 13:25:29.844,429.2299435979658,100
2024-09-20 13:25:29.879,429.2084042125831,97
2024-09-20 13:25:30.311,429.2030845474515,12
2024-09-20 13:25:31.053,429.2764658321943,8
2024-09-20 13:25:31.070,429.1900540726498,1000
2024-09-20 13:25:31.123,429.22161192433634,1004
2024-09-20 13:25:31.144,429.2298735833459,97
2024-09-20 13:25:31.148,429.2094603871821,105
2024-09-20 13:25:31.156,429.2613949467385,103
2024-09-20 13:25:31.157,429.190019473737,15
2024-09-20 13:25:31.267,429.1650197729381,96
2024-09-20 13:25:31.338,429.1807813223065,97
2024-09-20 13:25:31.402,429.1829745617956,101
2024-09-20 13:25:31.424,429.2802811486172,1003
2024-09-20 13:25:31.511,429.2694757188553,96
2024-09-20 13:25:31.620,429.2087673163808,96
2024-09-20 13:25:31.620,-429.26551063638897,6
2024-09-20 13:25:31.662,429.1982412394561,1002
2024-09-20 13:25:31.712,429.22640760652587,999
2024-09-20 13:25:31.714,429.27427028484647,100
2024-09-20 13:25:31.812,429.1693783130032,1005
2024-09-20 13:25:31.814,429.2586496018519,104
2024-09-20 13:25:31.863,429.26998079763047,98
2024-09-20 13:25:31.947,429.2490119383722,8
2024-09-20 13:25:31.960,429.2593620011158,1001
2024-09-20 13:25:32.086,429.2723490260129,10
2024-09-20 13:25:32.288,429.2635025698731,5
2024-09-20 13:25:33.149,429.287376410088,1001
2024-09-20 13:25:33.501,429.28965312974174,6
2024-09-20 13:25:33.774,429.2749885616552,1000
2024-09-20 13:25:34.023,429.2821076792511,95
2024-09-20 13:25:34.052,429.2836040410375,105
2024-09-20 13:25:34.190,429.2978593966984,11
2024-09-20 13:25:34.220,429.252211346559,100
2024-09-20 13:25:34.220,429.2834463822766,13
2024-09-20 13:25:34.234,429.3110677686231,5
2024-09-20 13:25:34.315,429.3039822904361,100
2024-09-20 13:25:34.381,429.3077645716515,7
2024-09-20 13:25:34.411,429.26312061913,995
2024-09-20 13:25:34.415,429.2937948901607,104
2024-09-20 13:25:34.417,429.269428771278,9
2024-09-20 13:25:34.435,429.24972000419245,997
2024-09-20 13:25:34.545,429.2808404144109,100
2024-09-20 13:25:34.563,429.2716381701312,99
2024-09-20 13:25:34.569,429.25971341810975,102
2024-09-20 13:25:34.586,429.249876068578,14
2024-09-20 13:25:34.587,429.2717527596569,12
2024-09-20 13:25:34.602,429.2583799744055,7
2024-09-20 13:25:34.628,429.2819100313448,998
2024-09-20 13:25:34.641,429.25430064316913,1003
2024-09-20 13:25:34.645,429.28432564746726,95
2024-09-20 13:25:34.666,429.28561267242816,6
2024-09-20 13:25:34.701,429.31011316385656,101
2024-09-20 13:25:34.702,429.2628908308371,1005
2024-09-20 13:25:34.727,429.25903570593056,102
2024-09-20 13:25:34.763,429.2948473923988,11
2024-09-20 13:25:34.838,429.27189247674585,100
2024-09-20 13:25:34.839,429.26088292317417,8
2024-09-20 13:25:34.976,429.26489256614855,95
2024-09-20 13:25:35.096,429.28603377515975,14
2024-09-20 13:25:35.140,429.27350229133725,1004
2024-09-20 13:25:35.140,429.2716527219964,996
2024-09-20 13:25:35.190,429.2767385130888,95
2024-09-20 13:25:35.232,429.2781921346342,105
2024-09-20 13:25:35.313,429.272864237541,100
2024-09-20 13:25:35.350,429.2984162889153,13
2024-09-20 13:25:35.351,429.2708994545661,100
2024-09-20 13:25:35.540,429.281636479632,12
2024-09-20 13:25:35.584,429.3059711033882,102
2024-09-20 13:25:35.747,429.27557514800304,9
2024-09-20 13:25:35.774,429.2685546407444,6
2024-09-20 13:25:35.803,429.2600562176176,102
2024-09-20 13:25:35.926,429.2820954683104,98
2024-09-20 13:25:35.962,429.2653757193871,100
2024-09-20 13:25:36.053,429.2497427930519,10
2024-09-20 13:25:36.163,429.23036072751,98
2024-09-20 13:25:36.247,429.1570262400003,12
2024-09-20 13:25:36.322,429.2560624456895,996
2024-09-20 13:25:36.369,429.1623353657329,96
2024-09-20 13:25:36.465,429.1684106190263,8
2024-09-20 13:25:36.516,429.1795174818435,99
2024-09-20 13:25:36.517,429.20222372775066,15
2024-09-20 13:25:36.731,-429.1564733200119,999
2024-09-20 13:25:36.876,429.16184630350057,995
2024-09-20 13:25:36.902,429.1624059152438,1004
2024-09-20 13:25:36.903,429.2377029280142,95
2024-09-20 13:25:36.904,429.2449200073161,97
2024-09-20 13:25:36.908,429.2586303878533,95
2024-09-20 13:25:36.924,429.1628332436952,6
2024-09-20 13:25:37.000,429.1475040328533,999
2024-09-20 13:25:37.010,429.13967618432514,9
2024-09-20 13:25:37.021,429.1415324341354,1000
2024-09-20 13:25:37.052,429.05262274919625,1004
2024-09-20 13:25:37.239,429.1782907734029,997
2024-09-20 13:25:37.278,429.1053543497929,998
2024-09-20 13:25:37.294,429.0718570726432,1004
2024-09-20 13:25:37.320,429.1612893872698,5
2024-09-20 13:25:37.414,429.1035467040765,996
2024-09-20 13:25:37.452,429.0530778405556,997
2024-09-20 13:25:37.471,429.0518834101893,5
2024-09-20 13:25:37.477,429.07074747517566,95
2024-09-20 13:25:37.538,429.08692806212497,1005
2024-09-20 13:25:37.597,429.0788883675867,11
2024-09-20 13:25:37.598,429.0229198448547,1005
2024-09-20 13:25:37.611,429.153618368564,99
2024-09-20 13:25:37.632,429.1646494139838,6
2024-09-20 13:25:37.643,429.0895484255012,1003
2024-09-20 13:25:37.703,429.0909875146335,1003
2024-09-20 13:25:37.706,429.123674055299,995
2024-09-20 13:25:37.787,429.1549239617996,996
2024-09-20 13:25:37.831,429.06632337613286,999
2024-09-20 13:25:37.847,429.1606017083588,14
2024-09-20 13:25:37.866,429.0416353413972,995
2024-09-20 13:25:37.894,429.0352889400684,12
2024-09-20 13:25:37.922,429.18091452110514,95
2024-09-20 13:25:38.099,429.0901833744459,98
2024-09-20 13:25:38.106,429.09747771095135,1001
2024-09-20 13:25:38.180,429.0891401011427,999
2024-09-20 13:25:38.215,429.1143206963777,101
2024-09-20 13:25:38.223,429.1155927386391,9
2024-09-20 13:25:38.261,429.0651412731749,97
2024-09-20 13:25:38.267,429.0899264424563,12
2024-09-20 13:25:38.289,429.07447230600576,997
2024-09-20 13:25:38.359,429.082353261067,1000
2024-09-20 13:25:38.483,429.0890094056648,5
2024-09-20 13:25:38.495,429.0548474017288,1002
2024-09-20 13:25:38.511,429.101074828611,996
2024-09-20 13:25:38.589,,98
2024-09-20 13:25:38.603,429.0807040827078,103
2024-09-20 13:25:38.618,429.0795056293079,8
2024-09-20 13:25:38.707,429.0744301026271,1005
2024-09-20 13:25:38.731,429.0571767568508,13
2024-09-20 13:25:38.852,429.0643172234044,97
2024-09-20 13:25:38.918,429.0589404225138,96
2024-09-20 13:25:38.923,429.1011522531839,999
2024-09-20 13:25:38.964,429.1026328830684,1000
2024-09-20 13:25:39.166,429.0770126790952,999
2024-09-20 13:25:39.962,429.0805126944293,104
2024-09-20 13:25:40.136,429.0888456157472,102
2024-09-20 13:25:40.223,429.11663672473577,1003
2024-09-20 13:25:40.334,429.1035385081991,10
2024-09-20 13:25:40.428,429.0961361145312,102
2024-09-20 13:25:40.512,429.1147542372486,99
2024-09-20 13:25:40.525,429.0355717885758,7
2024-09-20 13:25:40.575,429.0594606326608,1001
2024-09-20 13:25:40.628,429.0908584066622,5
2024-09-20 13:25:40.655,429.08039036419245,99
2024-09-20 13:25:40.765,429.0751835073728,98
2024-09-20 13:25:40.777,429.04586466454674,14
2024-09-20 13:25:40.854,429.0987112934312,96
2024-09-20 13:25:40.921,429.0709576310452,13
2024-09-20 13:25:40.956,429.1071687202007,998
2024-09-20 13:25:40.963,429.0634922478538,995
2024-09-20 13:25:40.967,429.0841988720047,101
2024-09-20 13:25:41.062,429.0650009495249,996
2024-09-20 13:25:41.110,429.08975334907257,5
2024-09-20 13:25:41.115,429.0313762327874,15
2024-09-20 13:25:41.138,429.05154748664864,13
2024-09-20 13:25:41.173,429.0516802840562,1005
2024-09-20 13:25:41.197,429.0923706939334,995
2024-09-20 13:25:41.251,429.0816972838479,101
2024-09-20 13:25:41.290,429.039881780565,7
2024-09-20 13:25:41.338,429.06255131645406,13
2024-09-20 13:25:41.340,429.0471172138501,1002
2024-09-20 13:25:41.418,429.069049318076,999
2024-09-20 13:25:41.443,429.0777134807222,100
2024-09-20 13:25:41.450,429.05813167687546,5
2024-09-20 13:25:41.468,429.039586769894,13
2024-09-20 13:25:41.475,429.0484452976907,7
2024-09-20 13:25:41.507,429.0683166847353,100
2024-09-20 13:25:41.638,429.0288889168844,999
2024-09-20 13:25:41.702,429.0720292556663,995
2024-09-20 13:25:41.713,429.0477899231741,14
2024-09-20 13:25:41.718,429.063994444996,103
2024-09-20 13:25:41.758,429.0877125877586,97
2024-09-20 13:25:41.851,429.0700835266277,996
2024-09-20 13:25:41.902,429.0837712332859,13
2024-09-20 13:25:41.965,-429.0722786935271,104
2024-09-20 13:25:41.993,429.0549943600032,14
2024-09-20 13:25:42.064,429.12097463525,15
2024-09-20 13:25:42.303,429.1290445934385,1004
2024-09-20 13:25:42.350,429.10753353943136,6
2024-09-20 13:25:42.370,429.0884250604645,97
2024-09-20 13:25:42.412,429.09921215162245,104
2024-09-20 13:25:42.457,429.0938555252137,999
2024-09-20 13:25:42.508,429.1048135373951,102
2024-09-20 13:25:42.569,429.07028211854686,6
2024-09-20 13:25:42.572,429.0444991827294,12
2024-09-20 13:25:42.648,429.0556650012797,95
2024-09-20 13:25:42.737,429.1438244421008,1002
2024-09-20 13:25:42.811,429.0986247684051,996
2024-09-20 13:25:42.840,429.0570458475868,104
2024-09-20 13:25:42.842,429.0506685719625,6
2024-09-20 13:25:42.982,429.0666340718298,999
2024-09-20 13:25:42.999,-429.0617153284037,1001
2024-09-20 13:25:43.079,429.1379735163765,1002
2024-09-20 13:25:43.085,429.0958659588942,996
2024-09-20 13:25:43.171,429.10083271592646,1000
2024-09-20 13:25:43.178,429.03956516736224,101
2024-09-20 13:25:43.322,429.0708739339038,6
2024-09-20 13:25:43.361,429.1212168570909,96
2024-09-20 13:25:43.440,429.1287101904812,1005
2024-09-20 13:25:43.443,429.0987850070324,7
2024-09-20 13:25:43.463,429.1309638793159,13
2024-09-20 13:25:43.482,429.13376816675753,1003
2024-09-20 13:25:43.574,429.1309431636977,95
2024-09-20 13:25:43.609,-429.0554388936419,10
2024-09-20 13:25:43.612,429.1192614961592,1001
2024-09-20 13:25:43.630,429.0992859567572,103
2024-09-20 13:25:43.727,429.10222451636895,7
2024-09-20 13:25:43.798,42.906232216049055,104
2024-09-20 13:25:43.817,429.0917302159561,996
2024-09-20 13:25:43.821,429.03130515442615,1004
2024-09-20 13:25:43.995,429.1233424770479,11
2024-09-20 13:25:44.075,429.0701006649055,99
2024-09-20 13:25:44.236,429.06501494171147,97
2024-09-20 13:25:44.245,429.0416604908691,105
2024-09-20 13:25:44.266,429.038244506492,100
2024-09-20 13:25:44.285,429.0571591492218,1001
2024-09-20 13:25:44.343,429.04503317373474,13
2024-09-20 13:25:44.371,429.0327413389583,95
2024-09-20 13:25:44.399,429.040890527135,100
2024-09-20 13:25:44.465,429.0685372811929,95
2024-09-20 13:25:44.486,429.037031840918,104
2024-09-20 13:25:44.529,429.05005195892886,999
2024-09-20 13:25:44.548,429.0628860949863,97
2024-09-20 13:25:44.602,429.0863074197841,997
2024-09-20 13:25:44.734,429.0744712815095,103
2024-09-20 13:25:44.875,429.0444309071874,9
2024-09-20 13:25:44.882,429.024499248022,998
2024-09-20 13:25:44.942,429.0725665433597,1003
2024-09-20 13:25:44.974,429.0432506190315,14
2024-09-20 13:25:44.987,429.0645241495625,1000
2024-09-20 13:25:45.248,429.024220589971,1001
2024-09-20 13:25:45.340,429.0518684019675,998
2024-09-20 13:25:45.399,429.02136490638105,95
2024-09-20 13:25:45.593,429.0344636218469,7
2024-09-20 13:25:45.609,429.031874618,1004
2024-09-20 13:25:45.670,429.041015013327,11
2024-09-20 13:25:46.012,428.9921748032534,1004
2024-09-20 13:25:46.019,428.96919793267386,97
2024-09-20 13:25:46.070,428.91522785738016,96
2024-09-20 13:25:46.208,428.9990378898717,12
2024-09-20 13:25:46.221,428.9627431294229,1004
2024-09-20 13:25:46.229,428.95151454637306,1005
2024-09-20 13:25:46.264,428.936949045834,105
2024-09-20 13:25:46.273,428.9959363366846,95
2024-09-20 13:25:46.304,429.0177647252051,11
2024-09-20 13:25:46.367,428.9193599941993,997
2024-09-20 13:25:46.401,428.9838360737944,995
2024-09-20 13:25:46.453,428.9367605531117,8
2024-09-20 13:25:46.497,428.9388618536572,14
2024-09-20 13:25:46.502,428.9781307692868,1003
2024-09-20 13:25:46.505,428.95536129197177,105
2024-09-20 13:25:46.557,428.9872419935052,9
2024-09-20 13:25:46.606,429.0048330739457,998
2024-09-20 13:25:46.735,429.0028949618826,8
2024-09-20 13:25:46.746,428.9873809708392,100
2024-09-20 13:25:46.755,428.9916499380394,13
2024-09-20 13:25:46.789,428.9683778944527,999
2024-09-20 13:25:46.832,429.0096248573619,996
2024-09-20 13:25:46.975,428.96120907935233,995
2024-09-20 13:25:46.997,428.9327921523546,102
2024-09-20 13:25:47.004,429.00070936795737,5
2024-09-20 13:25:47.071,428.9798573136457,104
2024-09-20 13:25:47.103,429.0153696339455,999
2024-09-20 13:25:47.115,428.981624470207,1005
2024-09-20 13:25:47.120,429.0032794330367,6
2024-09-20 13:25:47.151,429.0146474043421,998
2024-09-20 13:25:47.155,428.9842214014902,15
2024-09-20 13:25:47.157,428.9610548457009,95
2024-09-20 13:25:47.239,428.9790634828127,1003
2024-09-20 13:25:47.254,429.0167105493174,996
2024-09-20 13:25:47.286,429.0028281454008,105
2024-09-20 13:25:47.314,429.0037365511631,9
2024-09-20 13:25:47.370,428.9819146131362,9
2024-09-20 13:25:47.434,429.0018909827578,100
2024-09-20 13:25:47.466,429.0036366656229,6
2024-09-20 13:25:47.544,428.9897023221056,103
2024-09-20 13:25:47.563,429.0171025702416,1005
2024-09-20 13:25:47.568,428.9855635270041,103
2024-09-20 13:25:47.642,429.0409968305184,996
2024-09-20 13:25:47.646,429.0131422247819,12
2024-09-20 13:25:47.662,,10
2024-09-20 13:25:47.705,428.9791347165514,5
2024-09-20 13:25:47.741,428.9741741321515,12
2024-09-20 13:25:47.800,429.0108599783032,98
2024-09-20 13:25:47.809,429.01794144272753,98
2024-09-20 13:25:47.873,429.012355203394,103
2024-09-20 13:25:47.874,428.9824430149253,103
2024-09-20 13:25:47.884,429.0020222703424,13
2024-09-20 13:25:47.981,428.9603839758794,997
2024-09-20 13:25:48.194,429.0053472859683,8
2024-09-20 13:25:48.615,429.0090403052876,1005
2024-09-20 13:25:48.703,429.0353988937495,998
2024-09-20 13:25:48.723,-429.00222724149313,1005
2024-09-20 13:25:48.790,429.0271836454035,1002
2024-09-20 13:25:48.882,429.0168155464492,103
2024-09-20 13:25:48.967,429.0154199196692,103
2024-09-20 13:25:49.004,429.0022716831336,1002
2024-09-20 13:25:49.122,428.99593499697016,96
2024-09-20 13:25:49.141,429.0244389078064,97
2024-09-20 13:25:49.165,-429.01053342689454,8
2024-09-20 13:25:49.178,42.901620599547215,101
2024-09-20 13:25:49.224,429.0188353062925,12
2024-09-20 13:25:49.247,429.027319213899,1005
2024-09-20 13:25:49.341,429.013049320816,12
2024-09-20 13:25:49.532,429.0301024300852,1003
2024-09-20 13:25:49.578,429.0087541132289,10
2024-09-20 13:25:49.650,429.0118867987778,100
2024-09-20 13:25:49.692,429.0040482936057,997
2024-09-20 13:25:49.741,429.03224204138377,99
2024-09-20 13:25:49.948,429.0198684171865,1000
2024-09-20 13:25:49.962,429.0186432670183,999
2024-09-20 13:25:49.963,429.0323241081068,101
2024-09-20 13:25:49.976,429.0194150406513,98
2024-09-20 13:25:50.057,429.016024433372,9
2024-09-20 13:25:50.109,428.9914443179616,15
2024-09-20 13:25:50.439,428.9915081248207,10
2024-09-20 13:25:50.508,428.9931486627055,1001
2024-09-20 13:25:50.587,428.99386184162665,998
2024-09-20 13:25:50.771,429.0033077143512,15
2024-09-20 13:25:52.076,429.0127598166867,102
2024-09-20 13:25:52.087,429.0155382699658,996
2024-09-20 13:25:52.269,429.0125879171539,98
2024-09-20 13:25:52.309,429.0243876598689,97
2024-09-20 13:25:52.350,429.0086310308714,102
2024-09-20 13:25:52.368,429.0164995403995,11
2024-09-20 13:25:52.469,429.0101255633018,6
2024-09-20 13:25:52.518,428.9963603361954,7
2024-09-20 13:25:52.602,429.02038768246433,98
2024-09-20 13:25:52.701,429.0037652887648,103
2024-09-20 13:25:52.749,429.00815468053486,1003
2024-09-20 13:25:52.811,429.0164777039555,1002
2024-09-20 13:25:52.880,429.0294291075533,104
2024-09-20 13:25:52.925,429.00965469438165,96
2024-09-20 13:25:52.941,429.0055531011591,97
2024-09-20 13:25:53.001,428.910589973602,1004
2024-09-20 13:25:53.072,428.93831553910695,104
2024-09-20 13:25:53.082,428.93355539126793,101
2024-09-20 13:25:53.088,428.9487667583729,11
2024-09-20 13:25:53.146,428.9198802123961,1000
2024-09-20 13:25:53.147,428.9288930243482,7
2024-09-20 13:25:53.190,428.9459565099751,101
2024-09-20 13:25:53.276,428.9307465606223,1000
2024-09-20 13:25:53.314,428.9749000375835,96
2024-09-20 13:25:53.428,428.9083818119462,1001
2024-09-20 13:25:53.641,428.96251818971785,10
2024-09-20 13:25:53.665,428.92369470279823,8
2024-09-20 13:25:53.752,428.9511274630471,13
2024-09-20 13:25:53.830,428.9158002660194,1000
2024-09-20 13:25:53.841,428.9943716916394,11
2024-09-20 13:25:53.917,428.9426601859731,102
2024-09-20 13:25:53.967,428.9127763900648,1001
2024-09-20 13:25:54.006,428.89000805934455,8
2024-09-20 13:25:54.009,428.800384581632,104
2024-09-20 13:25:54.108,428.8514726901127,1001
2024-09-20 13:25:54.169,428.8765717417911,99
2024-09-20 13:25:54.224,428.78903647977234,10
2024-09-20 13:25:54.231,428.7767555717395,1002
2024-09-20 13:25:54.304,428.7636603734067,6
2024-09-20 13:25:54.350,428.8650584746208,10
2024-09-20 13:25:54.381,428.77099378554215,12
2024-09-20 13:25:54.385,428.8761238630803,103
2024-09-20 13:25:54.391,428.85944572778527,1001
2024-09-20 13:25:54.439,428.7705565850415,98
2024-09-20 13:25:54.461,428.8092484589339,1002
2024-09-20 13:25:54.499,428.8923012120776,995
2024-09-20 13:25:54.526,428.7674396235087,101
2024-09-20 13:25:54.604,428.7669856648668,104
2024-09-20 13:25:54.685,428.88529623734,13
2024-09-20 13:25:54.690,428.8504309679969,997
2024-09-20 13:25:54.771,428.8304048289856,100
2024-09-20 13:25:54.813,428.9154909261369,6
2024-09-20 13:25:54.840,428.79801975385686,9
2024-09-20 13:25:54.846,428.8149590324152,98
2024-09-20 13:25:54.972,428.8712458230048,99
2024-09-20 13:25:55.107,428.8686260804892,96
2024-09-20 13:25:55.156,428.82337628390513,14
2024-09-20 13:25:55.176,428.8641198049591,10
2024-09-20 13:25:55.181,428.8360233327098,95
2024-09-20 13:25:55.190,428.881942267104,9
2024-09-20 13:25:55.198,428.81826585738736,8
2024-09-20 13:25:55.214,428.8929318968293,1000
2024-09-20 13:25:55.279,428.8061721209244,1000
2024-09-20 13:25:55.353,428.84065617710166,95
2024-09-20 13:25:55.421,428.8835577288896,95
2024-09-20 13:25:55.456,428.8539463421517,12
2024-09-20 13:25:55.535,428.8995455554405,1001
2024-09-20 13:25:55.586,428.8761195276224,1002
2024-09-20 13:25:55.596,428.8821096638384,7
2024-09-20 13:25:55.597,428.80134890478735,103
2024-09-20 13:25:55.633,428.814503209437,13
2024-09-20 13:25:55.691,428.8245178905929,7
2024-09-20 13:25:55.702,428.8433296636129,96
2024-09-20 13:25:55.710,428.8221705818818,105
2024-09-20 13:25:55.714,428.81862412179794,12
2024-09-20 13:25:55.724,428.8781151927541,997
2024-09-20 13:25:55.799,428.8719256034393,9
2024-09-20 13:25:55.803,428.8176712274049,996
2024-09-20 13:25:55.814,428.8223360466029,1000
2024-09-20 13:25:55.869,428.8087178992096,8
2024-09-20 13:25:56.464,428.8880133374977,1003
2024-09-20 13:25:56.485,428.9097706233576,101
2024-09-20 13:25:56.517,428.8889943446426,1005
2024-09-20 13:25:56.706,428.9001476434516,1002
2024-09-20 13:25:56.715,428.894801835492,7
2024-09-20 13:25:56.726,428.906136796952,7
2024-09-20 13:25:57.003,428.873778384132,103
2024-09-20 13:25:57.009,428.8721688317267,995
2024-09-20 13:25:57.023,428.87814687245873,95
2024-09-20 13:25:57.035,428.8710514170244,1001
2024-09-20 13:25:57.043,428.8788091990134,98
2024-09-20 13:25:57.070,428.8636506365505,997
2024-09-20 13:25:57.084,428.8709230594344,11
2024-09-20 13:25:57.123,428.8855253565116,999
2024-09-20 13:25:57.125,428.8769349884424,998
2024-09-20 13:25:57.131,428.89760153330553,14
2024-09-20 13:25:57.169,428.8780211669855,101
2024-09-20 13:25:57.170,428.8813656011805,7
2024-09-20 13:25:57.198,428.8718011608088,96
2024-09-20 13:25:57.224,428.8805634923946,996
2024-09-20 13:25:57.226,428.8821607261176,15
2024-09-20 13:25:57.245,428.8865317061476,999
2024-09-20 13:25:57.323,428.8891328909111,9
2024-09-20 13:25:57.348,428.8777211293228,1002
2024-09-20 13:25:57.371,428.85571752813496,95
2024-09-20 13:25:57.414,428.87936039571446,14
2024-09-20 13:25:57.478,428.8725576157677,1001
2024-09-20 13:25:57.521,428.8861733549426,6
2024-09-20 13:25:57.592,428.8676589356847,14
2024-09-20 13:25:57.699,428.8969165741708,99
2024-09-20 13:25:57.709,428.8762910712148,105
2024-09-20 13:25:57.848,428.8819996980385,103
2024-09-20 13:25:57.891,428.8760282248426,96
2024-09-20 13:25:57.931,428.8548461452497,12
2024-09-20 13:25:57.933,428.8864513439679,999
2024-09-20 13:25:58.170,428.8782106498748,9
2024-09-20 13:25:58.385,428.8557371592959,6
2024-09-20 13:25:58.504,428.87020315800055,101
2024-09-20 13:25:58.626,428.8422756237837,999
2024-09-20 13:25:58.855,428.8742933936508,997
2024-09-20 13:25:58.909,428.8585487545554,1005
2024-09-20 13:25:59.043,428.8795636938506,1002
2024-09-20 13:25:59.046,428.8081378156183,11
2024-09-20 13:25:59.072,428.8332255775628,1005
2024-09-20 13:25:59.160,428.8368722204239,996
2024-09-20 13:25:59.176,428.799737818832,104
2024-09-20 13:25:59.225,428.8055818522089,996
2024-09-20 13:25:59.269,-428.8255811133521,96
2024-09-20 13:25:59.274,428.8139757721544,98
2024-09-20 13:25:59.296,428.87357870109895,14
2024-09-20 13:25:59.379,428.83544993646615,996
2024-09-20 13:25:59.433,428.7798553732624,104
2024-09-20 13:25:59.441,428.82868434949546,99
2024-09-20 13:25:59.490,428.7751267422819,999
2024-09-20 13:25:59.503,428.7765184093684,13
2024-09-20 13:25:59.544,428.8260896505279,999
2024-09-20 13:25:59.556,428.7881548681247,12
2024-09-20 13:25:59.566,428.8273270386934,1003
2024-09-20 13:25:59.580,428.879945951642,97
2024-09-20 13:25:59.686,428.8320681438444,5
2024-09-20 13:25:59.705,428.7956261091388,98
2024-09-20 13:25:59.824,428.8644173413397,10
2024-09-20 13:25:59.824,428.7812389876447,96
2024-09-20 13:25:59.865,428.8160672398207,102
2024-09-20 13:25:59.875,428.8405260763864,6
2024-09-20 13:25:59.891,428.8384805684422,101
2024-09-20 13:25:59.900,428.818567455704,1000
