Timestamp,Price,Size
2024-09-18 12:04:00.020,416.1135445128984,1005
2024-09-18 12:04:00.043,416.1045438745159,97
2024-09-18 12:04:00.103,416.1648746708482,104
2024-09-18 12:04:00.117,416.1244790162331,996
2024-09-18 12:04:00.159,416.06164254668727,996
2024-09-18 12:04:00.174,416.1098567140954,9
2024-09-18 12:04:00.199,416.11743680252783,1000
2024-09-18 12:04:00.254,416.1258855127484,1000
2024-09-18 12:04:00.276,416.10876063255046,99
2024-09-18 12:04:00.306,416.0801233214026,997
2024-09-18 12:04:00.340,416.114079228548,95
2024-09-18 12:04:00.371,416.0970516759148,1002
2024-09-18 12:04:00.390,416.0662374701697,7
2024-09-18 12:04:00.400,416.16923620008697,9
2024-09-18 12:04:00.408,416.1493636657528,12
2024-09-18 12:04:00.434,416.1639777610954,105
2024-09-18 12:04:00.453,416.1004721614213,8
2024-09-18 12:04:00.491,416.1333805939115,6
2024-09-18 12:04:00.550,416.1720215496395,10
2024-09-18 12:04:00.627,416.12745317356297,998
2024-09-18 12:04:00.819,416.1221494035875,14
2024-09-18 12:04:00.835,416.1283876436749,13
2024-09-18 12:04:00.837,416.0651608652785,96
2024-09-18 12:04:00.923,416.074164608161,98
2024-09-18 12:04:00.947,416.08391957238246,101
2024-09-18 12:04:00.992,416.1444093040532,1003
2024-09-18 12:04:01.071,416.08050034715296,102
2024-09-18 12:04:01.086,416.1281948870446,9
2024-09-18 12:04:01.125,416.10191296139135,1004
2024-09-18 12:04:01.125,416.1408842394285,102
2024-09-18 12:04:01.301,416.1306790601441,10
2024-09-18 12:04:01.408,416.14757793930494,11
2024-09-18 12:04:01.668,416.08598856945855,5
2024-09-18 12:04:01.784,416.0956601019343,99
2024-09-18 12:04:01.818,416.1417912307896,999
2024-09-18 12:04:01.831,416.0953042473568,998
2024-09-18 12:04:01.849,416.0724376521107,13
2024-09-18 12:04:02.116,416.1184654341753,102
2024-09-18 12:04:02.127,416.09015767271217,11
2024-09-18 12:04:02.264,416.1182489254102,15
2024-09-18 12:04:02.312,416.1194691090152,8
2024-09-18 12:04:02.397,416.0895858371895,102
2024-09-18 12:04:02.452,416.08459632044224,998
2024-09-18 12:04:02.478,416.1093124985993,995
2024-09-18 12:04:02.485,416.1275108638997,97
2024-09-18 12:04:02.486,416.1079243589592,1003
2024-09-18 12:04:02.495,416.066876235606,999
2024-09-18 12:04:02.523,416.0885938275204,14
2024-09-18 12:04:02.535,416.1180010153949,12
2024-09-18 12:04:02.574,416.0893821192116,995
2024-09-18 12:04:02.614,416.1191662647299,9
2024-09-18 12:04:02.620,416.09968888225967,102
2024-09-18 12:04:02.621,416.09975228065696,103
2024-09-18 12:04:02.621,416.0929724929013,997
2024-09-18 12:04:02.628,416.09939195542415,1001
2024-09-18 12:04:02.684,416.0891432256955,997
2024-09-18 12:04:02.699,416.0954380594456,95
2024-09-18 12:04:02.876,416.089934241748,1000
2024-09-18 12:04:02.952,416.07778718114525,104
2024-09-18 12:04:03.006,416.2099891141489,1000
2024-09-18 12:04:03.021,416.2124940581404,1003
2024-09-18 12:04:03.152,416.1221550467193,104
2024-09-18 12:04:03.163,416.1548460279601,13
2024-09-18 12:04:03.203,416.1805656197994,14
2024-09-18 12:04:03.232,416.11752686843965,104
2024-09-18 12:04:03.260,416.0949684775821,102
2024-09-18 12:04:03.267,416.09982925684295,1003
2024-09-18 12:04:03.277,416.10312905108447,1000
2024-09-18 12:04:03.442,416.2171859022856,5
2024-09-18 12:04:03.675,416.1322946210714,995
2024-09-18 12:04:03.725,416.1386632326714,8
2024-09-18 12:04:03.760,416.1509839579274,11
2024-09-18 12:04:03.813,416.1469189128336,14
2024-09-18 12:04:03.894,416.1601492604856,1004
2024-09-18 12:04:03.972,416.1632868231775,8
2024-09-18 12:04:04.042,416.21600869966267,101
2024-09-18 12:04:04.044,416.2116736945558,9
2024-09-18 12:04:04.139,416.2227907547767,13
2024-09-18 12:04:04.232,416.22905506847246,97
2024-09-18 12:04:04.382,416.2318171504211,997
2024-09-18 12:04:04.486,416.19877145253264,1002
2024-09-18 12:04:04.570,416.2086669509775,101
2024-09-18 12:04:04.593,416.2190638297874,13
2024-09-18 12:04:04.660,416.21857245513456,995
2024-09-18 12:04:04.667,416.2032209677304,1000
2024-09-18 12:04:04.744,416.23191783144506,13
2024-09-18 12:04:05.336,416.22105318386696,1001
2024-09-18 12:04:05.420,416.24821828522937,14
2024-09-18 12:04:05.463,416.2359233718001,101
2024-09-18 12:04:05.594,416.2376699472137,1002
2024-09-18 12:04:05.708,416.225882714634,97
2024-09-18 12:04:05.819,416.2308154258164,12
2024-09-18 12:04:06.007,416.2249539776471,1001
2024-09-18 12:04:06.132,416.2561454565999,99
2024-09-18 12:04:06.175,416.2363604436986,999
2024-09-18 12:04:06.180,416.2704551615163,1004
2024-09-18 12:04:06.208,416.2465534487122,996
2024-09-18 12:04:06.236,416.263273463226,997
2024-09-18 12:04:06.252,416.2478092401543,101
2024-09-18 12:04:06.267,416.1947656740389,1002
2024-09-18 12:04:06.284,416.28838239311415,7
2024-09-18 12:04:06.287,416.2766103450694,95
2024-09-18 12:04:06.310,416.2649825454056,100
2024-09-18 12:04:06.337,416.2591446817984,97
2024-09-18 12:04:06.375,416.2527869280198,95
2024-09-18 12:04:06.377,416.2704175688872,99
2024-09-18 12:04:06.381,416.2076927287055,997
2024-09-18 12:04:06.392,416.226267344138,98
2024-09-18 12:04:06.477,416.2832701253872,8
2024-09-18 12:04:06.692,416.21280147302446,100
2024-09-18 12:04:06.699,416.2520105357828,98
2024-09-18 12:04:06.743,416.2413299881952,10
2024-09-18 12:04:06.821,416.2845885193203,97
2024-09-18 12:04:06.845,416.267499063365,10
2024-09-18 12:04:06.901,416.2465256882689,103
2024-09-18 12:04:06.911,416.21559634284665,14
2024-09-18 12:04:06.922,416.2633256506348,1001
2024-09-18 12:04:06.933,416.2480545138174,105
2024-09-18 12:04:06.945,416.2521079136673,5
2024-09-18 12:04:06.966,416.24917941307547,100
2024-09-18 12:04:07.019,416.189568890485,102
2024-09-18 12:04:07.032,416.1838993457726,101
2024-09-18 12:04:07.054,416.2120569824581,1001
2024-09-18 12:04:07.058,416.2446478001793,1002
2024-09-18 12:04:07.085,416.2183179527457,5
2024-09-18 12:04:07.231,416.2041913595483,9
2024-09-18 12:04:07.338,416.1724227001425,99
2024-09-18 12:04:07.408,416.1906167524947,5
2024-09-18 12:04:07.445,416.158802860026,10
2024-09-18 12:04:07.596,416.1959189292957,96
2024-09-18 12:04:07.613,416.2055889065569,1001
2024-09-18 12:04:07.705,416.1638147309012,104
2024-09-18 12:04:07.764,416.19433372748,5
2024-09-18 12:04:07.781,416.1808044906515,998
2024-09-18 12:04:07.785,416.20346940078736,1001
2024-09-18 12:04:07.787,416.20486265025977,105
2024-09-18 12:04:07.821,416.199682141527,8
2024-09-18 12:04:07.856,416.1901618136162,99
2024-09-18 12:04:07.866,416.2364636386724,1004
2024-09-18 12:04:07.888,416.2016636968016,996
2024-09-18 12:04:07.888,416.2014206387871,97
2024-09-18 12:04:07.904,416.19455295151977,102
2024-09-18 12:04:07.935,416.1948355333117,11
2024-09-18 12:04:08.056,416.22481405820577,995
2024-09-18 12:04:08.142,416.2444697253741,99
2024-09-18 12:04:08.177,416.2426188685592,101
2024-09-18 12:04:08.241,416.2114461406972,96
2024-09-18 12:04:08.370,416.2294016160489,15
2024-09-18 12:04:08.578,416.2228547361088,98
2024-09-18 12:04:09.055,416.2297863064703,10
2024-09-18 12:04:09.070,416.1954805973846,6
2024-09-18 12:04:09.090,416.2434465729184,101
2024-09-18 12:04:09.213,416.2098851371263,1002
2024-09-18 12:04:09.217,416.17716296510247,15
2024-09-18 12:04:09.221,416.23976633568685,103
2024-09-18 12:04:09.365,416.1918573055347,102
2024-09-18 12:04:09.421,416.2447650820592,103
2024-09-18 12:04:09.452,416.250081076539,100
2024-09-18 12:04:09.497,416.1910636518808,7
2024-09-18 12:04:09.503,416.18095585836966,104
2024-09-18 12:04:09.506,416.2075201320539,1002
2024-09-18 12:04:09.618,416.2251566594911,996
2024-09-18 12:04:09.618,416.2373031061878,1002
2024-09-18 12:04:09.645,416.233750119157,102
2024-09-18 12:04:09.650,416.259698842578,996
2024-09-18 12:04:09.674,416.2018826260375,6
2024-09-18 12:04:09.717,-416.2567950028293,96
2024-09-18 12:04:09.810,416.24147695038255,104
2024-09-18 12:04:09.852,416.2771556899849,1005
2024-09-18 12:04:09.857,416.2139490503723,15
2024-09-18 12:04:09.875,416.2452231536268,96
2024-09-18 12:04:09.894,416.26196049419104,996
2024-09-18 12:04:09.943,416.2672494805359,104
2024-09-18 12:04:09.948,416.1869459121032,11
2024-09-18 12:04:09.950,416.1975802174813,996
2024-09-18 12:04:09.986,416.1948438720175,99
2024-09-18 12:04:09.995,416.1794553233207,103
2024-09-18 12:04:10.004,416.28515056814,999
2024-09-18 12:04:10.084,416.2735741847322,6
2024-09-18 12:04:10.088,416.2416411349436,102
2024-09-18 12:04:10.157,416.19242780177626,5
2024-09-18 12:04:10.191,416.2605065653429,105
2024-09-18 12:04:10.211,416.2002073668595,104
2024-09-18 12:04:10.255,416.2220294304695,100
2024-09-18 12:04:10.275,416.27641629721313,999
2024-09-18 12:04:10.281,416.18639202693726,5
2024-09-18 12:04:10.322,416.2745136315266,1004
2024-09-18 12:04:10.331,416.2278514095567,995
2024-09-18 12:04:10.355,416.2640562341271,95
2024-09-18 12:04:10.417,416.2317897299717,1003
2024-09-18 12:04:10.465,416.228702914208,1002
2024-09-18 12:04:10.471,416.2990620402747,105
2024-09-18 12:04:10.478,416.2354100720357,999
2024-09-18 12:04:10.529,416.20675163448976,995
2024-09-18 12:04:10.582,416.25376577639975,997
2024-09-18 12:04:10.635,416.2229918547051,1001
2024-09-18 12:04:10.640,416.2113261350671,1002
2024-09-18 12:04:10.640,416.2333830638258,101
2024-09-18 12:04:10.646,416.2240621037492,6
2024-09-18 12:04:10.680,416.2459669836731,13
2024-09-18 12:04:10.760,416.18288172136033,13
2024-09-18 12:04:10.764,416.24592001871656,101
2024-09-18 12:04:10.775,416.2515002365435,996
2024-09-18 12:04:10.849,416.2322782779429,11
2024-09-18 12:04:11.012,416.3194482787807,1004
2024-09-18 12:04:11.110,416.3526860709228,104
2024-09-18 12:04:11.147,416.3044698582093,1001
2024-09-18 12:04:11.157,416.3178040822947,1005
2024-09-18 12:04:11.242,416.3128635908386,103
2024-09-18 12:04:11.337,-416.3180419347145,6
2024-09-18 12:04:11.425,416.3267052029082,12
2024-09-18 12:04:11.426,416.3360552613038,14
2024-09-18 12:04:11.464,416.285211170752,103
2024-09-18 12:04:11.565,416.34516442195473,997
2024-09-18 12:04:11.576,416.3309740122644,11
2024-09-18 12:04:11.654,416.2952636750392,101
2024-09-18 12:04:11.701,416.34815314468,95
2024-09-18 12:04:11.733,416.3268155007303,99
2024-09-18 12:04:11.835,416.3156982762612,9
2024-09-18 12:04:11.887,416.28340881436384,97
2024-09-18 12:04:11.910,41.632999933418816,10
2024-09-18 12:04:11.956,416.3258079215594,101
2024-09-18 12:04:11.972,416.2957530631854,1004
2024-09-18 12:04:11.977,416.34978886858994,103
2024-09-18 12:04:12.171,416.3600657326656,7
2024-09-18 12:04:12.194,416.3503076804189,95
2024-09-18 12:04:12.240,416.3455741169257,1001
2024-09-18 12:04:12.356,416.367596859292,998
2024-09-18 12:04:12.358,416.3153796567876,97
2024-09-18 12:04:12.364,416.3095983572092,14
2024-09-18 12:04:12.389,416.3421354978732,9
2024-09-18 12:04:12.394,416.33518454528615,97
2024-09-18 12:04:12.399,416.32449490149054,11
2024-09-18 12:04:12.411,416.3530912900603,1005
2024-09-18 12:04:12.481,416.3669820242212,101
2024-09-18 12:04:12.493,416.3292230630272,101
2024-09-18 12:04:12.495,416.3297195989928,9
2024-09-18 12:04:12.515,416.335721601286,1003
2024-09-18 12:04:12.561,416.32851215179954,10
2024-09-18 12:04:12.607,416.3628842284965,14
2024-09-18 12:04:12.608,416.3456682958529,95
2024-09-18 12:04:12.670,416.321445982742,1000
2024-09-18 12:04:12.702,416.3334415063533,1003
2024-09-18 12:04:12.732,416.3528609817212,1003
2024-09-18 12:04:12.736,416.357854170829,1000
2024-09-18 12:04:12.742,416.3466965031103,100
2024-09-18 12:04:12.792,416.3660802258751,1005
2024-09-18 12:04:12.859,416.3468573629969,14
2024-09-18 12:04:12.865,416.3613508097497,14
2024-09-18 12:04:12.906,416.3491367180389,102
2024-09-18 12:04:12.977,416.3071146791118,14
2024-09-18 12:04:13.034,416.402879215187,102
2024-09-18 12:04:13.047,416.3670052256362,13
2024-09-18 12:04:13.072,416.3955759833505,1000
2024-09-18 12:04:13.072,416.3949910083597,1000
2024-09-18 12:04:13.137,416.4184492381801,1003
2024-09-18 12:04:13.142,416.40434683391,105
2024-09-18 12:04:13.188,416.3934088790504,96
2024-09-18 12:04:13.365,416.40379537959967,1002
2024-09-18 12:04:13.395,416.39687215710666,99
2024-09-18 12:04:13.396,416.3984059520327,7
2024-09-18 12:04:13.411,416.4027831144814,95
2024-09-18 12:04:13.426,416.40407467274525,1000
2024-09-18 12:04:13.426,416.3930986745994,105
2024-09-18 12:04:13.625,416.394385451948,6
2024-09-18 12:04:13.662,416.3993683690048,105
2024-09-18 12:04:13.668,416.40559441712816,998
2024-09-18 12:04:13.740,416.4097548792512,104
2024-09-18 12:04:13.756,416.3995215748432,6
2024-09-18 12:04:13.756,416.4101867690033,1002
2024-09-18 12:04:13.863,416.4052811314102,7
2024-09-18 12:04:13.989,416.3981183911396,12
2024-09-18 12:04:13.995,416.3859146401617,95
2024-09-18 12:04:14.192,416.4016097384272,995
2024-09-18 12:04:14.288,416.4028852193852,100
2024-09-18 12:04:14.319,416.3880206013781,997
2024-09-18 12:04:14.462,416.40097303731,100
2024-09-18 12:04:14.529,416.4072639269384,5
2024-09-18 12:04:14.594,416.4163257532183,999
2024-09-18 12:04:14.649,416.3778016171127,104
2024-09-18 12:04:14.718,416.4000066820438,12
2024-09-18 12:04:14.925,416.4073817456789,7
2024-09-18 12:04:15.098,416.3895767664529,15
2024-09-18 12:04:15.141,416.4043465249557,999
2024-09-18 12:04:15.164,416.38490782666224,14
2024-09-18 12:04:15.270,-416.3280608895276,995
2024-09-18 12:04:15.284,416.3644996145696,1002
2024-09-18 12:04:15.360,416.3425526492456,1004
2024-09-18 12:04:15.373,416.39985286417055,103
2024-09-18 12:04:15.416,416.357912304017,103
2024-09-18 12:04:15.499,416.3795619959653,996
2024-09-18 12:04:15.597,416.372082788162,96
2024-09-18 12:04:15.659,416.3709663917531,12
2024-09-18 12:04:15.798,416.3274899380072,996
2024-09-18 12:04:15.812,416.31379117621776,100
2024-09-18 12:04:15.924,416.38273855596975,12
2024-09-18 12:04:15.995,416.381767223208,1004
2024-09-18 12:04:16.006,416.304423461367,104
2024-09-18 12:04:16.038,416.2928855345888,14
2024-09-18 12:04:16.229,-416.30220464352,13
2024-09-18 12:04:16.503,416.3069591245931,5
2024-09-18 12:04:16.768,416.303289150554,1005
2024-09-18 12:04:16.861,416.3201452903239,98
2024-09-18 12:04:16.893,416.3229079077533,8
2024-09-18 12:04:16.905,416.30578157916426,8
2024-09-18 12:04:17.018,416.3362860280541,12
2024-09-18 12:04:17.091,416.3988404390912,999
2024-09-18 12:04:17.157,416.3794011875864,997
2024-09-18 12:04:17.216,416.3945997282556,1000
2024-09-18 12:04:17.240,416.3553347542048,996
2024-09-18 12:04:17.396,416.42493815853305,103
2024-09-18 12:04:17.404,416.39653987868456,8
2024-09-18 12:04:17.421,416.396421597164,100
2024-09-18 12:04:17.711,416.3801393210351,100
2024-09-18 12:04:17.810,416.4215096246023,1002
2024-09-18 12:04:17.823,416.3623453763042,1001
2024-09-18 12:04:17.842,416.40107947099295,15
2024-09-18 12:04:17.855,416.3286733303042,999
2024-09-18 12:04:17.866,416.39939095452,99
2024-09-18 12:04:17.876,416.3961282386426,1003
2024-09-18 12:04:18.753,416.4203214896589,96
2024-09-18 12:04:19.021,416.3256917324742,1002
2024-09-18 12:04:19.029,416.36006819404287,7
2024-09-18 12:04:19.056,416.4090545098179,9
2024-09-18 12:04:19.224,416.4131388651411,996
2024-09-18 12:04:19.228,416.36918073634473,9
2024-09-18 12:04:19.279,416.4027069388347,97
2024-09-18 12:04:19.283,416.4230089674113,1004
2024-09-18 12:04:19.329,416.3647818344211,103
2024-09-18 12:04:19.337,416.4073183116938,101
2024-09-18 12:04:19.408,416.3863871043559,5
2024-09-18 12:04:19.531,416.3667282884724,97
2024-09-18 12:04:19.569,416.3324480974716,1003
2024-09-18 12:04:19.618,416.3424414281368,8
2024-09-18 12:04:19.679,416.4015299005064,13
2024-09-18 12:04:19.698,416.4061271081349,11
2024-09-18 12:04:19.714,416.3589872907686,1004
2024-09-18 12:04:19.749,416.4028627083396,102
2024-09-18 12:04:19.777,416.4189567548228,13
2024-09-18 12:04:19.825,416.4132589629671,996
2024-09-18 12:04:19.867,416.41887784950654,101
2024-09-18 12:04:19.940,416.41416607087007,1001
2024-09-18 12:04:19.973,416.3339120578305,1002
2024-09-18 12:04:19.992,416.3838297619935,99
2024-09-18 12:04:20.339,416.3659873713023,8
2024-09-18 12:04:21.003,416.3740439595879,103
2024-09-18 12:04:21.091,416.3935334988106,13
2024-09-18 12:04:21.400,416.3806272280556,13
2024-09-18 12:04:21.401,416.404789005439,97
2024-09-18 12:04:21.548,416.3745183013378,102
2024-09-18 12:04:21.585,416.379249122522,14
2024-09-18 12:04:21.646,416.37031761080425,105
2024-09-18 12:04:21.647,416.35839256665327,97
2024-09-18 12:04:21.647,416.3731050103581,104
2024-09-18 12:04:21.680,416.4033326398661,13
2024-09-18 12:04:21.737,416.3874657248764,98
2024-09-18 12:04:21.740,416.36814134537656,995
2024-09-18 12:04:21.810,416.3869145633249,998
2024-09-18 12:04:21.857,416.3984386855637,1000
2024-09-18 12:04:21.966,416.3999973682773,1000
2024-09-18 12:04:21.986,416.3630113861804,1003
2024-09-18 12:04:21.991,416.4139131031366,995
2024-09-18 12:04:22.350,416.3584068951483,97
2024-09-18 12:04:22.402,416.3614508131332,11
2024-09-18 12:04:22.495,416.3555216927443,102
2024-09-18 12:04:22.748,416.37026701196334,1002
2024-09-18 12:04:23.060,41.63656541191497,100
2024-09-18 12:04:23.091,41.63828043737507,14
2024-09-18 12:04:23.150,416.3315882682154,15
2024-09-18 12:04:23.171,416.35865506578847,97
2024-09-18 12:04:23.217,416.3664240606047,997
2024-09-18 12:04:23.297,416.34461685995575,1005
2024-09-18 12:04:23.324,416.372928241584,7
2024-09-18 12:04:23.408,416.3317516203227,99
2024-09-18 12:04:23.468,416.3545695249816,1004
2024-09-18 12:04:23.740,416.38577742731553,102
2024-09-18 12:04:23.786,416.33994977670494,14
2024-09-18 12:04:23.833,416.3352445505657,997
2024-09-18 12:04:23.858,416.326815065055,6
2024-09-18 12:04:24.088,416.3757258705073,1005
2024-09-18 12:04:24.159,416.397111769236,95
2024-09-18 12:04:24.166,416.37157536039024,1004
2024-09-18 12:04:24.171,416.392750189384,9
2024-09-18 12:04:24.176,416.4095550589614,103
2024-09-18 12:04:24.222,416.37822870283554,103
2024-09-18 12:04:24.236,416.3863665955678,1005
2024-09-18 12:04:24.243,416.3970825273058,1004
2024-09-18 12:04:24.248,416.3683025047313,999
2024-09-18 12:04:24.289,41.640598481235216,5
2024-09-18 12:04:24.290,416.3953146481699,5
2024-09-18 12:04:24.314,416.3906970403084,1004
2024-09-18 12:04:24.386,416.3945992516848,14
2024-09-18 12:04:24.403,416.382715142939,15
2024-09-18 12:04:24.434,416.4044433904717,101
2024-09-18 12:04:24.459,416.397846467385,95
2024-09-18 12:04:24.467,416.3969484867324,14
2024-09-18 12:04:24.545,416.4060538751564,97
2024-09-18 12:04:24.554,416.4075915875951,8
2024-09-18 12:04:24.598,416.40363665830137,6
2024-09-18 12:04:24.616,416.3920131565427,104
2024-09-18 12:04:24.672,416.32561652519047,1002
2024-09-18 12:04:24.755,416.373954632813,95
2024-09-18 12:04:24.903,416.37225045029294,998
2024-09-18 12:04:24.906,416.3930043124248,998
2024-09-18 12:04:24.916,416.36097629536897,7
2024-09-18 12:04:24.922,416.3338488906778,9
2024-09-18 12:04:24.946,416.38458734307846,12
2024-09-18 12:04:25.050,416.3999423476262,1002
2024-09-18 12:04:25.347,416.41948082816185,8
2024-09-18 12:04:25.519,416.3930458664972,98
2024-09-18 12:04:25.586,416.4108445952494,102
2024-09-18 12:04:25.702,416.4082514010073,7
2024-09-18 12:04:25.737,416.4336809971489,99
2024-09-18 12:04:25.909,416.4074284253887,96
2024-09-18 12:04:26.063,416.3992133740251,1005
2024-09-18 12:04:26.234,416.41558186157687,95
2024-09-18 12:04:26.248,416.3524651135156,1000
2024-09-18 12:04:26.336,416.3491906314273,105
2024-09-18 12:04:26.819,416.3668134972482,15
2024-09-18 12:04:27.004,416.3758582174895,8
2024-09-18 12:04:27.144,416.3875306006588,102
2024-09-18 12:04:27.198,416.423086639402,996
2024-09-18 12:04:27.226,416.4247001203276,996
2024-09-18 12:04:27.253,416.4108238406354,104
2024-09-18 12:04:27.267,416.41740353176,95
2024-09-18 12:04:27.277,416.4271578385468,1004
2024-09-18 12:04:27.279,416.34867138192885,998
2024-09-18 12:04:27.283,416.35350742662666,1004
2024-09-18 12:04:27.284,416.4162070223943,7
2024-09-18 12:04:27.338,416.4207308707559,97
2024-09-18 12:04:27.363,416.3606854875762,101
2024-09-18 12:04:27.403,416.4360517151654,998
2024-09-18 12:04:27.473,416.3621061398956,998
2024-09-18 12:04:27.536,416.3433218094414,100
2024-09-18 12:04:27.541,416.3559716247681,998
2024-09-18 12:04:27.553,416.40828574452337,14
2024-09-18 12:04:27.611,416.43083781499774,102
2024-09-18 12:04:27.614,416.4238165786647,13
2024-09-18 12:04:27.624,416.43582096931743,996
2024-09-18 12:04:27.672,416.43249235628616,98
2024-09-18 12:04:27.677,416.4237283023072,98
2024-09-18 12:04:27.745,416.39485057917017,96
2024-09-18 12:04:27.790,416.432856430021,104
2024-09-18 12:04:27.837,416.4174501231769,995
2024-09-18 12:04:27.871,416.3985554926911,999
2024-09-18 12:04:27.955,416.3812748008896,998
2024-09-18 12:04:28.056,416.4560601166356,97
2024-09-18 12:04:28.065,416.45977844951983,9
2024-09-18 12:04:28.125,41.646896398852455,1002
2024-09-18 12:04:28.533,416.4813827061644,8
2024-09-18 12:04:28.730,416.4803392030316,9
2024-09-18 12:04:28.753,416.4721833110136,8
2024-09-18 12:04:28.797,416.4500162571043,1004
2024-09-18 12:04:28.816,416.4814590517728,998
2024-09-18 12:04:29.250,416.4986327919307,10
2024-09-18 12:04:29.261,416.4778202955792,101
2024-09-18 12:04:29.349,416.497508438662,100
2024-09-18 12:04:29.685,416.4646204160573,999
2024-09-18 12:04:29.716,416.47248545348106,101
2024-09-18 12:04:30.034,416.4547126990252,96
2024-09-18 12:04:30.110,416.4656099952391,98
2024-09-18 12:04:30.175,416.4662691742726,98
2024-09-18 12:04:30.236,416.4828292148387,101
2024-09-18 12:04:30.284,416.4759598289434,97
2024-09-18 12:04:30.345,416.4707613314722,14
2024-09-18 12:04:30.356,416.477368987194,1004
2024-09-18 12:04:30.422,416.4939030223695,6
2024-09-18 12:04:30.440,416.5029684640006,104
2024-09-18 12:04:30.453,416.4889497518472,14
2024-09-18 12:04:30.465,416.4754589960447,997
2024-09-18 12:04:30.470,416.47586799644273,7
2024-09-18 12:04:30.515,41.64809270863197,8
2024-09-18 12:04:30.535,416.4555172236391,1001
2024-09-18 12:04:30.674,416.4927726361784,999
2024-09-18 12:04:30.737,416.4541250179211,15
2024-09-18 12:04:30.758,416.4712337436675,1003
2024-09-18 12:04:30.834,416.4356982699956,1005
2024-09-18 12:04:30.863,416.47809613876063,1003
2024-09-18 12:04:30.907,416.4686851180209,97
2024-09-18 12:04:31.041,416.4332085886082,6
2024-09-18 12:04:31.265,416.4099960514814,1004
2024-09-18 12:04:31.265,416.43425353511,10
2024-09-18 12:04:31.270,416.4334529661431,14
2024-09-18 12:04:31.376,416.437685797725,1003
2024-09-18 12:04:31.405,416.4046183370447,8
2024-09-18 12:04:31.411,416.3970110110196,105
2024-09-18 12:04:31.437,416.4100063690656,5
2024-09-18 12:04:31.557,416.44683598318494,5
2024-09-18 12:04:31.572,416.4153351794962,100
2024-09-18 12:04:31.661,416.3918549564003,103
2024-09-18 12:04:31.683,416.40186007495697,1004
2024-09-18 12:04:31.721,416.4442179010304,1001
2024-09-18 12:04:31.724,416.4150063475162,10
2024-09-18 12:04:31.817,416.407420356837,102
2024-09-18 12:04:31.883,416.4509034461109,102
2024-09-18 12:04:32.012,416.37490955433583,99
2024-09-18 12:04:32.467,416.39087414874274,101
2024-09-18 12:04:32.723,416.3763059067588,15
2024-09-18 12:04:32.772,416.3801510926576,101
2024-09-18 12:04:32.783,416.3798707797468,97
2024-09-18 12:04:32.885,416.3698052072601,6
2024-09-18 12:04:32.912,416.3813682944557,9
2024-09-18 12:04:33.565,416.3922677037929,12
2024-09-18 12:04:33.972,416.38326087023086,95
2024-09-18 12:04:34.027,416.413570907822,103
2024-09-18 12:04:34.328,416.4264236979426,1002
2024-09-18 12:04:34.332,416.41188069092095,13
2024-09-18 12:04:34.425,416.4196386950129,98
2024-09-18 12:04:34.542,416.4178541925645,1000
2024-09-18 12:04:34.651,416.4170187421685,103
2024-09-18 12:04:34.670,416.4010262847101,1002
2024-09-18 12:04:34.680,416.42626160080016,999
2024-09-18 12:04:34.804,416.4280978566754,95
2024-09-18 12:04:34.888,416.4136551177455,97
2024-09-18 12:04:34.951,416.3942560955651,102
2024-09-18 12:04:35.111,416.43256822650335,1001
2024-09-18 12:04:35.133,416.3930938763212,1004
2024-09-18 12:04:35.214,416.41839963234895,996
2024-09-18 12:04:35.221,416.3945695413371,7
2024-09-18 12:04:35.326,416.4205859987284,105
2024-09-18 12:04:35.356,416.4305584753106,996
2024-09-18 12:04:35.504,416.4270946554668,99
2024-09-18 12:04:35.516,416.4232778374896,5
2024-09-18 12:04:35.538,416.4147166542363,104
2024-09-18 12:04:35.552,416.4175157643933,15
2024-09-18 12:04:35.675,416.4097542674799,7
2024-09-18 12:04:35.918,416.4179778899152,100
2024-09-18 12:04:36.098,416.3421195036832,96
2024-09-18 12:04:36.099,416.4012201835303,5
2024-09-18 12:04:36.126,416.4126047710349,6
2024-09-18 12:04:36.191,416.41056733980736,1005
2024-09-18 12:04:36.194,416.37203006008895,10
2024-09-18 12:04:36.427,416.3674314920465,9
2024-09-18 12:04:36.429,416.3580261701506,1001
2024-09-18 12:04:36.550,416.35175340803664,997
2024-09-18 12:04:36.583,416.401557884219,1005
2024-09-18 12:04:36.587,416.3881194566365,999
2024-09-18 12:04:36.609,416.3848529759556,1001
2024-09-18 12:04:36.636,416.4159550959407,998
2024-09-18 12:04:36.659,416.3632343342253,101
2024-09-18 12:04:36.773,416.3825551977628,104
2024-09-18 12:04:36.872,416.3724044287492,95
2024-09-18 12:04:36.935,416.4203263278264,1004
2024-09-18 12:04:36.969,416.3570665432673,11
2024-09-18 12:04:37.005,416.3265041879327,96
2024-09-18 12:04:37.079,416.4043971387064,1004
2024-09-18 12:04:37.109,416.39818137268304,6
2024-09-18 12:04:37.212,416.3490430288484,97
2024-09-18 12:04:37.224,416.3384875738348,10
2024-09-18 12:04:37.257,416.3621929459759,996
2024-09-18 12:04:37.267,416.363558849948,1005
2024-09-18 12:04:37.472,416.3414041248411,1002
2024-09-18 12:04:37.499,416.36435856040725,999
2024-09-18 12:04:37.572,416.3587968991453,7
2024-09-18 12:04:37.631,416.3594751379069,8
2024-09-18 12:04:37.725,416.3669166386776,9
2024-09-18 12:04:37.757,416.3198915028528,1000
2024-09-18 12:04:37.790,416.3603372867896,999
2024-09-18 12:04:37.797,416.3697971652774,997
2024-09-18 12:04:37.843,416.3589941727441,995
2024-09-18 12:04:37.894,416.322012913113,996
2024-09-18 12:04:37.913,416.3976190229266,105
2024-09-18 12:04:37.947,416.39635225704416,95
2024-09-18 12:04:37.956,416.3764276217645,996
2024-09-18 12:04:37.971,416.32525990074015,1005
2024-09-18 12:04:37.993,416.34491400555913,104
2024-09-18 12:04:38.181,416.4414612718018,105
2024-09-18 12:04:38.272,416.42918768525,11
2024-09-18 12:04:38.410,416.43216499037015,15
2024-09-18 12:04:38.435,416.4298022899061,101
2024-09-18 12:04:38.549,416.432884724538,1003
2024-09-18 12:04:38.565,416.4137389793413,13
2024-09-18 12:04:38.666,416.42528659881873,96
2024-09-18 12:04:38.744,416.4202453407028,11
2024-09-18 12:04:38.745,416.40691803681,103
2024-09-18 12:04:38.916,416.4568734544167,6
2024-09-18 12:04:39.194,416.43937422092097,6
2024-09-18 12:04:40.143,416.42416146335967,1002
2024-09-18 12:04:40.160,416.4203766582348,99
2024-09-18 12:04:40.305,416.3872595565888,998
2024-09-18 12:04:40.429,416.3946789326489,95
2024-09-18 12:04:40.437,416.38449953394417,98
2024-09-18 12:04:40.448,416.39853682138687,6
2024-09-18 12:04:40.451,416.42399308922296,104
2024-09-18 12:04:40.575,,104
2024-09-18 12:04:40.588,416.38697891954206,100
2024-09-18 12:04:40.648,416.4252923953648,1005
2024-09-18 12:04:40.724,416.37075668265066,1000
2024-09-18 12:04:40.765,416.4283841074055,995
2024-09-18 12:04:40.990,416.4425215895213,1005
2024-09-18 12:04:41.014,416.3355333392545,9
2024-09-18 12:04:41.031,416.3637843911303,12
2024-09-18 12:04:41.040,-416.3664108823134,5
2024-09-18 12:04:41.055,416.3533249586086,999
2024-09-18 12:04:41.069,416.3686026258858,103
2024-09-18 12:04:41.132,416.3443516056618,999
2024-09-18 12:04:41.139,416.3534741620167,999
2024-09-18 12:04:41.175,416.3514596941855,98
2024-09-18 12:04:41.195,416.3471673573263,995
2024-09-18 12:04:41.195,416.36809389466526,103
2024-09-18 12:04:41.247,416.3598746622234,12
2024-09-18 12:04:41.247,416.38580220742784,998
2024-09-18 12:04:41.278,416.3501465246095,996
2024-09-18 12:04:41.346,416.3555813630602,999
2024-09-18 12:04:41.354,416.3521558191776,15
2024-09-18 12:04:41.407,416.3576985773368,96
2024-09-18 12:04:41.412,416.3619162009354,9
2024-09-18 12:04:41.416,416.3555773233732,997
2024-09-18 12:04:41.417,416.3311301610729,998
2024-09-18 12:04:41.594,416.3567246553339,13
2024-09-18 12:04:41.600,416.3528481043777,8
2024-09-18 12:04:41.609,416.3665370060332,7
2024-09-18 12:04:41.617,416.32768859751576,95
2024-09-18 12:04:41.631,416.3465804754472,98
2024-09-18 12:04:41.718,416.3356128478677,8
2024-09-18 12:04:41.724,416.3428712353687,96
2024-09-18 12:04:41.802,416.3460466714348,15
2024-09-18 12:04:41.931,416.3579164774813,96
2024-09-18 12:04:41.946,416.3354147380381,98
2024-09-18 12:04:41.947,416.3335454608789,995
2024-09-18 12:04:43.013,416.3508818108807,98
2024-09-18 12:04:43.046,416.3546510651458,98
2024-09-18 12:04:43.072,416.3109324567501,105
2024-09-18 12:04:43.095,416.36760224048464,9
2024-09-18 12:04:43.116,41.63528535907373,1002
2024-09-18 12:04:43.192,416.326438648532,103
2024-09-18 12:04:43.276,416.3700149035191,101
2024-09-18 12:04:43.285,416.33352837136295,10
2024-09-18 12:04:43.295,416.3276861876553,15
2024-09-18 12:04:43.358,416.38629220475457,9
2024-09-18 12:04:43.360,416.3672703447288,8
2024-09-18 12:04:43.452,416.342556965023,1004
2024-09-18 12:04:43.514,416.3472316427077,103
2024-09-18 12:04:43.520,416.3367750000491,104
2024-09-18 12:04:43.546,416.3353054430767,995
2024-09-18 12:04:43.557,416.3365374480324,103
2024-09-18 12:04:43.570,416.3477147534,5
2024-09-18 12:04:43.634,416.3499807842916,103
2024-09-18 12:04:43.653,416.3366584829247,995
2024-09-18 12:04:43.801,416.39328537788094,1004
2024-09-18 12:04:43.801,416.3284862328279,1003
2024-09-18 12:04:43.815,416.3635531750018,998
2024-09-18 12:04:43.853,416.339463648825,998
2024-09-18 12:04:43.854,416.3685418412084,996
2024-09-18 12:04:43.888,416.3552172440055,8
2024-09-18 12:04:43.925,416.34938562759567,14
2024-09-18 12:04:44.009,416.3880973712141,997
2024-09-18 12:04:44.012,416.3280380777184,95
2024-09-18 12:04:44.029,416.3565864051888,6
2024-09-18 12:04:44.091,416.3481233661374,1005
2024-09-18 12:04:44.117,416.3352206507344,995
2024-09-18 12:04:44.135,416.3635366897325,997
2024-09-18 12:04:44.143,416.3950227666297,1004
2024-09-18 12:04:44.164,416.3605371469346,97
2024-09-18 12:04:44.171,416.3676584215739,12
2024-09-18 12:04:44.232,416.3667241122597,1002
2024-09-18 12:04:44.258,416.3569558176145,15
2024-09-18 12:04:44.282,416.37970522048505,8
2024-09-18 12:04:44.293,416.3642513292143,10
2024-09-18 12:04:44.297,416.37582083788016,1002
2024-09-18 12:04:44.302,416.3766409741868,14
2024-09-18 12:04:44.359,416.36070282634535,99
2024-09-18 12:04:44.363,416.361374782919,13
2024-09-18 12:04:44.382,416.36230399827593,1002
2024-09-18 12:04:44.394,416.3565584156132,1005
2024-09-18 12:04:44.398,416.36588233488527,101
2024-09-18 12:04:44.425,416.3835024376935,105
2024-09-18 12:04:44.547,416.3675356857824,14
2024-09-18 12:04:44.580,416.3645918628979,9
2024-09-18 12:04:44.590,416.3629240970664,105
2024-09-18 12:04:44.684,416.3707940220588,95
2024-09-18 12:04:44.705,416.3888255518449,999
2024-09-18 12:04:44.726,416.36316079321153,1005
2024-09-18 12:04:44.728,416.3567169229913,100
2024-09-18 12:04:44.913,416.3596860384724,5
2024-09-18 12:04:44.969,416.36335353456144,10
2024-09-18 12:04:45.156,416.3045255482914,995
2024-09-18 12:04:45.220,416.3239790941519,96
2024-09-18 12:04:45.378,416.3669327443368,97
2024-09-18 12:04:45.423,416.3064025063685,999
2024-09-18 12:04:45.461,416.3140463553044,1005
2024-09-18 12:04:45.476,416.34024739621657,13
2024-09-18 12:04:45.596,416.335619789608,97
2024-09-18 12:04:45.631,416.3549053183028,9
2024-09-18 12:04:45.637,416.3381553183413,105
2024-09-18 12:04:45.647,416.30884718366127,105
2024-09-18 12:04:45.674,416.35195925069706,1000
2024-09-18 12:04:45.681,416.3520374887737,1004
2024-09-18 12:04:45.814,416.3657710905454,1000
2024-09-18 12:04:45.842,41.6351098162629,1000
2024-09-18 12:04:46.020,416.3624584664255,12
2024-09-18 12:04:46.035,416.3738186247236,997
2024-09-18 12:04:46.052,416.3625428105538,1005
2024-09-18 12:04:46.078,416.34724396721,98
2024-09-18 12:04:46.093,416.3110835368628,1004
2024-09-18 12:04:46.128,416.31721847675146,103
2024-09-18 12:04:46.148,416.3086167102543,13
2024-09-18 12:04:46.152,416.3528723446456,15
2024-09-18 12:04:46.387,416.32737294344895,1001
2024-09-18 12:04:46.437,416.29666930637086,104
2024-09-18 12:04:46.454,416.3146450855343,11
2024-09-18 12:04:46.490,416.3443090433192,12
2024-09-18 12:04:46.492,416.3494794813821,1005
2024-09-18 12:04:46.505,416.36020910165024,99
2024-09-18 12:04:46.510,416.3279248407573,995
2024-09-18 12:04:46.543,416.3572151991161,12
2024-09-18 12:04:46.601,416.3396016465772,104
2024-09-18 12:04:46.603,416.3628960755349,996
2024-09-18 12:04:46.611,416.3492108215855,98
2024-09-18 12:04:46.664,416.2965485175644,1003
2024-09-18 12:04:46.731,416.3305677720117,1001
2024-09-18 12:04:46.739,416.36288599681984,6
2024-09-18 12:04:46.831,416.3088785047798,1005
2024-09-18 12:04:46.869,416.3631670489145,997
2024-09-18 12:04:46.892,416.32976737273,995
2024-09-18 12:04:46.899,416.37375810685256,95
2024-09-18 12:04:46.938,416.3422851590455,101
2024-09-18 12:04:46.965,416.36177708870224,13
2024-09-18 12:04:47.014,416.32798977152737,97
2024-09-18 12:04:47.024,416.3933426398513,1001
2024-09-18 12:04:47.065,416.3903124286325,98
2024-09-18 12:04:47.109,416.328347927918,6
2024-09-18 12:04:47.119,416.3294634492934,15
2024-09-18 12:04:47.150,416.33728006422,1003
2024-09-18 12:04:47.386,416.3929833536157,998
2024-09-18 12:04:47.417,416.40090946257857,96
2024-09-18 12:04:47.542,416.3559653618357,1005
2024-09-18 12:04:47.556,416.3477807257558,997
2024-09-18 12:04:47.608,416.4004062698437,1003
2024-09-18 12:04:47.684,416.3543435369897,1005
2024-09-18 12:04:47.713,416.3482850325561,8
2024-09-18 12:04:47.789,416.4022072580197,1003
2024-09-18 12:04:47.873,416.35080655855137,997
2024-09-18 12:04:47.884,416.3776982700949,995
2024-09-18 12:04:47.961,416.33477975848274,13
2024-09-18 12:04:48.037,-416.35530008270473,8
2024-09-18 12:04:48.164,416.34432111033067,1005
2024-09-18 12:04:48.248,416.3375954974648,101
2024-09-18 12:04:48.263,416.32551839989793,14
2024-09-18 12:04:48.300,416.32843200176353,1000
2024-09-18 12:04:48.322,416.364841235716,7
2024-09-18 12:04:48.351,416.3375797098726,105
2024-09-18 12:04:48.377,416.3524908378319,96
2024-09-18 12:04:48.390,416.3147117928704,14
2024-09-18 12:04:48.420,416.3586984709315,995
2024-09-18 12:04:48.453,416.3288910477183,5
2024-09-18 12:04:48.477,416.3474986800613,105
2024-09-18 12:04:48.655,416.3607554870589,105
2024-09-18 12:04:48.662,416.3615620369354,9
2024-09-18 12:04:48.670,416.3498324250182,103
2024-09-18 12:04:48.761,416.3381359048804,101
2024-09-18 12:04:48.840,416.3441113294637,1003
2024-09-18 12:04:48.906,416.3356696682388,1004
2024-09-18 12:04:48.944,416.33653538977694,104
2024-09-18 12:04:48.980,416.3469169226796,1003
2024-09-18 12:04:48.992,416.3589343691158,97
2024-09-18 12:04:49.067,416.3656076123499,1004
2024-09-18 12:04:49.080,416.37927995332,5
2024-09-18 12:04:49.086,416.35770827698,97
2024-09-18 12:04:49.113,416.3721201062981,8
2024-09-18 12:04:49.186,416.3460311197191,998
2024-09-18 12:04:49.219,416.34034252518495,96
2024-09-18 12:04:49.294,416.3901855141189,15
2024-09-18 12:04:49.353,416.3692562093453,8
2024-09-18 12:04:49.362,416.3087764495195,1005
2024-09-18 12:04:49.430,416.309447685746,103
2024-09-18 12:04:49.447,416.31893883635263,11
2024-09-18 12:04:49.474,416.3841067000928,95
2024-09-18 12:04:49.645,416.375506857148,999
2024-09-18 12:04:49.673,416.3759685591486,12
2024-09-18 12:04:49.684,416.3389011594643,99
2024-09-18 12:04:49.794,416.3101324691388,13
2024-09-18 12:04:49.890,416.3344183179069,7
2024-09-18 12:04:50.041,416.3246703587145,996
2024-09-18 12:04:50.233,416.3121175722954,1000
2024-09-18 12:04:50.328,416.3183939630547,11
2024-09-18 12:04:50.344,416.3106569063399,1002
2024-09-18 12:04:50.480,416.3141864642333,5
2024-09-18 12:04:50.515,416.334141293717,997
2024-09-18 12:04:50.599,416.3345779374132,999
2024-09-18 12:04:50.600,416.30370628622256,1004
2024-09-18 12:04:50.604,416.3348657824099,1003
2024-09-18 12:04:50.724,416.3227658477214,997
2024-09-18 12:04:50.733,416.32993924289127,12
2024-09-18 12:04:50.844,416.3371205607412,10
2024-09-18 12:04:50.852,416.2983051381393,1005
2024-09-18 12:04:50.896,416.2974017959161,102
2024-09-18 12:04:50.916,416.3443111512335,8
2024-09-18 12:04:50.940,416.3061908300651,95
2024-09-18 12:04:52.333,416.31750234621865,103
2024-09-18 12:04:52.367,416.25374460841743,1003
2024-09-18 12:04:52.369,416.3062142753424,1005
2024-09-18 12:04:52.421,416.2682229576963,98
2024-09-18 12:04:52.560,416.2712005114977,103
2024-09-18 12:04:52.577,416.2481330968064,101
2024-09-18 12:04:52.611,416.2512261842478,997
2024-09-18 12:04:52.625,41.630139342558046,997
2024-09-18 12:04:52.638,416.2676166064758,104
2024-09-18 12:04:52.661,416.2817013759785,999
2024-09-18 12:04:52.706,416.264290983758,6
2024-09-18 12:04:52.755,416.2576576270344,102
2024-09-18 12:04:52.996,416.2558721159448,104
2024-09-18 12:04:53.065,416.24384905001415,999
2024-09-18 12:04:53.095,416.2305776732436,1001
2024-09-18 12:04:53.130,416.25055647315287,15
2024-09-18 12:04:53.281,416.2474770221496,998
2024-09-18 12:04:53.313,416.2477332601658,102
2024-09-18 12:04:53.429,416.2411277634664,104
2024-09-18 12:04:53.454,416.2488089590127,9
2024-09-18 12:04:53.460,416.2164547658269,7
2024-09-18 12:04:53.466,416.2515787117385,13
2024-09-18 12:04:53.536,416.2624750177925,10
2024-09-18 12:04:53.541,416.257735319863,1001
2024-09-18 12:04:53.586,-416.2451204377855,997
2024-09-18 12:04:53.615,416.2354722075696,999
2024-09-18 12:04:53.694,416.26280898576215,95
2024-09-18 12:04:53.729,416.24863267648425,8
2024-09-18 12:04:53.729,416.2415874013116,100
2024-09-18 12:04:53.752,416.26037842842703,95
2024-09-18 12:04:53.897,416.22325935870487,102
2024-09-18 12:04:53.906,416.23450234616536,5
2024-09-18 12:04:54.014,416.19678694214616,11
2024-09-18 12:04:54.094,416.213370562804,1000
2024-09-18 12:04:54.113,416.1878315805118,996
2024-09-18 12:04:54.123,416.1756195916037,1005
2024-09-18 12:04:54.196,416.1884441027193,14
2024-09-18 12:04:54.234,416.20289592066325,5
2024-09-18 12:04:54.248,416.17611548852665,1001
2024-09-18 12:04:54.307,416.2151440129709,105
2024-09-18 12:04:54.434,416.23486651897696,1003
2024-09-18 12:04:54.548,416.1955852439008,103
2024-09-18 12:04:54.561,416.22678596185307,995
2024-09-18 12:04:54.710,416.1862132808656,11
2024-09-18 12:04:54.722,416.2044259378364,11
2024-09-18 12:04:54.745,416.1839806385207,103
2024-09-18 12:04:54.818,416.2156989820552,95
2024-09-18 12:04:54.841,416.2032383239634,100
2024-09-18 12:04:54.861,416.2178487229457,9
2024-09-18 12:04:54.901,416.2056670788293,9
2024-09-18 12:04:54.934,416.2104620318224,1003
2024-09-18 12:04:54.942,416.210949086919,104
2024-09-18 12:04:54.965,416.1768355589716,97
2024-09-18 12:04:54.977,416.1937773795728,105
2024-09-18 12:04:54.992,416.1937059507482,13
2024-09-18 12:04:55.048,416.21123688240846,10
2024-09-18 12:04:55.138,416.2228338850003,5
2024-09-18 12:04:55.174,416.2340517885318,10
2024-09-18 12:04:55.181,,7
2024-09-18 12:04:55.233,416.2850948143085,1000
2024-09-18 12:04:55.398,416.2311791171874,10
2024-09-18 12:04:55.468,416.2838748150797,1005
2024-09-18 12:04:55.475,416.2742636532506,102
2024-09-18 12:04:55.492,416.2330707924499,103
2024-09-18 12:04:55.576,416.3180031703614,5
2024-09-18 12:04:55.604,416.25204067982486,100
2024-09-18 12:04:55.629,416.23408759315726,5
2024-09-18 12:04:55.664,416.2229993856977,102
2024-09-18 12:04:55.677,416.22552229526576,995
2024-09-18 12:04:55.714,,15
2024-09-18 12:04:55.720,416.2393685721065,1001
2024-09-18 12:04:55.888,416.309248219908,11
2024-09-18 12:04:55.893,416.2907498728644,105
2024-09-18 12:04:55.895,416.2814167336288,14
2024-09-18 12:04:55.978,416.2267037859908,14
2024-09-18 12:04:55.996,416.2897991551779,104
2024-09-18 12:04:56.031,416.26639230973393,105
2024-09-18 12:04:56.140,416.2905575955076,6
2024-09-18 12:04:56.160,416.2599434601676,5
2024-09-18 12:04:56.188,416.2868256706672,12
2024-09-18 12:04:56.334,416.2343251436,104
2024-09-18 12:04:56.408,416.221836136061,103
2024-09-18 12:04:56.432,416.2638292601605,995
2024-09-18 12:04:56.447,416.2653243669157,15
2024-09-18 12:04:56.509,416.289176471068,996
2024-09-18 12:04:56.688,416.2803643208353,13
2024-09-18 12:04:56.760,416.241615267888,98
2024-09-18 12:04:56.774,416.2788509316217,10
2024-09-18 12:04:56.804,416.2614636877436,1001
2024-09-18 12:04:56.900,416.2961559099603,11
2024-09-18 12:04:56.969,416.2644781624863,99
2024-09-18 12:04:57.253,416.2458168788887,1005
2024-09-18 12:04:57.312,416.26184157520527,101
2024-09-18 12:04:57.373,416.2642354848497,102
2024-09-18 12:04:58.009,416.28382294987387,105
2024-09-18 12:04:58.063,416.2627461929086,11
2024-09-18 12:04:58.079,416.3039677314785,996
2024-09-18 12:04:58.101,416.314288831135,103
2024-09-18 12:04:58.115,416.25017711511015,996
2024-09-18 12:04:58.130,416.25749141160753,97
2024-09-18 12:04:58.211,416.3060253647363,9
2024-09-18 12:04:58.216,416.2767176574833,1003
2024-09-18 12:04:58.225,416.27557031269686,998
2024-09-18 12:04:58.265,416.316565575949,6
2024-09-18 12:04:58.280,416.2810161472033,10
2024-09-18 12:04:58.290,416.2696833908206,998
2024-09-18 12:04:58.335,416.2633093064747,101
2024-09-18 12:04:58.376,416.3019891831845,15
2024-09-18 12:04:58.401,416.2917055867085,1003
2024-09-18 12:04:58.470,416.3085966477409,1004
2024-09-18 12:04:58.489,416.3133651129388,98
2024-09-18 12:04:58.664,416.26381416222455,105
2024-09-18 12:04:58.766,416.2981169479025,105
2024-09-18 12:04:58.859,416.280776758832,15
2024-09-18 12:04:59.174,416.2935855081001,9
2024-09-18 12:04:59.331,416.2681832326963,95
2024-09-18 12:04:59.451,416.2578153685489,9
2024-09-18 12:04:59.596,416.2703953781661,12
2024-09-18 12:04:59.700,416.2570866523104,1004
