Timestamp,Price,Size
2024-09-18 13:49:00.033,413.873811286441,105
2024-09-18 13:49:00.034,413.88203977554286,95
2024-09-18 13:49:00.118,413.8488980288104,5
2024-09-18 13:49:00.243,413.8712940174992,996
2024-09-18 13:49:00.313,413.8879273887435,102
2024-09-18 13:49:00.352,413.809875615944,7
2024-09-18 13:49:00.602,413.86789300393696,10
2024-09-18 13:49:00.617,413.88666799088406,104
2024-09-18 13:49:00.625,413.82580971705767,10
2024-09-18 13:49:00.666,413.8594680568114,996
2024-09-18 13:49:00.669,413.8539005044721,998
2024-09-18 13:49:00.712,41.38868964427686,996
2024-09-18 13:49:00.713,413.8458919769732,999
2024-09-18 13:49:00.727,413.85052845928544,5
2024-09-18 13:49:00.732,413.8156986934733,6
2024-09-18 13:49:00.742,413.8294471303753,11
2024-09-18 13:49:00.747,413.87145389155614,999
2024-09-18 13:49:00.774,413.86789892074063,97
2024-09-18 13:49:00.795,413.838803869464,100
2024-09-18 13:49:00.907,413.8289658755163,999
2024-09-18 13:49:00.960,413.8817262795707,104
2024-09-18 13:49:00.965,413.8704182884613,5
2024-09-18 13:49:01.134,413.8734634685181,5
2024-09-18 13:49:01.136,413.840681137623,5
2024-09-18 13:49:01.148,413.8792076204081,103
2024-09-18 13:49:01.261,413.84021721388257,996
2024-09-18 13:49:01.325,413.8620256723081,100
2024-09-18 13:49:01.432,413.85340253688327,95
2024-09-18 13:49:01.578,413.8420488587109,997
2024-09-18 13:49:01.626,413.8659689984294,101
2024-09-18 13:49:01.731,413.8636223474565,104
2024-09-18 13:49:01.846,413.85222827893904,5
2024-09-18 13:49:01.863,413.8169351533728,10
2024-09-18 13:49:01.945,413.8551451409639,13
2024-09-18 13:49:02.006,413.8965487688456,1001
2024-09-18 13:49:02.271,413.9287721228111,1000
2024-09-18 13:49:02.574,413.96416497441743,9
2024-09-18 13:49:02.633,413.8893458714441,101
2024-09-18 13:49:02.770,413.8836060478806,96
2024-09-18 13:49:02.923,413.8638921974208,6
2024-09-18 13:49:03.041,414.0172070226792,12
2024-09-18 13:49:03.151,414.0302058416349,105
2024-09-18 13:49:03.163,414.0315259027661,102
2024-09-18 13:49:03.185,414.0047442987458,100
2024-09-18 13:49:03.202,413.9926686554644,99
2024-09-18 13:49:03.209,414.02601864275823,1004
2024-09-18 13:49:03.323,414.01015125404217,104
2024-09-18 13:49:03.376,413.9861266324053,997
2024-09-18 13:49:03.508,414.024132682045,15
2024-09-18 13:49:03.543,414.0146404845784,13
2024-09-18 13:49:03.571,413.9736300069994,995
2024-09-18 13:49:03.591,414.0121729824997,998
2024-09-18 13:49:03.594,413.99884179244526,999
2024-09-18 13:49:03.612,414.0110593272127,1004
2024-09-18 13:49:03.621,413.9804531651123,1005
2024-09-18 13:49:03.628,413.9891405539871,97
2024-09-18 13:49:03.634,414.01473394047775,998
2024-09-18 13:49:03.649,414.0123335483341,998
2024-09-18 13:49:03.672,413.9656714505386,14
2024-09-18 13:49:03.700,413.9965460875006,996
2024-09-18 13:49:03.707,414.0036704268099,12
2024-09-18 13:49:03.712,414.00739779461975,95
2024-09-18 13:49:03.785,414.01849526718064,997
2024-09-18 13:49:03.799,413.9985186945062,7
2024-09-18 13:49:03.850,413.97258567207456,996
2024-09-18 13:49:03.892,414.0076412545161,996
2024-09-18 13:49:03.895,413.9541466959492,15
2024-09-18 13:49:03.919,413.9820551612752,1005
2024-09-18 13:49:03.958,414.01207942401714,102
2024-09-18 13:49:03.959,414.0364641526728,98
2024-09-18 13:49:04.077,414.0610071065322,105
2024-09-18 13:49:04.152,414.0683493415086,1002
2024-09-18 13:49:04.212,414.049268683477,104
2024-09-18 13:49:04.223,414.0716782192596,1003
2024-09-18 13:49:04.245,414.0797770791266,999
2024-09-18 13:49:04.250,414.05832384905926,105
2024-09-18 13:49:04.291,414.056036011907,12
2024-09-18 13:49:04.294,414.06016482438895,12
2024-09-18 13:49:04.298,414.0694412587544,995
2024-09-18 13:49:04.307,414.0594901158319,995
2024-09-18 13:49:04.396,414.0698796127609,15
2024-09-18 13:49:04.488,414.0559370470528,995
2024-09-18 13:49:04.539,414.0718875167581,8
2024-09-18 13:49:04.540,414.057270126294,998
2024-09-18 13:49:04.567,414.0696302291165,100
2024-09-18 13:49:04.663,414.0782833992951,1000
2024-09-18 13:49:04.689,414.0654060008361,997
2024-09-18 13:49:04.728,414.0399719076328,999
2024-09-18 13:49:04.758,414.0574803944726,1004
2024-09-18 13:49:04.787,414.0699014429155,998
2024-09-18 13:49:04.867,414.03046381437,998
2024-09-18 13:49:04.878,414.0522722443496,102
2024-09-18 13:49:04.904,414.0725159602085,6
2024-09-18 13:49:04.943,414.0626148390992,995
2024-09-18 13:49:04.971,414.050434131683,98
2024-09-18 13:49:04.998,414.0713890903056,998
2024-09-18 13:49:04.998,414.0539420937156,997
2024-09-18 13:49:05.016,414.1354973555528,103
2024-09-18 13:49:05.145,414.13259748674886,101
2024-09-18 13:49:05.176,414.1265562897119,13
2024-09-18 13:49:05.200,414.1470821958257,995
2024-09-18 13:49:05.211,414.12406190563325,105
2024-09-18 13:49:05.251,414.1283677090036,5
2024-09-18 13:49:05.268,414.0914152912708,11
2024-09-18 13:49:05.302,414.1310150639716,102
2024-09-18 13:49:05.553,414.0756649809374,8
2024-09-18 13:49:05.565,414.0784949364754,10
2024-09-18 13:49:05.578,414.0806018905876,5
2024-09-18 13:49:05.582,414.1178924069453,97
2024-09-18 13:49:05.612,414.0838471741374,5
2024-09-18 13:49:05.665,414.1325376456069,999
2024-09-18 13:49:05.706,414.0934348630992,998
2024-09-18 13:49:05.816,414.0608642770329,1000
2024-09-18 13:49:05.831,,5
2024-09-18 13:49:05.898,414.08096334276337,1005
2024-09-18 13:49:06.053,414.14576169213376,101
2024-09-18 13:49:06.061,414.2429565253876,1000
2024-09-18 13:49:06.109,414.2206755572754,104
2024-09-18 13:49:06.118,414.19280001619904,7
2024-09-18 13:49:06.226,414.1709673276787,98
2024-09-18 13:49:06.300,414.1677204895121,1001
2024-09-18 13:49:06.323,414.1740484245472,100
2024-09-18 13:49:06.328,414.165071896878,1000
2024-09-18 13:49:06.355,414.1869443718959,6
2024-09-18 13:49:06.367,414.2113288910251,15
2024-09-18 13:49:06.368,414.18835764532616,995
2024-09-18 13:49:06.384,414.1668385126471,98
2024-09-18 13:49:06.446,414.22997487201263,12
2024-09-18 13:49:06.498,414.2280567079301,99
2024-09-18 13:49:06.504,414.1942578829508,7
2024-09-18 13:49:06.512,414.218239611642,98
2024-09-18 13:49:06.520,414.2066270380169,12
2024-09-18 13:49:06.570,414.1853468509159,14
2024-09-18 13:49:06.606,414.1524417180552,997
2024-09-18 13:49:06.620,414.182452245573,9
2024-09-18 13:49:06.677,414.1690745626376,996
2024-09-18 13:49:06.757,414.1885481464562,14
2024-09-18 13:49:06.760,414.1740062657822,1003
2024-09-18 13:49:06.810,414.1673136425906,1003
2024-09-18 13:49:06.833,414.2258979174144,10
2024-09-18 13:49:06.876,414.21086556559055,13
2024-09-18 13:49:06.978,414.1544919785028,1004
2024-09-18 13:49:06.995,414.1639121174173,1001
2024-09-18 13:49:07.024,414.2175052712921,15
2024-09-18 13:49:07.032,414.217408151584,98
2024-09-18 13:49:07.209,-414.2132962526294,96
2024-09-18 13:49:07.349,414.2394534585791,95
2024-09-18 13:49:07.364,414.20062915332153,8
2024-09-18 13:49:07.641,-414.2163829237737,104
2024-09-18 13:49:07.770,,14
2024-09-18 13:49:07.802,414.2354184486466,9
2024-09-18 13:49:07.840,414.2138602339815,100
2024-09-18 13:49:07.853,414.2177657592593,997
2024-09-18 13:49:08.100,414.2065629953299,100
2024-09-18 13:49:08.445,414.21438470678174,14
2024-09-18 13:49:08.581,414.19899717361153,7
2024-09-18 13:49:08.723,414.2280593613653,14
2024-09-18 13:49:08.748,414.22291664839616,95
2024-09-18 13:49:08.933,-414.22577830677153,6
2024-09-18 13:49:08.969,414.2168393445476,10
2024-09-18 13:49:09.021,414.1938357939981,997
2024-09-18 13:49:09.081,414.2008302632241,11
2024-09-18 13:49:09.106,414.1954161026089,12
2024-09-18 13:49:09.114,414.2066500659264,98
2024-09-18 13:49:09.193,414.18394012620456,997
2024-09-18 13:49:09.240,414.2057374750109,1003
2024-09-18 13:49:09.250,41.41758119420114,9
2024-09-18 13:49:09.297,414.1920841852248,105
2024-09-18 13:49:09.485,414.18790610735215,1004
2024-09-18 13:49:09.493,414.2166324447237,103
2024-09-18 13:49:09.733,414.21695184299904,5
2024-09-18 13:49:09.772,414.2185595917893,100
2024-09-18 13:49:09.793,414.181276616962,102
2024-09-18 13:49:09.840,414.1966291895439,1004
2024-09-18 13:49:09.956,414.182157789131,995
2024-09-18 13:49:09.971,414.18233002430543,99
2024-09-18 13:49:10.208,414.19535113759264,95
2024-09-18 13:49:10.540,414.2001561913288,10
2024-09-18 13:49:10.783,414.18613597177233,8
2024-09-18 13:49:11.097,414.2086695300175,10
2024-09-18 13:49:11.115,414.2824785182461,12
2024-09-18 13:49:11.118,414.2215369016311,1005
2024-09-18 13:49:11.210,414.27692439660655,101
2024-09-18 13:49:11.305,414.21673914369137,99
2024-09-18 13:49:11.332,414.2092228790248,998
2024-09-18 13:49:11.380,414.2117234465552,95
2024-09-18 13:49:11.463,414.2498071135679,9
2024-09-18 13:49:11.554,414.20567094916703,7
2024-09-18 13:49:11.556,414.1995672782477,13
2024-09-18 13:49:11.604,414.20755802037536,103
2024-09-18 13:49:11.605,414.2478986326577,10
2024-09-18 13:49:11.663,414.2672136778709,999
2024-09-18 13:49:11.664,414.3014880492062,1002
2024-09-18 13:49:11.693,414.2236924109311,10
2024-09-18 13:49:11.714,414.23488696171967,7
2024-09-18 13:49:11.739,414.2067045234149,7
2024-09-18 13:49:11.788,414.2095004742336,98
2024-09-18 13:49:11.869,414.21230936258894,100
2024-09-18 13:49:11.880,414.2755335557934,12
2024-09-18 13:49:11.895,414.2738748384259,104
2024-09-18 13:49:11.900,414.2459922877697,101
2024-09-18 13:49:11.913,414.2890506900046,103
2024-09-18 13:49:11.971,414.20729775605673,98
2024-09-18 13:49:11.997,414.25420423275307,12
2024-09-18 13:49:12.263,414.2005573048872,1005
2024-09-18 13:49:12.906,414.1989452118981,6
2024-09-18 13:49:12.983,414.20949588642026,102
2024-09-18 13:49:13.061,414.18422580488703,15
2024-09-18 13:49:13.084,414.2093892340423,11
2024-09-18 13:49:13.105,414.1904111236152,98
2024-09-18 13:49:13.107,414.1877533458437,1003
2024-09-18 13:49:13.306,414.20551652967015,6
2024-09-18 13:49:13.417,414.20443360289386,995
2024-09-18 13:49:13.547,414.1907998029316,998
2024-09-18 13:49:13.598,414.2086120745291,13
2024-09-18 13:49:13.600,414.2108462588279,1003
2024-09-18 13:49:13.637,414.2016679029887,1000
2024-09-18 13:49:13.762,414.16928615540456,5
2024-09-18 13:49:13.763,414.18896455546695,99
2024-09-18 13:49:13.794,414.167944821977,1002
2024-09-18 13:49:13.821,414.2214838844956,5
2024-09-18 13:49:13.882,414.166831473228,8
2024-09-18 13:49:13.937,414.1976150619101,102
2024-09-18 13:49:13.956,414.2412097316479,1002
2024-09-18 13:49:14.037,414.2636610772437,97
2024-09-18 13:49:14.188,414.2636769234247,1003
2024-09-18 13:49:14.218,414.24153165393096,103
2024-09-18 13:49:14.304,414.2730302271545,1001
2024-09-18 13:49:14.388,414.1927026831312,1002
2024-09-18 13:49:14.427,414.2196385012268,97
2024-09-18 13:49:14.447,414.19948683075785,1004
2024-09-18 13:49:14.536,414.2673375260469,15
2024-09-18 13:49:14.575,414.2186588107723,98
2024-09-18 13:49:14.598,414.2207831745756,8
2024-09-18 13:49:14.638,414.2716595224342,103
2024-09-18 13:49:14.696,414.2070140401438,8
2024-09-18 13:49:14.725,414.259181397698,1005
2024-09-18 13:49:14.755,414.2093418016992,15
2024-09-18 13:49:14.774,414.2686759163276,104
2024-09-18 13:49:14.793,414.2240651713827,105
2024-09-18 13:49:14.800,414.19243463726775,1002
2024-09-18 13:49:14.886,414.2045355382786,104
2024-09-18 13:49:14.903,414.2031391240145,97
2024-09-18 13:49:14.910,41.42297185356524,1000
2024-09-18 13:49:14.981,414.2782857167975,98
2024-09-18 13:49:15.017,414.1718691649393,15
2024-09-18 13:49:15.027,414.1985448194998,1003
2024-09-18 13:49:15.071,414.2024692594137,1002
2024-09-18 13:49:15.127,414.2145215101104,96
2024-09-18 13:49:15.240,414.17265518842834,98
2024-09-18 13:49:15.246,414.1835642789116,1002
2024-09-18 13:49:15.251,414.2255102947393,14
2024-09-18 13:49:15.324,414.15577920253867,102
2024-09-18 13:49:15.367,414.2057538721057,6
2024-09-18 13:49:15.394,414.2186668387699,7
2024-09-18 13:49:15.456,414.18988865107,103
2024-09-18 13:49:15.499,414.2276491371002,101
2024-09-18 13:49:15.546,414.21177477383264,104
2024-09-18 13:49:15.556,414.1715509870695,5
2024-09-18 13:49:15.629,414.1943282937515,11
2024-09-18 13:49:15.649,414.2078954477943,995
2024-09-18 13:49:15.649,414.2045413235871,102
2024-09-18 13:49:15.760,414.1987885179691,7
2024-09-18 13:49:15.773,414.1925813726333,1005
2024-09-18 13:49:15.786,414.1981371641349,12
2024-09-18 13:49:15.795,414.223160968745,8
2024-09-18 13:49:15.815,414.2044873048939,97
2024-09-18 13:49:15.825,414.1452221774143,7
2024-09-18 13:49:15.837,414.1998993637353,1005
2024-09-18 13:49:15.869,414.20606975504,1003
2024-09-18 13:49:15.913,414.1672968793845,1002
2024-09-18 13:49:15.925,414.1868685419988,11
2024-09-18 13:49:15.951,414.1868910099316,7
2024-09-18 13:49:15.979,414.1725004333275,15
2024-09-18 13:49:15.993,414.2136818784565,102
2024-09-18 13:49:16.144,414.2007682746786,13
2024-09-18 13:49:16.156,414.2062489674225,12
2024-09-18 13:49:16.156,414.216495771886,105
2024-09-18 13:49:16.376,414.18918826042665,13
2024-09-18 13:49:16.414,414.1819806014779,1002
2024-09-18 13:49:16.475,414.1642515578408,7
2024-09-18 13:49:16.537,414.2090465809802,7
2024-09-18 13:49:16.562,414.172035052477,99
2024-09-18 13:49:16.567,414.2033622629015,1005
2024-09-18 13:49:16.572,414.16909755654285,1003
2024-09-18 13:49:16.619,414.1918367112604,8
2024-09-18 13:49:16.673,414.17725252650007,105
2024-09-18 13:49:16.851,414.17557640033175,12
2024-09-18 13:49:16.882,414.1887812086703,999
2024-09-18 13:49:16.925,414.1798570344751,9
2024-09-18 13:49:16.934,414.21927809416553,6
2024-09-18 13:49:17.156,414.1950610336818,104
2024-09-18 13:49:17.437,414.1800829979549,1000
2024-09-18 13:49:18.494,414.1900005059511,995
2024-09-18 13:49:18.654,414.1710722157468,96
2024-09-18 13:49:18.726,414.1791348222293,15
2024-09-18 13:49:18.764,414.182551390925,12
2024-09-18 13:49:18.801,414.1927831280794,996
2024-09-18 13:49:18.802,414.1938847775101,15
2024-09-18 13:49:18.830,414.1903326973418,1002
2024-09-18 13:49:19.001,414.2445965065224,5
2024-09-18 13:49:19.077,414.1984854846865,1000
2024-09-18 13:49:19.121,414.1782268524776,7
2024-09-18 13:49:19.238,414.2221198093753,10
2024-09-18 13:49:19.246,414.1955309182945,14
2024-09-18 13:49:19.255,414.2043770568058,95
2024-09-18 13:49:19.257,414.2367096182813,97
2024-09-18 13:49:19.262,414.1908436203549,102
2024-09-18 13:49:19.346,414.2074760618858,1003
2024-09-18 13:49:19.355,414.16022758598535,9
2024-09-18 13:49:19.426,414.2156689406932,15
2024-09-18 13:49:19.467,414.2121466885058,1003
2024-09-18 13:49:19.480,414.2238035332439,9
2024-09-18 13:49:19.559,,1005
2024-09-18 13:49:19.604,414.2062614245825,10
2024-09-18 13:49:19.689,414.2164337079652,12
2024-09-18 13:49:19.709,414.2026056918177,101
2024-09-18 13:49:19.767,,99
2024-09-18 13:49:19.818,414.2011301583335,1000
2024-09-18 13:49:19.851,414.2101902109267,8
2024-09-18 13:49:19.851,414.206209138233,14
2024-09-18 13:49:19.860,414.1905399839395,15
2024-09-18 13:49:19.873,414.2198141818335,1003
2024-09-18 13:49:19.924,414.20792139038855,97
2024-09-18 13:49:19.931,414.2184328672002,103
2024-09-18 13:49:19.961,414.23421718306986,995
2024-09-18 13:49:19.975,414.17381601108417,995
2024-09-18 13:49:20.002,414.1013789031222,995
2024-09-18 13:49:20.041,414.1294300425571,997
2024-09-18 13:49:20.057,414.15363973107935,7
2024-09-18 13:49:20.103,414.13178711048266,97
2024-09-18 13:49:20.140,414.1449468937402,10
2024-09-18 13:49:20.178,414.1111525852007,99
2024-09-18 13:49:20.279,414.1462562784744,96
2024-09-18 13:49:20.287,414.1390584413884,1000
2024-09-18 13:49:20.316,414.15955306442856,7
2024-09-18 13:49:20.333,414.1418681835012,7
2024-09-18 13:49:20.347,414.1070256967954,998
2024-09-18 13:49:20.348,414.1389529367038,97
2024-09-18 13:49:20.353,414.1217212855383,1000
2024-09-18 13:49:20.357,414.10852119092186,98
2024-09-18 13:49:20.373,414.1584356171461,995
2024-09-18 13:49:20.462,414.1354367973837,1004
2024-09-18 13:49:20.512,414.14249126612674,14
2024-09-18 13:49:20.636,414.1169355613849,97
2024-09-18 13:49:20.683,414.1048677061837,101
2024-09-18 13:49:20.710,414.105838206861,9
2024-09-18 13:49:20.855,414.1213596315421,9
2024-09-18 13:49:20.889,414.1492749746001,96
2024-09-18 13:49:20.915,414.1445865683509,102
2024-09-18 13:49:20.949,414.10024151108826,11
2024-09-18 13:49:20.979,414.10379086101386,14
2024-09-18 13:49:21.284,41.4102987489815,995
2024-09-18 13:49:21.645,414.1170150058353,6
2024-09-18 13:49:21.765,414.097072023434,98
2024-09-18 13:49:21.766,414.0980122113197,99
2024-09-18 13:49:21.812,414.08991964405584,1000
2024-09-18 13:49:22.879,414.1216466468445,11
2024-09-18 13:49:23.004,414.1487666007701,997
2024-09-18 13:49:23.061,414.1267376875281,105
2024-09-18 13:49:23.100,414.1871133778275,998
2024-09-18 13:49:23.177,414.134481019852,97
2024-09-18 13:49:23.188,414.17619712600697,10
2024-09-18 13:49:23.246,414.1571492974062,99
2024-09-18 13:49:23.363,414.1952820233328,1002
2024-09-18 13:49:23.371,414.1821971593196,6
2024-09-18 13:49:23.472,414.126032953363,15
2024-09-18 13:49:23.521,414.14600610060927,104
2024-09-18 13:49:23.549,414.1908877713094,999
2024-09-18 13:49:23.556,414.18040145158926,102
2024-09-18 13:49:23.577,414.1727626089064,5
2024-09-18 13:49:23.581,414.1814609626804,1005
2024-09-18 13:49:23.583,-414.12609399054986,14
2024-09-18 13:49:23.619,414.1154437062164,9
2024-09-18 13:49:23.622,414.1371311398488,98
2024-09-18 13:49:23.638,414.1165320780996,12
2024-09-18 13:49:23.665,414.1940628217237,95
2024-09-18 13:49:23.671,414.122399100591,1004
2024-09-18 13:49:23.743,414.146647202719,5
2024-09-18 13:49:23.746,414.1265003487368,6
2024-09-18 13:49:23.754,414.1905423222093,105
2024-09-18 13:49:23.850,414.1073928098862,99
2024-09-18 13:49:23.891,414.1602476533802,96
2024-09-18 13:49:23.961,414.1391803401111,1004
2024-09-18 13:49:23.980,41.41228308904891,95
2024-09-18 13:49:24.148,414.2329111535264,8
2024-09-18 13:49:24.276,414.2054900929132,999
2024-09-18 13:49:24.387,,13
2024-09-18 13:49:24.561,414.201176528736,104
2024-09-18 13:49:24.566,414.2118451818969,6
2024-09-18 13:49:24.693,414.2015678013792,1005
2024-09-18 13:49:24.731,414.2150984333167,9
2024-09-18 13:49:24.815,414.1993941975791,100
2024-09-18 13:49:24.818,414.1898186848645,1002
2024-09-18 13:49:24.997,414.2103227643385,101
2024-09-18 13:49:25.057,414.1513273672213,97
2024-09-18 13:49:25.069,414.1677862618786,9
2024-09-18 13:49:25.150,414.1804454061689,1003
2024-09-18 13:49:25.173,414.1620973939748,6
2024-09-18 13:49:25.176,414.1564284962539,9
2024-09-18 13:49:25.253,414.1305444432355,101
2024-09-18 13:49:25.285,414.1541629950202,1002
2024-09-18 13:49:25.287,414.16560067386274,6
2024-09-18 13:49:25.333,414.1455474053791,14
2024-09-18 13:49:25.336,414.1448004476429,102
2024-09-18 13:49:25.401,414.18192550353655,11
2024-09-18 13:49:25.445,414.1728570409187,996
2024-09-18 13:49:25.453,414.14709438167046,995
2024-09-18 13:49:25.475,414.16504874364097,10
2024-09-18 13:49:25.509,414.17430724740734,1001
2024-09-18 13:49:25.564,414.1176101561791,13
2024-09-18 13:49:25.593,414.1596621345796,995
2024-09-18 13:49:25.650,414.1737204630039,999
2024-09-18 13:49:25.701,414.15291922449177,1001
2024-09-18 13:49:25.821,414.15443992162017,96
2024-09-18 13:49:25.842,414.1625469563255,96
2024-09-18 13:49:25.850,414.18236106518873,996
2024-09-18 13:49:25.855,414.13401008587306,11
2024-09-18 13:49:25.895,414.1242836354874,10
2024-09-18 13:49:25.911,414.1964375050344,1001
2024-09-18 13:49:25.932,414.1516977134076,995
2024-09-18 13:49:25.934,414.14841804618266,996
2024-09-18 13:49:25.964,414.1207005941914,1002
2024-09-18 13:49:25.986,414.171301934518,7
2024-09-18 13:49:26.028,414.09251893615135,98
2024-09-18 13:49:26.082,414.0860707709165,6
2024-09-18 13:49:26.115,414.096489196768,15
2024-09-18 13:49:26.120,414.12653836024697,998
2024-09-18 13:49:26.177,414.0775992588445,104
2024-09-18 13:49:26.202,414.1022882380709,7
2024-09-18 13:49:26.282,414.1224272832992,105
2024-09-18 13:49:26.443,414.1245464319673,1004
2024-09-18 13:49:26.612,414.0962828426359,101
2024-09-18 13:49:26.726,414.0882140852928,13
2024-09-18 13:49:26.751,414.0978161709091,1000
2024-09-18 13:49:26.845,414.0856894934532,999
2024-09-18 13:49:26.900,414.1148078708426,13
2024-09-18 13:49:26.927,414.10930581844656,98
2024-09-18 13:49:27.115,414.03656870176445,998
2024-09-18 13:49:27.188,414.0864814212043,996
2024-09-18 13:49:27.208,414.1107196382426,105
2024-09-18 13:49:27.450,414.0328840681912,998
2024-09-18 13:49:27.721,414.02078131135454,1002
2024-09-18 13:49:27.771,414.0793114173709,8
2024-09-18 13:49:27.834,414.09200298260765,104
2024-09-18 13:49:27.888,414.11616905787895,1003
2024-09-18 13:49:28.041,414.07653355369183,100
2024-09-18 13:49:28.062,414.0616232726209,98
2024-09-18 13:49:28.076,414.0797110056391,11
2024-09-18 13:49:28.092,414.0586957533962,1001
2024-09-18 13:49:28.094,414.05472046802765,105
2024-09-18 13:49:28.107,414.0848082963021,996
2024-09-18 13:49:28.277,414.0907857143914,13
2024-09-18 13:49:28.441,414.10864751759385,11
2024-09-18 13:49:28.531,414.0738511468636,15
2024-09-18 13:49:28.549,414.049889458842,97
2024-09-18 13:49:28.583,414.09654902819096,999
2024-09-18 13:49:28.616,414.1087419973397,995
2024-09-18 13:49:28.627,414.0352367453319,12
2024-09-18 13:49:28.672,414.0482678790911,96
2024-09-18 13:49:28.691,414.0679786647042,996
2024-09-18 13:49:28.721,41.4085039740243,102
2024-09-18 13:49:28.723,414.0539745715824,1005
2024-09-18 13:49:28.743,414.0610771182507,999
2024-09-18 13:49:28.744,414.0642437540624,102
2024-09-18 13:49:28.794,414.06491087708486,996
2024-09-18 13:49:28.797,414.06531956027055,8
2024-09-18 13:49:28.821,414.0579669048862,96
2024-09-18 13:49:28.825,414.0487996942177,6
2024-09-18 13:49:28.848,414.0378215479305,100
2024-09-18 13:49:28.930,414.06740415811686,104
2024-09-18 13:49:28.953,414.0871277070858,11
2024-09-18 13:49:28.966,414.1029838632172,104
2024-09-18 13:49:28.993,414.1039446683865,1005
2024-09-18 13:49:29.151,414.0752154218174,1000
2024-09-18 13:49:30.042,414.0772343218281,9
2024-09-18 13:49:30.082,414.13055626917895,13
2024-09-18 13:49:30.355,414.1084299278999,11
2024-09-18 13:49:30.496,414.0493781846943,104
2024-09-18 13:49:30.571,414.1189436947296,105
2024-09-18 13:49:30.584,414.1350898659092,15
2024-09-18 13:49:30.613,414.12567102391466,103
2024-09-18 13:49:30.631,414.1255097403652,98
2024-09-18 13:49:30.761,414.149170249727,98
2024-09-18 13:49:30.810,414.1265048996391,998
2024-09-18 13:49:30.890,414.1352914319473,14
2024-09-18 13:49:31.042,414.1567342693628,999
2024-09-18 13:49:31.106,414.1698068194804,105
2024-09-18 13:49:31.165,414.1709673338672,97
2024-09-18 13:49:31.175,414.166506162934,98
2024-09-18 13:49:31.207,414.1539229800962,15
2024-09-18 13:49:31.217,,103
2024-09-18 13:49:31.221,414.1687448424137,998
2024-09-18 13:49:31.228,414.1603628833179,997
2024-09-18 13:49:31.294,414.1394995517233,99
2024-09-18 13:49:31.314,414.1715654245075,9
2024-09-18 13:49:31.327,414.1679181772545,1004
2024-09-18 13:49:31.665,414.19206832747824,105
2024-09-18 13:49:31.669,414.184738092808,10
2024-09-18 13:49:31.730,414.13035109198006,95
2024-09-18 13:49:31.910,41.41375522439504,1004
2024-09-18 13:49:32.589,414.1359965086188,8
2024-09-18 13:49:32.601,414.1588360969986,1003
2024-09-18 13:49:32.955,414.1535839296129,7
2024-09-18 13:49:32.959,414.124289234027,998
2024-09-18 13:49:32.980,414.135161512686,98
2024-09-18 13:49:33.055,414.2093810980408,14
2024-09-18 13:49:33.158,414.2294622463037,8
2024-09-18 13:49:33.171,414.19395036986265,6
2024-09-18 13:49:33.195,414.2819959182687,100
2024-09-18 13:49:33.244,414.2235234692735,1002
2024-09-18 13:49:33.258,414.21616271310427,9
2024-09-18 13:49:33.263,414.206752544175,98
2024-09-18 13:49:33.333,414.27770785605617,95
2024-09-18 13:49:33.339,414.2280935197914,1003
2024-09-18 13:49:33.362,414.2457067773908,1001
2024-09-18 13:49:33.412,414.210460668311,101
2024-09-18 13:49:33.432,414.1969251255604,1004
2024-09-18 13:49:33.526,414.2750095386046,103
2024-09-18 13:49:33.589,414.21960924289823,1002
2024-09-18 13:49:33.644,414.2350028658525,15
2024-09-18 13:49:33.650,414.2026884519423,7
2024-09-18 13:49:33.651,414.2291305026605,96
2024-09-18 13:49:33.655,414.2133568263527,12
2024-09-18 13:49:33.660,414.2124591261503,1001
2024-09-18 13:49:33.732,414.22486834853953,13
2024-09-18 13:49:33.760,414.2361097804111,1005
2024-09-18 13:49:33.781,414.18380065526094,12
2024-09-18 13:49:33.796,414.25499632286153,995
2024-09-18 13:49:33.846,414.21612561638347,9
2024-09-18 13:49:33.938,414.2837879270048,1000
2024-09-18 13:49:33.940,414.2936881877967,998
2024-09-18 13:49:33.941,414.1841357925616,5
2024-09-18 13:49:33.945,414.1908512760344,5
2024-09-18 13:49:33.964,414.2248617641982,996
2024-09-18 13:49:35.003,414.2298754385302,1002
2024-09-18 13:49:35.110,414.2671304921872,96
2024-09-18 13:49:35.132,414.2733496642727,995
2024-09-18 13:49:35.134,414.2953764492484,102
2024-09-18 13:49:35.149,414.2414044114008,9
2024-09-18 13:49:35.172,-414.2611009188734,95
2024-09-18 13:49:35.213,414.274242026852,8
2024-09-18 13:49:35.300,414.2564639941485,96
2024-09-18 13:49:35.336,414.2413499747895,100
2024-09-18 13:49:35.362,414.2155378451087,103
2024-09-18 13:49:35.381,414.24219198713575,95
2024-09-18 13:49:35.390,414.24741560771497,995
2024-09-18 13:49:35.396,,13
2024-09-18 13:49:35.398,414.27099531551664,997
2024-09-18 13:49:35.454,414.2834128153549,7
2024-09-18 13:49:35.528,414.21590455454754,999
2024-09-18 13:49:35.651,414.2124537586278,6
2024-09-18 13:49:35.742,414.2747293943666,95
2024-09-18 13:49:35.823,414.25983753605976,995
2024-09-18 13:49:35.872,414.2850129886159,104
2024-09-18 13:49:36.639,414.2591070225636,102
2024-09-18 13:49:36.679,414.2752807172078,103
2024-09-18 13:49:36.759,414.2540206279848,6
2024-09-18 13:49:36.798,414.2720489148757,95
2024-09-18 13:49:36.835,414.2482497888221,997
2024-09-18 13:49:36.924,414.2504561387892,96
2024-09-18 13:49:37.187,414.2552294060557,1002
2024-09-18 13:49:37.973,414.27455633712,98
2024-09-18 13:49:38.015,414.33844645131984,100
2024-09-18 13:49:38.168,414.3111599446056,998
2024-09-18 13:49:38.225,414.31964391216223,1001
2024-09-18 13:49:38.233,414.3070179750271,104
2024-09-18 13:49:38.235,414.2803915774653,1001
2024-09-18 13:49:38.346,414.3148557534734,98
2024-09-18 13:49:38.347,414.346390126938,102
2024-09-18 13:49:38.439,414.29082109413145,7
2024-09-18 13:49:38.461,414.30352748132975,97
2024-09-18 13:49:38.586,414.2693760537357,14
2024-09-18 13:49:38.662,414.3271008443295,97
2024-09-18 13:49:38.773,414.285378799043,97
2024-09-18 13:49:38.775,414.3325564794049,1003
2024-09-18 13:49:38.859,414.30146963638987,95
2024-09-18 13:49:38.880,414.2936924472977,105
2024-09-18 13:49:38.924,414.3124346676416,996
2024-09-18 13:49:38.952,414.3110422446957,1002
2024-09-18 13:49:38.994,414.3069358545825,9
2024-09-18 13:49:39.010,414.2830082292036,995
2024-09-18 13:49:39.091,414.3090169141999,998
2024-09-18 13:49:39.403,414.3000274594032,999
2024-09-18 13:49:39.812,414.27289983354126,101
2024-09-18 13:49:40.755,414.27916444939984,96
2024-09-18 13:49:40.773,414.2849178659183,12
2024-09-18 13:49:41.133,414.26693748002646,1001
2024-09-18 13:49:41.186,414.2673677155057,8
2024-09-18 13:49:41.191,414.26228452177656,15
2024-09-18 13:49:41.235,414.2679462613525,95
2024-09-18 13:49:41.288,414.23815799419305,103
2024-09-18 13:49:41.288,414.24198182912176,997
2024-09-18 13:49:41.349,414.2601176827843,8
2024-09-18 13:49:41.361,414.2500751765616,8
2024-09-18 13:49:41.420,414.2647106778957,11
2024-09-18 13:49:41.440,414.2599283984667,10
2024-09-18 13:49:41.452,414.2697805411297,11
2024-09-18 13:49:41.529,414.2425495478361,14
2024-09-18 13:49:41.710,414.2424034817607,8
2024-09-18 13:49:41.936,414.2740791230128,103
2024-09-18 13:49:42.023,414.29873949839873,996
2024-09-18 13:49:42.144,414.2893905625981,96
2024-09-18 13:49:42.397,414.2833488501837,96
2024-09-18 13:49:42.426,414.3043938294522,102
2024-09-18 13:49:42.809,414.2985288085208,1002
2024-09-18 13:49:43.116,414.2884214692209,97
2024-09-18 13:49:43.212,414.3197725221389,104
2024-09-18 13:49:43.260,414.2900365731392,995
2024-09-18 13:49:43.300,414.3002016006396,99
2024-09-18 13:49:43.425,414.3022042018373,9
2024-09-18 13:49:43.427,414.2958111190842,103
2024-09-18 13:49:43.468,414.2767237185434,999
2024-09-18 13:49:43.544,414.2954215403883,95
2024-09-18 13:49:43.571,414.3030561734724,99
2024-09-18 13:49:43.615,414.2854546259611,1001
2024-09-18 13:49:43.707,414.3113804970184,7
2024-09-18 13:49:43.794,414.303732320389,96
2024-09-18 13:49:43.886,414.3086304820531,104
2024-09-18 13:49:43.899,414.2999895834474,99
2024-09-18 13:49:44.385,414.2974288957752,14
2024-09-18 13:49:44.578,414.3134001910102,11
2024-09-18 13:49:45.019,414.2968539155171,1005
2024-09-18 13:49:45.028,414.26379012585727,998
2024-09-18 13:49:45.135,414.2467214084653,997
2024-09-18 13:49:45.193,414.2976366339531,998
2024-09-18 13:49:45.196,414.3576888057845,1001
2024-09-18 13:49:45.204,414.3514925244381,99
2024-09-18 13:49:45.205,414.31601513171006,15
2024-09-18 13:49:45.299,414.3058470440232,99
2024-09-18 13:49:45.321,414.2656425772579,97
2024-09-18 13:49:45.344,414.3314549020557,7
2024-09-18 13:49:45.350,414.24029909355824,101
2024-09-18 13:49:45.369,414.3254729780681,99
2024-09-18 13:49:45.492,414.33843497506,95
2024-09-18 13:49:45.494,414.34612612482994,999
2024-09-18 13:49:45.496,414.29730223460894,105
2024-09-18 13:49:45.633,414.347663567096,103
2024-09-18 13:49:45.640,414.33194144360033,5
2024-09-18 13:49:45.702,414.2652321710442,995
2024-09-18 13:49:45.859,414.2580891321641,102
2024-09-18 13:49:45.863,414.24828374554966,100
2024-09-18 13:49:45.932,414.317765819012,100
2024-09-18 13:49:45.942,414.2707488202357,105
2024-09-18 13:49:46.010,414.2425628824659,101
2024-09-18 13:49:46.021,414.2397835371557,100
2024-09-18 13:49:46.107,414.2374370389108,999
2024-09-18 13:49:46.132,,997
2024-09-18 13:49:46.145,414.2652549756394,1004
2024-09-18 13:49:46.156,414.2540046513592,1003
2024-09-18 13:49:46.237,414.2451752796519,6
2024-09-18 13:49:46.249,414.23281272717287,1001
2024-09-18 13:49:46.276,414.24682933585296,13
2024-09-18 13:49:46.285,,1002
2024-09-18 13:49:46.311,414.25126120514153,1004
2024-09-18 13:49:46.372,414.224313964873,96
2024-09-18 13:49:46.417,414.229619966052,99
2024-09-18 13:49:46.428,414.2994110901971,996
2024-09-18 13:49:46.480,414.297661053681,105
2024-09-18 13:49:46.516,414.2653942490492,1005
2024-09-18 13:49:46.579,414.2853471013962,102
2024-09-18 13:49:46.690,414.27739593794126,11
2024-09-18 13:49:46.761,414.2321293016765,14
2024-09-18 13:49:46.877,414.23200013732446,995
2024-09-18 13:49:46.943,414.2367691384719,995
2024-09-18 13:49:46.975,414.2402112176085,11
2024-09-18 13:49:48.268,414.227362269222,6
2024-09-18 13:49:49.282,414.2404661234189,96
2024-09-18 13:49:49.323,414.2427381100682,998
2024-09-18 13:49:49.997,414.23522024962847,998
2024-09-18 13:49:50.057,414.25562108659886,998
2024-09-18 13:49:50.072,414.2632364012943,12
2024-09-18 13:49:50.231,414.2154583843649,104
2024-09-18 13:49:50.275,414.2917672290642,103
2024-09-18 13:49:50.392,414.2844623189416,11
2024-09-18 13:49:50.401,414.2648204987069,15
2024-09-18 13:49:50.422,414.2661146859924,8
2024-09-18 13:49:50.474,414.26284423182045,10
2024-09-18 13:49:50.494,414.2221892558321,100
2024-09-18 13:49:50.574,414.2577972553791,15
2024-09-18 13:49:50.627,414.3009159565825,997
2024-09-18 13:49:50.662,414.2833299796957,1002
2024-09-18 13:49:50.696,414.277983102266,7
2024-09-18 13:49:50.700,414.27847386097625,995
2024-09-18 13:49:50.718,414.26816751729547,97
2024-09-18 13:49:50.748,414.2431577943109,999
2024-09-18 13:49:50.773,414.290328186166,8
2024-09-18 13:49:50.862,414.24911358266615,998
2024-09-18 13:49:50.991,414.271047670356,1003
2024-09-18 13:49:50.992,414.267199855534,1005
2024-09-18 13:49:51.157,414.25230771436736,99
2024-09-18 13:49:51.171,414.26265715433584,998
2024-09-18 13:49:51.185,414.2493209323399,98
2024-09-18 13:49:51.265,414.2599251686923,1002
2024-09-18 13:49:51.322,414.2538784557176,12
2024-09-18 13:49:51.369,,1005
2024-09-18 13:49:51.386,414.2551385729241,10
2024-09-18 13:49:51.579,414.2251735295957,99
2024-09-18 13:49:51.603,414.2344492266147,1004
2024-09-18 13:49:51.791,414.2411163548017,7
2024-09-18 13:49:51.838,414.2349392556302,6
2024-09-18 13:49:51.897,414.23053250679857,996
2024-09-18 13:49:51.909,414.23952504087686,998
2024-09-18 13:49:52.041,414.2709547378574,1005
2024-09-18 13:49:52.090,414.25560817284367,13
2024-09-18 13:49:52.104,414.2421590406704,12
2024-09-18 13:49:52.301,414.2591455163315,100
2024-09-18 13:49:52.403,414.2436966575812,6
2024-09-18 13:49:52.513,414.2615393651786,99
2024-09-18 13:49:52.647,414.24632524795146,1001
2024-09-18 13:49:52.660,414.24078249552974,12
2024-09-18 13:49:52.804,414.2562434926211,1002
2024-09-18 13:49:52.831,414.2729782608617,1004
2024-09-18 13:49:52.876,414.2268888750513,13
2024-09-18 13:49:52.882,414.2569428756931,5
2024-09-18 13:49:52.906,414.2626312159956,103
2024-09-18 13:49:53.059,414.2518977465917,995
2024-09-18 13:49:53.066,414.2737032099919,996
2024-09-18 13:49:53.108,414.2552615496927,998
2024-09-18 13:49:53.123,414.2719214698879,101
2024-09-18 13:49:53.260,414.26626815889904,1002
2024-09-18 13:49:53.310,414.2535897151083,997
2024-09-18 13:49:53.325,414.25419322799496,10
2024-09-18 13:49:53.342,414.2484652433838,997
2024-09-18 13:49:53.342,414.24880113049846,1004
2024-09-18 13:49:53.345,414.2401439383516,96
2024-09-18 13:49:53.395,414.25484997907233,5
2024-09-18 13:49:53.433,-414.2079309625377,999
2024-09-18 13:49:53.474,414.2185707422589,8
2024-09-18 13:49:53.501,414.2608139623228,998
2024-09-18 13:49:53.616,414.2265274444511,1002
2024-09-18 13:49:53.678,414.2157049869383,995
2024-09-18 13:49:53.694,414.2376877063688,1004
2024-09-18 13:49:53.701,414.2506631677329,11
2024-09-18 13:49:53.708,414.2228404245822,1005
2024-09-18 13:49:53.741,414.2484117102063,99
2024-09-18 13:49:53.809,414.23691968810914,102
2024-09-18 13:49:53.817,41.42267573298272,15
2024-09-18 13:49:53.852,414.2351221750563,997
2024-09-18 13:49:53.867,414.26418867014667,97
2024-09-18 13:49:53.903,414.25285249845285,97
2024-09-18 13:49:53.912,41.42638261566814,14
2024-09-18 13:49:54.000,414.2011669531024,13
2024-09-18 13:49:54.014,414.1792218847801,998
2024-09-18 13:49:54.023,414.1897497129294,105
2024-09-18 13:49:54.084,414.205285698367,1005
2024-09-18 13:49:54.110,-414.20632812853023,9
2024-09-18 13:49:54.120,-414.20201821293097,100
2024-09-18 13:49:54.169,414.1610689659692,96
2024-09-18 13:49:54.193,414.173363370054,101
2024-09-18 13:49:54.244,414.15670432103366,13
2024-09-18 13:49:54.271,414.2182063639806,12
2024-09-18 13:49:54.283,414.203346595209,998
2024-09-18 13:49:54.329,414.20361500850464,1002
2024-09-18 13:49:54.410,414.1651848568935,1003
2024-09-18 13:49:54.436,414.2097961904253,8
2024-09-18 13:49:54.482,414.2093611644198,11
2024-09-18 13:49:54.575,414.1958961145502,105
2024-09-18 13:49:54.585,414.1978289788366,12
2024-09-18 13:49:54.600,414.14135209403366,103
2024-09-18 13:49:54.659,414.1925669534527,101
2024-09-18 13:49:54.666,414.2011471139578,1005
2024-09-18 13:49:54.698,414.1866115344821,14
2024-09-18 13:49:54.713,414.20385058416105,7
2024-09-18 13:49:54.718,414.19386641372006,14
2024-09-18 13:49:54.789,414.1918214018635,102
2024-09-18 13:49:54.795,414.1818341204208,95
2024-09-18 13:49:54.913,414.1607518523872,996
2024-09-18 13:49:54.948,414.18550858556097,996
2024-09-18 13:49:54.954,414.18741095181247,9
2024-09-18 13:49:55.042,414.1912283981064,6
2024-09-18 13:49:55.085,414.2200902567316,12
2024-09-18 13:49:55.285,414.20831954643046,13
2024-09-18 13:49:55.297,414.2153957287233,11
2024-09-18 13:49:55.420,414.23385305644985,104
2024-09-18 13:49:55.510,414.2023265530798,1003
2024-09-18 13:49:55.670,414.1954601598242,1002
2024-09-18 13:49:55.892,414.21946029886783,6
2024-09-18 13:49:55.952,414.20526017476607,7
2024-09-18 13:49:56.028,414.2120087655169,101
2024-09-18 13:49:56.183,414.2351858051081,96
2024-09-18 13:49:56.382,414.2394604641577,1000
2024-09-18 13:49:56.409,414.2260333508481,100
2024-09-18 13:49:56.435,414.2332275484276,104
2024-09-18 13:49:56.465,414.2295964496314,105
2024-09-18 13:49:56.470,414.2515043985528,98
2024-09-18 13:49:56.507,414.225734430504,97
2024-09-18 13:49:56.570,414.2189333810677,1002
2024-09-18 13:49:56.947,414.22275987337656,5
2024-09-18 13:49:57.206,414.2309178757181,14
2024-09-18 13:49:57.401,414.2374203665415,101
2024-09-18 13:49:57.991,414.2508335505775,998
2024-09-18 13:49:58.028,414.2922579129129,1004
2024-09-18 13:49:58.160,414.298885579315,1005
2024-09-18 13:49:58.164,414.2945894875459,1005
2024-09-18 13:49:58.170,414.33468187657786,7
2024-09-18 13:49:58.289,414.3550314421421,105
2024-09-18 13:49:58.444,414.3272543541542,999
2024-09-18 13:49:58.453,414.3128547216819,96
2024-09-18 13:49:58.514,414.30092699901314,998
2024-09-18 13:49:58.564,414.2963959111356,99
2024-09-18 13:49:58.579,414.2641326793563,1002
2024-09-18 13:49:58.686,414.4140091648696,15
2024-09-18 13:49:58.732,414.3791504017013,997
2024-09-18 13:49:58.908,414.4082890316028,105
2024-09-18 13:49:58.970,414.2903967484118,997
2024-09-18 13:49:59.022,414.3862088673749,1003
2024-09-18 13:49:59.081,414.4153950278725,13
2024-09-18 13:49:59.159,414.3659965035314,103
2024-09-18 13:49:59.161,414.3438085034493,995
2024-09-18 13:49:59.206,414.4218133947932,996
2024-09-18 13:49:59.395,414.41771533570846,15
2024-09-18 13:49:59.432,414.4008751237303,12
2024-09-18 13:49:59.446,414.3833020360676,1004
2024-09-18 13:49:59.584,414.3661990920996,1003
2024-09-18 13:49:59.664,414.4176510521285,9
2024-09-18 13:49:59.677,414.35265943557056,100
2024-09-18 13:49:59.691,414.3811214332736,999
2024-09-18 13:49:59.704,414.4207674691992,15
2024-09-18 13:49:59.828,,998
2024-09-18 13:49:59.830,414.4011568399303,8
2024-09-18 13:49:59.865,414.4202461876888,996
2024-09-18 13:49:59.868,414.3408174602789,998
2024-09-18 13:49:59.902,414.41379352790057,12
2024-09-18 13:49:59.959,414.3923892416428,9
