Timestamp,Price,Size
2024-09-18 11:42:00.020,416.0295495928126,9
2024-09-18 11:42:00.172,41.604905246929206,95
2024-09-18 11:42:00.232,416.0336844843628,15
2024-09-18 11:42:00.259,416.0543701265679,99
2024-09-18 11:42:00.287,416.0577551605244,999
2024-09-18 11:42:00.321,416.06348473748494,99
2024-09-18 11:42:00.334,416.010078303757,9
2024-09-18 11:42:00.348,415.9890525021302,15
2024-09-18 11:42:00.482,416.0579380196305,105
2024-09-18 11:42:00.510,416.01659418126434,1005
2024-09-18 11:42:00.529,416.0484792289916,1004
2024-09-18 11:42:00.686,,95
2024-09-18 11:42:00.907,416.0470067822001,98
2024-09-18 11:42:00.959,416.0376812037953,105
2024-09-18 11:42:00.977,416.0393462070498,15
2024-09-18 11:42:01.035,416.0632878573836,8
2024-09-18 11:42:01.154,416.0513515890925,10
2024-09-18 11:42:01.187,416.05975817183946,1002
2024-09-18 11:42:01.272,416.0656655532423,5
2024-09-18 11:42:01.509,416.048772612425,98
2024-09-18 11:42:01.756,416.05262686012367,103
2024-09-18 11:42:02.035,416.00501473897856,6
2024-09-18 11:42:02.086,416.02091134167375,1005
2024-09-18 11:42:02.097,416.0222651366184,14
2024-09-18 11:42:02.163,416.0105781641736,12
2024-09-18 11:42:02.243,416.0182564908548,14
2024-09-18 11:42:02.264,415.98971809385847,14
2024-09-18 11:42:02.293,416.03225325650175,997
2024-09-18 11:42:02.308,416.01559392264807,9
2024-09-18 11:42:02.337,416.0474062784541,99
2024-09-18 11:42:02.377,416.025734201722,15
2024-09-18 11:42:02.411,416.0252267455632,997
2024-09-18 11:42:02.447,416.025411810765,101
2024-09-18 11:42:02.457,416.00489963372434,8
2024-09-18 11:42:02.479,416.0358724195118,995
2024-09-18 11:42:02.517,416.0321524396735,9
2024-09-18 11:42:02.559,416.0470589998041,104
2024-09-18 11:42:02.612,416.0562943265156,96
2024-09-18 11:42:02.653,416.0503290587236,1002
2024-09-18 11:42:02.671,416.0138010772885,105
2024-09-18 11:42:02.687,416.0176920067276,996
2024-09-18 11:42:02.694,416.0059145530128,100
2024-09-18 11:42:02.707,416.0212552278734,95
2024-09-18 11:42:02.733,416.0183255421893,1002
2024-09-18 11:42:02.749,415.99386228020273,105
2024-09-18 11:42:02.765,416.0395320982121,995
2024-09-18 11:42:02.814,416.0309554659757,102
2024-09-18 11:42:02.863,416.0339757619916,103
2024-09-18 11:42:02.868,416.02669744072864,98
2024-09-18 11:42:02.963,416.0211715667608,98
2024-09-18 11:42:02.985,416.00374747608384,97
2024-09-18 11:42:03.613,416.0136464455442,5
2024-09-18 11:42:03.637,416.0175386201314,14
2024-09-18 11:42:03.667,416.0233429773677,996
2024-09-18 11:42:03.810,416.0171891613894,1001
2024-09-18 11:42:03.858,415.992014660288,11
2024-09-18 11:42:04.042,415.9756122444157,95
2024-09-18 11:42:04.045,416.0278384394019,1001
2024-09-18 11:42:04.112,416.0328809900044,8
2024-09-18 11:42:04.133,416.0045852874665,1001
2024-09-18 11:42:04.226,416.05873592530094,995
2024-09-18 11:42:04.262,416.03455163514576,1004
2024-09-18 11:42:04.322,416.00211561200416,102
2024-09-18 11:42:04.344,415.95804788657136,102
2024-09-18 11:42:04.379,415.9990906849396,95
2024-09-18 11:42:04.382,415.96477540022585,1005
2024-09-18 11:42:04.406,416.054506419977,998
2024-09-18 11:42:04.469,416.01821034088914,101
2024-09-18 11:42:04.480,416.0075398074055,1003
2024-09-18 11:42:04.500,416.0184547362502,9
2024-09-18 11:42:04.555,416.05531701607777,1004
2024-09-18 11:42:04.576,416.0050387544157,1004
2024-09-18 11:42:04.594,415.994024623503,101
2024-09-18 11:42:04.638,415.9607410203234,5
2024-09-18 11:42:04.775,416.0055493840849,100
2024-09-18 11:42:04.828,416.0056218628789,1002
2024-09-18 11:42:04.865,416.0488689851498,1001
2024-09-18 11:42:04.873,416.0509123145097,100
2024-09-18 11:42:04.906,416.0533853103482,98
2024-09-18 11:42:04.948,416.0262091621453,998
2024-09-18 11:42:04.998,416.0023481709636,95
2024-09-18 11:42:05.065,416.0124486210044,99
2024-09-18 11:42:05.092,416.0431927432927,98
2024-09-18 11:42:05.127,416.0194008179557,1002
2024-09-18 11:42:05.131,416.0004554835734,9
2024-09-18 11:42:05.133,415.9813780698769,102
2024-09-18 11:42:05.182,416.0212189652157,99
2024-09-18 11:42:05.192,416.0060956543493,5
2024-09-18 11:42:05.197,416.01663241549767,101
2024-09-18 11:42:05.234,415.9912573050081,98
2024-09-18 11:42:05.343,415.9976745979674,1002
2024-09-18 11:42:05.367,416.027661513861,96
2024-09-18 11:42:05.397,415.9947722860846,103
2024-09-18 11:42:05.413,416.00344684005466,10
2024-09-18 11:42:05.438,416.0142254508244,102
2024-09-18 11:42:05.449,41.60188575214167,104
2024-09-18 11:42:05.488,415.9923168380457,5
2024-09-18 11:42:05.556,416.0163862293464,15
2024-09-18 11:42:05.567,416.01073575396856,99
2024-09-18 11:42:05.601,416.0008026412099,9
2024-09-18 11:42:05.637,416.0289005893855,13
2024-09-18 11:42:05.781,416.04833086677417,14
2024-09-18 11:42:05.793,415.9983971578722,104
2024-09-18 11:42:05.915,415.9748670596128,9
2024-09-18 11:42:05.924,416.0320278763155,14
2024-09-18 11:42:05.947,416.0087655142614,6
2024-09-18 11:42:05.949,416.0210975263501,1002
2024-09-18 11:42:05.972,415.9797870338647,9
2024-09-18 11:42:05.994,416.0221066543343,1000
2024-09-18 11:42:06.018,416.0111894681832,99
2024-09-18 11:42:06.095,415.9816047021144,9
2024-09-18 11:42:06.152,415.989105006713,100
2024-09-18 11:42:06.160,416.04479660135695,7
2024-09-18 11:42:06.253,415.9990671498089,12
2024-09-18 11:42:06.259,416.0009280672583,102
2024-09-18 11:42:06.333,415.9758372776086,6
2024-09-18 11:42:06.383,416.0326997621412,14
2024-09-18 11:42:06.391,416.0037882556445,104
2024-09-18 11:42:06.395,416.0399110905994,13
2024-09-18 11:42:06.419,416.0388677397922,999
2024-09-18 11:42:06.454,415.964555716244,99
2024-09-18 11:42:06.491,416.0272290449906,12
2024-09-18 11:42:06.577,416.0117800195077,101
2024-09-18 11:42:06.590,415.9761855949415,998
2024-09-18 11:42:06.638,415.980347897229,9
2024-09-18 11:42:06.641,416.0383719087138,7
2024-09-18 11:42:06.705,416.0244819125485,1005
2024-09-18 11:42:06.741,416.0390101722407,1003
2024-09-18 11:42:06.958,415.9982845101296,1005
2024-09-18 11:42:06.968,41.60026761228581,96
2024-09-18 11:42:07.043,416.0306113446393,95
2024-09-18 11:42:07.065,416.02708991274886,103
2024-09-18 11:42:07.066,416.0127494608632,103
2024-09-18 11:42:07.105,416.0333388662616,98
2024-09-18 11:42:07.126,416.0512586239898,96
2024-09-18 11:42:07.219,416.0550605314925,14
2024-09-18 11:42:07.233,416.01273832173786,1000
2024-09-18 11:42:07.238,415.9958456254121,98
2024-09-18 11:42:07.246,416.0516184501009,1005
2024-09-18 11:42:07.370,416.0366834844317,6
2024-09-18 11:42:07.387,416.0071000533287,102
2024-09-18 11:42:07.417,416.0486377906013,1003
2024-09-18 11:42:07.529,416.0437105084269,101
2024-09-18 11:42:07.650,416.02387750584,7
2024-09-18 11:42:07.659,416.0341361185533,98
2024-09-18 11:42:07.695,416.0221696835408,10
2024-09-18 11:42:07.731,416.0384820471187,6
2024-09-18 11:42:07.750,416.0396717943137,5
2024-09-18 11:42:07.752,416.0412913743783,1003
2024-09-18 11:42:07.795,416.04351933007246,100
2024-09-18 11:42:07.843,416.0276983358663,8
2024-09-18 11:42:07.899,416.0092282487026,5
2024-09-18 11:42:07.927,416.04378985846506,7
2024-09-18 11:42:07.935,416.0359432136905,7
2024-09-18 11:42:07.942,416.0460285214149,105
2024-09-18 11:42:08.169,416.0131807727824,998
2024-09-18 11:42:08.275,416.0329254365863,1002
2024-09-18 11:42:08.288,416.0294854342162,96
2024-09-18 11:42:08.313,416.0103635846262,997
2024-09-18 11:42:08.347,416.0420133036087,97
2024-09-18 11:42:08.416,416.004829296291,96
2024-09-18 11:42:08.426,415.990552829981,999
2024-09-18 11:42:08.462,416.0319063923126,1005
2024-09-18 11:42:08.530,416.0176026057522,104
2024-09-18 11:42:08.555,416.0322937374864,101
2024-09-18 11:42:08.595,416.02442397806647,102
2024-09-18 11:42:08.620,416.0168348301758,1003
2024-09-18 11:42:08.674,416.00416245985656,7
2024-09-18 11:42:08.687,416.03626513536415,996
2024-09-18 11:42:08.752,416.0227530854271,997
2024-09-18 11:42:08.765,416.0131466935316,97
2024-09-18 11:42:08.823,416.02167423247977,95
2024-09-18 11:42:08.873,416.0187031113021,5
2024-09-18 11:42:09.112,416.1074577250004,97
2024-09-18 11:42:09.330,416.0134644929579,10
2024-09-18 11:42:09.341,416.0924760560873,11
2024-09-18 11:42:09.352,415.9925791139747,11
2024-09-18 11:42:09.376,416.09910790867673,105
2024-09-18 11:42:09.414,-416.0914769656612,12
2024-09-18 11:42:09.491,416.0606860124279,5
2024-09-18 11:42:09.535,416.0386249766071,1003
2024-09-18 11:42:09.634,416.0291014933643,6
2024-09-18 11:42:10.023,416.1384005455959,9
2024-09-18 11:42:10.069,416.1085299058166,103
2024-09-18 11:42:10.082,416.10508903555336,101
2024-09-18 11:42:10.167,416.1062937714074,1000
2024-09-18 11:42:10.179,416.09363483745614,12
2024-09-18 11:42:10.205,416.0970202896512,102
2024-09-18 11:42:10.218,416.0866648587582,104
2024-09-18 11:42:10.230,416.09884442556745,15
2024-09-18 11:42:10.269,416.1417518144486,105
2024-09-18 11:42:10.313,416.1226674928149,12
2024-09-18 11:42:10.339,416.08256382969086,1003
2024-09-18 11:42:10.357,416.0820368708908,8
2024-09-18 11:42:10.398,416.12401551616375,995
2024-09-18 11:42:10.566,416.1037262956728,1005
2024-09-18 11:42:10.676,416.0870822888311,10
2024-09-18 11:42:10.843,416.0925719298153,999
2024-09-18 11:42:10.879,416.1000400782496,98
2024-09-18 11:42:10.965,416.1254925344509,1003
2024-09-18 11:42:10.967,416.0881572370959,96
2024-09-18 11:42:10.970,416.1010037558305,11
2024-09-18 11:42:10.975,416.1193895090264,11
2024-09-18 11:42:10.988,416.1033222095706,9
2024-09-18 11:42:11.232,416.0795634047056,14
2024-09-18 11:42:11.608,416.0891790756921,1003
2024-09-18 11:42:11.662,416.0459815752534,100
2024-09-18 11:42:11.722,416.0827919167377,999
2024-09-18 11:42:11.896,416.0575189106062,100
2024-09-18 11:42:12.043,416.0623377654932,101
2024-09-18 11:42:12.046,416.0753928576545,8
2024-09-18 11:42:12.106,41.60299741717321,9
2024-09-18 11:42:12.109,416.07307516609234,97
2024-09-18 11:42:12.130,416.0499060473762,98
2024-09-18 11:42:12.149,416.0343154615983,997
2024-09-18 11:42:12.196,416.0762344853978,11
2024-09-18 11:42:12.230,416.0240549341994,101
2024-09-18 11:42:12.237,416.0724402201727,1000
2024-09-18 11:42:12.248,416.0255701535765,999
2024-09-18 11:42:12.309,416.05766319894593,99
2024-09-18 11:42:12.317,416.0604177528677,97
2024-09-18 11:42:12.342,416.0573950320394,5
2024-09-18 11:42:12.373,416.0679452926907,95
2024-09-18 11:42:12.381,416.0578142917056,102
2024-09-18 11:42:12.470,416.0275301559149,1003
2024-09-18 11:42:12.540,416.0641820338009,8
2024-09-18 11:42:12.578,416.0440891652881,997
2024-09-18 11:42:12.616,416.06468873644553,10
2024-09-18 11:42:12.641,416.0122477370605,96
2024-09-18 11:42:12.720,415.9982241631416,999
2024-09-18 11:42:12.812,416.0175711815819,996
2024-09-18 11:42:12.823,416.05114609249927,9
2024-09-18 11:42:12.891,416.07828851229846,98
2024-09-18 11:42:12.931,416.06646909206864,7
2024-09-18 11:42:13.423,416.03123184173046,1000
2024-09-18 11:42:13.534,416.013703622644,102
2024-09-18 11:42:13.538,415.9932950117836,5
2024-09-18 11:42:13.596,416.03753025877626,996
2024-09-18 11:42:13.690,416.0153616168056,6
2024-09-18 11:42:13.700,416.0237498971522,95
2024-09-18 11:42:13.904,416.0371124289175,998
2024-09-18 11:42:13.932,416.0411541611506,13
2024-09-18 11:42:13.951,-416.0287765696783,11
2024-09-18 11:42:14.016,416.048338471971,100
2024-09-18 11:42:14.070,416.07748866204537,102
2024-09-18 11:42:14.075,416.0652519469512,7
2024-09-18 11:42:14.102,416.0963179800563,12
2024-09-18 11:42:14.134,416.0519645780951,97
2024-09-18 11:42:14.156,416.09404820892513,1002
2024-09-18 11:42:14.160,416.0835429997519,997
2024-09-18 11:42:14.183,416.0976447070855,1004
2024-09-18 11:42:14.208,416.0651819016282,1001
2024-09-18 11:42:14.216,416.1031229945783,105
2024-09-18 11:42:14.221,416.027206915654,1005
2024-09-18 11:42:14.257,416.0911529067653,102
2024-09-18 11:42:14.268,416.0749054218627,9
2024-09-18 11:42:14.350,416.0726792294663,100
2024-09-18 11:42:14.359,416.1064385664336,96
2024-09-18 11:42:14.391,416.1054510149685,104
2024-09-18 11:42:14.415,416.0447137428146,8
2024-09-18 11:42:14.434,416.0453229459405,998
2024-09-18 11:42:14.519,416.084034430517,995
2024-09-18 11:42:14.642,416.0613276654412,102
2024-09-18 11:42:14.657,416.0758316810236,999
2024-09-18 11:42:14.821,416.1113532769871,96
2024-09-18 11:42:14.823,416.0315443407459,15
2024-09-18 11:42:14.879,416.0651218253912,9
2024-09-18 11:42:15.123,416.1112645999289,7
2024-09-18 11:42:15.187,416.13042236239374,98
2024-09-18 11:42:15.244,416.1185081613187,15
2024-09-18 11:42:15.261,416.1436279531734,1003
2024-09-18 11:42:15.313,416.14486750964096,100
2024-09-18 11:42:15.358,416.118950161496,998
2024-09-18 11:42:15.374,416.1267448817612,99
2024-09-18 11:42:15.404,416.12806329096594,97
2024-09-18 11:42:15.416,416.1435163860488,5
2024-09-18 11:42:15.425,416.1183475224619,8
2024-09-18 11:42:15.583,416.1509782935687,103
2024-09-18 11:42:15.585,416.1421245718868,7
2024-09-18 11:42:15.604,416.1129701298237,996
2024-09-18 11:42:15.606,416.1163306565312,96
2024-09-18 11:42:15.634,416.1610116249722,14
2024-09-18 11:42:15.742,416.12733189859927,995
2024-09-18 11:42:15.953,416.13576785711626,1001
2024-09-18 11:42:15.983,416.1216256762078,12
2024-09-18 11:42:16.476,416.179570703858,105
2024-09-18 11:42:16.615,416.1518067674702,6
2024-09-18 11:42:17.075,416.1673892237868,97
2024-09-18 11:42:17.087,416.1797313825381,8
2024-09-18 11:42:17.104,416.182897113996,15
2024-09-18 11:42:17.225,416.183149819338,995
2024-09-18 11:42:17.247,416.1662429708349,996
2024-09-18 11:42:17.298,416.1728152405127,105
2024-09-18 11:42:17.307,416.1982205876373,14
2024-09-18 11:42:17.341,416.1847696266799,998
2024-09-18 11:42:17.483,416.1541575004837,1003
2024-09-18 11:42:17.493,416.2015332493125,1000
2024-09-18 11:42:17.545,416.1916391897194,999
2024-09-18 11:42:17.654,416.1567044520299,1001
2024-09-18 11:42:17.676,416.1872340978798,102
2024-09-18 11:42:17.713,416.15678790644,99
2024-09-18 11:42:17.791,416.1879969361669,999
2024-09-18 11:42:17.792,416.1828597642998,8
2024-09-18 11:42:17.814,416.16061244470126,96
2024-09-18 11:42:17.921,416.1747678962219,998
2024-09-18 11:42:17.986,416.2061998981648,102
2024-09-18 11:42:18.104,416.16596290588313,101
2024-09-18 11:42:18.791,416.1930447240869,10
2024-09-18 11:42:19.058,416.12332268335217,1001
2024-09-18 11:42:19.094,416.1167547583289,1004
2024-09-18 11:42:19.126,416.13442950625546,103
2024-09-18 11:42:19.161,416.10708978363954,103
2024-09-18 11:42:19.201,416.1231186463856,998
2024-09-18 11:42:19.288,416.1209606649516,9
2024-09-18 11:42:19.289,416.10667907719295,998
2024-09-18 11:42:19.365,416.1120628794554,97
2024-09-18 11:42:19.386,416.148639267084,101
2024-09-18 11:42:19.427,416.122854914724,998
2024-09-18 11:42:19.450,416.1267353726057,13
2024-09-18 11:42:19.536,416.118106738486,8
2024-09-18 11:42:19.544,416.135357754417,1002
2024-09-18 11:42:19.621,416.1211640296325,104
2024-09-18 11:42:19.725,416.102550722208,95
2024-09-18 11:42:19.782,416.1369601814971,998
2024-09-18 11:42:19.838,416.15948325670496,104
2024-09-18 11:42:19.961,416.1763855750945,995
2024-09-18 11:42:19.979,416.1147634688477,95
2024-09-18 11:42:20.050,416.12439446187096,999
2024-09-18 11:42:20.116,416.1015897983361,98
2024-09-18 11:42:20.307,416.0630521099753,1003
2024-09-18 11:42:20.528,416.08915353937897,5
2024-09-18 11:42:20.616,416.1220541092847,14
2024-09-18 11:42:21.019,415.9912714821468,998
2024-09-18 11:42:21.215,416.0013117414836,1000
2024-09-18 11:42:21.254,416.0619102520221,9
2024-09-18 11:42:21.273,415.98316701684496,995
2024-09-18 11:42:21.313,416.0643045961791,97
2024-09-18 11:42:21.333,,104
2024-09-18 11:42:21.432,416.0741994772456,12
2024-09-18 11:42:21.520,416.03796700647695,103
2024-09-18 11:42:21.524,415.9736746344343,1003
2024-09-18 11:42:21.542,416.0042902961456,999
2024-09-18 11:42:21.609,416.0608176471944,996
2024-09-18 11:42:21.613,415.9852831694512,95
2024-09-18 11:42:21.874,415.994858790405,998
2024-09-18 11:42:21.893,415.9673509236919,99
2024-09-18 11:42:21.931,416.002208605908,98
2024-09-18 11:42:21.938,416.0811715232705,5
2024-09-18 11:42:22.127,416.0126973387099,1003
2024-09-18 11:42:22.222,416.0159785419828,12
2024-09-18 11:42:22.258,415.9828464103752,9
2024-09-18 11:42:22.266,415.9865825306555,98
2024-09-18 11:42:22.267,415.99132463413184,998
2024-09-18 11:42:22.312,415.9837523747986,6
2024-09-18 11:42:22.317,415.9961329663675,95
2024-09-18 11:42:22.326,415.97531895170414,9
2024-09-18 11:42:22.628,415.9901364762635,998
2024-09-18 11:42:22.635,416.0155062033267,1000
2024-09-18 11:42:22.690,415.9904125907244,102
2024-09-18 11:42:22.757,416.0129312211948,9
2024-09-18 11:42:22.790,415.99727109748,9
2024-09-18 11:42:22.796,415.9970339791179,14
2024-09-18 11:42:22.814,416.0300224050942,996
2024-09-18 11:42:22.817,416.0069331236418,100
2024-09-18 11:42:22.890,415.9918752993024,100
2024-09-18 11:42:23.061,415.9862442576173,8
2024-09-18 11:42:23.124,416.0337135977312,100
2024-09-18 11:42:23.272,415.9831364854091,105
2024-09-18 11:42:23.348,415.9803220314506,1002
2024-09-18 11:42:23.356,416.0020175771513,100
2024-09-18 11:42:23.689,416.0200165862151,8
2024-09-18 11:42:23.834,415.97247277057977,995
2024-09-18 11:42:23.875,416.0315425465851,12
2024-09-18 11:42:23.992,416.0065656398552,15
2024-09-18 11:42:24.039,415.9921380802628,9
2024-09-18 11:42:24.202,415.9874308554031,7
2024-09-18 11:42:24.286,416.01068226320064,101
2024-09-18 11:42:24.372,415.9966832002849,101
2024-09-18 11:42:24.649,415.98371771790113,102
2024-09-18 11:42:25.005,415.97967066010887,999
2024-09-18 11:42:25.052,416.0009666679692,995
2024-09-18 11:42:25.078,415.9790263555397,99
2024-09-18 11:42:25.178,416.0045777518314,997
2024-09-18 11:42:25.194,416.0010131507306,1000
2024-09-18 11:42:25.206,416.0107198220297,9
2024-09-18 11:42:25.214,415.9976901469906,12
2024-09-18 11:42:25.240,415.9920679354398,7
2024-09-18 11:42:25.264,416.0106796672085,7
2024-09-18 11:42:25.355,415.99272375422737,11
2024-09-18 11:42:25.403,416.0236139284539,1005
2024-09-18 11:42:25.430,415.9823877359091,12
2024-09-18 11:42:25.443,416.01628283961327,11
2024-09-18 11:42:25.476,415.99960510964297,100
2024-09-18 11:42:25.545,416.0139410495878,1002
2024-09-18 11:42:25.571,416.0228531795135,999
2024-09-18 11:42:25.613,416.00672737638286,1002
2024-09-18 11:42:25.655,415.9648027170943,11
2024-09-18 11:42:25.708,,995
2024-09-18 11:42:25.713,415.9924550547843,6
2024-09-18 11:42:25.737,415.9727860789566,100
2024-09-18 11:42:25.741,416.0209312652551,95
2024-09-18 11:42:25.785,416.01789898537726,104
2024-09-18 11:42:25.814,415.98133794758354,100
2024-09-18 11:42:25.876,416.0227422107973,1004
2024-09-18 11:42:25.912,416.0313632149258,999
2024-09-18 11:42:25.947,416.0063002990916,1000
2024-09-18 11:42:26.182,415.9789314763461,995
2024-09-18 11:42:26.227,415.9867247394233,997
2024-09-18 11:42:26.247,415.98328066483583,998
2024-09-18 11:42:26.263,416.0123413873296,100
2024-09-18 11:42:26.319,,97
2024-09-18 11:42:26.376,416.0090401333267,11
2024-09-18 11:42:26.389,415.9706086532792,999
2024-09-18 11:42:26.590,416.0004302010918,104
2024-09-18 11:42:26.608,415.96861585547896,14
2024-09-18 11:42:26.794,416.0233593041841,11
2024-09-18 11:42:26.797,415.9980493499893,103
2024-09-18 11:42:26.841,415.99132440731023,7
2024-09-18 11:42:27.182,416.001334979095,100
2024-09-18 11:42:27.229,416.0266598504168,10
2024-09-18 11:42:27.611,415.9674265860969,1003
2024-09-18 11:42:27.824,415.9862342990051,96
2024-09-18 11:42:28.041,415.9834482782126,999
2024-09-18 11:42:28.045,415.984904050688,103
2024-09-18 11:42:28.181,416.005303543424,6
2024-09-18 11:42:28.235,415.9875763436219,11
2024-09-18 11:42:28.249,415.9946644554509,100
2024-09-18 11:42:28.377,415.9461102571797,104
2024-09-18 11:42:28.396,415.984601894798,8
2024-09-18 11:42:28.468,415.97008662045215,9
2024-09-18 11:42:28.493,416.0272690944879,996
2024-09-18 11:42:28.761,415.9484420682993,1004
2024-09-18 11:42:28.922,416.0122961166067,8
2024-09-18 11:42:29.057,415.9100956873472,10
2024-09-18 11:42:29.169,415.9462526203742,99
2024-09-18 11:42:29.225,415.92246850604937,999
2024-09-18 11:42:29.235,415.9305672148105,12
2024-09-18 11:42:29.375,415.9343343180384,5
2024-09-18 11:42:29.402,415.9052647189002,7
2024-09-18 11:42:29.432,415.92296796230346,1001
2024-09-18 11:42:29.439,415.9118275160213,5
2024-09-18 11:42:29.514,415.956533621898,1003
2024-09-18 11:42:29.520,415.9348051231155,12
2024-09-18 11:42:29.545,415.9374748024139,1004
2024-09-18 11:42:29.689,415.922085664128,14
2024-09-18 11:42:30.104,415.94630809780085,13
2024-09-18 11:42:30.200,416.0146010221948,102
2024-09-18 11:42:30.309,416.008355321086,1000
2024-09-18 11:42:30.330,416.0097882462255,998
2024-09-18 11:42:30.353,416.0199361019311,95
2024-09-18 11:42:30.370,415.9839017034369,1004
2024-09-18 11:42:30.424,415.96777496027545,97
2024-09-18 11:42:30.476,416.0238056440409,13
2024-09-18 11:42:30.544,415.98996300755726,996
2024-09-18 11:42:30.609,415.9545925721961,97
2024-09-18 11:42:30.689,416.0093245810681,104
2024-09-18 11:42:30.732,415.9832789029911,95
2024-09-18 11:42:30.740,-415.9582882787981,14
2024-09-18 11:42:30.834,416.02652081824425,100
2024-09-18 11:42:30.838,416.0033894123063,14
2024-09-18 11:42:30.867,415.96089911399855,8
2024-09-18 11:42:31.030,,997
2024-09-18 11:42:31.081,415.97814112407445,1004
2024-09-18 11:42:31.149,415.9808651037779,1003
2024-09-18 11:42:31.154,415.9728390610682,996
2024-09-18 11:42:31.156,415.9720488515023,12
2024-09-18 11:42:31.164,415.9891971504003,998
2024-09-18 11:42:31.212,415.9889622595579,97
2024-09-18 11:42:31.256,415.947627237248,997
2024-09-18 11:42:31.311,,1004
2024-09-18 11:42:31.331,415.9846672755695,997
2024-09-18 11:42:31.434,415.9963464322047,1002
2024-09-18 11:42:31.457,416.0067790019724,999
2024-09-18 11:42:31.504,415.99253074039615,995
2024-09-18 11:42:31.608,415.954651814509,12
2024-09-18 11:42:31.644,415.9987478410268,13
2024-09-18 11:42:31.647,415.9826861614857,1004
2024-09-18 11:42:31.656,415.991844765822,997
2024-09-18 11:42:31.749,415.98158446115593,1000
2024-09-18 11:42:31.803,415.9725184577932,1002
2024-09-18 11:42:31.912,415.9964610603556,100
2024-09-18 11:42:31.990,415.9801361603885,13
2024-09-18 11:42:32.055,415.8545252631348,13
2024-09-18 11:42:32.060,415.9102477255496,97
2024-09-18 11:42:32.066,415.93031098232393,8
2024-09-18 11:42:32.142,415.9258223368072,1004
2024-09-18 11:42:32.151,415.83613173760784,1003
2024-09-18 11:42:32.213,415.902011414308,100
2024-09-18 11:42:32.252,415.9808579354109,101
2024-09-18 11:42:32.258,415.90418823698354,103
2024-09-18 11:42:32.312,415.8814173016779,999
2024-09-18 11:42:32.321,415.894249642258,1003
2024-09-18 11:42:32.344,415.8957056807426,97
2024-09-18 11:42:32.356,415.8714922315525,98
2024-09-18 11:42:32.406,415.9061816415057,14
2024-09-18 11:42:32.435,415.8411912334197,105
2024-09-18 11:42:32.485,415.89681442152687,98
2024-09-18 11:42:32.528,415.8932961503464,1000
2024-09-18 11:42:32.684,415.94249365271065,102
2024-09-18 11:42:32.719,415.8905121551709,9
2024-09-18 11:42:32.728,415.88225568376015,99
2024-09-18 11:42:32.772,415.8910784686103,96
2024-09-18 11:42:32.798,415.9142049137846,7
2024-09-18 11:42:32.835,415.89311496579256,14
2024-09-18 11:42:32.840,415.897211336801,1002
2024-09-18 11:42:32.865,415.9013342821268,102
2024-09-18 11:42:32.870,415.8864978821417,1001
2024-09-18 11:42:32.913,415.9085166772856,98
2024-09-18 11:42:32.922,415.9015825866272,100
2024-09-18 11:42:32.976,415.9117000016771,1005
2024-09-18 11:42:32.994,415.8808905829047,10
2024-09-18 11:42:33.005,415.9326167528091,104
2024-09-18 11:42:33.045,415.8542358173749,6
2024-09-18 11:42:33.112,415.9203385833829,5
2024-09-18 11:42:33.120,-415.9024640911849,995
2024-09-18 11:42:33.168,415.9240087523172,1005
2024-09-18 11:42:33.173,415.9011577617546,5
2024-09-18 11:42:33.212,415.9090923950606,999
2024-09-18 11:42:33.297,415.9221995530947,100
2024-09-18 11:42:33.335,415.8745208837984,104
2024-09-18 11:42:33.349,415.8951145316825,12
2024-09-18 11:42:33.353,415.8526828074818,105
2024-09-18 11:42:33.407,415.8468895488157,15
2024-09-18 11:42:33.483,415.918000037468,100
2024-09-18 11:42:33.514,415.88338740459113,8
2024-09-18 11:42:33.545,415.9238826789852,998
2024-09-18 11:42:33.559,415.91708432097,105
2024-09-18 11:42:33.562,415.9269195348408,6
2024-09-18 11:42:33.578,415.8849625849778,12
2024-09-18 11:42:33.612,415.9119376070871,13
2024-09-18 11:42:33.616,415.8802047858384,6
2024-09-18 11:42:33.643,41.5928685965435,999
2024-09-18 11:42:33.686,415.8824686351469,15
2024-09-18 11:42:33.842,415.9267040677721,7
2024-09-18 11:42:33.899,415.9079802265624,7
2024-09-18 11:42:33.917,415.916327526728,103
2024-09-18 11:42:33.946,415.8645280422525,995
2024-09-18 11:42:34.012,415.8866933294714,101
2024-09-18 11:42:34.040,415.86854391761705,13
2024-09-18 11:42:34.057,415.855916605739,999
2024-09-18 11:42:34.077,415.8494727043794,100
2024-09-18 11:42:34.089,415.8658142906807,6
2024-09-18 11:42:34.094,415.9396750442371,1001
2024-09-18 11:42:34.098,415.92039797272565,8
2024-09-18 11:42:34.110,415.93148898595246,996
2024-09-18 11:42:34.247,415.89740444772,1002
2024-09-18 11:42:34.282,415.8729124780447,104
2024-09-18 11:42:34.391,415.86808577491286,103
2024-09-18 11:42:34.465,415.8854837634,15
2024-09-18 11:42:34.591,415.9266739680697,11
2024-09-18 11:42:34.598,415.9243056928631,1001
2024-09-18 11:42:34.600,415.89753328306233,13
2024-09-18 11:42:34.645,415.8745394879949,5
2024-09-18 11:42:34.650,415.87988930954526,997
2024-09-18 11:42:34.671,415.9276485762352,6
2024-09-18 11:42:34.706,41.58615860005865,995
2024-09-18 11:42:34.738,415.8340072443596,103
2024-09-18 11:42:34.837,415.88581321573673,997
2024-09-18 11:42:34.850,415.8440108790743,105
2024-09-18 11:42:34.856,415.9331377897953,10
2024-09-18 11:42:34.863,415.8982112759217,1005
2024-09-18 11:42:34.880,415.853051526984,8
2024-09-18 11:42:34.929,415.8870816214575,8
2024-09-18 11:42:34.968,415.8865242396351,96
2024-09-18 11:42:35.002,415.8787642405232,1001
2024-09-18 11:42:35.011,415.8654920160801,996
2024-09-18 11:42:35.083,415.886534365828,1002
2024-09-18 11:42:35.102,415.8787459663986,96
2024-09-18 11:42:35.153,415.8527569271257,996
2024-09-18 11:42:35.186,415.84273034926304,11
2024-09-18 11:42:35.214,415.8661092494863,97
2024-09-18 11:42:35.217,415.8650338348355,105
2024-09-18 11:42:35.223,415.8411925264744,12
2024-09-18 11:42:35.225,415.86648717237136,103
2024-09-18 11:42:35.292,415.86870807896577,14
2024-09-18 11:42:35.457,415.85674730911904,1001
2024-09-18 11:42:35.474,-415.867428999462,99
2024-09-18 11:42:35.531,415.8741968502905,1005
2024-09-18 11:42:35.534,415.88720214735673,8
2024-09-18 11:42:35.554,415.8626331554152,999
2024-09-18 11:42:35.577,415.8799429697271,101
2024-09-18 11:42:35.659,415.8777454551638,1000
2024-09-18 11:42:35.723,415.85365066424606,105
2024-09-18 11:42:35.737,415.8930932567711,95
2024-09-18 11:42:35.827,415.8638183071998,95
2024-09-18 11:42:35.863,415.868926543832,1001
2024-09-18 11:42:35.911,415.8727096531196,13
2024-09-18 11:42:35.966,415.8833861052216,9
2024-09-18 11:42:36.046,415.8540415565357,103
2024-09-18 11:42:36.091,415.82933167783705,1003
2024-09-18 11:42:36.265,415.8719277544432,13
2024-09-18 11:42:36.535,415.847996059441,15
2024-09-18 11:42:36.757,415.8655869854708,104
2024-09-18 11:42:36.809,41.58522866605071,97
2024-09-18 11:42:36.852,415.8689417684332,99
2024-09-18 11:42:37.041,415.9083243760505,10
2024-09-18 11:42:37.048,415.8919753535391,7
2024-09-18 11:42:37.064,415.8938207853212,996
2024-09-18 11:42:37.112,415.9139869477812,1000
2024-09-18 11:42:37.117,415.8635242845908,11
2024-09-18 11:42:37.156,415.89362204542,100
2024-09-18 11:42:37.182,415.89144112746175,1005
2024-09-18 11:42:37.189,415.8978812966432,103
2024-09-18 11:42:37.197,415.9129271971195,13
2024-09-18 11:42:37.221,415.8799307194303,5
2024-09-18 11:42:37.272,415.8694830405106,1005
2024-09-18 11:42:37.339,415.885573354554,12
2024-09-18 11:42:37.343,415.8828594068574,11
2024-09-18 11:42:37.384,415.8973370797809,1003
2024-09-18 11:42:37.421,415.8909416006957,1003
2024-09-18 11:42:37.421,415.8950003255305,97
2024-09-18 11:42:37.422,415.8805412462629,998
2024-09-18 11:42:37.426,415.86727555378434,15
2024-09-18 11:42:37.544,415.8996648981969,11
2024-09-18 11:42:37.581,415.92369546557774,1002
2024-09-18 11:42:37.705,415.8823062563566,105
2024-09-18 11:42:37.804,415.8854372845907,95
2024-09-18 11:42:37.811,415.8755584183735,101
2024-09-18 11:42:37.839,415.8791659873545,103
2024-09-18 11:42:37.844,415.90801763195606,10
2024-09-18 11:42:37.861,415.8761723879685,996
2024-09-18 11:42:37.901,415.88354685629554,97
2024-09-18 11:42:37.952,415.89889062516806,1003
2024-09-18 11:42:37.965,415.8799816977678,12
2024-09-18 11:42:37.995,415.8810150821146,1005
2024-09-18 11:42:38.016,415.9301538123536,99
2024-09-18 11:42:38.172,415.9191830660858,8
2024-09-18 11:42:38.249,415.9355568931061,105
2024-09-18 11:42:38.253,415.9613610703271,99
2024-09-18 11:42:38.328,415.9544329654672,1004
2024-09-18 11:42:38.359,415.923165687459,12
2024-09-18 11:42:38.366,415.9202518552239,5
2024-09-18 11:42:38.374,415.9716607258318,102
2024-09-18 11:42:38.392,415.9554955850007,998
2024-09-18 11:42:38.405,415.9120797986043,105
2024-09-18 11:42:38.424,415.9636823195659,100
2024-09-18 11:42:38.436,415.9492458154042,101
2024-09-18 11:42:38.470,415.9554789538851,998
2024-09-18 11:42:38.512,415.9648180577922,1000
2024-09-18 11:42:38.693,415.9183956121942,14
2024-09-18 11:42:38.713,415.9602551881308,95
2024-09-18 11:42:38.720,415.9298652942939,1004
2024-09-18 11:42:38.741,415.9672519367053,7
2024-09-18 11:42:38.747,415.9585218032988,100
2024-09-18 11:42:38.782,415.9583134037001,97
2024-09-18 11:42:38.824,415.9238222395405,1005
2024-09-18 11:42:38.840,415.9023902303315,104
2024-09-18 11:42:38.888,415.96328479597895,998
2024-09-18 11:42:38.908,415.9447031759119,14
2024-09-18 11:42:38.968,415.9407751017969,97
2024-09-18 11:42:39.012,415.9261116621578,1003
2024-09-18 11:42:39.084,415.9222162711822,105
2024-09-18 11:42:39.826,415.9282257408533,11
2024-09-18 11:42:39.942,415.91667565111305,6
2024-09-18 11:42:40.028,415.908063981892,14
2024-09-18 11:42:40.033,415.8656645015007,6
2024-09-18 11:42:40.109,415.835767195504,102
2024-09-18 11:42:40.135,415.8776029298986,1003
2024-09-18 11:42:40.151,415.84534759344393,97
2024-09-18 11:42:40.160,-415.8235827573369,95
2024-09-18 11:42:40.207,415.8328517869312,97
2024-09-18 11:42:40.240,415.9282321688213,1000
2024-09-18 11:42:40.305,415.8445175084946,1004
2024-09-18 11:42:40.376,415.9169418794728,96
2024-09-18 11:42:40.523,415.8634611347173,96
2024-09-18 11:42:40.738,415.9110946253961,96
2024-09-18 11:42:40.752,415.8398635248468,103
2024-09-18 11:42:40.752,415.8693711521317,10
2024-09-18 11:42:40.756,415.9023887667366,13
2024-09-18 11:42:40.756,415.8413023692597,12
2024-09-18 11:42:40.764,415.84625625712647,100
2024-09-18 11:42:40.788,415.9190073417007,10
2024-09-18 11:42:40.792,415.90644729581817,1003
2024-09-18 11:42:40.824,415.8738697295769,996
2024-09-18 11:42:40.856,415.8896702786169,997
2024-09-18 11:42:40.876,415.922410515288,104
2024-09-18 11:42:40.934,415.92373285915545,1000
2024-09-18 11:42:40.938,415.91050711057727,8
2024-09-18 11:42:40.938,415.8338907726772,95
2024-09-18 11:42:40.947,415.86634571636046,97
2024-09-18 11:42:40.959,415.8392850994804,1004
2024-09-18 11:42:40.963,415.8941688449675,1000
2024-09-18 11:42:41.099,415.83053298428416,95
2024-09-18 11:42:41.231,415.8395837130411,103
2024-09-18 11:42:41.593,415.8401677514861,102
2024-09-18 11:42:42.065,415.85089161290654,10
2024-09-18 11:42:42.431,415.8487058485443,10
2024-09-18 11:42:42.456,415.8401914198242,11
2024-09-18 11:42:42.469,415.8493364289295,1005
2024-09-18 11:42:42.531,,13
2024-09-18 11:42:43.141,415.8222451545063,999
2024-09-18 11:42:43.151,415.8325573644833,998
2024-09-18 11:42:43.179,415.818220814372,10
2024-09-18 11:42:43.506,415.8324094886561,11
2024-09-18 11:42:43.574,415.8315221882396,7
2024-09-18 11:42:43.622,415.82195649337615,996
2024-09-18 11:42:43.645,415.8131849216735,105
2024-09-18 11:42:43.799,415.8110232171778,15
2024-09-18 11:42:43.966,415.8198271561255,96
2024-09-18 11:42:43.991,415.7982007114453,12
2024-09-18 11:42:44.063,415.7879086829852,9
2024-09-18 11:42:44.067,415.846956245984,101
2024-09-18 11:42:44.101,415.8044001434153,1003
2024-09-18 11:42:44.155,415.8094505251139,1001
2024-09-18 11:42:44.164,415.86609737155845,995
2024-09-18 11:42:44.259,415.82251877931503,11
2024-09-18 11:42:44.261,415.8588569042746,97
2024-09-18 11:42:44.289,415.8472218836663,98
2024-09-18 11:42:44.413,415.8813331659849,997
2024-09-18 11:42:44.470,415.8766002412591,104
2024-09-18 11:42:44.472,415.798039601324,96
2024-09-18 11:42:44.571,415.8226339872141,9
2024-09-18 11:42:44.572,415.8368155194544,5
2024-09-18 11:42:44.589,,1001
2024-09-18 11:42:44.603,415.80604159790266,14
2024-09-18 11:42:44.615,415.8806883894095,998
2024-09-18 11:42:44.624,415.8155453389698,13
2024-09-18 11:42:44.638,415.8329156262431,13
2024-09-18 11:42:44.641,415.9009232258332,1004
2024-09-18 11:42:44.650,415.7952919515973,105
2024-09-18 11:42:44.682,415.791630436569,5
2024-09-18 11:42:44.750,415.8391863695731,995
2024-09-18 11:42:44.768,415.8251744368199,8
2024-09-18 11:42:44.867,415.8243170009056,96
2024-09-18 11:42:44.878,415.810813889131,1000
2024-09-18 11:42:44.907,415.810960166402,1002
2024-09-18 11:42:44.958,415.7950738869256,14
2024-09-18 11:42:44.961,415.873817837663,105
2024-09-18 11:42:44.999,415.835755808116,96
2024-09-18 11:42:45.100,415.8729712804873,1000
2024-09-18 11:42:45.104,-415.84735938763646,10
2024-09-18 11:42:45.114,415.84766211408345,5
2024-09-18 11:42:45.115,415.86486804892456,9
2024-09-18 11:42:45.137,415.8659518893901,5
2024-09-18 11:42:45.188,415.83823218871686,8
2024-09-18 11:42:45.206,415.8884653259335,1003
2024-09-18 11:42:45.271,415.9036137075629,1004
2024-09-18 11:42:45.300,415.8627289617058,5
2024-09-18 11:42:45.348,415.8550648499426,5
2024-09-18 11:42:45.359,415.91994002643247,1000
2024-09-18 11:42:45.364,415.9624171569703,100
2024-09-18 11:42:45.367,415.8617935078249,99
2024-09-18 11:42:45.379,415.8602391572939,104
2024-09-18 11:42:45.401,41.59592193534294,996
2024-09-18 11:42:45.434,415.93861179852775,998
2024-09-18 11:42:45.450,415.9518419299064,1002
2024-09-18 11:42:45.482,415.8848336832853,997
2024-09-18 11:42:45.505,415.8616479170354,1000
2024-09-18 11:42:45.599,,998
2024-09-18 11:42:45.693,415.9242621630024,1002
2024-09-18 11:42:45.791,415.8722365288118,9
2024-09-18 11:42:45.793,415.916043994953,8
2024-09-18 11:42:45.810,415.95920095355,8
2024-09-18 11:42:45.826,415.9429260644224,12
2024-09-18 11:42:45.836,415.93077896700856,95
2024-09-18 11:42:45.878,41.59457150130998,102
2024-09-18 11:42:46.335,415.9280130725127,104
2024-09-18 11:42:46.419,415.959529766123,997
2024-09-18 11:42:46.424,415.9273535698593,1003
2024-09-18 11:42:46.513,415.93645552432577,104
2024-09-18 11:42:47.034,415.9558345112848,6
2024-09-18 11:42:47.053,415.9519412380386,6
2024-09-18 11:42:47.082,415.9593447078004,1002
2024-09-18 11:42:47.212,415.9504478938513,1001
2024-09-18 11:42:47.233,415.9597236669543,997
2024-09-18 11:42:47.241,415.9623242619802,6
2024-09-18 11:42:47.245,415.9615647161599,15
2024-09-18 11:42:47.255,415.9507521919193,97
2024-09-18 11:42:47.273,415.9611307563896,98
2024-09-18 11:42:47.289,415.96898033257935,1005
2024-09-18 11:42:47.296,415.9646392451,8
2024-09-18 11:42:47.315,415.9717724064713,105
2024-09-18 11:42:47.358,415.9568363048955,98
2024-09-18 11:42:47.432,415.98216681285135,96
2024-09-18 11:42:47.458,415.9618320860632,8
2024-09-18 11:42:47.463,415.9652884573469,1004
2024-09-18 11:42:47.481,415.9550610136535,1004
2024-09-18 11:42:47.503,415.9361331600381,99
2024-09-18 11:42:47.508,415.9577477875635,998
2024-09-18 11:42:47.571,415.94452250989326,8
2024-09-18 11:42:47.660,415.95390722957205,995
2024-09-18 11:42:47.708,415.9765372676981,15
2024-09-18 11:42:47.744,415.9491779510107,104
2024-09-18 11:42:47.782,415.9436939069936,15
2024-09-18 11:42:47.861,415.9480942932517,1000
2024-09-18 11:42:47.963,415.9612924456205,101
2024-09-18 11:42:47.981,415.953199674267,1000
2024-09-18 11:42:47.982,415.9428588593073,15
2024-09-18 11:42:48.042,415.9483720230297,14
2024-09-18 11:42:48.058,415.9360980471584,103
2024-09-18 11:42:48.058,415.9790435022605,996
2024-09-18 11:42:48.155,415.9629600910689,103
2024-09-18 11:42:48.216,415.9489183885484,100
2024-09-18 11:42:48.270,415.9969834228925,101
2024-09-18 11:42:48.286,415.99742754218767,15
2024-09-18 11:42:48.361,415.9611958342284,996
2024-09-18 11:42:48.417,416.011468557364,13
2024-09-18 11:42:48.461,415.9219084135453,100
2024-09-18 11:42:48.632,415.9968731586072,101
2024-09-18 11:42:48.635,416.0212968723458,1001
2024-09-18 11:42:48.640,416.00528791783785,99
2024-09-18 11:42:48.694,415.9571226043411,102
2024-09-18 11:42:48.713,415.9599931364897,100
2024-09-18 11:42:48.762,415.9287913614991,102
2024-09-18 11:42:48.766,416.0047214239016,102
2024-09-18 11:42:48.830,415.9454734391961,6
2024-09-18 11:42:48.855,415.9643487659421,5
2024-09-18 11:42:48.888,415.98658060477226,8
2024-09-18 11:42:48.902,415.94861484723685,11
2024-09-18 11:42:49.041,416.0120139244172,7
2024-09-18 11:42:49.042,416.0667789897741,8
2024-09-18 11:42:49.096,416.0524602382466,997
2024-09-18 11:42:49.193,416.06631451819726,1003
2024-09-18 11:42:49.210,416.0817497322796,1001
2024-09-18 11:42:49.242,416.0255203440627,102
2024-09-18 11:42:49.284,416.0806633563385,98
2024-09-18 11:42:49.360,416.00347363493466,1005
2024-09-18 11:42:49.480,416.0194041158768,100
2024-09-18 11:42:49.500,416.0656696795052,105
2024-09-18 11:42:49.815,416.0182738265495,99
2024-09-18 11:42:49.840,416.0265183574795,999
2024-09-18 11:42:49.917,416.0427235524231,6
2024-09-18 11:42:50.010,416.0819035590428,1000
2024-09-18 11:42:50.087,416.10721298395214,8
2024-09-18 11:42:50.115,416.09506805874406,1004
2024-09-18 11:42:50.131,416.122859073271,99
2024-09-18 11:42:50.142,416.1208150275127,9
2024-09-18 11:42:50.160,416.1188640927766,1005
2024-09-18 11:42:50.193,416.10234628701176,97
2024-09-18 11:42:50.211,416.1194651971064,1000
2024-09-18 11:42:50.274,416.1263749580593,96
2024-09-18 11:42:50.285,416.09122586618975,1002
2024-09-18 11:42:50.303,416.1110362999128,13
2024-09-18 11:42:50.337,416.1156273611711,1000
2024-09-18 11:42:50.408,416.1123967482165,1004
2024-09-18 11:42:50.506,416.1181528460949,101
2024-09-18 11:42:50.565,416.0937428400596,13
2024-09-18 11:42:50.636,416.09464912779896,996
2024-09-18 11:42:50.646,416.1266043860892,995
2024-09-18 11:42:50.749,416.1219663074573,13
2024-09-18 11:42:50.769,416.1077466029672,1004
2024-09-18 11:42:50.773,416.10081810841297,1002
2024-09-18 11:42:50.788,416.11851231820833,996
2024-09-18 11:42:50.804,416.1438165793925,1000
2024-09-18 11:42:50.822,416.0998753894382,12
2024-09-18 11:42:50.854,416.1197533874989,1002
2024-09-18 11:42:50.855,416.128100774814,101
2024-09-18 11:42:50.901,416.1027849629069,1001
2024-09-18 11:42:50.902,416.0921697311187,11
2024-09-18 11:42:50.923,416.1242612673095,1002
2024-09-18 11:42:50.946,416.09028869690513,12
2024-09-18 11:42:51.011,416.0796241536162,104
2024-09-18 11:42:51.125,416.0571687160939,999
2024-09-18 11:42:51.195,416.0515612510154,995
2024-09-18 11:42:51.298,416.0940334105192,97
2024-09-18 11:42:51.338,416.0640699463499,101
2024-09-18 11:42:51.470,416.0701501906794,6
2024-09-18 11:42:51.488,416.0636794418196,101
2024-09-18 11:42:51.604,416.0771146868869,1002
2024-09-18 11:42:51.850,416.088541464454,6
2024-09-18 11:42:52.241,416.0534860065978,99
2024-09-18 11:42:52.268,416.0555706737179,999
2024-09-18 11:42:52.308,416.05349533907855,997
2024-09-18 11:42:52.357,416.0759873544949,12
2024-09-18 11:42:52.413,416.04488721909775,15
2024-09-18 11:42:52.475,416.0539942025444,1003
2024-09-18 11:42:52.482,416.06360727686143,95
2024-09-18 11:42:52.566,416.0443089904907,100
2024-09-18 11:42:52.663,416.0532896471158,11
2024-09-18 11:42:52.912,416.0487290417883,14
2024-09-18 11:42:53.097,416.06554895643455,13
2024-09-18 11:42:53.583,416.05786253989857,7
2024-09-18 11:42:54.132,416.0933318749544,97
2024-09-18 11:42:54.141,416.0910597362449,1000
2024-09-18 11:42:54.171,416.04258625115625,14
2024-09-18 11:42:54.185,416.086875329671,1003
2024-09-18 11:42:54.258,416.1002514503923,996
2024-09-18 11:42:54.280,416.0851013427197,98
2024-09-18 11:42:54.282,416.0572870772823,997
2024-09-18 11:42:54.283,416.0959339089291,1005
2024-09-18 11:42:54.325,416.0857234348943,7
2024-09-18 11:42:54.368,416.0919891484456,9
2024-09-18 11:42:54.418,416.0507373547673,11
2024-09-18 11:42:54.478,416.0790387521788,97
2024-09-18 11:42:54.530,416.10794015370095,14
2024-09-18 11:42:54.530,416.08380250455406,6
2024-09-18 11:42:54.561,416.0887522430884,996
2024-09-18 11:42:54.578,416.0842778162588,6
2024-09-18 11:42:54.616,416.0740094923111,95
2024-09-18 11:42:54.637,416.08123565706825,101
2024-09-18 11:42:54.669,416.0912140913232,96
2024-09-18 11:42:54.678,416.0472503184167,13
2024-09-18 11:42:54.702,416.105387294532,101
2024-09-18 11:42:54.718,416.0710301294339,13
2024-09-18 11:42:54.730,416.09033306291445,996
2024-09-18 11:42:54.797,416.1025355308973,1003
2024-09-18 11:42:54.817,416.0778510904222,14
2024-09-18 11:42:54.826,416.08389141276086,103
2024-09-18 11:42:54.937,416.0581100091079,98
2024-09-18 11:42:54.953,416.0722629684751,996
2024-09-18 11:42:54.956,416.0892173110987,104
2024-09-18 11:42:55.006,416.0801325574654,1005
2024-09-18 11:42:55.052,416.0683181945402,1001
2024-09-18 11:42:55.120,416.0675200459892,1004
2024-09-18 11:42:55.144,416.0852213451899,14
2024-09-18 11:42:55.155,416.089962128734,8
2024-09-18 11:42:55.162,416.0784833676064,99
2024-09-18 11:42:55.267,416.0749821993784,5
2024-09-18 11:42:55.322,416.0944213627328,15
2024-09-18 11:42:55.362,416.0580016693331,1004
2024-09-18 11:42:55.420,416.0630442874202,1004
2024-09-18 11:42:55.457,416.08817985511234,10
2024-09-18 11:42:55.565,416.0509435135248,995
2024-09-18 11:42:55.581,416.0938409403752,5
2024-09-18 11:42:55.599,416.08015659635305,998
2024-09-18 11:42:55.605,416.1015451868448,7
2024-09-18 11:42:55.619,416.09659568264135,9
2024-09-18 11:42:55.802,416.0658716487899,12
2024-09-18 11:42:55.829,416.05603813519,11
2024-09-18 11:42:55.871,416.0630949761896,8
2024-09-18 11:42:55.913,416.06859170515867,9
2024-09-18 11:42:55.920,416.0920879692892,95
2024-09-18 11:42:55.926,416.0702584471164,9
2024-09-18 11:42:56.091,416.0812718683878,98
2024-09-18 11:42:56.129,416.0691079714454,105
2024-09-18 11:42:56.247,416.07647785263566,103
2024-09-18 11:42:56.497,416.0638560098385,97
2024-09-18 11:42:56.579,416.0761932286045,996
2024-09-18 11:42:56.604,416.062702781022,1003
2024-09-18 11:42:57.039,416.1342943559109,103
2024-09-18 11:42:57.075,416.1180640097378,99
2024-09-18 11:42:57.089,416.1672161512138,1005
2024-09-18 11:42:57.115,416.1157639509036,96
2024-09-18 11:42:57.147,416.0922730300682,1003
2024-09-18 11:42:57.216,416.09073136819546,12
2024-09-18 11:42:57.431,416.1127821485155,13
2024-09-18 11:42:57.505,416.1101001580067,999
2024-09-18 11:42:57.517,416.1406936500904,97
2024-09-18 11:42:57.555,416.1346377999765,105
2024-09-18 11:42:57.638,416.1016724030864,12
2024-09-18 11:42:57.661,416.142124156085,996
2024-09-18 11:42:57.698,416.0784042299914,103
2024-09-18 11:42:57.703,416.1162782253329,98
2024-09-18 11:42:57.711,416.11094146362336,5
2024-09-18 11:42:57.752,416.1023435711992,10
2024-09-18 11:42:57.762,416.1145719476696,104
2024-09-18 11:42:57.862,416.093040723539,10
2024-09-18 11:42:57.987,416.1141910515904,7
2024-09-18 11:42:58.134,416.1936094124849,1002
2024-09-18 11:42:58.537,416.166970504308,101
2024-09-18 11:42:58.547,416.18910215368845,100
2024-09-18 11:42:58.866,416.1874353160654,8
2024-09-18 11:42:59.013,416.2183794373313,104
2024-09-18 11:42:59.095,416.1842992275419,103
2024-09-18 11:42:59.181,416.1782581384397,1001
2024-09-18 11:42:59.181,416.1588101011032,998
2024-09-18 11:42:59.217,416.1392555360533,5
2024-09-18 11:42:59.274,416.1395707545826,996
2024-09-18 11:42:59.301,416.1827925685338,15
2024-09-18 11:42:59.338,416.2300553977559,99
2024-09-18 11:42:59.351,416.1881796087309,999
2024-09-18 11:42:59.367,416.1308455335278,5
2024-09-18 11:42:59.371,416.2480848381174,15
2024-09-18 11:42:59.386,416.2034660817061,1001
2024-09-18 11:42:59.516,416.1309323835455,995
2024-09-18 11:42:59.517,416.1705482854741,997
2024-09-18 11:42:59.551,416.2187431795724,997
2024-09-18 11:42:59.569,416.1828666684309,15
2024-09-18 11:42:59.584,416.1674943484098,1005
2024-09-18 11:42:59.594,416.1736889093481,95
2024-09-18 11:42:59.606,416.17581809615024,95
2024-09-18 11:42:59.608,416.16761588972105,12
2024-09-18 11:42:59.615,416.2399710845801,100
2024-09-18 11:42:59.661,416.24275183673575,15
2024-09-18 11:42:59.707,416.1780959959353,1003
2024-09-18 11:42:59.718,416.1668226443373,11
2024-09-18 11:42:59.779,416.1885709576748,9
2024-09-18 11:42:59.822,416.1322140735465,105
2024-09-18 11:42:59.945,416.1851303443303,104
