Timestamp,Price,Size
2024-09-16 12:06:00.096,418.1241348117072,1004
2024-09-16 12:06:00.140,-418.12108312789474,103
2024-09-16 12:06:00.141,418.1314305759542,103
2024-09-16 12:06:00.148,418.14004237245473,7
2024-09-16 12:06:00.289,418.1334325715368,5
2024-09-16 12:06:00.306,418.1395660843438,1001
2024-09-16 12:06:00.313,418.14036977093065,11
2024-09-16 12:06:00.394,418.1486348077622,1002
2024-09-16 12:06:00.688,418.15695229130336,1002
2024-09-16 12:06:00.757,418.14781804122873,12
2024-09-16 12:06:00.912,418.14702528243,95
2024-09-16 12:06:00.916,418.1572037698165,96
2024-09-16 12:06:02.017,418.1523362573767,11
2024-09-16 12:06:02.020,418.1755618845621,96
2024-09-16 12:06:02.068,418.1491060677955,104
2024-09-16 12:06:02.101,418.0624634704264,95
2024-09-16 12:06:02.242,418.0686111536768,6
2024-09-16 12:06:02.288,418.0557062517694,999
2024-09-16 12:06:02.299,418.14891450138913,999
2024-09-16 12:06:02.327,418.15386814542046,95
2024-09-16 12:06:02.345,418.15540686678224,1005
2024-09-16 12:06:02.473,418.05263848963966,995
2024-09-16 12:06:02.572,418.0698916417866,104
2024-09-16 12:06:02.607,418.0624096077232,7
2024-09-16 12:06:02.707,418.107619641984,15
2024-09-16 12:06:02.784,418.1551832056961,8
2024-09-16 12:06:02.843,418.083375492487,10
2024-09-16 12:06:02.856,418.0663441267026,100
2024-09-16 12:06:02.856,418.1606304144077,98
2024-09-16 12:06:02.906,418.0882104796474,99
2024-09-16 12:06:02.936,418.0944930250896,10
2024-09-16 12:06:02.953,,95
2024-09-16 12:06:02.986,418.0500092274117,101
2024-09-16 12:06:03.155,418.0801306369715,98
2024-09-16 12:06:03.266,418.0549290738995,1001
2024-09-16 12:06:03.318,418.0919160684314,1001
2024-09-16 12:06:03.320,418.0608786910967,98
2024-09-16 12:06:03.348,418.09305981598936,96
2024-09-16 12:06:03.378,418.10343601113976,104
2024-09-16 12:06:03.456,418.04250454990137,1002
2024-09-16 12:06:03.513,418.068241037103,13
2024-09-16 12:06:03.563,418.0807749819514,1001
2024-09-16 12:06:03.601,418.0911963777153,1001
2024-09-16 12:06:03.633,418.0793671126737,97
2024-09-16 12:06:03.644,418.0970103671583,98
2024-09-16 12:06:03.662,,1002
2024-09-16 12:06:03.709,418.1099948477273,9
2024-09-16 12:06:03.751,418.08946612388905,13
2024-09-16 12:06:03.756,418.1173176092353,1004
2024-09-16 12:06:03.789,418.100057996394,102
2024-09-16 12:06:03.857,418.04101039412586,1000
2024-09-16 12:06:03.894,418.074533630773,1002
2024-09-16 12:06:03.973,418.10455742705136,103
2024-09-16 12:06:03.981,418.0827221040586,96
2024-09-16 12:06:04.039,418.0203834595658,8
2024-09-16 12:06:04.081,418.0674759337265,96
2024-09-16 12:06:04.151,417.96844368968783,1001
2024-09-16 12:06:04.259,417.9830058416249,9
2024-09-16 12:06:04.269,418.0032668974038,11
2024-09-16 12:06:04.306,418.01627699202845,997
2024-09-16 12:06:04.307,418.0951887236606,11
2024-09-16 12:06:04.349,417.9791758923005,995
2024-09-16 12:06:04.352,418.04716764421767,104
2024-09-16 12:06:04.373,417.9630769346171,99
2024-09-16 12:06:04.401,418.0199898455707,999
2024-09-16 12:06:04.442,418.02917505687367,9
2024-09-16 12:06:04.448,417.97745127704496,8
2024-09-16 12:06:04.514,418.0298333167117,104
2024-09-16 12:06:04.525,418.0398997688948,96
2024-09-16 12:06:04.550,418.0941305938283,103
2024-09-16 12:06:04.571,417.9799463557717,998
2024-09-16 12:06:04.621,418.0621489879067,96
2024-09-16 12:06:04.653,418.0745745127737,1005
2024-09-16 12:06:04.674,418.0877623401045,1002
2024-09-16 12:06:04.865,418.0580492089079,997
2024-09-16 12:06:04.883,417.9588288425201,10
2024-09-16 12:06:04.902,417.9728908869404,13
2024-09-16 12:06:04.922,418.0235462532997,998
2024-09-16 12:06:04.971,418.0594805538683,997
2024-09-16 12:06:05.201,417.9677514288537,1005
2024-09-16 12:06:05.315,418.0169395567258,1000
2024-09-16 12:06:05.349,417.9750766467339,102
2024-09-16 12:06:05.382,417.9499476779451,95
2024-09-16 12:06:05.405,418.0041862430056,996
2024-09-16 12:06:05.416,418.01228473053095,103
2024-09-16 12:06:05.451,418.01294319440825,102
2024-09-16 12:06:05.468,418.0087466061062,100
2024-09-16 12:06:05.595,418.01399131890895,15
2024-09-16 12:06:05.751,417.97364662397024,996
2024-09-16 12:06:05.795,417.98621966107214,100
2024-09-16 12:06:05.945,417.9916445743523,1001
2024-09-16 12:06:06.111,417.9979637300012,98
2024-09-16 12:06:06.464,418.0003552995718,15
2024-09-16 12:06:06.753,418.00781629305646,9
2024-09-16 12:06:06.831,417.9765620592887,100
2024-09-16 12:06:06.839,417.9835010642368,998
2024-09-16 12:06:06.895,417.9829070447525,1001
2024-09-16 12:06:07.006,417.99287472126304,1001
2024-09-16 12:06:07.064,418.0115610271564,1000
2024-09-16 12:06:07.215,417.9971734997917,10
2024-09-16 12:06:07.336,417.99295730341566,1005
2024-09-16 12:06:07.341,417.99863377879046,102
2024-09-16 12:06:07.345,417.99908968711225,95
2024-09-16 12:06:07.524,418.00593401708176,15
2024-09-16 12:06:07.650,418.0010042685877,999
2024-09-16 12:06:07.654,417.9938221481091,99
2024-09-16 12:06:07.668,417.9847081718386,102
2024-09-16 12:06:07.766,417.9903133899872,101
2024-09-16 12:06:07.845,418.0182546679671,103
2024-09-16 12:06:07.892,418.01452061620455,9
2024-09-16 12:06:07.955,418.025261924036,100
2024-09-16 12:06:08.130,417.98766467012297,102
2024-09-16 12:06:08.173,417.9616993411853,997
2024-09-16 12:06:08.217,417.96991159679646,995
2024-09-16 12:06:08.273,417.98647518079525,102
2024-09-16 12:06:08.356,417.9967080970257,101
2024-09-16 12:06:08.385,417.9781523753944,96
2024-09-16 12:06:08.491,417.9853318135845,14
2024-09-16 12:06:08.634,417.97654694612737,101
2024-09-16 12:06:08.708,417.96828963121095,7
2024-09-16 12:06:08.810,417.9712704288315,5
2024-09-16 12:06:08.832,417.980102829037,1005
2024-09-16 12:06:09.028,417.9959692526511,999
2024-09-16 12:06:09.088,417.9571322154316,998
2024-09-16 12:06:09.121,417.98697833956,103
2024-09-16 12:06:09.143,417.9455509175741,997
2024-09-16 12:06:09.191,417.97571580207966,7
2024-09-16 12:06:09.198,417.9835362896815,1001
2024-09-16 12:06:09.215,417.9578284492361,999
2024-09-16 12:06:09.266,417.95541962311233,8
2024-09-16 12:06:09.278,417.9640092626941,103
2024-09-16 12:06:09.336,417.9890732460552,995
2024-09-16 12:06:09.371,418.00005927635976,10
2024-09-16 12:06:09.417,417.9715003843899,96
2024-09-16 12:06:09.463,417.98483451318094,12
2024-09-16 12:06:09.487,417.94768485562366,103
2024-09-16 12:06:09.488,417.9495987456416,1000
2024-09-16 12:06:09.497,417.95182197377056,999
2024-09-16 12:06:09.513,417.9662247516814,6
2024-09-16 12:06:09.531,417.98086936272966,1002
2024-09-16 12:06:09.547,417.9599183211498,5
2024-09-16 12:06:09.625,417.9806109835118,999
2024-09-16 12:06:09.682,417.9440844226182,99
2024-09-16 12:06:09.720,417.9381217297925,6
2024-09-16 12:06:09.724,418.0089431818485,1005
2024-09-16 12:06:09.862,417.9778325553626,100
2024-09-16 12:06:09.929,417.9870858221988,1004
2024-09-16 12:06:09.934,417.9762870127285,1004
2024-09-16 12:06:10.014,417.9217004118012,9
2024-09-16 12:06:10.140,417.91288528805023,8
2024-09-16 12:06:10.174,417.9467912239568,105
2024-09-16 12:06:10.186,417.9147374414167,6
2024-09-16 12:06:10.223,417.98530704245707,6
2024-09-16 12:06:10.227,417.9794965343892,104
2024-09-16 12:06:10.257,417.928722797274,8
2024-09-16 12:06:10.335,417.9402747420312,102
2024-09-16 12:06:10.349,417.9619533059999,10
2024-09-16 12:06:10.425,417.91292981979313,10
2024-09-16 12:06:10.491,417.9670332382666,10
2024-09-16 12:06:10.507,417.91136963462935,8
2024-09-16 12:06:10.597,417.9379937418663,1001
2024-09-16 12:06:10.637,417.9548043657919,1003
2024-09-16 12:06:10.712,417.9373240518146,104
2024-09-16 12:06:10.717,417.9524237935624,7
2024-09-16 12:06:10.789,417.9630552587771,7
2024-09-16 12:06:10.878,417.93219065146616,99
2024-09-16 12:06:10.908,417.9675034788506,98
2024-09-16 12:06:10.941,417.90102384187145,998
2024-09-16 12:06:10.961,417.9409326518367,999
2024-09-16 12:06:10.965,417.9528897446296,105
2024-09-16 12:06:10.971,417.92842654942416,101
2024-09-16 12:06:10.981,417.9492399004844,1001
2024-09-16 12:06:10.987,417.98585376568974,1002
2024-09-16 12:06:12.024,417.9604058769789,9
2024-09-16 12:06:12.211,417.95778023672017,9
2024-09-16 12:06:12.270,417.9465936278474,995
2024-09-16 12:06:12.319,417.9562975319732,99
2024-09-16 12:06:12.360,417.9433450741131,12
2024-09-16 12:06:12.420,417.95402197750445,101
2024-09-16 12:06:12.424,417.9589953446993,105
2024-09-16 12:06:12.569,417.9447856598776,11
2024-09-16 12:06:12.640,417.9661922549553,5
2024-09-16 12:06:12.749,417.97089656857474,7
2024-09-16 12:06:12.754,417.9539011945065,999
2024-09-16 12:06:12.761,417.9446544535301,96
2024-09-16 12:06:12.792,417.93340468229127,96
2024-09-16 12:06:12.919,417.9607102057621,995
2024-09-16 12:06:13.133,417.98457189942746,100
2024-09-16 12:06:13.905,418.02628348545295,999
2024-09-16 12:06:13.933,417.992671533425,11
2024-09-16 12:06:14.054,418.0671391106985,1004
2024-09-16 12:06:14.098,418.0610550805641,15
2024-09-16 12:06:14.122,418.0519983678436,1000
2024-09-16 12:06:14.123,418.03156615290527,7
2024-09-16 12:06:14.200,418.0548353074652,103
2024-09-16 12:06:14.281,418.0632617417827,1004
2024-09-16 12:06:14.301,418.05867927279655,995
2024-09-16 12:06:14.606,418.0648243114953,12
2024-09-16 12:06:14.611,418.0242593730906,11
2024-09-16 12:06:14.769,418.0639567567456,996
2024-09-16 12:06:14.934,418.0634193058681,97
2024-09-16 12:06:14.945,418.0510571381554,99
2024-09-16 12:06:15.035,418.1510098210551,96
2024-09-16 12:06:15.133,418.0488320814007,13
2024-09-16 12:06:15.141,418.1288548244343,998
2024-09-16 12:06:15.234,418.0448087904116,1003
2024-09-16 12:06:15.281,418.02685008230185,5
2024-09-16 12:06:15.297,418.04130517330105,101
2024-09-16 12:06:15.341,418.07609696413954,998
2024-09-16 12:06:15.348,418.06010385899134,98
2024-09-16 12:06:15.361,418.1351768631952,8
2024-09-16 12:06:15.385,418.0344018011476,1002
2024-09-16 12:06:15.426,418.0382994937769,105
2024-09-16 12:06:15.496,418.03711861860126,996
2024-09-16 12:06:15.530,418.0523320555104,999
2024-09-16 12:06:15.552,418.09646743483614,104
2024-09-16 12:06:15.554,418.1060477338791,8
2024-09-16 12:06:15.638,418.13309465800336,6
2024-09-16 12:06:15.675,418.1096201787004,1003
2024-09-16 12:06:15.682,418.1106712858095,96
2024-09-16 12:06:15.717,418.1047871504664,9
2024-09-16 12:06:15.845,418.0988814629379,1005
2024-09-16 12:06:15.870,418.087375534289,96
2024-09-16 12:06:15.979,418.03274891255086,99
2024-09-16 12:06:16.078,418.1238419924815,99
2024-09-16 12:06:16.158,418.1312538373548,996
2024-09-16 12:06:16.177,418.1331901548008,104
2024-09-16 12:06:16.197,418.1542680099354,100
2024-09-16 12:06:16.200,418.1507494187196,1002
2024-09-16 12:06:16.227,418.1137000294153,104
2024-09-16 12:06:16.246,418.1223953557064,98
2024-09-16 12:06:16.287,418.14197123213125,998
2024-09-16 12:06:16.319,418.15478749701697,105
2024-09-16 12:06:16.438,418.1362612512692,10
2024-09-16 12:06:16.475,418.12836184631067,102
2024-09-16 12:06:16.509,418.1546477101017,95
2024-09-16 12:06:16.519,418.1281715724589,13
2024-09-16 12:06:16.538,418.1248912112465,104
2024-09-16 12:06:16.548,418.127520626374,101
2024-09-16 12:06:16.569,418.1577937115,1002
2024-09-16 12:06:16.570,418.1540225416249,95
2024-09-16 12:06:16.570,418.115403613977,1000
2024-09-16 12:06:16.611,418.1375477971307,96
2024-09-16 12:06:16.726,418.1299461107739,9
2024-09-16 12:06:16.808,418.14171465544666,997
2024-09-16 12:06:16.822,418.1222571778852,997
2024-09-16 12:06:16.841,418.13672177823656,995
2024-09-16 12:06:16.935,418.11508843333934,101
2024-09-16 12:06:16.964,418.1457361585581,97
2024-09-16 12:06:16.984,418.1646366487472,98
2024-09-16 12:06:17.007,418.1290377524207,10
2024-09-16 12:06:17.031,418.14949558180166,100
2024-09-16 12:06:17.041,418.1428028156268,98
2024-09-16 12:06:17.060,418.1274068378085,13
2024-09-16 12:06:17.075,418.1479660331513,14
2024-09-16 12:06:17.091,41.81087391098171,98
2024-09-16 12:06:17.211,418.1337247624308,5
2024-09-16 12:06:17.234,418.0813884151636,10
2024-09-16 12:06:17.276,418.1362859910757,101
2024-09-16 12:06:17.305,418.1120563650106,97
2024-09-16 12:06:17.319,418.11645889415365,999
2024-09-16 12:06:17.320,418.1155146694098,15
2024-09-16 12:06:17.327,418.14357671795534,998
2024-09-16 12:06:17.366,418.11305439229295,14
2024-09-16 12:06:17.474,418.1156817263855,997
2024-09-16 12:06:17.499,418.1245383492602,1005
2024-09-16 12:06:17.504,418.1502813787386,10
2024-09-16 12:06:17.549,418.1275552797419,104
2024-09-16 12:06:17.550,418.09592178751495,98
2024-09-16 12:06:17.735,418.1170860742805,9
2024-09-16 12:06:17.786,418.1436008632327,97
2024-09-16 12:06:17.907,418.131793290832,13
2024-09-16 12:06:17.930,418.1268026212387,13
2024-09-16 12:06:17.963,418.1216568758024,96
2024-09-16 12:06:18.300,418.0724655691964,15
2024-09-16 12:06:18.539,418.0883612307611,999
2024-09-16 12:06:18.910,418.0707977270549,103
2024-09-16 12:06:18.940,418.0897790058666,1004
2024-09-16 12:06:19.000,418.04001512860646,1001
2024-09-16 12:06:19.009,418.0517646600025,101
2024-09-16 12:06:19.010,418.0229909501268,9
2024-09-16 12:06:19.113,418.0691092544114,102
2024-09-16 12:06:19.113,418.0126445422692,1004
2024-09-16 12:06:19.117,418.07683532223854,99
2024-09-16 12:06:19.291,418.0914210087266,14
2024-09-16 12:06:19.333,418.0836465482253,8
2024-09-16 12:06:19.338,418.08280809925736,1001
2024-09-16 12:06:19.428,418.0722150390271,102
2024-09-16 12:06:19.430,418.08020849236107,99
2024-09-16 12:06:19.435,418.09839149731255,1004
2024-09-16 12:06:19.606,418.0799712975761,6
2024-09-16 12:06:19.669,418.0584249082432,10
2024-09-16 12:06:19.694,418.0497970997015,6
2024-09-16 12:06:19.739,418.0645008559902,998
2024-09-16 12:06:19.779,418.0536314526429,14
2024-09-16 12:06:19.803,418.0625198155849,98
2024-09-16 12:06:19.806,418.0221793161601,1005
2024-09-16 12:06:19.818,418.0552389130414,103
2024-09-16 12:06:19.835,418.0787786501938,1003
2024-09-16 12:06:19.842,418.09335598528713,1005
2024-09-16 12:06:19.850,418.0300895916225,96
2024-09-16 12:06:19.857,418.0658316980102,11
2024-09-16 12:06:19.914,418.060522751753,99
2024-09-16 12:06:19.922,418.0453907319557,8
2024-09-16 12:06:19.945,418.1036737648658,98
2024-09-16 12:06:19.993,418.03861770472776,15
2024-09-16 12:06:20.165,418.0198136299216,1002
2024-09-16 12:06:21.032,418.0473520895582,95
2024-09-16 12:06:21.075,417.98557896541024,1004
2024-09-16 12:06:21.113,417.980511942372,8
2024-09-16 12:06:21.115,418.015704681701,10
2024-09-16 12:06:21.154,417.99771194373216,98
2024-09-16 12:06:21.185,418.03086837065126,101
2024-09-16 12:06:21.198,418.0004904954386,105
2024-09-16 12:06:21.200,,5
2024-09-16 12:06:21.276,418.0139364253764,7
2024-09-16 12:06:21.336,418.0183814908425,1003
2024-09-16 12:06:21.375,418.0502609174122,100
2024-09-16 12:06:21.378,418.04402669941794,996
2024-09-16 12:06:21.409,418.0121400669211,96
2024-09-16 12:06:21.466,418.0063172166811,105
2024-09-16 12:06:21.587,418.02323526298295,9
2024-09-16 12:06:21.610,417.9698135855244,99
2024-09-16 12:06:21.636,418.00532787268713,95
2024-09-16 12:06:21.661,418.0437477636047,103
2024-09-16 12:06:21.717,418.0380366255629,5
2024-09-16 12:06:21.778,418.02233906409856,104
2024-09-16 12:06:21.912,418.0064846433527,1000
2024-09-16 12:06:21.936,418.0044162829598,104
2024-09-16 12:06:22.046,418.0066771690401,1005
2024-09-16 12:06:22.128,417.9673362050703,997
2024-09-16 12:06:22.186,417.9828169242414,105
2024-09-16 12:06:22.204,417.9988702308239,105
2024-09-16 12:06:22.208,417.9811488152738,1002
2024-09-16 12:06:22.214,417.98147950877296,101
2024-09-16 12:06:22.216,418.0033323507216,999
2024-09-16 12:06:22.243,417.95669845157073,102
2024-09-16 12:06:22.278,418.02817932809,15
2024-09-16 12:06:22.469,417.99955994141953,5
2024-09-16 12:06:22.510,418.0338227260877,1005
2024-09-16 12:06:22.554,417.9893458047741,7
2024-09-16 12:06:22.559,417.96173902387727,10
2024-09-16 12:06:22.600,418.01888360842736,1004
2024-09-16 12:06:22.613,417.9688633518557,9
2024-09-16 12:06:22.623,418.0492350363284,997
2024-09-16 12:06:22.627,417.9899753379258,1001
2024-09-16 12:06:22.628,417.96881915046737,1004
2024-09-16 12:06:22.671,418.0215402252474,995
2024-09-16 12:06:22.676,418.0057193900808,5
2024-09-16 12:06:22.689,417.9981230473536,11
2024-09-16 12:06:22.717,417.9685552484042,98
2024-09-16 12:06:22.797,418.0124133203284,6
2024-09-16 12:06:22.904,417.99770662856594,101
2024-09-16 12:06:22.940,418.0395796887884,15
2024-09-16 12:06:24.013,418.036530126688,998
2024-09-16 12:06:24.031,418.04426036627314,13
2024-09-16 12:06:24.262,418.0347816912011,12
2024-09-16 12:06:24.330,418.09849098302095,104
2024-09-16 12:06:24.358,41.81018121232907,10
2024-09-16 12:06:24.379,418.05718188587207,999
2024-09-16 12:06:24.461,418.0820801052249,997
2024-09-16 12:06:24.593,418.0880014945394,14
2024-09-16 12:06:24.727,418.025160312536,10
2024-09-16 12:06:24.732,418.0188048265094,5
2024-09-16 12:06:24.823,418.0327982130174,995
2024-09-16 12:06:24.880,418.04011390265606,14
2024-09-16 12:06:24.905,418.050510084523,10
2024-09-16 12:06:24.978,418.0581026479947,15
2024-09-16 12:06:25.023,418.0318924649293,100
2024-09-16 12:06:25.062,418.01803316638507,95
2024-09-16 12:06:25.076,418.0404352054055,1001
2024-09-16 12:06:25.077,418.051415856316,1000
2024-09-16 12:06:25.169,417.95737964285786,102
2024-09-16 12:06:25.171,417.9829240085383,12
2024-09-16 12:06:25.245,418.017643350712,15
2024-09-16 12:06:25.264,418.016873326782,11
2024-09-16 12:06:25.473,418.0272793249944,995
2024-09-16 12:06:25.507,418.0136285588755,13
2024-09-16 12:06:25.519,418.0091177990813,1001
2024-09-16 12:06:25.566,418.07340724855,100
2024-09-16 12:06:25.590,418.0115119894968,6
2024-09-16 12:06:25.678,417.9871418667104,99
2024-09-16 12:06:25.678,418.0115119843579,1003
2024-09-16 12:06:25.680,418.06775692721,15
2024-09-16 12:06:25.793,418.0746396904962,9
2024-09-16 12:06:25.794,,1005
2024-09-16 12:06:25.880,418.01083278054034,1003
2024-09-16 12:06:25.884,418.06016224537785,13
2024-09-16 12:06:25.945,418.0040381916034,6
2024-09-16 12:06:25.998,418.06749799646,100
2024-09-16 12:06:26.235,418.0051888742871,1000
2024-09-16 12:06:26.371,418.0008226878336,102
2024-09-16 12:06:26.386,417.9947373997888,998
2024-09-16 12:06:26.498,417.97100063491024,9
2024-09-16 12:06:26.985,418.0101946849336,1004
2024-09-16 12:06:27.040,418.00520827778433,6
2024-09-16 12:06:27.178,418.141584715084,11
2024-09-16 12:06:27.210,418.0356334721964,1002
2024-09-16 12:06:27.230,418.0827270042258,995
2024-09-16 12:06:27.234,418.0643717752494,104
2024-09-16 12:06:27.288,418.090229434188,6
2024-09-16 12:06:27.362,418.0142096393418,103
2024-09-16 12:06:27.431,418.1346060965249,999
2024-09-16 12:06:27.463,418.09808351266975,14
2024-09-16 12:06:27.472,418.0128508891805,99
2024-09-16 12:06:27.477,-418.0126475041234,104
2024-09-16 12:06:27.505,418.0285808388065,11
2024-09-16 12:06:27.537,418.01722926401646,995
2024-09-16 12:06:27.644,418.0518846691667,13
2024-09-16 12:06:27.692,418.0164067938148,99
2024-09-16 12:06:27.733,418.0117608488746,14
2024-09-16 12:06:27.757,418.07085201828346,996
2024-09-16 12:06:27.759,418.078696924964,9
2024-09-16 12:06:27.794,418.041437841413,1000
2024-09-16 12:06:27.809,418.11922166490587,12
2024-09-16 12:06:27.820,418.0797942135617,7
2024-09-16 12:06:27.920,418.0828808487324,96
2024-09-16 12:06:28.021,418.1111189803087,6
2024-09-16 12:06:28.047,418.1064778859877,5
2024-09-16 12:06:28.086,418.0804808589125,1004
2024-09-16 12:06:28.192,418.1396355272638,9
2024-09-16 12:06:28.224,418.1463029834264,104
2024-09-16 12:06:28.304,418.0975143540936,6
2024-09-16 12:06:28.307,418.14365180983566,103
2024-09-16 12:06:28.322,418.0728982847737,101
2024-09-16 12:06:28.485,418.08723235374526,14
2024-09-16 12:06:28.677,418.125022824026,14
2024-09-16 12:06:28.686,418.1241263226959,103
2024-09-16 12:06:28.705,418.1237128597468,1001
2024-09-16 12:06:28.847,418.1283368955165,100
2024-09-16 12:06:28.941,418.1238486162137,1000
2024-09-16 12:06:29.155,418.1209739527345,5
2024-09-16 12:06:29.266,418.0574703633198,1000
2024-09-16 12:06:29.305,418.144396496117,101
2024-09-16 12:06:29.394,418.0463328424474,9
2024-09-16 12:06:29.428,418.07721292380495,5
2024-09-16 12:06:29.559,418.0706019540983,995
2024-09-16 12:06:29.598,418.0419926343504,103
2024-09-16 12:06:29.647,418.1340379420555,8
2024-09-16 12:06:29.703,418.1314362629007,103
2024-09-16 12:06:29.722,418.1357677806308,95
2024-09-16 12:06:29.775,418.0985663760576,103
2024-09-16 12:06:29.908,418.1292357622922,1005
2024-09-16 12:06:29.981,418.065122502088,1003
2024-09-16 12:06:30.069,418.021055737928,97
2024-09-16 12:06:30.078,418.03832567313145,999
2024-09-16 12:06:30.124,418.0427750443943,10
2024-09-16 12:06:30.131,418.0695523065879,1001
2024-09-16 12:06:30.149,-418.0282515321575,96
2024-09-16 12:06:30.155,418.0611548457261,11
2024-09-16 12:06:30.167,418.0450958812933,105
2024-09-16 12:06:30.167,418.06156784178046,102
2024-09-16 12:06:30.252,418.05695518232375,1000
2024-09-16 12:06:30.260,418.0389526710363,14
2024-09-16 12:06:30.271,418.0508213651908,1000
2024-09-16 12:06:30.286,418.03202605426327,101
2024-09-16 12:06:30.301,418.0477279749098,999
2024-09-16 12:06:30.306,418.0448988808092,96
2024-09-16 12:06:30.331,418.0158336875472,101
2024-09-16 12:06:30.333,41.80326550627876,98
2024-09-16 12:06:30.364,418.0578639655152,995
2024-09-16 12:06:30.376,418.027983859539,10
2024-09-16 12:06:30.468,418.05596126896427,99
2024-09-16 12:06:30.486,418.04570306235433,98
2024-09-16 12:06:30.505,418.0504360598933,1005
2024-09-16 12:06:30.575,418.0306073905186,95
2024-09-16 12:06:30.749,418.0562955729232,99
2024-09-16 12:06:30.759,418.0494545154002,999
2024-09-16 12:06:30.800,418.0653131971079,14
2024-09-16 12:06:30.837,418.0493775369791,9
2024-09-16 12:06:30.877,418.05181355577946,13
2024-09-16 12:06:30.913,418.063244099969,10
2024-09-16 12:06:31.059,418.0279933888506,98
2024-09-16 12:06:31.133,418.063620648723,96
2024-09-16 12:06:31.209,418.0437408195066,1002
2024-09-16 12:06:31.237,418.0307126631585,9
2024-09-16 12:06:31.306,418.0299176006496,997
2024-09-16 12:06:31.362,418.0588719468244,1005
2024-09-16 12:06:31.364,418.06501229534,101
2024-09-16 12:06:31.366,418.0248684679568,1000
2024-09-16 12:06:31.527,418.04724159593866,998
2024-09-16 12:06:31.553,418.0470091465135,996
2024-09-16 12:06:31.633,418.0631686751314,1003
2024-09-16 12:06:31.640,418.0432301783414,1001
2024-09-16 12:06:31.642,418.0545638456719,102
2024-09-16 12:06:31.663,,99
2024-09-16 12:06:31.669,418.03019527761296,11
2024-09-16 12:06:31.706,418.024312621733,7
2024-09-16 12:06:31.743,418.0623862257956,100
2024-09-16 12:06:31.747,418.049327046624,14
2024-09-16 12:06:31.767,418.0143544566512,995
2024-09-16 12:06:31.827,418.05526098406006,104
2024-09-16 12:06:31.843,418.0452099114398,1000
2024-09-16 12:06:31.847,418.04460580816016,99
2024-09-16 12:06:31.876,418.0452392150023,100
2024-09-16 12:06:31.919,418.03022148341125,8
2024-09-16 12:06:31.951,418.04422920871,102
2024-09-16 12:06:32.099,418.0082228691283,6
2024-09-16 12:06:32.668,418.0032321255261,9
2024-09-16 12:06:33.126,417.9816675726029,13
2024-09-16 12:06:33.244,417.98281546046144,995
2024-09-16 12:06:33.258,417.97418126848953,1002
2024-09-16 12:06:33.305,418.0174046984395,9
2024-09-16 12:06:33.372,417.9785740702885,1000
2024-09-16 12:06:33.546,417.9704570721679,1005
2024-09-16 12:06:33.574,417.9900196904662,98
2024-09-16 12:06:33.716,417.9745595842205,11
2024-09-16 12:06:33.842,417.9820762554898,1004
2024-09-16 12:06:33.860,417.9757903253724,95
2024-09-16 12:06:33.870,417.9669517620824,102
2024-09-16 12:06:33.896,417.9751625189954,1001
2024-09-16 12:06:33.955,417.9937382061675,7
2024-09-16 12:06:34.246,417.99103559232987,7
2024-09-16 12:06:34.552,417.992396023207,11
2024-09-16 12:06:35.084,418.0120050243485,1003
2024-09-16 12:06:35.187,418.0263007053849,9
2024-09-16 12:06:35.191,418.0053753291493,1000
2024-09-16 12:06:35.192,418.0465693185401,13
2024-09-16 12:06:35.208,417.9595043486248,996
2024-09-16 12:06:35.226,417.9412185767876,10
2024-09-16 12:06:35.329,418.0261779466619,996
2024-09-16 12:06:35.493,417.9779228683577,996
2024-09-16 12:06:35.541,418.0072786633941,98
2024-09-16 12:06:35.551,417.9552584994784,7
2024-09-16 12:06:35.569,418.0031139329327,99
2024-09-16 12:06:35.630,418.0365270103654,12
2024-09-16 12:06:35.633,418.0447172823784,97
2024-09-16 12:06:35.641,418.03563780563707,1003
2024-09-16 12:06:35.650,418.0247640730747,1003
2024-09-16 12:06:35.671,418.0586451569401,1004
2024-09-16 12:06:35.690,417.9522226111704,1004
2024-09-16 12:06:35.724,418.0264209422584,9
2024-09-16 12:06:35.810,418.0296084852803,1000
2024-09-16 12:06:35.863,417.9528690842428,12
2024-09-16 12:06:35.895,418.0108364262124,10
2024-09-16 12:06:36.047,-417.9583697138604,104
2024-09-16 12:06:36.083,417.9054667228394,9
2024-09-16 12:06:36.191,417.92837881837175,999
2024-09-16 12:06:36.217,417.9069020940108,104
2024-09-16 12:06:36.260,417.9253491615015,11
2024-09-16 12:06:36.306,417.9196986150951,95
2024-09-16 12:06:36.343,417.9317998828504,95
2024-09-16 12:06:36.357,417.9864689700883,12
2024-09-16 12:06:36.362,417.9292530946777,13
2024-09-16 12:06:36.402,417.912860208166,10
2024-09-16 12:06:36.432,417.9108235482518,96
2024-09-16 12:06:36.440,417.9232284459345,998
2024-09-16 12:06:36.489,417.9180728578721,14
2024-09-16 12:06:36.499,417.9832116180342,11
2024-09-16 12:06:36.541,417.9043679468525,14
2024-09-16 12:06:36.613,417.98359484775904,5
2024-09-16 12:06:36.631,417.9136979859881,97
2024-09-16 12:06:36.646,417.9807621170049,1003
2024-09-16 12:06:36.681,417.91064809689885,1004
2024-09-16 12:06:36.696,417.9539584006841,15
2024-09-16 12:06:36.710,417.96865689548014,104
2024-09-16 12:06:36.732,417.9318505435692,100
2024-09-16 12:06:36.753,417.9633595585675,99
2024-09-16 12:06:36.824,417.97893142319367,1002
2024-09-16 12:06:36.901,417.913840310093,101
2024-09-16 12:06:36.931,417.9731336377474,1005
2024-09-16 12:06:36.991,417.95116536618855,103
2024-09-16 12:06:37.795,417.9261918778891,97
2024-09-16 12:06:39.049,417.9268115499378,104
2024-09-16 12:06:39.118,417.92572786790106,1004
2024-09-16 12:06:39.272,417.9018269485385,14
2024-09-16 12:06:39.371,417.93506675217,105
2024-09-16 12:06:39.522,417.9349592609483,95
2024-09-16 12:06:39.530,417.9140265617981,11
2024-09-16 12:06:39.774,417.9015897509298,997
2024-09-16 12:06:39.779,417.9290307033136,12
2024-09-16 12:06:40.147,417.9262558121386,95
2024-09-16 12:06:40.163,417.8992745810058,104
2024-09-16 12:06:40.568,417.9056104620605,99
2024-09-16 12:06:40.572,417.89722777764047,1002
2024-09-16 12:06:40.710,417.91083705488,997
2024-09-16 12:06:40.749,417.9098623899795,97
2024-09-16 12:06:40.774,417.9072105256675,8
2024-09-16 12:06:40.979,417.9089106803715,15
2024-09-16 12:06:41.008,417.9173947463738,998
2024-09-16 12:06:41.027,417.9553097049925,12
2024-09-16 12:06:41.105,417.9278574210692,105
2024-09-16 12:06:41.195,,997
2024-09-16 12:06:41.245,417.8894739694361,13
2024-09-16 12:06:41.298,417.94507887511537,104
2024-09-16 12:06:41.316,417.9576155314589,105
2024-09-16 12:06:41.369,417.9114645520248,6
2024-09-16 12:06:41.375,417.9590990438115,96
2024-09-16 12:06:41.421,417.8829089996495,1001
2024-09-16 12:06:41.479,417.9512767890328,1002
2024-09-16 12:06:41.503,417.93835709994414,5
2024-09-16 12:06:41.547,417.9491733168555,999
2024-09-16 12:06:41.547,417.94533695858985,101
2024-09-16 12:06:41.637,417.9314954521122,8
2024-09-16 12:06:41.667,417.9042735508651,12
2024-09-16 12:06:41.736,417.9333910762149,997
2024-09-16 12:06:41.748,417.9549989257832,11
2024-09-16 12:06:41.817,417.8821247122969,102
2024-09-16 12:06:41.822,417.8860045123592,1001
2024-09-16 12:06:41.830,417.9442521254572,1001
2024-09-16 12:06:41.865,417.8967711981344,1003
2024-09-16 12:06:42.591,417.970811116256,12
2024-09-16 12:06:42.592,417.9718394420601,101
2024-09-16 12:06:42.606,418.01118600066735,8
2024-09-16 12:06:42.743,-417.9965890128505,1002
2024-09-16 12:06:42.751,417.97347392714863,96
2024-09-16 12:06:42.901,418.0211785587427,96
2024-09-16 12:06:43.393,418.0676241678234,9
2024-09-16 12:06:43.810,418.0537565465313,9
2024-09-16 12:06:44.085,418.11432699138817,998
2024-09-16 12:06:44.146,418.0779135941845,98
2024-09-16 12:06:44.205,418.1016239136229,1005
2024-09-16 12:06:44.222,418.0987029314536,998
2024-09-16 12:06:44.237,418.0590497817847,102
2024-09-16 12:06:44.244,418.0985465708648,15
2024-09-16 12:06:44.246,418.0408144624756,12
2024-09-16 12:06:44.305,418.0938032611556,1005
2024-09-16 12:06:44.321,41.80805327327381,102
2024-09-16 12:06:44.359,418.0751491666875,5
2024-09-16 12:06:44.375,418.113833710276,96
2024-09-16 12:06:44.404,418.0991865034436,1002
2024-09-16 12:06:44.510,418.0612771845405,1000
2024-09-16 12:06:44.526,418.1081182101124,1000
2024-09-16 12:06:44.572,418.050832263135,5
2024-09-16 12:06:44.690,418.0715853038272,105
2024-09-16 12:06:44.696,418.0832884345529,12
2024-09-16 12:06:44.728,418.0648574461573,8
2024-09-16 12:06:44.781,418.1053315815881,15
2024-09-16 12:06:44.798,418.1126285062404,100
2024-09-16 12:06:44.810,418.1164678520642,1003
2024-09-16 12:06:44.811,418.09689189300303,998
2024-09-16 12:06:44.825,418.1179934485649,1004
2024-09-16 12:06:44.894,418.1073749155117,1002
2024-09-16 12:06:44.915,418.1394526119444,96
2024-09-16 12:06:45.057,-418.1338337164492,1002
2024-09-16 12:06:45.095,418.1523808801647,1003
2024-09-16 12:06:45.103,418.12183641580833,996
2024-09-16 12:06:45.173,418.1247561976564,7
2024-09-16 12:06:45.177,418.14744969128895,1005
2024-09-16 12:06:45.193,418.157819403038,12
2024-09-16 12:06:45.260,418.1223087035215,97
2024-09-16 12:06:45.339,418.1378203499575,999
2024-09-16 12:06:45.346,418.14619716361057,998
2024-09-16 12:06:45.375,418.1364482550396,1001
2024-09-16 12:06:45.423,418.1377704638174,15
2024-09-16 12:06:45.460,418.15365527758337,9
2024-09-16 12:06:45.476,418.15934694663696,102
2024-09-16 12:06:45.520,418.1326604994155,1003
2024-09-16 12:06:45.529,418.1274404518814,102
2024-09-16 12:06:45.533,418.12456285845707,996
2024-09-16 12:06:45.563,418.1595934705008,99
2024-09-16 12:06:45.597,418.13312016405615,95
2024-09-16 12:06:45.653,418.116919643576,9
2024-09-16 12:06:45.693,418.1364330878106,100
2024-09-16 12:06:45.714,418.1124239261813,15
2024-09-16 12:06:45.727,418.1285520290504,97
2024-09-16 12:06:45.789,418.15899106316976,105
2024-09-16 12:06:45.810,418.1424030918893,15
2024-09-16 12:06:45.816,418.1370966841576,14
2024-09-16 12:06:45.886,418.14170697319287,11
2024-09-16 12:06:45.888,418.1491631878894,5
2024-09-16 12:06:45.897,418.1506725794172,97
2024-09-16 12:06:45.912,418.12557401001993,103
2024-09-16 12:06:45.960,418.1465741770005,998
2024-09-16 12:06:46.034,418.13927357567263,998
2024-09-16 12:06:46.280,418.1617271355729,5
2024-09-16 12:06:46.309,418.1505220978343,1002
2024-09-16 12:06:46.397,418.1114880118476,5
2024-09-16 12:06:46.462,418.1505317729507,999
2024-09-16 12:06:46.479,418.18724199401953,102
2024-09-16 12:06:46.521,418.17268128286696,1004
2024-09-16 12:06:46.708,418.1861328226161,996
2024-09-16 12:06:46.742,418.17348653765913,1003
2024-09-16 12:06:46.769,418.1177396427767,11
2024-09-16 12:06:46.838,418.1710466307064,11
2024-09-16 12:06:46.874,418.1709280942183,1000
2024-09-16 12:06:46.961,418.1278997848714,997
2024-09-16 12:06:46.972,418.11699122528654,15
2024-09-16 12:06:46.974,418.1841202686978,1004
2024-09-16 12:06:46.981,418.13534214888045,1001
2024-09-16 12:06:46.981,418.16212238107306,98
2024-09-16 12:06:47.196,418.1555876655173,1004
2024-09-16 12:06:47.243,418.13664356915456,99
2024-09-16 12:06:47.375,418.1559682376858,1002
2024-09-16 12:06:47.396,418.1091153162151,1001
2024-09-16 12:06:47.399,418.1395812049066,1000
2024-09-16 12:06:47.438,418.1214346292527,1004
2024-09-16 12:06:47.458,418.1140023636455,8
2024-09-16 12:06:47.849,418.1519618965924,12
2024-09-16 12:06:47.922,,998
2024-09-16 12:06:47.964,418.13776762549145,105
2024-09-16 12:06:48.081,418.1315529213081,6
2024-09-16 12:06:48.089,418.11831519189104,10
2024-09-16 12:06:48.093,418.1615379314255,8
2024-09-16 12:06:48.125,418.10912961666224,12
2024-09-16 12:06:48.818,41.814376519637726,5
2024-09-16 12:06:48.844,418.1212278065116,104
2024-09-16 12:06:49.213,418.1596216204126,104
2024-09-16 12:06:49.455,418.1800004041684,11
2024-09-16 12:06:49.503,418.1717557002643,997
2024-09-16 12:06:49.614,418.1750250637971,998
2024-09-16 12:06:49.692,418.1789629100453,6
2024-09-16 12:06:49.857,418.1624333321497,6
2024-09-16 12:06:49.901,418.1727109329061,7
2024-09-16 12:06:49.920,418.1808601457192,102
2024-09-16 12:06:51.055,418.1282885950248,101
2024-09-16 12:06:51.065,418.1211031909245,11
2024-09-16 12:06:51.098,418.1322221719112,1000
2024-09-16 12:06:51.098,418.1484220305582,6
2024-09-16 12:06:51.120,418.165070442915,96
2024-09-16 12:06:51.121,418.1392970060341,1004
2024-09-16 12:06:51.133,418.0967968549774,14
2024-09-16 12:06:51.177,418.10117055200857,10
2024-09-16 12:06:51.194,418.1627925753135,102
2024-09-16 12:06:51.227,418.09028491220334,10
2024-09-16 12:06:51.291,418.1350627928217,13
2024-09-16 12:06:51.293,418.1157745283592,101
2024-09-16 12:06:51.350,418.12096809505874,14
2024-09-16 12:06:51.423,418.1365607227022,11
2024-09-16 12:06:51.456,418.12829766236047,995
2024-09-16 12:06:51.484,418.0930443113011,997
2024-09-16 12:06:51.570,418.1863957243988,9
2024-09-16 12:06:51.608,418.0838499841988,10
2024-09-16 12:06:51.640,418.102708270221,105
2024-09-16 12:06:51.659,418.0949023298908,103
2024-09-16 12:06:51.694,-418.0914276512138,1002
2024-09-16 12:06:51.739,418.1100873338628,6
2024-09-16 12:06:51.744,418.1073667745909,97
2024-09-16 12:06:51.759,418.09895992145465,102
2024-09-16 12:06:51.825,418.11123466879815,98
2024-09-16 12:06:51.852,418.1545767569175,14
2024-09-16 12:06:51.859,418.1038909687349,995
2024-09-16 12:06:51.883,418.11240094448016,6
2024-09-16 12:06:52.051,418.1224196041241,5
2024-09-16 12:06:52.163,418.1043939577984,14
2024-09-16 12:06:52.199,418.1083846522757,11
2024-09-16 12:06:52.289,418.09963952541807,995
2024-09-16 12:06:52.301,418.11818278966354,1001
2024-09-16 12:06:52.502,418.08591748128856,996
2024-09-16 12:06:52.589,41.81045837072712,11
2024-09-16 12:06:52.681,418.0966499167607,996
2024-09-16 12:06:52.687,418.0965545848639,1000
2024-09-16 12:06:52.707,418.1332097687012,96
2024-09-16 12:06:52.741,418.1294813333982,14
2024-09-16 12:06:52.824,418.10392633620046,996
2024-09-16 12:06:52.890,418.1102961246893,997
2024-09-16 12:06:53.045,418.1090083974594,995
2024-09-16 12:06:53.142,418.1257016647768,998
2024-09-16 12:06:53.176,418.1123925536542,98
2024-09-16 12:06:53.325,418.1281174104012,1000
2024-09-16 12:06:53.331,418.0949025813784,998
2024-09-16 12:06:53.378,418.1122404104681,103
2024-09-16 12:06:53.382,418.1195104138592,99
2024-09-16 12:06:53.397,418.1250455096416,1002
2024-09-16 12:06:53.444,418.1271379491802,96
2024-09-16 12:06:53.557,418.1314393255488,1000
2024-09-16 12:06:53.699,418.12330796600673,100
2024-09-16 12:06:53.722,418.1230643035285,101
2024-09-16 12:06:53.836,418.1244005322564,100
2024-09-16 12:06:53.840,418.1165811387478,7
2024-09-16 12:06:53.848,418.12095607567534,7
2024-09-16 12:06:53.875,418.12063992502976,7
2024-09-16 12:06:53.888,418.1365857367094,996
2024-09-16 12:06:53.920,418.1037489222944,5
2024-09-16 12:06:53.973,418.1144256397657,11
2024-09-16 12:06:54.001,418.1416240162373,12
2024-09-16 12:06:54.190,41.81077050473476,95
2024-09-16 12:06:54.568,418.1265365171093,1003
2024-09-16 12:06:54.628,418.1413121878135,1004
2024-09-16 12:06:54.735,418.1073764697288,99
2024-09-16 12:06:55.359,418.1700490362882,1004
2024-09-16 12:06:55.359,418.1581321100388,1002
2024-09-16 12:06:55.428,418.1420254337653,1001
2024-09-16 12:06:55.492,418.15716959795606,99
2024-09-16 12:06:55.820,418.1570683234632,6
2024-09-16 12:06:55.855,418.1277045816096,998
2024-09-16 12:06:56.114,418.17619432406286,1001
2024-09-16 12:06:56.236,418.1670605611866,102
2024-09-16 12:06:56.478,418.1740964976215,15
2024-09-16 12:06:56.532,418.1905118838671,11
2024-09-16 12:06:56.673,418.1686480749599,104
2024-09-16 12:06:56.807,-418.1727376494421,104
2024-09-16 12:06:56.814,418.1955980552341,7
2024-09-16 12:06:56.859,418.1835186672947,6
2024-09-16 12:06:56.900,418.1752733693492,101
2024-09-16 12:06:57.094,418.1783323446746,11
2024-09-16 12:06:57.520,418.1760251482651,10
2024-09-16 12:06:57.571,418.1759660150677,1005
2024-09-16 12:06:57.808,418.1749830633848,97
2024-09-16 12:06:57.876,418.17657877449926,98
2024-09-16 12:06:57.954,418.1776209457593,1005
2024-09-16 12:06:58.014,418.1007092364853,999
2024-09-16 12:06:58.043,418.0155038302342,995
2024-09-16 12:06:58.047,418.0939520236484,13
2024-09-16 12:06:58.138,418.07097799752654,100
2024-09-16 12:06:58.237,418.0895658451246,97
2024-09-16 12:06:58.276,418.0288212845445,995
2024-09-16 12:06:58.290,418.1681682561687,97
2024-09-16 12:06:58.330,418.13174512064666,1002
2024-09-16 12:06:58.700,418.05955013816,99
2024-09-16 12:06:58.719,418.02848438505055,10
2024-09-16 12:06:58.746,418.0260870010762,13
2024-09-16 12:06:58.772,418.0186313252584,995
2024-09-16 12:06:58.798,418.0447513155776,10
2024-09-16 12:06:58.872,418.014638236199,104
2024-09-16 12:06:58.906,418.1277219604168,97
2024-09-16 12:06:58.914,418.0529691532233,999
2024-09-16 12:06:58.914,418.03671048968056,104
2024-09-16 12:06:58.925,418.0335703456894,14
2024-09-16 12:06:58.935,418.0911192502149,7
2024-09-16 12:06:58.944,418.1082155435856,995
2024-09-16 12:06:58.953,418.0054377936411,101
2024-09-16 12:06:58.959,418.0971777241832,15
2024-09-16 12:06:58.964,418.0809657179951,103
2024-09-16 12:06:58.976,418.1565110348868,10
2024-09-16 12:06:59.693,418.0011590160988,12
