Timestamp,Price,Size
2024-09-16 11:21:00.066,417.38595638437016,998
2024-09-16 11:21:00.084,417.3794982138345,10
2024-09-16 11:21:00.093,417.39813938051,100
2024-09-16 11:21:00.107,417.391589481001,101
2024-09-16 11:21:00.158,417.403647789736,95
2024-09-16 11:21:00.160,417.39892879842296,105
2024-09-16 11:21:00.165,417.3980658277033,1002
2024-09-16 11:21:00.186,417.4157304769169,999
2024-09-16 11:21:00.208,417.3850179398536,1001
2024-09-16 11:21:00.247,417.407953153029,1002
2024-09-16 11:21:00.289,417.4305497063133,98
2024-09-16 11:21:00.293,417.3955642888905,100
2024-09-16 11:21:00.329,417.4456483802257,12
2024-09-16 11:21:00.449,417.3749725603984,995
2024-09-16 11:21:00.531,417.4383742186372,104
2024-09-16 11:21:00.544,417.3752304458925,997
2024-09-16 11:21:00.549,417.43137541947743,1001
2024-09-16 11:21:00.552,417.382993051186,1004
2024-09-16 11:21:00.553,417.3532571622339,12
2024-09-16 11:21:00.563,417.3903741668567,97
2024-09-16 11:21:00.666,417.4412661475576,996
2024-09-16 11:21:00.742,417.3715022412628,105
2024-09-16 11:21:00.751,,98
2024-09-16 11:21:00.770,417.4078587461505,105
2024-09-16 11:21:00.783,417.41683109440896,996
2024-09-16 11:21:00.784,417.4041437929135,996
2024-09-16 11:21:00.809,417.3742821281032,10
2024-09-16 11:21:00.836,417.37077437881794,5
2024-09-16 11:21:00.836,417.380602588636,995
2024-09-16 11:21:00.939,41.74111884895056,1000
2024-09-16 11:21:01.005,417.3839496131486,105
2024-09-16 11:21:01.034,417.4269006198725,999
2024-09-16 11:21:01.040,417.3940335222307,98
2024-09-16 11:21:01.048,417.4574692325997,95
2024-09-16 11:21:01.068,417.4439638526855,11
2024-09-16 11:21:01.080,417.4162581272849,8
2024-09-16 11:21:01.164,417.3914160217928,997
2024-09-16 11:21:01.185,417.45083084786256,15
2024-09-16 11:21:01.214,417.4389943605458,9
2024-09-16 11:21:01.295,417.410272789598,97
2024-09-16 11:21:01.341,417.49004483786496,11
2024-09-16 11:21:01.382,417.4313406906104,1000
2024-09-16 11:21:01.450,417.4040252675706,1003
2024-09-16 11:21:01.455,417.4278853961515,102
2024-09-16 11:21:01.481,417.4327755480573,13
2024-09-16 11:21:01.498,417.4225210154029,101
2024-09-16 11:21:01.526,417.4422906048836,998
2024-09-16 11:21:01.551,417.4397960229031,1004
2024-09-16 11:21:01.554,417.4581099709811,5
2024-09-16 11:21:01.611,417.3857677422757,10
2024-09-16 11:21:01.698,417.4163804217899,97
2024-09-16 11:21:01.791,417.4782286316075,12
2024-09-16 11:21:01.811,417.4974878579049,1001
2024-09-16 11:21:01.887,417.4236051242201,1004
2024-09-16 11:21:01.901,417.4768860609865,104
2024-09-16 11:21:01.947,417.427532114716,1005
2024-09-16 11:21:02.160,417.4704731319732,97
2024-09-16 11:21:02.279,417.4868864440278,11
2024-09-16 11:21:02.319,417.4621774876843,98
2024-09-16 11:21:02.394,417.474343083908,98
2024-09-16 11:21:03.005,417.5403826882493,98
2024-09-16 11:21:03.215,417.4885677809768,105
2024-09-16 11:21:03.310,417.49146017647104,99
2024-09-16 11:21:03.357,417.53384285562095,103
2024-09-16 11:21:03.482,417.5178695183402,998
2024-09-16 11:21:03.489,417.5333677902425,1001
2024-09-16 11:21:03.546,417.5326399439231,995
2024-09-16 11:21:03.587,417.5208982345241,5
2024-09-16 11:21:03.597,417.5269012898348,6
2024-09-16 11:21:03.601,417.4943985519209,13
2024-09-16 11:21:03.678,417.50581720443273,995
2024-09-16 11:21:03.691,417.5313029183795,995
2024-09-16 11:21:03.704,417.4910221944279,1000
2024-09-16 11:21:03.777,417.5471899707042,8
2024-09-16 11:21:03.820,417.5399406255192,7
2024-09-16 11:21:03.866,417.5601089721853,996
2024-09-16 11:21:03.892,417.492791046594,102
2024-09-16 11:21:03.985,417.50528473072336,8
2024-09-16 11:21:04.000,417.59160171903966,1001
2024-09-16 11:21:04.060,417.5802333218864,103
2024-09-16 11:21:04.095,417.5774467815896,103
2024-09-16 11:21:04.135,417.5975720230589,96
2024-09-16 11:21:04.236,417.5941590909084,13
2024-09-16 11:21:04.255,417.5956192803445,1003
2024-09-16 11:21:04.286,417.5755269414312,105
2024-09-16 11:21:04.302,417.5641197389476,998
2024-09-16 11:21:04.344,417.56972779102097,1003
2024-09-16 11:21:04.371,417.5732596941118,14
2024-09-16 11:21:04.436,417.5850290373585,99
2024-09-16 11:21:04.449,417.582281116631,7
2024-09-16 11:21:04.513,417.5579052453653,97
2024-09-16 11:21:04.519,417.5548154032424,7
2024-09-16 11:21:04.636,417.5913650943252,101
2024-09-16 11:21:04.706,417.563058986227,9
2024-09-16 11:21:04.787,417.60449297929296,7
2024-09-16 11:21:04.836,417.5792509327957,995
2024-09-16 11:21:04.957,417.573995523868,103
2024-09-16 11:21:04.997,417.5661180152408,6
2024-09-16 11:21:05.028,417.4890793906554,7
2024-09-16 11:21:05.264,,95
2024-09-16 11:21:05.317,417.52173477545256,15
2024-09-16 11:21:05.471,417.5501761171085,105
2024-09-16 11:21:05.551,417.5203747170236,12
2024-09-16 11:21:05.615,417.5386427642317,1004
2024-09-16 11:21:05.717,417.52573720265,1003
2024-09-16 11:21:05.784,417.5162476688065,10
2024-09-16 11:21:05.803,417.4767289370498,12
2024-09-16 11:21:05.856,417.509512958118,13
2024-09-16 11:21:05.946,417.531828758426,1003
2024-09-16 11:21:06.071,417.4274946966527,1001
2024-09-16 11:21:06.112,417.45436673312525,104
2024-09-16 11:21:06.113,-417.43180777955655,5
2024-09-16 11:21:06.128,417.4884863036704,12
2024-09-16 11:21:06.218,417.42874427811,8
2024-09-16 11:21:06.344,417.44398977996457,1002
2024-09-16 11:21:06.369,417.4217146089538,11
2024-09-16 11:21:06.429,417.4407777793319,102
2024-09-16 11:21:06.453,417.4084767183044,1001
2024-09-16 11:21:06.552,417.4319930723663,1003
2024-09-16 11:21:06.557,417.4949193786055,99
2024-09-16 11:21:06.603,417.4489225537104,10
2024-09-16 11:21:06.688,417.4375127551416,14
2024-09-16 11:21:06.773,417.43192738042063,9
2024-09-16 11:21:06.806,417.4809411770597,13
2024-09-16 11:21:06.940,-417.4198559860498,5
2024-09-16 11:21:06.963,417.4503711494848,999
2024-09-16 11:21:07.008,417.4168097050332,1001
2024-09-16 11:21:07.229,417.4099648768409,105
2024-09-16 11:21:07.955,417.4013567784066,12
2024-09-16 11:21:08.035,417.35038848493394,104
2024-09-16 11:21:08.068,417.3770583261239,99
2024-09-16 11:21:08.087,417.3622409100549,8
2024-09-16 11:21:08.119,,96
2024-09-16 11:21:08.232,41.74015350627138,1002
2024-09-16 11:21:08.410,417.3775610767413,6
2024-09-16 11:21:08.431,417.35764060018425,9
2024-09-16 11:21:08.512,417.3669609048204,98
2024-09-16 11:21:08.608,417.38865230253697,1005
2024-09-16 11:21:08.627,417.3484958703457,5
2024-09-16 11:21:08.685,417.3486164978278,103
2024-09-16 11:21:08.706,417.3695171804653,1003
2024-09-16 11:21:08.727,417.3471100970376,15
2024-09-16 11:21:08.768,417.3996266163193,8
2024-09-16 11:21:08.807,417.4028229608418,996
2024-09-16 11:21:08.830,417.380699420724,105
2024-09-16 11:21:08.856,417.38384161675344,11
2024-09-16 11:21:08.870,417.3868100558489,12
2024-09-16 11:21:08.935,417.38181321409456,105
2024-09-16 11:21:08.973,417.3763460197643,96
2024-09-16 11:21:08.978,417.3834269263737,1001
2024-09-16 11:21:09.007,417.4253466333683,996
2024-09-16 11:21:09.087,417.39497596919495,996
2024-09-16 11:21:09.109,417.37975470738667,95
2024-09-16 11:21:09.186,417.4247028686079,5
2024-09-16 11:21:09.187,417.4297851726011,14
2024-09-16 11:21:09.311,417.3911756498205,8
2024-09-16 11:21:09.360,417.38124723217226,1000
2024-09-16 11:21:09.380,417.392865149588,1005
2024-09-16 11:21:09.382,417.4132971051957,101
2024-09-16 11:21:09.601,417.40240766339446,99
2024-09-16 11:21:09.642,417.4072300110141,997
2024-09-16 11:21:09.712,417.40052496779714,999
2024-09-16 11:21:09.747,417.4005823155718,1003
2024-09-16 11:21:09.787,417.4190866846045,997
2024-09-16 11:21:09.915,417.4017836817069,100
2024-09-16 11:21:09.970,417.3974035043676,9
2024-09-16 11:21:10.012,417.4827976937779,103
2024-09-16 11:21:10.019,417.4383682246772,1000
2024-09-16 11:21:10.069,417.4730715514279,1002
2024-09-16 11:21:10.394,417.4617236301826,100
2024-09-16 11:21:10.480,417.47526509548817,8
2024-09-16 11:21:10.513,417.47934991777913,13
2024-09-16 11:21:10.720,417.4428602788672,95
2024-09-16 11:21:10.867,417.4489121759049,95
2024-09-16 11:21:10.877,417.48251647916567,103
2024-09-16 11:21:11.084,,103
2024-09-16 11:21:11.088,417.4182411294123,1004
2024-09-16 11:21:11.098,417.4377317472437,95
2024-09-16 11:21:11.280,417.4376737552519,9
2024-09-16 11:21:11.301,417.4518762583784,96
2024-09-16 11:21:11.359,417.4812233188317,102
2024-09-16 11:21:11.360,417.4742220425851,1004
2024-09-16 11:21:11.389,417.387973692454,105
2024-09-16 11:21:11.419,417.44969512215545,7
2024-09-16 11:21:11.557,41.74589061861164,95
2024-09-16 11:21:11.596,417.40400679332765,998
2024-09-16 11:21:11.622,417.4628069959162,6
2024-09-16 11:21:11.661,417.4711486789581,97
2024-09-16 11:21:11.720,417.40453545465465,13
2024-09-16 11:21:11.789,417.3956035058527,1004
2024-09-16 11:21:11.861,417.3915411856781,100
2024-09-16 11:21:11.887,417.43855071019055,15
2024-09-16 11:21:11.893,417.4501899905712,95
2024-09-16 11:21:11.907,417.4028662706477,998
2024-09-16 11:21:12.334,417.4130184191082,997
2024-09-16 11:21:12.461,417.4128578680701,1002
2024-09-16 11:21:12.653,417.401489271834,101
2024-09-16 11:21:12.664,417.388572038882,9
2024-09-16 11:21:12.778,417.3975573269609,996
2024-09-16 11:21:13.022,417.4998546938226,997
2024-09-16 11:21:13.064,417.4762776867613,1000
2024-09-16 11:21:13.081,417.4878260454829,103
2024-09-16 11:21:13.194,417.4698220447789,12
2024-09-16 11:21:13.197,417.4760162709693,998
2024-09-16 11:21:13.197,417.46671731448674,12
2024-09-16 11:21:13.260,417.39633575301593,6
2024-09-16 11:21:13.331,417.4270796334174,105
2024-09-16 11:21:13.351,417.4272224154357,103
2024-09-16 11:21:13.373,417.47159620697647,9
2024-09-16 11:21:13.431,417.4741954504172,1003
2024-09-16 11:21:13.476,417.4131109812345,1001
2024-09-16 11:21:13.494,417.40594811220416,1005
2024-09-16 11:21:13.519,417.39986398346167,97
2024-09-16 11:21:13.573,417.4677201974548,96
2024-09-16 11:21:13.592,417.4476977957093,1004
2024-09-16 11:21:13.595,417.4845308063505,12
2024-09-16 11:21:13.735,417.4793955597669,95
2024-09-16 11:21:13.755,417.4849326325721,1002
2024-09-16 11:21:13.775,417.4352477954056,14
2024-09-16 11:21:13.823,417.46739336273816,7
2024-09-16 11:21:13.833,417.4858092371296,104
2024-09-16 11:21:13.888,417.44557996225103,1000
2024-09-16 11:21:13.900,417.4545830447757,103
2024-09-16 11:21:14.043,417.3796626026829,999
2024-09-16 11:21:14.077,417.38568333505657,10
2024-09-16 11:21:14.118,417.3626292939271,1001
2024-09-16 11:21:14.151,417.3835668358855,102
2024-09-16 11:21:14.175,417.3779949553216,1001
2024-09-16 11:21:14.226,417.4194808520894,9
2024-09-16 11:21:14.508,417.4172028007828,11
2024-09-16 11:21:14.526,417.4110127958099,1003
2024-09-16 11:21:14.602,417.4219508181207,98
2024-09-16 11:21:14.691,417.3910921141289,104
2024-09-16 11:21:14.761,417.4171343340739,97
2024-09-16 11:21:14.857,417.41067708637,1003
2024-09-16 11:21:14.869,417.3862543251108,5
2024-09-16 11:21:15.009,417.4399481427121,9
2024-09-16 11:21:15.080,417.43364376454457,997
2024-09-16 11:21:15.253,417.44208435038166,9
2024-09-16 11:21:15.315,417.4430792149879,97
2024-09-16 11:21:15.352,417.4287953976721,996
2024-09-16 11:21:15.475,417.4310644533976,13
2024-09-16 11:21:15.494,417.4215590645381,96
2024-09-16 11:21:15.520,,997
2024-09-16 11:21:15.582,417.43642955078377,105
2024-09-16 11:21:15.832,417.43478865280855,96
2024-09-16 11:21:16.021,417.4116779751095,1005
2024-09-16 11:21:16.150,417.3772606340205,5
2024-09-16 11:21:16.252,417.4253058175672,104
2024-09-16 11:21:16.319,417.38436792314985,12
2024-09-16 11:21:16.489,417.3829934529085,5
2024-09-16 11:21:16.602,417.4189537314891,99
2024-09-16 11:21:16.671,417.4052043871222,998
2024-09-16 11:21:16.689,417.3947541289004,105
2024-09-16 11:21:16.788,417.4261527638408,5
2024-09-16 11:21:16.983,417.4326628084565,98
2024-09-16 11:21:17.011,417.413409202421,1002
2024-09-16 11:21:17.068,417.4159482099185,1002
2024-09-16 11:21:17.076,417.4217247158949,15
2024-09-16 11:21:17.087,417.3713580472714,13
2024-09-16 11:21:17.126,417.390737957329,997
2024-09-16 11:21:17.205,417.4157064222127,13
2024-09-16 11:21:17.278,417.39382316723896,9
2024-09-16 11:21:17.410,417.3635592338799,1001
2024-09-16 11:21:17.414,417.3982658621403,96
2024-09-16 11:21:17.478,417.4325961782381,98
2024-09-16 11:21:17.482,417.4001371638031,15
2024-09-16 11:21:17.516,417.37465119775794,98
2024-09-16 11:21:17.539,417.3692334142711,1005
2024-09-16 11:21:17.556,417.3837269592554,95
2024-09-16 11:21:17.573,417.38975582584425,97
2024-09-16 11:21:17.601,417.3537739351471,7
2024-09-16 11:21:17.611,417.37998348913845,1000
2024-09-16 11:21:17.639,417.4061531896624,11
2024-09-16 11:21:17.711,417.4372501770172,9
2024-09-16 11:21:17.720,417.3855184333893,998
2024-09-16 11:21:17.733,417.356963713456,995
2024-09-16 11:21:17.760,417.3821564489113,1000
2024-09-16 11:21:17.790,417.35668319133214,101
2024-09-16 11:21:17.851,417.3708876644444,96
2024-09-16 11:21:17.879,417.3677583519274,1004
2024-09-16 11:21:17.893,417.3847316119427,5
2024-09-16 11:21:17.907,417.39901834675777,12
2024-09-16 11:21:17.920,417.3873279271008,99
2024-09-16 11:21:18.109,,6
2024-09-16 11:21:18.117,417.259622218262,9
2024-09-16 11:21:18.147,417.32921344718295,999
2024-09-16 11:21:18.202,41.727818734540136,1000
2024-09-16 11:21:18.235,417.3177289803565,102
2024-09-16 11:21:18.256,417.2798504934822,98
2024-09-16 11:21:18.309,417.2736499806725,13
2024-09-16 11:21:18.468,417.3273391854562,12
2024-09-16 11:21:18.620,417.23873732470287,1000
2024-09-16 11:21:18.671,417.3318473008805,103
2024-09-16 11:21:18.704,417.3204013647031,104
2024-09-16 11:21:18.712,417.2763654154709,1000
2024-09-16 11:21:18.764,417.3378435670168,102
2024-09-16 11:21:18.922,417.33333015173935,103
2024-09-16 11:21:18.923,417.29297540340553,98
2024-09-16 11:21:18.972,417.25669869071993,996
2024-09-16 11:21:18.996,417.2667402256199,13
2024-09-16 11:21:19.008,417.14587357573913,6
2024-09-16 11:21:19.071,417.2354581122302,999
2024-09-16 11:21:19.102,417.1402526139489,7
2024-09-16 11:21:19.105,417.2316770812027,15
2024-09-16 11:21:19.105,417.2202748873449,104
2024-09-16 11:21:19.114,417.1730707199794,15
2024-09-16 11:21:19.117,417.144746972282,100
2024-09-16 11:21:19.187,417.17465570310446,1005
2024-09-16 11:21:19.226,417.2362690090132,9
2024-09-16 11:21:19.371,417.24166857336047,100
2024-09-16 11:21:19.379,417.2439350190176,1000
2024-09-16 11:21:19.420,417.1549611046768,99
2024-09-16 11:21:19.427,417.1817837272315,1003
2024-09-16 11:21:19.466,417.244468121273,5
2024-09-16 11:21:19.468,417.23830931892127,1000
2024-09-16 11:21:19.478,417.2269700989418,998
2024-09-16 11:21:19.531,417.235766092553,98
2024-09-16 11:21:19.610,417.2539316131793,14
2024-09-16 11:21:19.611,417.1687237682584,7
2024-09-16 11:21:19.630,417.24555097682736,15
2024-09-16 11:21:19.727,417.2059741038277,96
2024-09-16 11:21:19.749,417.144537443081,6
2024-09-16 11:21:19.780,417.2426029168688,97
2024-09-16 11:21:19.808,417.2343743950022,105
2024-09-16 11:21:19.975,417.170457743528,995
2024-09-16 11:21:19.988,417.23080205958433,9
2024-09-16 11:21:20.049,417.1377151417735,1001
2024-09-16 11:21:20.049,417.2169035443742,1005
2024-09-16 11:21:20.073,417.1106463931264,8
2024-09-16 11:21:20.181,417.1054620112899,98
2024-09-16 11:21:20.240,417.15371619579184,103
2024-09-16 11:21:20.242,417.12768451129546,102
2024-09-16 11:21:20.267,417.1336105663878,1005
2024-09-16 11:21:20.274,417.2315196463601,996
2024-09-16 11:21:20.287,417.14739693720026,105
2024-09-16 11:21:20.296,417.1592505168588,999
2024-09-16 11:21:20.380,417.2100978247571,996
2024-09-16 11:21:20.435,417.2223658674765,1002
2024-09-16 11:21:20.446,417.1410745484077,9
2024-09-16 11:21:20.457,417.149074465268,103
2024-09-16 11:21:20.474,417.13657413598906,101
2024-09-16 11:21:20.498,417.1295146070418,1005
2024-09-16 11:21:20.555,417.1832297035909,10
2024-09-16 11:21:20.595,417.2331403314597,1003
2024-09-16 11:21:20.701,417.1461547127781,95
2024-09-16 11:21:20.750,417.11874506948686,9
2024-09-16 11:21:20.787,417.2088865470701,6
2024-09-16 11:21:20.827,417.22926712941353,1004
2024-09-16 11:21:21.072,417.1072994822594,1004
2024-09-16 11:21:21.128,417.2187989246852,1001
2024-09-16 11:21:21.168,417.1289131212407,5
2024-09-16 11:21:21.206,417.2219269329964,96
2024-09-16 11:21:21.227,417.1266096474837,998
2024-09-16 11:21:21.228,417.2231088366729,15
2024-09-16 11:21:21.324,417.2017334145832,10
2024-09-16 11:21:21.330,417.19539981426817,95
2024-09-16 11:21:21.414,417.1736790690108,100
2024-09-16 11:21:21.641,417.2090241144671,15
2024-09-16 11:21:21.661,417.2359698446242,11
2024-09-16 11:21:21.687,417.207277757172,7
2024-09-16 11:21:21.713,417.2324536562185,999
2024-09-16 11:21:21.765,417.2308916262336,12
2024-09-16 11:21:21.781,417.1503564036446,15
2024-09-16 11:21:21.838,417.2099344220163,1000
2024-09-16 11:21:21.878,417.1205876484887,13
2024-09-16 11:21:21.925,417.21213914123473,7
2024-09-16 11:21:21.958,417.1878679532174,1001
2024-09-16 11:21:21.991,417.21881679828095,13
2024-09-16 11:21:22.073,417.2013594665647,10
2024-09-16 11:21:22.268,417.1212495798675,103
2024-09-16 11:21:22.347,417.18250985707726,104
2024-09-16 11:21:22.359,417.1768570537085,1002
2024-09-16 11:21:22.373,417.11878125591534,103
2024-09-16 11:21:22.444,417.1194734576058,99
2024-09-16 11:21:22.446,417.174012793351,6
2024-09-16 11:21:22.533,417.1586090239962,1001
2024-09-16 11:21:22.592,417.194084833692,11
2024-09-16 11:21:22.628,417.1620612307341,11
2024-09-16 11:21:22.633,417.14484911848064,997
2024-09-16 11:21:22.643,417.12971143503705,97
2024-09-16 11:21:22.659,417.2022796876344,1003
2024-09-16 11:21:22.764,417.1534194109249,995
2024-09-16 11:21:22.948,417.1810574883078,11
2024-09-16 11:21:22.955,417.11387794270655,13
2024-09-16 11:21:22.995,417.1945529064977,14
2024-09-16 11:21:23.003,417.30353629507465,8
2024-09-16 11:21:23.006,417.28867215392745,103
2024-09-16 11:21:23.021,417.2462395584554,95
2024-09-16 11:21:23.064,417.246829850958,12
2024-09-16 11:21:23.077,417.28877549495866,105
2024-09-16 11:21:23.088,417.2810065827295,7
2024-09-16 11:21:23.126,417.1964762200796,998
2024-09-16 11:21:23.149,417.2420040002377,14
2024-09-16 11:21:23.156,417.24667790713545,995
2024-09-16 11:21:23.221,417.2146016957064,104
2024-09-16 11:21:23.359,417.2972162430353,6
2024-09-16 11:21:23.455,417.2884499047994,15
2024-09-16 11:21:23.480,417.1764039024108,7
2024-09-16 11:21:23.495,417.2678526148108,102
2024-09-16 11:21:23.531,417.2614750220418,1003
2024-09-16 11:21:23.584,417.2116276924368,102
2024-09-16 11:21:23.633,417.2180524082473,996
2024-09-16 11:21:23.703,417.2008206389479,97
2024-09-16 11:21:23.753,417.2987832807662,1004
2024-09-16 11:21:23.806,417.19814865423285,96
2024-09-16 11:21:23.854,417.1849941755642,1003
2024-09-16 11:21:23.913,417.20659949142697,105
2024-09-16 11:21:23.988,417.26807589552175,96
2024-09-16 11:21:24.032,417.3168526497714,999
2024-09-16 11:21:24.050,417.33631918752326,95
2024-09-16 11:21:24.224,417.3291216095352,1001
2024-09-16 11:21:24.398,417.32583929019466,1005
2024-09-16 11:21:24.421,417.3095559158767,12
2024-09-16 11:21:24.444,417.29193372391205,9
2024-09-16 11:21:24.467,417.3254886850503,95
2024-09-16 11:21:24.483,417.32563703036783,99
2024-09-16 11:21:24.505,417.3408574391317,1002
2024-09-16 11:21:24.566,417.3279412338292,105
2024-09-16 11:21:24.581,417.2953751667958,99
2024-09-16 11:21:24.584,417.30353783472594,95
2024-09-16 11:21:24.608,417.3293242945212,101
2024-09-16 11:21:24.645,417.325453213539,99
2024-09-16 11:21:24.646,417.3302444922411,7
2024-09-16 11:21:24.656,417.2931892781802,98
2024-09-16 11:21:24.662,417.32865381573833,101
2024-09-16 11:21:24.670,,998
2024-09-16 11:21:24.675,417.3061677254894,996
2024-09-16 11:21:24.825,417.31825121601855,11
2024-09-16 11:21:24.878,417.3406448372403,105
2024-09-16 11:21:24.918,417.3348184651599,97
2024-09-16 11:21:25.068,417.281474845658,15
2024-09-16 11:21:25.120,417.3363213383172,13
2024-09-16 11:21:25.173,417.35111001940726,104
2024-09-16 11:21:25.323,417.32872326103626,99
2024-09-16 11:21:25.392,417.31083867925344,998
2024-09-16 11:21:25.602,417.30608988162805,15
2024-09-16 11:21:25.684,417.343415363984,995
2024-09-16 11:21:25.700,417.3340519768624,13
2024-09-16 11:21:25.889,417.3369593115303,1002
2024-09-16 11:21:26.020,417.34259761887455,5
2024-09-16 11:21:26.028,417.3592866397412,998
2024-09-16 11:21:26.041,417.353783639845,1001
2024-09-16 11:21:26.108,417.3570132252237,103
2024-09-16 11:21:26.138,417.3241440264997,1001
2024-09-16 11:21:26.161,417.34938444202055,96
2024-09-16 11:21:26.249,417.3554348449263,1004
2024-09-16 11:21:26.273,417.3738902235869,97
2024-09-16 11:21:26.513,417.32253799872353,9
2024-09-16 11:21:26.614,417.3774672999391,6
2024-09-16 11:21:26.629,-417.3678945462059,996
2024-09-16 11:21:26.698,417.32141634290633,95
2024-09-16 11:21:26.753,417.3616555768932,1003
2024-09-16 11:21:26.803,417.32947682507125,997
2024-09-16 11:21:26.811,417.3524427032074,10
2024-09-16 11:21:26.846,417.3652167440514,1001
2024-09-16 11:21:26.869,417.33573966488206,12
2024-09-16 11:21:26.919,417.34261015552175,14
2024-09-16 11:21:26.950,417.3492908355714,1002
2024-09-16 11:21:27.002,417.3773238673588,102
2024-09-16 11:21:27.055,417.3363921022594,99
2024-09-16 11:21:27.066,417.3412828522944,102
2024-09-16 11:21:27.170,417.3794221028015,6
2024-09-16 11:21:27.354,417.3674993902666,6
2024-09-16 11:21:27.396,417.3607552914437,96
2024-09-16 11:21:27.571,417.338697562108,10
2024-09-16 11:21:27.871,417.3642998634105,95
2024-09-16 11:21:27.903,417.3354019415311,1004
2024-09-16 11:21:27.953,417.3636875451913,1004
2024-09-16 11:21:27.975,417.3643197222702,13
2024-09-16 11:21:28.136,417.3986449795023,6
2024-09-16 11:21:28.303,417.37689558414144,98
2024-09-16 11:21:28.364,417.38916960525097,999
2024-09-16 11:21:28.477,417.3821497644859,1001
2024-09-16 11:21:29.029,417.3555099130248,11
2024-09-16 11:21:29.037,417.3860515077717,15
2024-09-16 11:21:29.050,417.3436552502566,98
2024-09-16 11:21:29.076,417.3680068981068,15
2024-09-16 11:21:29.114,417.3538397853184,1003
2024-09-16 11:21:29.132,417.4203879967832,13
2024-09-16 11:21:29.144,417.4153866857408,1000
2024-09-16 11:21:29.213,417.3849682728172,104
2024-09-16 11:21:29.220,417.3949431398735,101
2024-09-16 11:21:29.312,417.40842461090665,998
2024-09-16 11:21:29.429,417.3647462277445,99
2024-09-16 11:21:29.449,417.365854395246,103
2024-09-16 11:21:29.508,417.3554709384984,1004
2024-09-16 11:21:29.566,417.40987991516846,1004
2024-09-16 11:21:29.581,417.4032261212446,95
2024-09-16 11:21:29.684,417.389388284083,1000
2024-09-16 11:21:29.707,417.3634104183877,104
2024-09-16 11:21:29.754,417.4046612910173,98
2024-09-16 11:21:29.871,417.364609904987,10
2024-09-16 11:21:29.933,417.360495374427,15
2024-09-16 11:21:29.949,417.3576016832387,995
2024-09-16 11:21:29.985,417.3632714454702,95
2024-09-16 11:21:30.002,417.41160405786434,1004
2024-09-16 11:21:30.188,417.4268354609188,6
2024-09-16 11:21:30.273,417.4505209221776,7
2024-09-16 11:21:30.306,417.45358180587647,95
2024-09-16 11:21:30.330,417.4408591729693,995
2024-09-16 11:21:30.545,417.4301434552321,9
2024-09-16 11:21:30.617,417.4050266570525,103
2024-09-16 11:21:30.651,417.4180134571747,11
2024-09-16 11:21:31.052,417.4603827455773,1003
2024-09-16 11:21:31.058,417.4552097110463,7
2024-09-16 11:21:31.152,417.4639887997479,8
2024-09-16 11:21:31.153,417.4604155241436,999
2024-09-16 11:21:31.298,417.4383368618261,1001
2024-09-16 11:21:31.359,417.446270087076,105
2024-09-16 11:21:31.362,-417.4265983878208,102
2024-09-16 11:21:31.387,417.4645410994799,1003
2024-09-16 11:21:31.437,417.45379972833206,1005
2024-09-16 11:21:31.439,417.446274225132,105
2024-09-16 11:21:31.475,417.4625908638497,95
2024-09-16 11:21:31.504,417.46406196530336,15
2024-09-16 11:21:31.526,417.4571099733493,8
2024-09-16 11:21:31.624,417.45045249287045,995
2024-09-16 11:21:31.680,417.437146920028,9
2024-09-16 11:21:31.698,417.461269439232,103
2024-09-16 11:21:31.703,417.4436176590025,95
2024-09-16 11:21:31.757,417.4509534461521,997
2024-09-16 11:21:31.783,417.4501975878883,104
2024-09-16 11:21:31.789,417.4669103928468,12
2024-09-16 11:21:31.790,417.4813132985835,998
2024-09-16 11:21:31.796,417.4919173845723,1005
2024-09-16 11:21:31.838,41.74540994642027,12
2024-09-16 11:21:31.932,417.4323166187871,10
2024-09-16 11:21:31.940,417.4507247412943,100
2024-09-16 11:21:31.942,417.4784836702474,103
2024-09-16 11:21:32.035,417.4502659324439,997
2024-09-16 11:21:32.052,417.4556946563096,9
2024-09-16 11:21:32.069,417.4590103209545,7
2024-09-16 11:21:32.118,417.4600910868888,9
2024-09-16 11:21:32.187,417.4856868635654,5
2024-09-16 11:21:32.223,417.4647914242761,996
2024-09-16 11:21:32.250,417.4630968821978,12
2024-09-16 11:21:32.310,417.49168044245886,96
2024-09-16 11:21:32.341,417.474041911346,1003
2024-09-16 11:21:32.488,417.4334840193432,995
2024-09-16 11:21:32.508,417.4763461576817,10
2024-09-16 11:21:32.543,417.4359029116262,7
2024-09-16 11:21:32.549,417.4970676545392,995
2024-09-16 11:21:32.564,417.5022772180281,1002
2024-09-16 11:21:32.575,417.4724891015839,98
2024-09-16 11:21:32.600,417.4488015501217,100
2024-09-16 11:21:32.603,417.4692621460213,1004
2024-09-16 11:21:32.642,417.4557132011196,6
2024-09-16 11:21:32.647,417.451119285525,15
2024-09-16 11:21:32.693,417.46494421185065,9
2024-09-16 11:21:32.736,417.47600187297456,8
2024-09-16 11:21:32.755,417.4634610804778,99
2024-09-16 11:21:32.758,417.4979885506813,102
2024-09-16 11:21:32.812,417.4508086434364,6
2024-09-16 11:21:32.831,417.4776211441154,98
2024-09-16 11:21:32.903,417.44506701698856,9
2024-09-16 11:21:32.927,417.47439423061087,15
2024-09-16 11:21:32.938,417.4312406388207,1001
2024-09-16 11:21:32.953,417.4810425368595,7
2024-09-16 11:21:32.986,417.45707596941895,12
2024-09-16 11:21:33.041,417.3865310317893,1001
2024-09-16 11:21:33.093,417.4747376133036,999
2024-09-16 11:21:33.145,417.4325026278367,996
2024-09-16 11:21:33.214,417.4754160190436,96
2024-09-16 11:21:33.214,417.4161741391162,998
2024-09-16 11:21:33.279,417.3841150983282,15
2024-09-16 11:21:33.281,417.4507845710287,1001
2024-09-16 11:21:33.325,417.5202637775614,1001
2024-09-16 11:21:33.338,417.416364658283,1005
2024-09-16 11:21:33.457,417.4935004939513,97
2024-09-16 11:21:33.530,417.4119829215157,102
2024-09-16 11:21:33.531,417.4495987094815,1005
2024-09-16 11:21:33.610,-417.4205503019389,96
2024-09-16 11:21:33.623,417.4315407276584,1003
2024-09-16 11:21:33.718,,103
2024-09-16 11:21:33.730,417.5064240010775,104
2024-09-16 11:21:33.736,417.39089115213903,1002
2024-09-16 11:21:33.740,417.4206766991172,100
2024-09-16 11:21:33.797,417.41291143549705,995
2024-09-16 11:21:33.803,417.4080762309777,14
2024-09-16 11:21:33.861,417.4937873669678,98
2024-09-16 11:21:33.873,417.5031423750341,101
2024-09-16 11:21:33.955,417.4585957672129,1003
2024-09-16 11:21:33.975,417.5043322526061,996
2024-09-16 11:21:34.264,417.37933988339466,11
2024-09-16 11:21:34.288,417.3462619213111,1000
2024-09-16 11:21:34.433,,1000
2024-09-16 11:21:34.446,417.3567351553611,6
2024-09-16 11:21:34.545,417.358956224599,95
2024-09-16 11:21:34.602,417.367335423359,10
2024-09-16 11:21:34.709,417.3544702224763,6
2024-09-16 11:21:34.859,417.4071014560344,10
2024-09-16 11:21:35.003,417.4743006905165,12
2024-09-16 11:21:35.033,417.38316032690926,99
2024-09-16 11:21:35.088,417.4365274419768,1000
2024-09-16 11:21:35.114,417.4959194853133,6
2024-09-16 11:21:35.167,417.480776193917,105
2024-09-16 11:21:35.182,417.42673538742486,1004
2024-09-16 11:21:35.300,417.4581205114043,997
2024-09-16 11:21:35.362,417.3839671151776,99
2024-09-16 11:21:35.425,417.4861865275887,99
2024-09-16 11:21:35.448,417.5074829532981,1005
2024-09-16 11:21:35.466,417.4054654184737,98
2024-09-16 11:21:35.489,417.50011200271615,7
2024-09-16 11:21:35.546,417.38357711439767,5
2024-09-16 11:21:35.625,417.46170631751966,6
2024-09-16 11:21:35.694,417.4941589276719,7
2024-09-16 11:21:35.716,417.40736777305824,96
2024-09-16 11:21:35.848,41.73893238059868,8
2024-09-16 11:21:35.927,417.4011917920148,12
2024-09-16 11:21:35.933,417.4177087554004,99
2024-09-16 11:21:35.975,,12
2024-09-16 11:21:36.132,-417.4508222285223,14
2024-09-16 11:21:36.195,417.4792167240909,1004
2024-09-16 11:21:36.213,417.4441231715895,15
2024-09-16 11:21:36.242,417.4506629304768,95
2024-09-16 11:21:36.343,417.4643481492054,1000
2024-09-16 11:21:36.418,417.4550106077291,8
2024-09-16 11:21:36.505,417.46727885372087,98
2024-09-16 11:21:36.683,417.4539927560144,1002
2024-09-16 11:21:36.846,417.4614526155977,99
2024-09-16 11:21:37.048,417.4716107551061,99
2024-09-16 11:21:37.052,417.47154188914953,11
2024-09-16 11:21:37.089,417.4589801487202,96
2024-09-16 11:21:37.128,417.4657447357712,1005
2024-09-16 11:21:37.129,417.470344113229,105
2024-09-16 11:21:37.130,417.4843412628044,1000
2024-09-16 11:21:37.132,417.44896145455584,96
2024-09-16 11:21:37.142,417.497155470325,1002
2024-09-16 11:21:37.154,417.4601922383341,100
2024-09-16 11:21:37.167,417.49067866762965,104
2024-09-16 11:21:37.251,417.4917560306104,105
2024-09-16 11:21:37.324,417.4819711556153,9
2024-09-16 11:21:37.429,417.4836226740184,99
2024-09-16 11:21:37.523,,10
2024-09-16 11:21:37.572,417.4572052892649,5
2024-09-16 11:21:37.637,417.4892260505878,103
2024-09-16 11:21:37.669,417.4656612956484,1005
2024-09-16 11:21:37.739,417.4772260254911,7
2024-09-16 11:21:37.852,417.47175896993537,11
2024-09-16 11:21:37.897,417.481117673964,14
2024-09-16 11:21:37.938,417.4707576066939,103
2024-09-16 11:21:38.007,417.5387022203452,995
2024-09-16 11:21:38.036,417.5236187729014,15
2024-09-16 11:21:38.043,417.49358923386114,99
2024-09-16 11:21:38.105,417.55904174135713,15
2024-09-16 11:21:38.159,417.5656867497378,95
2024-09-16 11:21:38.217,417.51067213623634,1005
2024-09-16 11:21:38.259,417.4968418721856,8
2024-09-16 11:21:38.327,417.5066748549452,1002
2024-09-16 11:21:38.361,417.5512160305364,5
2024-09-16 11:21:38.607,417.492165307308,1000
2024-09-16 11:21:38.700,417.5368615813088,1002
2024-09-16 11:21:38.721,417.485782460757,995
2024-09-16 11:21:38.797,417.4837249627593,999
2024-09-16 11:21:38.889,-417.5432195289367,7
2024-09-16 11:21:38.894,417.5617061952272,999
2024-09-16 11:21:38.916,417.496120499723,7
2024-09-16 11:21:38.928,417.5280498804081,15
2024-09-16 11:21:38.935,417.53128608418274,99
2024-09-16 11:21:40.100,417.5182172742847,8
2024-09-16 11:21:40.117,417.5061463531556,97
2024-09-16 11:21:40.262,417.5455415451818,1002
2024-09-16 11:21:40.408,417.53897417678553,7
2024-09-16 11:21:40.656,417.5322829692501,101
2024-09-16 11:21:40.806,417.5069953193178,97
2024-09-16 11:21:41.193,417.5134565618781,103
2024-09-16 11:21:41.399,417.4973434517791,5
2024-09-16 11:21:41.923,417.4879678327948,6
2024-09-16 11:21:43.087,417.48709734717687,995
2024-09-16 11:21:43.228,417.4473833290694,1002
2024-09-16 11:21:43.300,417.46001162152726,998
2024-09-16 11:21:43.351,417.4983945874607,7
2024-09-16 11:21:43.402,417.4793521494591,999
2024-09-16 11:21:43.472,417.4613477712916,97
2024-09-16 11:21:43.626,417.4589414000419,98
2024-09-16 11:21:43.627,417.46462118803913,11
2024-09-16 11:21:43.796,417.4590464951723,97
2024-09-16 11:21:43.796,41.747021909206346,13
2024-09-16 11:21:43.825,417.4892831341936,11
2024-09-16 11:21:43.931,417.48906951985606,100
2024-09-16 11:21:43.966,417.4643290049572,10
2024-09-16 11:21:43.980,417.487064301358,14
2024-09-16 11:21:44.022,417.46934786431353,13
2024-09-16 11:21:44.052,417.4725115761621,9
2024-09-16 11:21:44.337,417.4537063931074,13
2024-09-16 11:21:44.398,417.49325771802654,105
2024-09-16 11:21:44.451,417.4907455565227,9
2024-09-16 11:21:44.661,417.4776232318567,1003
2024-09-16 11:21:44.852,417.47720133526747,103
2024-09-16 11:21:45.052,417.4499970380908,1001
2024-09-16 11:21:45.172,417.4435258391914,100
2024-09-16 11:21:45.230,417.4563389219743,97
2024-09-16 11:21:45.424,417.4463952398057,14
2024-09-16 11:21:45.486,417.46091962005073,12
2024-09-16 11:21:45.575,417.4531147138442,1002
2024-09-16 11:21:45.725,417.47938478195385,104
2024-09-16 11:21:45.813,417.4855381920791,98
2024-09-16 11:21:45.875,417.4208317355871,95
2024-09-16 11:21:45.878,417.4587814822361,1001
2024-09-16 11:21:45.966,417.4251178187038,98
2024-09-16 11:21:46.092,417.53748697064407,995
2024-09-16 11:21:46.106,417.47506352701873,10
2024-09-16 11:21:46.122,417.5159317358924,5
2024-09-16 11:21:46.210,417.4782486126127,9
2024-09-16 11:21:46.217,417.5418938248372,1001
2024-09-16 11:21:46.325,417.52357282667697,104
2024-09-16 11:21:46.328,417.54936655395375,9
2024-09-16 11:21:46.359,417.4872147938752,10
2024-09-16 11:21:46.382,417.4891188105176,1004
2024-09-16 11:21:46.521,417.4928730190722,11
2024-09-16 11:21:46.586,417.5311993397773,5
2024-09-16 11:21:46.603,417.5106685054139,999
2024-09-16 11:21:46.669,417.507349920811,7
2024-09-16 11:21:46.707,417.52626217988336,7
2024-09-16 11:21:46.776,417.5340371681236,996
2024-09-16 11:21:46.802,417.4841043394534,98
2024-09-16 11:21:46.802,417.5240424857385,99
2024-09-16 11:21:46.874,417.4809508059543,997
2024-09-16 11:21:46.898,417.5222476919294,998
2024-09-16 11:21:46.921,417.5327395733341,997
2024-09-16 11:21:46.944,417.50926129835295,97
2024-09-16 11:21:47.026,417.4635146362463,9
2024-09-16 11:21:47.085,417.4723540344251,1000
2024-09-16 11:21:47.154,417.44719795105925,96
2024-09-16 11:21:47.192,417.43961981753074,15
2024-09-16 11:21:47.297,417.47931301799616,6
2024-09-16 11:21:47.326,417.4520353300776,996
2024-09-16 11:21:47.363,417.4521727174227,996
2024-09-16 11:21:47.392,417.4365327023717,103
2024-09-16 11:21:47.470,,1001
2024-09-16 11:21:47.473,417.45600125127646,99
2024-09-16 11:21:47.543,417.4376348598408,7
2024-09-16 11:21:47.613,417.4770568242419,105
2024-09-16 11:21:47.706,417.4366865327975,995
2024-09-16 11:21:47.716,417.44076408447023,105
2024-09-16 11:21:47.736,417.43845998357097,97
2024-09-16 11:21:47.742,417.44476535012063,105
2024-09-16 11:21:47.766,417.446609039452,100
2024-09-16 11:21:47.799,417.4597602091226,103
2024-09-16 11:21:47.850,417.43659560640606,104
2024-09-16 11:21:47.904,417.4429466069469,999
2024-09-16 11:21:48.056,417.45973080967,13
2024-09-16 11:21:48.113,417.4741678789705,1004
2024-09-16 11:21:48.116,417.4673174676871,997
2024-09-16 11:21:48.153,417.47262767148027,98
2024-09-16 11:21:48.177,417.45342601076976,1002
2024-09-16 11:21:48.206,417.4770081717823,12
2024-09-16 11:21:48.222,417.4884240058734,15
2024-09-16 11:21:48.356,417.4642312125568,999
2024-09-16 11:21:48.404,417.462582526101,11
2024-09-16 11:21:48.524,417.47838035342585,998
2024-09-16 11:21:48.533,417.4446462475333,102
2024-09-16 11:21:48.626,417.4777816297127,997
2024-09-16 11:21:48.775,417.4862928827071,101
2024-09-16 11:21:48.881,417.4438115580284,99
2024-09-16 11:21:48.897,417.4728005093663,12
2024-09-16 11:21:48.958,417.4779389768888,996
2024-09-16 11:21:49.330,417.46681857108587,1003
2024-09-16 11:21:49.377,417.4634408953684,1004
2024-09-16 11:21:49.407,417.4540231916369,105
2024-09-16 11:21:49.463,417.4494747051773,14
2024-09-16 11:21:49.549,417.4701398784034,1002
2024-09-16 11:21:49.584,417.465590696916,96
2024-09-16 11:21:49.623,417.4669251364367,102
2024-09-16 11:21:49.630,417.4383767575448,95
2024-09-16 11:21:49.685,417.4423547658056,1004
2024-09-16 11:21:49.691,417.4452615772803,14
2024-09-16 11:21:49.702,417.4633837112094,1004
2024-09-16 11:21:49.739,417.4548955547727,1000
2024-09-16 11:21:49.843,417.45018025363504,8
2024-09-16 11:21:49.920,417.4573029989656,1002
2024-09-16 11:21:50.021,417.4920652410054,5
2024-09-16 11:21:50.036,417.4740957890573,1002
2024-09-16 11:21:50.134,417.49689404634313,99
2024-09-16 11:21:50.234,417.471732643961,9
2024-09-16 11:21:50.270,417.4997765598221,103
2024-09-16 11:21:50.325,417.470959412024,99
2024-09-16 11:21:50.366,417.4995914821146,996
2024-09-16 11:21:50.480,417.49352532535386,8
2024-09-16 11:21:50.495,417.5063970014977,1001
2024-09-16 11:21:50.603,417.48998330224987,101
2024-09-16 11:21:50.681,417.483833942315,6
2024-09-16 11:21:50.686,417.50202664631,999
2024-09-16 11:21:50.738,417.510941376936,998
2024-09-16 11:21:50.796,417.4881560455783,14
2024-09-16 11:21:50.799,-417.485819574241,102
2024-09-16 11:21:50.885,417.4822735900855,1003
2024-09-16 11:21:51.000,417.4525608863224,10
2024-09-16 11:21:51.010,417.4000397988004,98
2024-09-16 11:21:51.011,41.74123800185762,1000
2024-09-16 11:21:51.122,417.4778706057257,102
2024-09-16 11:21:51.131,417.4644720044585,998
2024-09-16 11:21:51.134,417.4832584189824,998
2024-09-16 11:21:51.232,417.4780579991138,7
2024-09-16 11:21:51.272,417.3829205292574,1003
2024-09-16 11:21:51.318,417.461697646367,10
2024-09-16 11:21:51.399,417.3823831437786,104
2024-09-16 11:21:51.402,417.39011765530506,101
2024-09-16 11:21:51.441,417.39758969992494,12
2024-09-16 11:21:51.449,417.4007706435885,1001
2024-09-16 11:21:51.454,417.4621096935009,98
2024-09-16 11:21:51.481,417.4481320465479,998
2024-09-16 11:21:51.492,417.389703400744,5
2024-09-16 11:21:51.593,417.4060279409381,8
2024-09-16 11:21:51.643,417.41034013025165,9
2024-09-16 11:21:51.703,417.46108547000034,995
2024-09-16 11:21:51.715,417.3925276201077,96
2024-09-16 11:21:51.721,417.4016058970493,96
2024-09-16 11:21:51.748,417.4083541263472,96
2024-09-16 11:21:51.764,417.4027607430273,1004
2024-09-16 11:21:51.850,417.4665671658697,1000
2024-09-16 11:21:51.914,417.40191728341455,98
2024-09-16 11:21:51.961,417.421186840229,1004
2024-09-16 11:21:51.962,-417.46312572573504,13
2024-09-16 11:21:51.980,417.4085813725578,104
2024-09-16 11:21:52.034,417.4592073733338,995
2024-09-16 11:21:52.278,417.4382725649172,997
2024-09-16 11:21:52.305,417.43500756622734,1002
2024-09-16 11:21:52.393,417.4593593241389,102
2024-09-16 11:21:52.418,417.46161654821566,1003
2024-09-16 11:21:52.442,417.4539931436045,13
2024-09-16 11:21:52.469,417.44706912976295,15
2024-09-16 11:21:52.511,417.4435862785086,99
2024-09-16 11:21:52.511,417.4386421287472,1004
2024-09-16 11:21:52.635,417.4150987980111,1003
2024-09-16 11:21:52.746,417.45470402622544,10
2024-09-16 11:21:52.817,417.4017355449396,1001
2024-09-16 11:21:52.818,417.4498276529126,14
2024-09-16 11:21:53.078,417.5357286899295,999
2024-09-16 11:21:53.399,417.4784450238913,97
2024-09-16 11:21:53.412,417.5094236877442,12
2024-09-16 11:21:53.459,417.5100669520672,98
2024-09-16 11:21:53.524,417.4848929079853,7
2024-09-16 11:21:53.537,417.49409146794335,8
2024-09-16 11:21:53.551,417.4789452367658,1000
2024-09-16 11:21:53.626,417.5125341592105,8
2024-09-16 11:21:53.709,417.5173075228663,996
2024-09-16 11:21:53.791,417.4952616525797,5
2024-09-16 11:21:53.827,417.4934001855332,998
2024-09-16 11:21:53.935,417.51069176591096,1005
2024-09-16 11:21:53.941,417.5389046533987,1000
2024-09-16 11:21:54.000,417.4923500760075,997
2024-09-16 11:21:54.066,417.50776823341977,9
2024-09-16 11:21:54.119,417.49149165300673,1002
2024-09-16 11:21:54.148,417.4897496345599,999
2024-09-16 11:21:54.184,417.47876810101513,9
2024-09-16 11:21:54.229,417.5022874287691,1004
2024-09-16 11:21:54.272,417.4856888315628,101
2024-09-16 11:21:54.338,417.5048131427935,11
2024-09-16 11:21:54.494,417.5065794440218,9
2024-09-16 11:21:54.501,417.5006633172824,8
2024-09-16 11:21:54.566,417.4892686162839,1003
2024-09-16 11:21:54.627,417.479329771903,997
2024-09-16 11:21:54.661,417.4860964454535,11
2024-09-16 11:21:54.661,417.46499434096575,100
2024-09-16 11:21:54.781,417.49107454232205,1000
2024-09-16 11:21:54.799,417.4682080866587,996
2024-09-16 11:21:54.945,417.4647732819543,996
2024-09-16 11:21:55.008,417.5383494244098,6
2024-09-16 11:21:55.082,417.5478831748084,1003
2024-09-16 11:21:55.124,417.5637288726001,103
2024-09-16 11:21:55.147,417.532126826481,1004
2024-09-16 11:21:55.213,417.5557811560475,1004
2024-09-16 11:21:55.287,417.57126051277424,1000
2024-09-16 11:21:55.455,417.5476280483884,8
2024-09-16 11:21:55.533,417.54356557039887,1004
2024-09-16 11:21:55.536,417.5653436233487,997
2024-09-16 11:21:55.557,417.53631234103415,10
2024-09-16 11:21:55.603,417.5274561895579,10
2024-09-16 11:21:55.685,41.75436847429826,998
2024-09-16 11:21:55.703,417.532139944002,97
2024-09-16 11:21:55.739,417.5779843423029,96
2024-09-16 11:21:55.798,417.5309847269768,1002
2024-09-16 11:21:55.818,417.5162497997166,1003
2024-09-16 11:21:55.869,417.5628225113796,14
2024-09-16 11:21:55.875,417.5334600517717,97
2024-09-16 11:21:55.890,417.5493279586882,7
2024-09-16 11:21:56.008,417.57835113381,1000
2024-09-16 11:21:56.060,417.5789951816722,998
2024-09-16 11:21:56.080,417.5839843937782,1003
2024-09-16 11:21:56.168,417.5486022568668,1001
2024-09-16 11:21:56.245,41.7525964224569,1003
2024-09-16 11:21:56.247,417.5734100178398,1000
2024-09-16 11:21:56.261,417.53312003121584,101
2024-09-16 11:21:56.376,417.5900905388423,996
2024-09-16 11:21:56.452,417.58631841949193,998
2024-09-16 11:21:56.492,417.6024947894229,103
2024-09-16 11:21:56.506,417.5832267171573,8
2024-09-16 11:21:56.524,417.5460394737904,996
2024-09-16 11:21:56.699,-417.54319171747335,96
2024-09-16 11:21:56.819,417.592858552287,996
2024-09-16 11:21:56.852,417.5899444964219,996
2024-09-16 11:21:56.911,417.60586305730544,9
2024-09-16 11:21:56.996,417.5396319780235,1005
2024-09-16 11:21:57.005,417.6150208173369,1004
2024-09-16 11:21:57.135,417.6519021854575,14
2024-09-16 11:21:57.216,417.677234652657,97
2024-09-16 11:21:57.243,417.6789332819461,12
2024-09-16 11:21:57.244,417.6233776067474,5
2024-09-16 11:21:57.261,417.6807545063557,103
2024-09-16 11:21:57.312,417.6310285240777,12
2024-09-16 11:21:57.398,,104
2024-09-16 11:21:57.659,417.6521179058498,10
2024-09-16 11:21:57.761,417.6485182835901,11
2024-09-16 11:21:57.824,417.6503579075588,104
2024-09-16 11:21:57.915,417.6436215852687,103
2024-09-16 11:21:57.944,417.6388973010469,12
2024-09-16 11:21:57.944,417.67673812386926,9
2024-09-16 11:21:59.034,417.6573668786871,7
2024-09-16 11:21:59.070,417.6468955188872,104
2024-09-16 11:21:59.072,417.66897555170215,995
2024-09-16 11:21:59.093,417.6380235396743,1003
2024-09-16 11:21:59.097,417.6978797691726,14
2024-09-16 11:21:59.099,417.643233843792,998
2024-09-16 11:21:59.177,417.65714156105486,101
2024-09-16 11:21:59.401,417.6376380609291,1004
2024-09-16 11:21:59.423,417.67579304365296,998
2024-09-16 11:21:59.435,417.62934312356646,1000
2024-09-16 11:21:59.471,417.6530007216285,8
2024-09-16 11:21:59.480,417.6689068740516,998
2024-09-16 11:21:59.501,417.6833199205246,11
2024-09-16 11:21:59.713,417.64660777121264,104
2024-09-16 11:21:59.730,417.686100798135,5
2024-09-16 11:21:59.747,417.63194166837087,96
2024-09-16 11:21:59.797,417.6838571187133,995
2024-09-16 11:21:59.798,417.64843531405614,14
2024-09-16 11:21:59.898,417.6600319327095,997
2024-09-16 11:21:59.974,417.68681581550777,13
2024-09-16 11:21:59.975,417.66813264610096,102
2024-09-16 11:21:59.986,417.6276271842306,998
