Timestamp,Price,Size
2024-09-18 12:11:00.019,416.6633666089559,1003
2024-09-18 12:11:00.071,416.6807640031666,997
2024-09-18 12:11:00.218,416.6714848464179,102
2024-09-18 12:11:00.223,416.6883351150128,11
2024-09-18 12:11:00.264,416.69502481244393,105
2024-09-18 12:11:00.283,416.6911861099072,6
2024-09-18 12:11:00.369,416.68793018695663,7
2024-09-18 12:11:00.415,416.6859028598034,12
2024-09-18 12:11:00.464,416.68168421080753,102
2024-09-18 12:11:00.523,416.6963022061949,14
2024-09-18 12:11:00.544,,11
2024-09-18 12:11:00.546,416.6865540232432,104
2024-09-18 12:11:00.547,416.6843422412514,10
2024-09-18 12:11:00.657,416.6694110441461,98
2024-09-18 12:11:00.687,416.6613301274509,1004
2024-09-18 12:11:00.703,,10
2024-09-18 12:11:00.749,416.690378579978,1002
2024-09-18 12:11:00.782,416.6668348165939,9
2024-09-18 12:11:00.832,416.645786603066,15
2024-09-18 12:11:00.878,416.6887442135272,13
2024-09-18 12:11:00.882,416.68874583224016,100
2024-09-18 12:11:00.947,416.6868708175234,100
2024-09-18 12:11:00.969,416.69057771641945,9
2024-09-18 12:11:01.478,416.6351829838461,997
2024-09-18 12:11:02.001,416.6558774253581,15
2024-09-18 12:11:02.087,416.6492120155825,998
2024-09-18 12:11:02.289,416.6396285582005,15
2024-09-18 12:11:02.409,416.6550060722304,11
2024-09-18 12:11:02.480,416.647193419838,104
2024-09-18 12:11:03.027,416.5908406099081,996
2024-09-18 12:11:03.033,416.5999035215647,95
2024-09-18 12:11:03.099,-416.591334473442,104
2024-09-18 12:11:03.240,416.60745580634926,996
2024-09-18 12:11:03.259,416.62072917595816,998
2024-09-18 12:11:03.270,416.5889234464885,101
2024-09-18 12:11:03.294,416.5876661017432,1005
2024-09-18 12:11:03.304,416.6010627955194,12
2024-09-18 12:11:03.477,416.6022312593809,1001
2024-09-18 12:11:03.564,416.5729492341961,995
2024-09-18 12:11:03.565,416.5605195793517,11
2024-09-18 12:11:03.572,416.5832334177167,1004
2024-09-18 12:11:03.589,416.636871365186,10
2024-09-18 12:11:03.598,416.607750526662,14
2024-09-18 12:11:03.665,416.5831179859039,1000
2024-09-18 12:11:03.722,416.5835597566844,6
2024-09-18 12:11:03.768,416.5928156969923,10
2024-09-18 12:11:03.888,416.5700547953612,103
2024-09-18 12:11:03.901,416.5781374231432,104
2024-09-18 12:11:03.982,416.59425632449006,1000
2024-09-18 12:11:04.084,416.60347338145255,995
2024-09-18 12:11:04.100,416.5959287710142,12
2024-09-18 12:11:04.102,416.61703608249,97
2024-09-18 12:11:04.138,416.60114364499054,1005
2024-09-18 12:11:04.162,416.6105098905808,9
2024-09-18 12:11:04.236,416.5747759863689,104
2024-09-18 12:11:04.298,416.6065805271887,1001
2024-09-18 12:11:04.325,416.5920568349224,997
2024-09-18 12:11:04.389,416.61252883991193,1001
2024-09-18 12:11:04.420,416.5531491057915,998
2024-09-18 12:11:04.457,416.6008509973773,14
2024-09-18 12:11:04.488,,10
2024-09-18 12:11:04.553,416.59732342604894,14
2024-09-18 12:11:04.577,416.5886875756328,13
2024-09-18 12:11:04.621,416.598664341312,1002
2024-09-18 12:11:04.658,416.590002627524,996
2024-09-18 12:11:04.668,416.5931716613878,7
2024-09-18 12:11:04.707,416.5928856961845,10
2024-09-18 12:11:04.728,416.5438981608641,1001
2024-09-18 12:11:04.742,416.58682475064006,97
2024-09-18 12:11:04.774,416.5654041383647,1005
2024-09-18 12:11:04.774,416.5723350737687,14
2024-09-18 12:11:04.826,416.6044588094806,5
2024-09-18 12:11:04.861,416.60665817717495,101
2024-09-18 12:11:04.880,416.5894536546093,11
2024-09-18 12:11:04.960,416.5559131266539,1001
2024-09-18 12:11:04.968,416.5574279527223,995
2024-09-18 12:11:04.972,416.56148336585215,102
2024-09-18 12:11:05.008,416.5707680450056,1005
2024-09-18 12:11:05.024,416.5786496959469,14
2024-09-18 12:11:05.046,416.57909679615886,14
2024-09-18 12:11:05.082,416.5576842280898,11
2024-09-18 12:11:05.146,416.5855563602319,10
2024-09-18 12:11:05.194,41.65778499867085,997
2024-09-18 12:11:05.237,416.570165812522,96
2024-09-18 12:11:05.266,416.5960965672896,95
2024-09-18 12:11:05.307,416.5462447419118,996
2024-09-18 12:11:05.308,416.57433510425375,10
2024-09-18 12:11:05.392,416.55298893457615,995
2024-09-18 12:11:05.441,416.5828636098296,96
2024-09-18 12:11:05.446,416.57278897800535,995
2024-09-18 12:11:05.455,416.5872051734386,1000
2024-09-18 12:11:05.502,416.5770219802627,102
2024-09-18 12:11:05.515,416.56353176555695,98
2024-09-18 12:11:05.550,416.57479256515336,101
2024-09-18 12:11:05.615,416.5719583146696,95
2024-09-18 12:11:05.642,416.5686394224488,105
2024-09-18 12:11:05.719,416.5478764465215,13
2024-09-18 12:11:05.727,416.577781190558,5
2024-09-18 12:11:05.754,416.5812421813533,8
2024-09-18 12:11:05.788,416.57446399435366,98
2024-09-18 12:11:05.856,416.5903124715308,1002
2024-09-18 12:11:05.861,416.5830933837231,1005
2024-09-18 12:11:05.928,416.55669887612913,15
2024-09-18 12:11:05.945,416.5499624751643,102
2024-09-18 12:11:05.950,416.5798060964751,105
2024-09-18 12:11:05.961,416.5708579686787,98
2024-09-18 12:11:05.995,416.60504103210496,96
2024-09-18 12:11:06.171,416.56857432033786,11
2024-09-18 12:11:06.262,416.57568738789854,99
2024-09-18 12:11:06.296,416.5800177215661,13
2024-09-18 12:11:06.421,416.6159084461258,998
2024-09-18 12:11:06.430,416.58166795384926,997
2024-09-18 12:11:06.552,416.61804758492406,1005
2024-09-18 12:11:06.579,416.58539539663377,1001
2024-09-18 12:11:06.601,416.5810985983301,95
2024-09-18 12:11:06.634,41.65662177573925,11
2024-09-18 12:11:06.694,416.59524892235,996
2024-09-18 12:11:06.696,416.5638110577603,104
2024-09-18 12:11:06.960,416.5983711917408,1002
2024-09-18 12:11:06.998,416.5994925572237,998
2024-09-18 12:11:07.156,41.65257848373282,7
2024-09-18 12:11:07.243,416.5255318510905,97
2024-09-18 12:11:07.909,416.56732740231627,10
2024-09-18 12:11:07.909,416.55634067904543,103
2024-09-18 12:11:08.030,416.5415459840996,104
2024-09-18 12:11:08.069,416.61005964259846,1005
2024-09-18 12:11:08.098,416.56776182466695,1005
2024-09-18 12:11:08.111,416.60584977765296,9
2024-09-18 12:11:08.119,416.557009690142,10
2024-09-18 12:11:08.194,416.5376451970808,999
2024-09-18 12:11:08.277,416.5689458137665,7
2024-09-18 12:11:08.306,416.5824397061062,12
2024-09-18 12:11:08.318,416.58562101845234,99
2024-09-18 12:11:08.508,416.5609482714132,14
2024-09-18 12:11:08.539,416.5868775529707,8
2024-09-18 12:11:08.570,416.5721910740889,998
2024-09-18 12:11:08.582,416.5623834895793,14
2024-09-18 12:11:08.588,416.5826368946821,1005
2024-09-18 12:11:08.667,416.6051658007639,996
2024-09-18 12:11:08.682,416.5656444703042,12
2024-09-18 12:11:08.696,416.5980161411194,15
2024-09-18 12:11:08.750,416.59580779111445,11
2024-09-18 12:11:08.785,41.659901038762,98
2024-09-18 12:11:08.786,416.59209314163473,98
2024-09-18 12:11:08.892,416.6076201533554,98
2024-09-18 12:11:08.903,416.5398177044906,101
2024-09-18 12:11:08.968,416.5655903356108,9
2024-09-18 12:11:09.008,416.5429448480704,12
2024-09-18 12:11:09.066,416.5607609104885,103
2024-09-18 12:11:09.072,416.5505612119578,996
2024-09-18 12:11:09.098,416.5546742160834,995
2024-09-18 12:11:09.102,,10
2024-09-18 12:11:09.136,416.56861301222864,997
2024-09-18 12:11:09.150,416.5479679567721,105
2024-09-18 12:11:09.171,416.5908046981464,995
2024-09-18 12:11:09.186,416.6374596977025,105
2024-09-18 12:11:09.186,416.64444973834463,7
2024-09-18 12:11:09.260,416.6043470001405,995
2024-09-18 12:11:09.290,416.5911205520248,1000
2024-09-18 12:11:09.292,416.5386625331376,99
2024-09-18 12:11:09.346,416.5581108415189,104
2024-09-18 12:11:09.352,416.59509805110855,102
2024-09-18 12:11:09.435,416.5675452465357,997
2024-09-18 12:11:09.452,416.553988392115,105
2024-09-18 12:11:09.628,416.6307417798631,99
2024-09-18 12:11:09.815,416.577775095236,100
2024-09-18 12:11:09.867,416.594297940256,995
2024-09-18 12:11:09.877,416.5497051085883,14
2024-09-18 12:11:09.883,416.5498101966468,102
2024-09-18 12:11:09.948,416.6429842185933,1004
2024-09-18 12:11:09.968,416.6430620831158,14
2024-09-18 12:11:09.987,416.5388726058616,6
2024-09-18 12:11:10.848,,995
2024-09-18 12:11:11.100,416.69863422538,99
2024-09-18 12:11:11.239,416.6763511391547,996
2024-09-18 12:11:11.260,416.6695943631101,96
2024-09-18 12:11:11.358,416.65449505665066,98
2024-09-18 12:11:11.470,416.6562695313609,104
2024-09-18 12:11:11.472,416.6621534999797,10
2024-09-18 12:11:11.571,416.6745572011112,1002
2024-09-18 12:11:11.578,416.6934314289252,1002
2024-09-18 12:11:11.620,416.6852134610693,97
2024-09-18 12:11:11.689,416.68368464108585,8
2024-09-18 12:11:11.743,416.6868370517645,6
2024-09-18 12:11:11.942,416.6930737158023,102
2024-09-18 12:11:12.002,416.64146309833,996
2024-09-18 12:11:12.104,416.6828302630543,14
2024-09-18 12:11:12.163,416.6970523098537,1005
2024-09-18 12:11:12.190,416.6942643893031,10
2024-09-18 12:11:12.279,416.69513470157057,14
2024-09-18 12:11:12.394,416.70532872094367,1000
2024-09-18 12:11:12.511,416.6439612419951,11
2024-09-18 12:11:12.747,416.7120098608497,100
2024-09-18 12:11:12.765,416.66881764177873,15
2024-09-18 12:11:12.833,416.6818403288789,100
2024-09-18 12:11:12.943,416.6993843204155,995
2024-09-18 12:11:12.946,416.6519697791067,995
2024-09-18 12:11:13.951,416.6401355782679,1003
2024-09-18 12:11:14.005,416.61350648973735,1000
2024-09-18 12:11:14.040,416.62886365670136,105
2024-09-18 12:11:14.098,416.6109886446864,996
2024-09-18 12:11:14.173,416.5789394470987,998
2024-09-18 12:11:14.233,416.58948541315,998
2024-09-18 12:11:14.395,416.5803591099026,997
2024-09-18 12:11:14.474,416.5800257011068,997
2024-09-18 12:11:14.476,41.66198070018141,996
2024-09-18 12:11:14.484,416.62968965317,1000
2024-09-18 12:11:14.513,416.599367496837,995
2024-09-18 12:11:14.519,416.60163393802895,13
2024-09-18 12:11:14.520,416.6004824861375,102
2024-09-18 12:11:14.520,416.5881303236481,8
2024-09-18 12:11:14.540,416.5922012258749,998
2024-09-18 12:11:14.590,416.5985364611131,1001
2024-09-18 12:11:14.636,416.59651041309,1000
2024-09-18 12:11:14.710,416.5942432605639,98
2024-09-18 12:11:14.727,416.5916596001232,101
2024-09-18 12:11:14.787,416.59296935824,9
2024-09-18 12:11:14.793,416.5955705420725,12
2024-09-18 12:11:14.825,41.65919025110335,101
2024-09-18 12:11:14.829,416.5896544412841,995
2024-09-18 12:11:14.843,416.62929416951147,100
2024-09-18 12:11:14.858,416.60714200945785,11
2024-09-18 12:11:14.888,416.64277333823935,5
2024-09-18 12:11:14.924,416.58874936035295,13
2024-09-18 12:11:14.926,416.5680901610195,1002
2024-09-18 12:11:14.957,416.6113275324576,1002
2024-09-18 12:11:14.963,416.5959676483121,12
2024-09-18 12:11:15.183,416.6505069566115,7
2024-09-18 12:11:15.212,416.631144888361,99
2024-09-18 12:11:15.254,416.6139974862894,105
2024-09-18 12:11:15.316,416.7315281594253,102
2024-09-18 12:11:15.359,416.626724517957,103
2024-09-18 12:11:15.391,416.6871386269164,999
2024-09-18 12:11:15.397,416.6160327720161,7
2024-09-18 12:11:15.482,,95
2024-09-18 12:11:15.533,416.62001298398536,998
2024-09-18 12:11:15.671,416.6298706334312,104
2024-09-18 12:11:15.682,416.6472291956135,8
2024-09-18 12:11:15.711,416.62025991140047,105
2024-09-18 12:11:15.714,416.7472844488372,105
2024-09-18 12:11:15.716,416.6751093796783,997
2024-09-18 12:11:15.725,416.70837242182944,103
2024-09-18 12:11:15.774,416.6989586499718,103
2024-09-18 12:11:15.774,416.6347146040907,10
2024-09-18 12:11:15.839,416.6424593241455,6
2024-09-18 12:11:15.914,416.6957278084626,95
2024-09-18 12:11:15.968,416.6189448439913,1000
2024-09-18 12:11:15.991,416.6449717049634,15
2024-09-18 12:11:16.345,416.7418238866666,101
2024-09-18 12:11:16.357,-416.73944511423673,996
2024-09-18 12:11:16.534,416.7377664618826,8
2024-09-18 12:11:16.712,416.75377036030966,995
2024-09-18 12:11:16.760,416.7326874322536,10
2024-09-18 12:11:16.813,416.7426582506594,1005
2024-09-18 12:11:16.904,416.7559394693732,9
2024-09-18 12:11:16.909,416.7402902569016,11
2024-09-18 12:11:17.649,416.73330998190977,103
2024-09-18 12:11:17.882,416.7346745860563,5
2024-09-18 12:11:18.040,416.7005609008616,105
2024-09-18 12:11:18.053,416.749986966047,99
2024-09-18 12:11:18.073,416.7491564569465,10
2024-09-18 12:11:18.082,416.71378044453337,1000
2024-09-18 12:11:18.112,416.7140051565301,104
2024-09-18 12:11:18.163,416.73345443819966,1002
2024-09-18 12:11:18.186,416.7390589705343,7
2024-09-18 12:11:18.265,416.7130518754713,998
2024-09-18 12:11:18.276,416.7391323461598,95
2024-09-18 12:11:18.432,416.7174955876106,100
2024-09-18 12:11:18.637,416.7231112480442,12
2024-09-18 12:11:18.816,416.7333381305107,96
2024-09-18 12:11:18.862,416.7139902488422,12
2024-09-18 12:11:18.929,416.7027255035583,997
2024-09-18 12:11:19.013,416.7070040828574,103
2024-09-18 12:11:19.013,416.76782837861424,96
2024-09-18 12:11:19.030,416.7019789535137,96
2024-09-18 12:11:19.144,416.716872645216,99
2024-09-18 12:11:19.218,416.7688170943374,15
2024-09-18 12:11:19.250,416.7433730894692,97
2024-09-18 12:11:19.315,416.7545013544584,99
2024-09-18 12:11:19.369,416.7733873238782,1005
2024-09-18 12:11:19.565,416.7506422458919,101
2024-09-18 12:11:19.569,416.7502952811584,98
2024-09-18 12:11:19.577,416.70739133435313,97
2024-09-18 12:11:19.606,416.7748778363431,1004
2024-09-18 12:11:19.658,416.75168919505313,99
2024-09-18 12:11:19.694,416.693556571126,101
2024-09-18 12:11:19.737,416.7179883061414,95
2024-09-18 12:11:19.760,416.7691254977368,8
2024-09-18 12:11:19.794,416.7276978221071,101
2024-09-18 12:11:19.892,416.7073087673335,1002
2024-09-18 12:11:19.911,416.7286884271917,7
2024-09-18 12:11:19.959,416.7010526447459,996
2024-09-18 12:11:19.976,416.7752807388693,7
2024-09-18 12:11:19.999,416.75768105515925,996
2024-09-18 12:11:20.274,416.73806052950727,99
2024-09-18 12:11:20.681,416.7413403639821,998
2024-09-18 12:11:21.006,416.7237934071838,104
2024-09-18 12:11:21.070,416.72212850110674,9
2024-09-18 12:11:21.156,416.71089492513664,999
2024-09-18 12:11:21.272,416.7397739106014,15
2024-09-18 12:11:21.287,416.7207451496013,103
2024-09-18 12:11:21.359,416.7312130966011,999
2024-09-18 12:11:21.522,416.726218627532,15
2024-09-18 12:11:21.566,416.7359794660137,995
2024-09-18 12:11:21.702,416.7556446712287,99
2024-09-18 12:11:21.744,416.7631711750505,11
2024-09-18 12:11:21.879,416.7503713118752,995
2024-09-18 12:11:22.389,416.72281018106247,15
2024-09-18 12:11:22.572,416.7266578157822,100
2024-09-18 12:11:22.639,416.7247376304485,105
2024-09-18 12:11:22.958,416.7325643753042,104
2024-09-18 12:11:22.988,416.72534685263815,1004
2024-09-18 12:11:23.056,416.727467088748,105
2024-09-18 12:11:23.087,416.7540640312153,104
2024-09-18 12:11:23.092,416.70473974448976,11
2024-09-18 12:11:23.147,416.7086680822232,98
2024-09-18 12:11:23.167,416.6913239808474,6
2024-09-18 12:11:23.215,416.726577505584,12
2024-09-18 12:11:23.257,416.6691914126917,9
2024-09-18 12:11:23.272,416.7536647548064,98
2024-09-18 12:11:23.280,416.72900413286345,101
2024-09-18 12:11:23.311,416.742460715596,95
2024-09-18 12:11:23.311,416.7138573046938,101
2024-09-18 12:11:23.462,416.7312902057839,14
2024-09-18 12:11:23.525,416.6890094404135,99
2024-09-18 12:11:23.608,416.66950302379706,1005
2024-09-18 12:11:23.626,416.70307397834017,12
2024-09-18 12:11:23.770,416.7287655290766,998
2024-09-18 12:11:23.821,416.6884524689231,997
2024-09-18 12:11:23.974,416.73773219218873,13
2024-09-18 12:11:24.134,416.7604712738639,10
2024-09-18 12:11:24.161,416.7311142758078,997
2024-09-18 12:11:24.170,416.7055564258619,99
2024-09-18 12:11:24.251,416.7360445569861,12
2024-09-18 12:11:24.302,416.7252734210289,101
2024-09-18 12:11:24.327,416.7293536008111,104
2024-09-18 12:11:24.351,416.7596552247516,97
2024-09-18 12:11:24.395,416.70634844288094,13
2024-09-18 12:11:24.584,416.71339794803794,101
2024-09-18 12:11:24.589,416.76421171135627,14
2024-09-18 12:11:24.622,416.7055290774524,100
2024-09-18 12:11:24.650,416.765062668424,105
2024-09-18 12:11:24.676,416.7435397917927,9
2024-09-18 12:11:24.715,416.7585225340637,97
2024-09-18 12:11:24.797,416.729108675478,1005
2024-09-18 12:11:24.829,416.69381207299466,95
2024-09-18 12:11:25.309,416.7446167717301,101
2024-09-18 12:11:25.345,416.75699700409,105
2024-09-18 12:11:25.584,416.74415069531534,1003
2024-09-18 12:11:25.643,416.7648424003515,996
2024-09-18 12:11:25.862,416.7430065519008,98
2024-09-18 12:11:26.041,416.71530849497873,13
2024-09-18 12:11:26.103,416.68151973477615,105
2024-09-18 12:11:26.119,416.67466071453305,100
2024-09-18 12:11:26.223,416.6746396598492,96
2024-09-18 12:11:26.266,416.6786116093911,7
2024-09-18 12:11:26.286,416.6775220160966,97
2024-09-18 12:11:26.374,416.6784584383786,105
2024-09-18 12:11:26.375,416.7420295249392,10
2024-09-18 12:11:26.406,41.66844413187233,1002
2024-09-18 12:11:26.439,416.7288110315876,103
2024-09-18 12:11:26.479,416.7319332180482,6
2024-09-18 12:11:26.494,416.6620705161087,14
2024-09-18 12:11:26.504,416.6746739600201,15
2024-09-18 12:11:26.563,416.73192908889104,998
2024-09-18 12:11:26.590,416.6860019284888,1005
2024-09-18 12:11:26.630,416.7316137950408,15
2024-09-18 12:11:26.638,416.7218223852413,98
2024-09-18 12:11:26.708,416.7096313078036,6
2024-09-18 12:11:26.715,416.74156031873696,99
2024-09-18 12:11:26.740,416.7039109226658,1001
2024-09-18 12:11:26.789,416.70451314884417,13
2024-09-18 12:11:26.794,416.706819188337,14
2024-09-18 12:11:26.811,416.6838800280305,1004
2024-09-18 12:11:26.865,416.7208522513117,12
2024-09-18 12:11:26.912,416.7269972617339,100
2024-09-18 12:11:26.983,416.75109740513017,14
2024-09-18 12:11:27.231,416.6221872830002,103
2024-09-18 12:11:27.264,,997
2024-09-18 12:11:27.287,416.6400363869452,105
2024-09-18 12:11:27.330,416.6400032717647,101
2024-09-18 12:11:27.355,416.6540347066983,1000
2024-09-18 12:11:27.390,416.6147682771978,101
2024-09-18 12:11:27.402,416.6728732795844,100
2024-09-18 12:11:27.439,416.65046515134605,105
2024-09-18 12:11:27.496,416.647707847409,100
2024-09-18 12:11:27.537,416.6314404160349,7
2024-09-18 12:11:27.571,416.6306963310345,9
2024-09-18 12:11:27.587,416.6347121340459,1002
2024-09-18 12:11:27.678,416.6238003450569,1001
2024-09-18 12:11:27.889,416.6133102433018,98
2024-09-18 12:11:27.896,416.63304873174496,9
2024-09-18 12:11:27.901,416.6666705118567,15
2024-09-18 12:11:28.029,416.6027840198063,99
2024-09-18 12:11:28.152,416.5915648849421,96
2024-09-18 12:11:28.196,416.5911260522496,10
2024-09-18 12:11:28.377,416.5905807915628,1005
2024-09-18 12:11:28.407,416.6041075011544,98
2024-09-18 12:11:28.446,416.6000959345303,14
2024-09-18 12:11:28.451,416.6208467038927,995
2024-09-18 12:11:28.560,416.5902505427864,95
2024-09-18 12:11:28.578,416.579288350915,100
2024-09-18 12:11:28.594,-416.604928982012,96
2024-09-18 12:11:28.605,416.59711090977714,11
2024-09-18 12:11:28.732,416.5849028109033,12
2024-09-18 12:11:28.741,416.596042882123,95
2024-09-18 12:11:28.827,416.6027382050223,12
2024-09-18 12:11:28.987,416.5816545580315,14
2024-09-18 12:11:29.005,416.5780527238292,99
2024-09-18 12:11:29.016,416.60957694274936,996
2024-09-18 12:11:29.062,416.5940817095331,103
2024-09-18 12:11:29.126,416.6269406899824,1005
2024-09-18 12:11:29.245,416.5750823870371,97
2024-09-18 12:11:29.412,416.61070479269983,14
2024-09-18 12:11:29.431,416.59525429206536,97
2024-09-18 12:11:29.589,416.6136505423782,1002
2024-09-18 12:11:29.748,416.60019757529847,13
2024-09-18 12:11:29.793,416.639914874544,997
2024-09-18 12:11:29.803,416.5923544015325,100
2024-09-18 12:11:29.822,416.5846823124921,102
2024-09-18 12:11:29.830,-416.5703229989323,1005
2024-09-18 12:11:29.865,416.6024271493882,7
2024-09-18 12:11:29.936,416.5801145666706,1002
2024-09-18 12:11:30.037,416.6140833282256,103
2024-09-18 12:11:30.071,416.660001257191,13
2024-09-18 12:11:30.118,416.5994519950606,103
2024-09-18 12:11:30.168,416.6313667414859,101
2024-09-18 12:11:30.283,416.6119364248516,103
2024-09-18 12:11:30.289,416.6660963987479,102
2024-09-18 12:11:30.314,416.6446324562251,9
2024-09-18 12:11:30.425,41.66141053019987,9
2024-09-18 12:11:30.430,416.64720830226014,14
2024-09-18 12:11:30.465,416.6530167628907,102
2024-09-18 12:11:30.591,416.6004925610648,101
2024-09-18 12:11:30.601,416.6133945393943,14
2024-09-18 12:11:30.625,416.62404097708406,1002
2024-09-18 12:11:30.655,416.6666705511746,10
2024-09-18 12:11:30.664,416.6182165121764,997
2024-09-18 12:11:30.695,416.66873661977104,100
2024-09-18 12:11:30.708,416.6743408243788,8
2024-09-18 12:11:30.768,416.6510202850976,15
2024-09-18 12:11:30.791,416.6475464534786,10
2024-09-18 12:11:30.943,416.6052310970425,100
2024-09-18 12:11:31.039,416.6494286552416,1002
2024-09-18 12:11:31.045,416.6451477141167,95
2024-09-18 12:11:31.404,416.6620273283965,8
2024-09-18 12:11:31.453,416.65428588872487,1004
2024-09-18 12:11:31.467,416.6603624197736,99
2024-09-18 12:11:31.486,416.6470573132924,995
2024-09-18 12:11:31.962,416.6498872168388,105
2024-09-18 12:11:32.068,416.59586095775705,105
2024-09-18 12:11:32.073,416.6062124049622,1004
2024-09-18 12:11:32.082,416.5819416844013,1002
2024-09-18 12:11:32.117,-416.6282644172447,12
2024-09-18 12:11:32.125,416.6040459226948,10
2024-09-18 12:11:32.143,416.62782645336233,995
2024-09-18 12:11:32.160,416.60413866843686,996
2024-09-18 12:11:32.160,416.6075145680924,11
2024-09-18 12:11:32.219,416.6325421983923,1004
2024-09-18 12:11:32.302,416.5742334936045,1001
2024-09-18 12:11:32.383,416.6341355457539,9
2024-09-18 12:11:32.402,416.617068295527,99
2024-09-18 12:11:32.486,416.62433299864847,99
2024-09-18 12:11:32.506,416.6179841600844,10
2024-09-18 12:11:32.522,416.6223928863244,10
2024-09-18 12:11:32.571,416.6184238803136,13
2024-09-18 12:11:32.627,416.6068727263688,11
2024-09-18 12:11:32.784,416.6166771259594,1000
2024-09-18 12:11:32.844,41.66081754589979,995
2024-09-18 12:11:32.860,416.5817818914949,7
2024-09-18 12:11:32.950,416.62442403071407,1004
2024-09-18 12:11:32.973,416.6208908474751,1000
2024-09-18 12:11:32.999,416.5947506979865,6
2024-09-18 12:11:33.090,416.6060539781757,999
2024-09-18 12:11:33.092,416.6134031092393,7
2024-09-18 12:11:33.110,41.66155299650478,996
2024-09-18 12:11:33.217,416.5720179656452,1000
2024-09-18 12:11:33.277,416.60220483728034,6
2024-09-18 12:11:33.367,416.5731769893607,5
2024-09-18 12:11:33.389,416.6038820455832,8
2024-09-18 12:11:33.459,416.6081811527169,1001
2024-09-18 12:11:33.510,416.6045866203577,102
2024-09-18 12:11:33.538,416.6108040063792,999
2024-09-18 12:11:33.553,416.571938917108,14
2024-09-18 12:11:33.629,416.61203813537225,102
2024-09-18 12:11:33.664,416.6238933688086,998
2024-09-18 12:11:33.681,416.6184978726612,99
2024-09-18 12:11:33.710,416.62698308661015,105
2024-09-18 12:11:33.731,416.6039306233199,13
2024-09-18 12:11:33.738,416.62388000278656,102
2024-09-18 12:11:33.742,416.6046797858431,5
2024-09-18 12:11:33.796,416.60217634913465,100
2024-09-18 12:11:33.798,416.6024207964932,8
2024-09-18 12:11:33.925,416.59304706527934,1004
2024-09-18 12:11:33.938,416.60388140368207,11
2024-09-18 12:11:34.097,416.55932491409527,6
2024-09-18 12:11:34.102,416.5513853818189,99
2024-09-18 12:11:34.141,416.57081617971545,997
2024-09-18 12:11:34.159,416.5665404902407,105
2024-09-18 12:11:34.243,416.5636602894984,10
2024-09-18 12:11:34.319,41.65677274627462,12
2024-09-18 12:11:34.334,416.5787727143576,99
2024-09-18 12:11:34.383,416.5794742112764,103
2024-09-18 12:11:34.395,416.5619735813831,102
2024-09-18 12:11:34.513,416.5415651780723,1000
2024-09-18 12:11:34.607,416.5783547557359,15
2024-09-18 12:11:34.674,416.5597301741191,8
2024-09-18 12:11:34.680,416.5566153762829,9
2024-09-18 12:11:34.742,416.5678104228349,1005
2024-09-18 12:11:34.775,416.5599212943054,104
2024-09-18 12:11:34.790,416.5657968798775,98
2024-09-18 12:11:34.906,416.5668879809637,5
2024-09-18 12:11:34.937,416.5814124541489,95
2024-09-18 12:11:35.041,416.5720493239829,100
2024-09-18 12:11:35.052,416.52801603051313,99
2024-09-18 12:11:35.063,416.50283202077946,997
2024-09-18 12:11:35.068,416.5555060503354,97
2024-09-18 12:11:35.073,416.4786708262676,98
2024-09-18 12:11:35.090,416.5843384608556,998
2024-09-18 12:11:35.104,416.5862154979973,98
2024-09-18 12:11:35.107,416.4765559673437,105
2024-09-18 12:11:35.122,416.5298923502705,1000
2024-09-18 12:11:35.133,416.5545424012466,11
2024-09-18 12:11:35.180,416.601809067736,96
2024-09-18 12:11:35.306,416.5557156537512,9
2024-09-18 12:11:35.307,,8
2024-09-18 12:11:35.308,416.5885718658203,999
2024-09-18 12:11:35.407,416.5100274986244,97
2024-09-18 12:11:35.431,416.5374081806496,997
2024-09-18 12:11:35.453,416.5170261580982,1003
2024-09-18 12:11:35.468,416.5408052806876,105
2024-09-18 12:11:35.483,416.5632983296675,13
2024-09-18 12:11:35.492,416.5593610425527,103
2024-09-18 12:11:35.514,416.55682424763086,97
2024-09-18 12:11:35.590,416.57491153501866,15
2024-09-18 12:11:35.631,416.5277463405284,6
2024-09-18 12:11:35.651,416.53238268289823,7
2024-09-18 12:11:35.740,416.5296811023859,103
2024-09-18 12:11:35.765,416.5442072549368,99
2024-09-18 12:11:35.786,416.56061169916654,996
2024-09-18 12:11:35.818,416.5292241843906,105
2024-09-18 12:11:35.979,-416.58978622112136,995
2024-09-18 12:11:36.103,416.5048599625951,104
2024-09-18 12:11:36.361,416.5347282141864,8
2024-09-18 12:11:36.399,416.5152744857578,98
2024-09-18 12:11:36.404,416.5289571231684,100
2024-09-18 12:11:36.759,416.5361781478819,99
2024-09-18 12:11:36.830,416.537229126582,9
2024-09-18 12:11:36.898,416.51420850162623,12
2024-09-18 12:11:37.093,416.5054380708074,995
2024-09-18 12:11:37.170,416.51495095256325,12
2024-09-18 12:11:37.185,416.4820973876764,96
2024-09-18 12:11:37.255,416.5032294164977,1005
2024-09-18 12:11:37.317,416.4705947318394,103
2024-09-18 12:11:37.320,416.4651150886359,99
2024-09-18 12:11:37.387,416.5100059264782,5
2024-09-18 12:11:37.451,416.479019405892,7
2024-09-18 12:11:37.480,416.4737266701324,9
2024-09-18 12:11:37.493,416.4863806581996,95
2024-09-18 12:11:37.669,416.46415059571416,99
2024-09-18 12:11:37.709,416.5009701559708,999
2024-09-18 12:11:37.824,416.5152260255166,105
2024-09-18 12:11:37.824,416.4980717882352,10
2024-09-18 12:11:37.858,416.4800266821179,11
2024-09-18 12:11:37.876,416.5131509742392,15
2024-09-18 12:11:37.930,416.5108282491445,13
2024-09-18 12:11:37.936,416.5004307616297,15
2024-09-18 12:11:37.994,416.484038645048,7
2024-09-18 12:11:38.092,416.5837926669009,1003
2024-09-18 12:11:38.095,416.518191431446,1003
2024-09-18 12:11:38.129,416.5346461218373,98
2024-09-18 12:11:38.151,416.53943823939227,6
2024-09-18 12:11:38.158,416.5529184571168,14
2024-09-18 12:11:38.208,416.5824133316186,104
2024-09-18 12:11:38.292,416.522064948202,8
2024-09-18 12:11:38.392,416.54859727543,9
2024-09-18 12:11:38.481,416.5389726133555,997
2024-09-18 12:11:38.510,416.5657198336008,97
2024-09-18 12:11:38.570,416.54462832644975,95
2024-09-18 12:11:38.643,416.52423228674417,9
2024-09-18 12:11:38.906,416.53608133488456,102
2024-09-18 12:11:38.952,416.57395066808937,7
2024-09-18 12:11:39.117,416.58345811544,995
2024-09-18 12:11:39.333,416.5714885230264,11
2024-09-18 12:11:39.465,416.6001789109744,1003
2024-09-18 12:11:39.515,416.5932900189911,14
2024-09-18 12:11:39.628,416.58511599763074,1005
2024-09-18 12:11:39.921,416.6093715182616,96
2024-09-18 12:11:40.105,416.5716884162224,5
2024-09-18 12:11:41.276,416.57389511437816,1003
2024-09-18 12:11:41.303,416.5940752418839,105
2024-09-18 12:11:41.340,416.5749446208471,995
2024-09-18 12:11:41.383,416.5993027309137,999
2024-09-18 12:11:41.491,416.5708327330013,97
2024-09-18 12:11:41.493,416.5776193194849,102
2024-09-18 12:11:41.575,416.5658803149322,999
2024-09-18 12:11:41.591,416.5616719911083,101
2024-09-18 12:11:41.663,,100
2024-09-18 12:11:41.730,416.60479577516986,96
2024-09-18 12:11:41.810,416.606508945687,100
2024-09-18 12:11:41.817,416.563161796866,105
2024-09-18 12:11:41.849,416.592554260262,10
2024-09-18 12:11:41.874,416.59933202642094,7
2024-09-18 12:11:41.928,416.5757173658923,5
2024-09-18 12:11:42.007,416.5969225002496,1005
2024-09-18 12:11:42.546,416.5987672146578,6
2024-09-18 12:11:44.161,416.5834713777813,999
2024-09-18 12:11:44.217,416.6095791145583,999
2024-09-18 12:11:44.347,416.585986474914,9
2024-09-18 12:11:44.382,416.5864868281771,104
2024-09-18 12:11:44.477,416.5908462358022,14
2024-09-18 12:11:44.672,416.58839640154775,15
2024-09-18 12:11:44.830,416.57819883672266,5
2024-09-18 12:11:45.018,416.6099843511435,11
2024-09-18 12:11:45.023,416.6236732997863,6
2024-09-18 12:11:45.039,416.5994631827132,102
2024-09-18 12:11:45.048,41.66660893020065,95
2024-09-18 12:11:45.155,416.62588479140857,98
2024-09-18 12:11:45.163,416.64033406147104,1000
2024-09-18 12:11:45.181,416.62473857611286,100
2024-09-18 12:11:45.233,416.6156673572032,102
2024-09-18 12:11:45.264,416.6214167830916,996
2024-09-18 12:11:45.327,416.630782766951,101
2024-09-18 12:11:45.351,416.6304388962843,1000
2024-09-18 12:11:45.450,416.64730578834445,996
2024-09-18 12:11:45.493,416.6356844300605,998
2024-09-18 12:11:45.534,416.5742799576349,5
2024-09-18 12:11:45.594,416.61924135379854,101
2024-09-18 12:11:45.603,416.6638404972439,95
2024-09-18 12:11:45.622,416.6320090400143,13
2024-09-18 12:11:45.687,416.6038013251232,97
2024-09-18 12:11:45.734,416.633719485922,15
2024-09-18 12:11:45.846,416.645984472685,14
2024-09-18 12:11:45.893,416.6297358813234,1001
2024-09-18 12:11:45.928,416.5907475837293,105
2024-09-18 12:11:45.965,416.620645490194,99
2024-09-18 12:11:46.201,416.5699531338856,14
2024-09-18 12:11:46.444,416.5779556878389,104
2024-09-18 12:11:46.490,416.58842295220046,1003
2024-09-18 12:11:46.509,,14
2024-09-18 12:11:46.518,416.603869611265,104
2024-09-18 12:11:46.640,416.551697552,105
2024-09-18 12:11:46.840,416.6094010029743,10
2024-09-18 12:11:46.955,416.60634331506543,100
2024-09-18 12:11:47.082,416.6154978506087,103
2024-09-18 12:11:47.123,416.62111187535527,1005
2024-09-18 12:11:47.143,416.603871086975,5
2024-09-18 12:11:47.159,416.62052670131976,95
2024-09-18 12:11:47.203,416.6236503345902,95
2024-09-18 12:11:47.305,416.5995159964096,996
2024-09-18 12:11:47.319,416.6338852108876,997
2024-09-18 12:11:47.361,416.65523373504993,96
2024-09-18 12:11:47.386,416.64871442137616,8
2024-09-18 12:11:47.418,416.6029126960728,101
2024-09-18 12:11:47.429,416.6187804835518,1004
2024-09-18 12:11:47.439,416.6257194066797,1003
2024-09-18 12:11:47.613,416.6128755285957,7
2024-09-18 12:11:47.631,416.6387800181411,1000
2024-09-18 12:11:47.730,416.6320861334399,8
2024-09-18 12:11:47.756,416.6135440500631,1005
2024-09-18 12:11:47.800,416.6301935347219,105
2024-09-18 12:11:47.841,416.6570103542496,98
2024-09-18 12:11:47.943,416.608949028892,11
2024-09-18 12:11:47.990,416.6398154863136,997
2024-09-18 12:11:47.994,416.647308367743,996
2024-09-18 12:11:48.030,416.6402914963692,13
2024-09-18 12:11:48.048,416.6294158408367,102
2024-09-18 12:11:48.120,416.5962024464899,13
2024-09-18 12:11:48.128,416.5968301532628,102
2024-09-18 12:11:48.150,416.6503308557682,998
2024-09-18 12:11:48.190,416.6315149038656,1005
2024-09-18 12:11:48.378,416.59766376789054,97
2024-09-18 12:11:48.633,416.675986619382,7
2024-09-18 12:11:48.691,416.6343338977652,101
2024-09-18 12:11:48.830,416.6056380000261,1003
2024-09-18 12:11:48.940,416.66388751674975,1000
2024-09-18 12:11:49.105,416.615761728293,13
2024-09-18 12:11:49.112,416.6046476039604,5
2024-09-18 12:11:49.228,416.6151437256324,100
2024-09-18 12:11:49.302,416.5803825050204,105
2024-09-18 12:11:49.305,416.5755922023756,100
2024-09-18 12:11:49.338,416.61453353718986,11
2024-09-18 12:11:49.343,416.61142780608776,1001
2024-09-18 12:11:49.365,416.6152465896653,95
2024-09-18 12:11:49.473,416.6254507323231,99
2024-09-18 12:11:49.542,416.5845104775804,13
2024-09-18 12:11:49.563,416.61270783229526,996
2024-09-18 12:11:49.628,416.6298947357398,15
2024-09-18 12:11:49.670,416.5990602201826,105
2024-09-18 12:11:49.911,416.5953903952032,1005
2024-09-18 12:11:49.950,416.5983189782526,99
2024-09-18 12:11:49.981,416.584283154314,997
2024-09-18 12:11:49.986,416.5968854981856,8
2024-09-18 12:11:50.174,416.6328739913885,100
2024-09-18 12:11:50.206,416.5797521672482,95
2024-09-18 12:11:50.208,416.58978729315993,100
2024-09-18 12:11:50.285,416.653541485754,101
2024-09-18 12:11:50.306,416.6107995951174,1002
2024-09-18 12:11:50.315,416.641722037804,104
2024-09-18 12:11:50.340,416.62029285357687,102
2024-09-18 12:11:50.413,416.6098967667252,96
2024-09-18 12:11:50.528,416.6326662474396,998
2024-09-18 12:11:50.624,416.5953322353913,1005
2024-09-18 12:11:50.752,416.64714087108666,997
2024-09-18 12:11:50.764,416.5724194700119,103
2024-09-18 12:11:50.807,416.5910849851257,11
2024-09-18 12:11:50.886,416.5720317672527,6
2024-09-18 12:11:50.929,416.5566693840116,14
2024-09-18 12:11:50.947,416.5936832593695,97
2024-09-18 12:11:51.024,416.7573947348597,999
2024-09-18 12:11:51.225,416.6796129747715,100
2024-09-18 12:11:51.273,416.7060784643341,995
2024-09-18 12:11:51.451,416.6740918203034,14
2024-09-18 12:11:51.542,416.72405000879553,104
2024-09-18 12:11:51.967,416.69677906750405,14
2024-09-18 12:11:51.986,416.6304971130151,1000
2024-09-18 12:11:52.044,416.748682832054,995
2024-09-18 12:11:52.119,416.75738546185175,995
2024-09-18 12:11:52.211,416.7643222016171,1002
2024-09-18 12:11:52.299,416.76828898871446,1001
2024-09-18 12:11:52.364,416.75522148168005,5
2024-09-18 12:11:52.409,416.7487554706776,105
2024-09-18 12:11:52.422,416.73844447839656,1004
2024-09-18 12:11:52.429,416.7490747975829,5
2024-09-18 12:11:52.440,416.7658285042916,7
2024-09-18 12:11:52.499,416.73345717788425,1003
2024-09-18 12:11:52.570,416.7463327751513,9
2024-09-18 12:11:52.580,416.7698779439877,998
2024-09-18 12:11:52.633,416.7352477725914,1005
2024-09-18 12:11:52.640,416.7489392921121,11
2024-09-18 12:11:52.667,41.67778482671844,996
2024-09-18 12:11:52.837,416.7516244108681,13
2024-09-18 12:11:52.855,416.74106705809527,1005
2024-09-18 12:11:52.889,416.7430400461151,995
2024-09-18 12:11:52.951,416.7647315898367,997
2024-09-18 12:11:52.962,416.7533743414105,105
2024-09-18 12:11:52.971,416.7394334569114,103
2024-09-18 12:11:52.987,416.7496790443385,12
2024-09-18 12:11:52.990,416.7485007824458,14
2024-09-18 12:11:52.994,416.7552910605904,999
2024-09-18 12:11:53.089,416.740802144111,6
2024-09-18 12:11:53.109,416.7462925316464,103
2024-09-18 12:11:53.198,416.7343795575915,1004
2024-09-18 12:11:53.207,416.7140813044973,6
2024-09-18 12:11:53.288,416.7239413272136,95
2024-09-18 12:11:53.396,41.673128424732425,1003
2024-09-18 12:11:53.436,416.716564136681,1000
2024-09-18 12:11:53.447,416.734336239518,11
2024-09-18 12:11:53.471,416.7452450391,14
2024-09-18 12:11:53.504,416.7043743340003,998
2024-09-18 12:11:53.551,-416.7343819866523,10
2024-09-18 12:11:53.572,416.7335004569959,997
2024-09-18 12:11:53.583,416.72603136216486,98
2024-09-18 12:11:53.609,416.7286135403801,101
2024-09-18 12:11:53.849,416.7065994626464,99
2024-09-18 12:11:53.872,416.6937242904292,10
2024-09-18 12:11:53.894,416.7167520629015,12
2024-09-18 12:11:53.925,-416.71486835236766,9
2024-09-18 12:11:53.944,416.72888318544767,1000
2024-09-18 12:11:54.181,416.7188637930174,13
2024-09-18 12:11:54.366,416.7278268309823,996
2024-09-18 12:11:54.379,,1002
2024-09-18 12:11:54.506,416.7201686037672,998
2024-09-18 12:11:54.680,416.7157344921832,11
2024-09-18 12:11:54.724,416.7231920369663,104
2024-09-18 12:11:54.732,416.7081651366864,10
2024-09-18 12:11:54.887,416.70439029121246,6
2024-09-18 12:11:54.921,416.7277173809688,996
2024-09-18 12:11:54.932,416.7319965676899,15
2024-09-18 12:11:55.057,416.65324080715374,96
2024-09-18 12:11:55.078,416.6686278604945,1001
2024-09-18 12:11:55.090,416.6729869508059,5
2024-09-18 12:11:55.124,-416.6658546006606,101
2024-09-18 12:11:55.188,416.64281290519216,1002
2024-09-18 12:11:55.189,416.6721215161436,15
2024-09-18 12:11:55.211,416.63783038532017,12
2024-09-18 12:11:55.239,416.6595109899801,14
2024-09-18 12:11:55.263,416.6255348295885,1000
2024-09-18 12:11:55.325,416.6902870778047,999
2024-09-18 12:11:55.327,416.6773333582234,105
2024-09-18 12:11:55.343,416.6802800762323,101
2024-09-18 12:11:55.347,416.69944805428906,103
2024-09-18 12:11:55.432,416.6829719767616,9
2024-09-18 12:11:55.453,416.69369443448943,1000
2024-09-18 12:11:55.477,416.62579627950464,96
2024-09-18 12:11:55.502,,6
2024-09-18 12:11:55.517,416.65777908647385,1003
2024-09-18 12:11:55.538,416.65022818117774,99
2024-09-18 12:11:55.540,416.6459715162696,104
2024-09-18 12:11:55.561,416.6635181866373,1001
2024-09-18 12:11:55.625,416.6632281053016,1001
2024-09-18 12:11:55.668,416.6834241143994,12
2024-09-18 12:11:55.673,-416.6525776116703,1005
2024-09-18 12:11:55.724,416.6661182170738,13
2024-09-18 12:11:55.738,416.7236144578687,1002
2024-09-18 12:11:55.876,416.6689761608909,997
2024-09-18 12:11:55.885,416.6742302710773,995
2024-09-18 12:11:55.991,416.6801385051222,101
2024-09-18 12:11:56.069,416.7215739374296,996
2024-09-18 12:11:56.110,416.7138537619058,11
2024-09-18 12:11:56.189,416.7408136860339,1001
2024-09-18 12:11:56.271,416.72767219508665,105
2024-09-18 12:11:56.321,416.7381426355699,96
2024-09-18 12:11:56.332,416.737851367332,102
2024-09-18 12:11:56.395,416.7207879672196,98
2024-09-18 12:11:56.409,416.7260631662861,15
2024-09-18 12:11:56.461,416.7785781727774,11
2024-09-18 12:11:56.486,416.72401088808215,1003
2024-09-18 12:11:56.490,416.73974878069913,13
2024-09-18 12:11:56.548,416.73878584491945,102
2024-09-18 12:11:56.570,416.7033285289274,7
2024-09-18 12:11:56.584,416.7295523234652,998
2024-09-18 12:11:56.596,416.7400653443456,1004
2024-09-18 12:11:56.614,416.712776483526,12
2024-09-18 12:11:56.685,416.7620934872877,12
2024-09-18 12:11:56.742,416.722809705008,14
2024-09-18 12:11:56.798,416.71499365911694,98
2024-09-18 12:11:56.823,416.7541605784064,1004
2024-09-18 12:11:56.832,416.71036833350144,101
2024-09-18 12:11:56.843,416.6878846075178,13
2024-09-18 12:11:56.857,416.7354076451926,9
2024-09-18 12:11:56.881,416.7044796728299,995
2024-09-18 12:11:56.888,416.7115938560021,11
2024-09-18 12:11:56.927,416.7242599542884,15
2024-09-18 12:11:57.044,416.7008130402285,5
2024-09-18 12:11:57.221,416.7325798150897,1004
2024-09-18 12:11:57.327,416.746712176044,997
2024-09-18 12:11:57.560,416.713520215976,13
2024-09-18 12:11:57.688,416.7226558516792,100
2024-09-18 12:11:57.981,416.730306282834,99
2024-09-18 12:11:58.126,416.6831982535708,103
2024-09-18 12:11:58.285,416.6800944804714,96
2024-09-18 12:11:58.292,416.6747857740599,105
2024-09-18 12:11:58.293,416.6637079817729,13
2024-09-18 12:11:58.364,416.71041825404274,10
2024-09-18 12:11:58.456,416.6809101690135,13
2024-09-18 12:11:58.607,416.6798618291552,997
2024-09-18 12:11:58.614,416.6960042912699,1003
2024-09-18 12:11:58.637,416.7068589428938,98
2024-09-18 12:11:58.748,416.71292184820425,1000
2024-09-18 12:11:58.775,416.6797680484588,8
2024-09-18 12:11:58.888,416.6893822412811,104
2024-09-18 12:11:58.991,416.6968586422137,999
2024-09-18 12:11:59.000,416.68378379804807,6
2024-09-18 12:11:59.031,416.6862746344582,95
2024-09-18 12:11:59.251,416.688297591446,104
2024-09-18 12:11:59.341,,1005
2024-09-18 12:11:59.581,416.6933012042555,1003
2024-09-18 12:11:59.690,416.6914753977732,1002
2024-09-18 12:11:59.765,416.6746221181039,1004
2024-09-18 12:11:59.772,416.6875309012926,999
2024-09-18 12:11:59.805,416.6684737253124,1001
