Timestamp,Price,Size
2024-09-20 14:38:00.058,430.4454771443164,103
2024-09-20 14:38:00.196,430.5172628011856,1003
2024-09-20 14:38:00.376,430.4420845560308,998
2024-09-20 14:38:00.594,430.5202217357301,1000
2024-09-20 14:38:00.678,430.507562251866,8
2024-09-20 14:38:00.699,430.4576926062339,7
2024-09-20 14:38:00.731,430.4643117194838,998
2024-09-20 14:38:00.803,430.5275211481698,1003
2024-09-20 14:38:00.917,430.4847756361369,1004
2024-09-20 14:38:01.229,430.4335897979496,1001
2024-09-20 14:38:01.304,430.43881579612616,105
2024-09-20 14:38:01.465,430.4431022849645,1004
2024-09-20 14:38:01.504,430.4269212807972,1001
2024-09-20 14:38:02.024,430.482297143826,102
2024-09-20 14:38:02.038,422.3568451525392,95
2024-09-20 14:38:02.073,430.4380110837887,14
2024-09-20 14:38:02.169,430.4697554794946,8
2024-09-20 14:38:02.312,430.4474688162727,1000
2024-09-20 14:38:02.429,430.42709610317536,99
2024-09-20 14:38:02.518,430.467581616668,998
2024-09-20 14:38:02.964,430.4580152111399,9
2024-09-20 14:38:03.039,430.5169800574836,11
2024-09-20 14:38:03.084,430.495781356381,998
2024-09-20 14:38:03.137,430.4816283170039,97
2024-09-20 14:38:03.146,430.4855676033618,105
2024-09-20 14:38:03.243,430.505538238558,13
2024-09-20 14:38:03.438,430.5019415998986,11
2024-09-20 14:38:03.508,430.50861624258965,1002
2024-09-20 14:38:03.509,430.5089690789706,1002
2024-09-20 14:38:03.659,430.5062859053421,101
2024-09-20 14:38:03.684,430.4895562568624,97
2024-09-20 14:38:03.713,430.4944460960489,15
2024-09-20 14:38:03.725,430.5074924502584,1002
2024-09-20 14:38:03.755,430.4933239658256,1005
2024-09-20 14:38:03.797,430.49964963098216,102
2024-09-20 14:38:03.838,430.51425607708137,7
2024-09-20 14:38:03.849,430.4963951042218,1000
2024-09-20 14:38:03.936,-430.5094288931606,96
2024-09-20 14:38:04.017,430.5073568095429,1003
2024-09-20 14:38:04.051,,98
2024-09-20 14:38:04.103,430.5430234085268,1004
2024-09-20 14:38:04.175,430.4774144346651,102
2024-09-20 14:38:04.192,430.51147733288906,6
2024-09-20 14:38:04.207,430.50113810417855,95
2024-09-20 14:38:04.259,430.5185312761906,10
2024-09-20 14:38:04.282,430.5080905739,1002
2024-09-20 14:38:04.341,430.48942088214847,1005
2024-09-20 14:38:04.419,430.4728605208842,9
2024-09-20 14:38:04.663,430.4877224254863,95
2024-09-20 14:38:04.667,430.5116116097839,995
2024-09-20 14:38:04.685,430.5178788882446,98
2024-09-20 14:38:04.709,430.5433439432236,996
2024-09-20 14:38:04.735,430.5648853411447,1002
2024-09-20 14:38:04.788,430.49847422763935,1005
2024-09-20 14:38:04.797,430.5190829888957,995
2024-09-20 14:38:04.807,430.53074149739655,997
2024-09-20 14:38:04.859,430.48531980065343,12
2024-09-20 14:38:04.947,430.48028161886816,103
2024-09-20 14:38:04.966,430.4852148385007,96
2024-09-20 14:38:04.974,430.48240398556015,102
2024-09-20 14:38:05.029,430.6054823014216,99
2024-09-20 14:38:05.146,430.5988984075701,96
2024-09-20 14:38:05.216,430.5995195503144,6
2024-09-20 14:38:05.217,430.6385687116589,104
2024-09-20 14:38:05.673,430.5894751564446,103
2024-09-20 14:38:05.870,430.61052004217015,96
2024-09-20 14:38:05.875,430.6276060513412,12
2024-09-20 14:38:06.026,430.630265441301,996
2024-09-20 14:38:06.032,430.6300861830363,13
2024-09-20 14:38:06.082,430.630215010299,7
2024-09-20 14:38:06.090,430.5811893138982,96
2024-09-20 14:38:06.133,430.6317358510269,999
2024-09-20 14:38:06.212,430.54528689717154,97
2024-09-20 14:38:06.240,430.6128123445056,999
2024-09-20 14:38:06.302,430.6291236406095,101
2024-09-20 14:38:06.304,430.5837553072396,5
2024-09-20 14:38:06.367,430.5728979052464,96
2024-09-20 14:38:06.418,430.6320133503179,999
2024-09-20 14:38:06.490,430.558873332749,5
2024-09-20 14:38:06.720,430.59059157789,100
2024-09-20 14:38:06.820,430.6247502467101,1000
2024-09-20 14:38:06.872,430.62614944637846,7
2024-09-20 14:38:06.875,430.56384015290905,100
2024-09-20 14:38:07.082,430.60811746526105,7
2024-09-20 14:38:07.098,430.6046791676841,97
2024-09-20 14:38:07.287,430.60489611782486,104
2024-09-20 14:38:07.404,430.5963332951165,103
2024-09-20 14:38:07.443,430.5894829508532,7
2024-09-20 14:38:07.810,430.5949736275196,15
2024-09-20 14:38:08.136,430.57675388348144,103
2024-09-20 14:38:08.328,43.06154420890076,99
2024-09-20 14:38:08.421,430.6004081449915,14
2024-09-20 14:38:08.604,430.6024058287938,5
2024-09-20 14:38:08.616,430.6041884642167,997
2024-09-20 14:38:08.729,430.5941593111824,996
2024-09-20 14:38:08.844,430.6021890899058,13
2024-09-20 14:38:09.265,430.5958981304279,1001
2024-09-20 14:38:09.448,430.61402818811655,10
2024-09-20 14:38:09.510,430.5888046088128,5
2024-09-20 14:38:09.578,430.5899579305765,5
2024-09-20 14:38:09.669,430.5933082717236,95
2024-09-20 14:38:09.896,430.5632911093083,95
2024-09-20 14:38:10.009,430.5723504187186,99
2024-09-20 14:38:10.074,430.59961281155535,12
2024-09-20 14:38:10.122,430.5830366417912,13
2024-09-20 14:38:10.222,430.5868235157185,13
2024-09-20 14:38:10.229,430.57104891768125,999
2024-09-20 14:38:10.404,430.5557994241266,1004
2024-09-20 14:38:10.430,430.5879168617105,101
2024-09-20 14:38:10.536,430.5647996455704,5
2024-09-20 14:38:10.542,430.5746478977036,96
2024-09-20 14:38:10.659,430.6026651680276,1004
2024-09-20 14:38:10.659,430.5844660165744,998
2024-09-20 14:38:10.697,430.5809718413377,103
2024-09-20 14:38:10.726,430.5490962794374,15
2024-09-20 14:38:10.730,430.56196353147016,998
2024-09-20 14:38:10.767,430.5711096580667,102
2024-09-20 14:38:10.788,430.58684237564944,998
2024-09-20 14:38:10.872,430.5626870643409,15
2024-09-20 14:38:10.900,430.5874027520826,97
2024-09-20 14:38:10.923,430.5643411166744,100
2024-09-20 14:38:10.953,430.5889352442142,6
2024-09-20 14:38:10.998,430.58422966764266,99
2024-09-20 14:38:11.023,430.59349088478206,9
2024-09-20 14:38:11.179,430.6022146134988,102
2024-09-20 14:38:11.184,430.5998654203166,11
2024-09-20 14:38:11.194,430.6141380771612,96
2024-09-20 14:38:11.199,430.590022324531,6
2024-09-20 14:38:11.247,430.5792697778544,1002
2024-09-20 14:38:11.421,430.5849614473139,15
2024-09-20 14:38:11.453,430.5957812554034,6
2024-09-20 14:38:11.667,430.6082164651365,102
2024-09-20 14:38:11.675,430.6148130783127,14
2024-09-20 14:38:11.684,430.6085578580862,97
2024-09-20 14:38:11.720,430.5912336195006,999
2024-09-20 14:38:11.769,430.5828997484329,101
2024-09-20 14:38:11.878,430.5948198361826,996
2024-09-20 14:38:11.883,430.57953793405846,1004
2024-09-20 14:38:11.970,430.5847443870882,8
2024-09-20 14:38:11.994,430.5626375075453,102
2024-09-20 14:38:12.034,422.3443083466873,104
2024-09-20 14:38:12.134,430.54990325728136,1005
2024-09-20 14:38:12.182,430.5667188173538,5
2024-09-20 14:38:12.286,43.05475316972402,97
2024-09-20 14:38:12.289,430.5524711724276,102
2024-09-20 14:38:12.408,430.55134989124855,5
2024-09-20 14:38:12.417,430.5502171695168,7
2024-09-20 14:38:12.766,430.5536049958389,98
2024-09-20 14:38:12.808,430.5516293346016,103
2024-09-20 14:38:12.897,430.5467313740637,13
2024-09-20 14:38:12.986,430.5591084299432,999
2024-09-20 14:38:13.036,430.5370062753277,1005
2024-09-20 14:38:13.044,430.52998693162414,996
2024-09-20 14:38:13.440,430.5233272287477,999
2024-09-20 14:38:13.595,430.5523798570344,96
2024-09-20 14:38:13.602,430.5569400140396,995
2024-09-20 14:38:13.828,430.5408179643433,101
2024-09-20 14:38:13.842,430.5481327409994,100
2024-09-20 14:38:13.928,430.5120458383907,98
2024-09-20 14:38:13.930,430.5522543576024,102
2024-09-20 14:38:13.962,430.560949687861,1001
2024-09-20 14:38:14.647,430.5506170334904,14
2024-09-20 14:38:14.893,430.5401419471661,7
2024-09-20 14:38:15.025,430.5593271421064,102
2024-09-20 14:38:15.126,430.5319024563371,1003
2024-09-20 14:38:15.132,430.5634461468526,5
2024-09-20 14:38:15.141,430.5245246344064,999
2024-09-20 14:38:15.145,430.5539471997652,8
2024-09-20 14:38:15.195,430.5471877757063,97
2024-09-20 14:38:15.277,430.53012486313776,102
2024-09-20 14:38:15.286,430.5444793351491,99
2024-09-20 14:38:15.302,430.5641303812428,12
2024-09-20 14:38:15.316,430.550752151239,15
2024-09-20 14:38:15.503,430.546185730576,98
2024-09-20 14:38:15.525,430.5170770395835,9
2024-09-20 14:38:15.536,430.5545715699805,8
2024-09-20 14:38:15.643,430.541379348521,102
2024-09-20 14:38:15.718,430.57287681276017,1004
2024-09-20 14:38:15.762,430.5504424179062,6
2024-09-20 14:38:15.825,430.5546282895516,1005
2024-09-20 14:38:15.828,430.549450716481,7
2024-09-20 14:38:15.836,430.5281468989888,1005
2024-09-20 14:38:15.894,430.5322349747818,105
2024-09-20 14:38:15.929,430.5438838675496,12
2024-09-20 14:38:15.962,430.5555204137434,998
2024-09-20 14:38:15.976,430.5314190594861,1000
2024-09-20 14:38:16.041,430.4349724019528,12
2024-09-20 14:38:16.047,430.52877933458296,101
2024-09-20 14:38:16.093,430.5200695212397,98
2024-09-20 14:38:16.130,430.4407797274093,10
2024-09-20 14:38:16.161,430.5039039293891,10
2024-09-20 14:38:16.267,430.4658520980777,6
2024-09-20 14:38:16.337,430.5262373148889,105
2024-09-20 14:38:16.343,430.5340462503187,104
2024-09-20 14:38:16.366,430.5216369786624,101
2024-09-20 14:38:16.423,430.54496322021686,10
2024-09-20 14:38:16.584,430.4527793498451,103
2024-09-20 14:38:16.597,430.4860216790077,5
2024-09-20 14:38:16.601,430.5031255059209,1004
2024-09-20 14:38:16.605,430.46637534784776,7
2024-09-20 14:38:16.668,430.5426968216289,98
2024-09-20 14:38:16.703,430.4976332553935,1000
2024-09-20 14:38:16.706,430.5310098221479,97
2024-09-20 14:38:16.752,430.5081135973614,1004
2024-09-20 14:38:16.903,430.5332385205137,5
2024-09-20 14:38:17.004,43.04737972233187,100
2024-09-20 14:38:17.061,430.4567871814322,997
2024-09-20 14:38:17.171,430.4989433875022,7
2024-09-20 14:38:17.302,430.42434715841966,10
2024-09-20 14:38:17.319,430.4608907955504,996
2024-09-20 14:38:17.426,430.4798541936088,14
2024-09-20 14:38:17.508,430.43773140077616,10
2024-09-20 14:38:17.537,430.4786474298238,9
2024-09-20 14:38:17.628,430.4506522524642,15
2024-09-20 14:38:17.679,,105
2024-09-20 14:38:17.803,430.4448508609046,998
2024-09-20 14:38:17.956,430.44161846147097,995
2024-09-20 14:38:18.004,430.4729077064595,12
2024-09-20 14:38:18.016,430.4198603569078,1001
2024-09-20 14:38:18.058,430.4722018306527,1005
2024-09-20 14:38:18.128,430.4626524207929,11
2024-09-20 14:38:18.154,-430.4921864178834,12
2024-09-20 14:38:18.280,430.4794851590074,999
2024-09-20 14:38:18.357,430.4514135871471,1003
2024-09-20 14:38:18.359,430.4809155283939,13
2024-09-20 14:38:18.441,430.4843437568628,11
2024-09-20 14:38:18.469,430.42453890217615,14
2024-09-20 14:38:18.470,430.5032827017205,1001
2024-09-20 14:38:18.518,430.45801881376485,98
2024-09-20 14:38:18.563,430.50984571205504,7
2024-09-20 14:38:18.565,,996
2024-09-20 14:38:18.567,430.4672116930739,1004
2024-09-20 14:38:18.591,430.4873188792487,13
2024-09-20 14:38:18.598,430.44866369265,104
2024-09-20 14:38:18.618,430.42693017214935,105
2024-09-20 14:38:18.676,430.47644517339165,6
2024-09-20 14:38:18.687,430.4320142251999,1000
2024-09-20 14:38:18.795,430.4891949206629,12
2024-09-20 14:38:18.823,430.4490297945186,96
2024-09-20 14:38:18.843,430.4917539967345,8
2024-09-20 14:38:18.874,430.488081436888,1001
2024-09-20 14:38:18.905,430.4745273962296,1003
2024-09-20 14:38:18.929,430.4954083979192,1002
2024-09-20 14:38:18.932,430.4933759677861,11
2024-09-20 14:38:18.967,430.4730150071644,102
2024-09-20 14:38:18.973,430.450652011665,99
2024-09-20 14:38:19.006,430.3148296120761,999
2024-09-20 14:38:19.023,430.3267946571748,1005
2024-09-20 14:38:19.168,430.41559526305406,9
2024-09-20 14:38:19.192,430.3087594577042,7
2024-09-20 14:38:19.214,430.4163489964408,9
2024-09-20 14:38:19.224,430.3467730477782,101
2024-09-20 14:38:19.226,430.3763684775057,95
2024-09-20 14:38:19.326,430.3753533905447,996
2024-09-20 14:38:19.355,,97
2024-09-20 14:38:19.434,430.3297044152077,997
2024-09-20 14:38:19.487,422.3895153230528,97
2024-09-20 14:38:19.527,430.3188578535366,1005
2024-09-20 14:38:19.548,430.3287750888464,96
2024-09-20 14:38:19.552,430.3329708070045,1003
2024-09-20 14:38:19.567,430.32106346652,10
2024-09-20 14:38:19.575,430.3393973875667,14
2024-09-20 14:38:19.659,430.3618980610825,102
2024-09-20 14:38:19.673,430.4010954114056,5
2024-09-20 14:38:19.691,430.321451547576,999
2024-09-20 14:38:19.820,430.3249598567528,998
2024-09-20 14:38:19.837,43.040490698554194,12
2024-09-20 14:38:19.866,430.3911880532424,998
2024-09-20 14:38:19.961,430.350677060121,1003
2024-09-20 14:38:19.966,430.36725875317336,999
2024-09-20 14:38:19.983,430.3139050736208,96
2024-09-20 14:38:19.991,430.3264624213798,1005
2024-09-20 14:38:20.061,430.26811618153926,5
2024-09-20 14:38:20.096,,8
2024-09-20 14:38:20.253,430.3099346460476,996
2024-09-20 14:38:20.269,430.3224763906711,5
2024-09-20 14:38:20.277,430.266661320718,998
2024-09-20 14:38:20.363,430.3385775460087,104
2024-09-20 14:38:20.367,430.2761205024873,98
2024-09-20 14:38:20.457,430.310650574412,1005
2024-09-20 14:38:20.460,430.2665459922737,1005
2024-09-20 14:38:20.471,430.32290749223847,1001
2024-09-20 14:38:20.482,430.2940445929693,97
2024-09-20 14:38:20.529,430.2823712716249,996
2024-09-20 14:38:20.607,430.3073069647992,995
2024-09-20 14:38:20.614,430.2878729273021,999
2024-09-20 14:38:20.624,430.3144711765942,999
2024-09-20 14:38:20.655,430.3144505685831,104
2024-09-20 14:38:20.657,430.273840554313,11
2024-09-20 14:38:20.732,430.2854981438079,995
2024-09-20 14:38:20.738,430.2679796031746,99
2024-09-20 14:38:20.765,430.2885458395334,1003
2024-09-20 14:38:20.805,430.2822636564173,105
2024-09-20 14:38:20.834,430.315274278648,101
2024-09-20 14:38:20.841,430.2589279259109,104
2024-09-20 14:38:21.029,430.31192379742856,996
2024-09-20 14:38:21.087,430.29085310420606,996
2024-09-20 14:38:21.123,430.2818450507328,103
2024-09-20 14:38:21.149,430.2860400563416,7
2024-09-20 14:38:21.151,430.2771631982827,99
2024-09-20 14:38:21.164,430.2723033539798,12
2024-09-20 14:38:21.217,430.28925404572806,997
2024-09-20 14:38:21.295,430.31585677111127,998
2024-09-20 14:38:21.361,430.3334891962944,103
2024-09-20 14:38:21.378,430.27730313665495,103
2024-09-20 14:38:21.404,430.2977528828209,102
2024-09-20 14:38:21.504,430.3038468963558,999
2024-09-20 14:38:21.507,430.2923480186634,6
2024-09-20 14:38:21.514,430.3066920439412,998
2024-09-20 14:38:21.564,430.3071806311108,101
2024-09-20 14:38:21.610,430.3195193465876,1000
2024-09-20 14:38:21.637,430.2610901633263,100
2024-09-20 14:38:21.637,430.286224450792,1000
2024-09-20 14:38:21.702,430.2844587348909,6
2024-09-20 14:38:21.717,430.3139523473815,1002
2024-09-20 14:38:21.762,430.29464752772856,10
2024-09-20 14:38:21.853,430.32212540827686,105
2024-09-20 14:38:21.897,43.02864768822453,10
2024-09-20 14:38:21.925,430.3007051940739,7
2024-09-20 14:38:21.932,430.2903467794319,15
2024-09-20 14:38:21.936,430.3036520146841,1000
2024-09-20 14:38:21.950,430.3219146746241,12
2024-09-20 14:38:21.958,430.3232571353044,100
2024-09-20 14:38:21.987,430.2782451545988,1000
2024-09-20 14:38:22.032,430.30605919076464,1003
2024-09-20 14:38:22.032,430.2878340182857,1005
2024-09-20 14:38:22.075,430.2775063441218,995
2024-09-20 14:38:22.134,430.2881308162472,15
2024-09-20 14:38:22.150,430.2957629640768,1003
2024-09-20 14:38:22.181,430.286291433714,6
2024-09-20 14:38:22.222,430.2545095383701,99
2024-09-20 14:38:22.276,430.2901022793727,11
2024-09-20 14:38:22.339,430.2624124981983,6
2024-09-20 14:38:22.340,430.293515501398,1003
2024-09-20 14:38:22.409,430.26500563623176,1005
2024-09-20 14:38:22.429,430.26070824401046,13
2024-09-20 14:38:22.436,430.28009063348935,98
2024-09-20 14:38:22.520,430.2885456837705,100
2024-09-20 14:38:22.521,430.26550580104686,95
2024-09-20 14:38:22.539,430.2766471960471,1001
2024-09-20 14:38:22.586,430.3169819903579,96
2024-09-20 14:38:22.612,430.2953726912981,9
2024-09-20 14:38:22.640,430.2776612989514,998
2024-09-20 14:38:22.642,430.3093498097962,10
2024-09-20 14:38:22.726,430.2710652044271,101
2024-09-20 14:38:22.746,430.2927655568171,12
2024-09-20 14:38:22.812,430.2781185681754,1004
2024-09-20 14:38:22.812,430.2909321596669,104
2024-09-20 14:38:22.832,430.26161264953856,1003
2024-09-20 14:38:22.920,430.2915767291461,1000
2024-09-20 14:38:22.943,430.26056725481976,13
2024-09-20 14:38:22.945,430.2679019811514,98
2024-09-20 14:38:22.989,430.2455271619184,13
2024-09-20 14:38:23.042,430.3408681575677,98
2024-09-20 14:38:23.069,430.3307084219893,6
2024-09-20 14:38:23.100,430.3993549166889,10
2024-09-20 14:38:23.107,430.259973884877,1003
2024-09-20 14:38:23.202,430.2997570967531,1003
2024-09-20 14:38:23.210,430.3943859329953,997
2024-09-20 14:38:23.244,430.34490506824255,1002
2024-09-20 14:38:23.251,430.25464612905057,7
2024-09-20 14:38:23.253,430.38134885891225,10
2024-09-20 14:38:23.335,430.2782540074337,104
2024-09-20 14:38:23.407,422.4018464380757,14
2024-09-20 14:38:23.414,430.2622358019792,6
2024-09-20 14:38:23.464,430.3171995966436,1000
2024-09-20 14:38:23.497,430.4069624269984,7
2024-09-20 14:38:23.504,430.4116417151873,102
2024-09-20 14:38:23.519,430.3372101112152,97
2024-09-20 14:38:23.541,430.3200012709687,105
2024-09-20 14:38:23.595,430.3954694530612,14
2024-09-20 14:38:23.599,430.28551650394695,995
2024-09-20 14:38:23.628,430.2588885048447,9
2024-09-20 14:38:23.720,430.27218418449553,995
2024-09-20 14:38:23.732,,7
2024-09-20 14:38:23.776,430.2751159827956,1005
2024-09-20 14:38:23.781,430.2744460598008,102
2024-09-20 14:38:23.800,430.2519263609783,12
2024-09-20 14:38:23.812,430.3543137030957,1004
2024-09-20 14:38:23.926,430.2895986406338,104
2024-09-20 14:38:23.986,430.4044334196336,9
2024-09-20 14:38:24.078,43.03771367487587,1004
2024-09-20 14:38:24.421,430.37441813361744,13
2024-09-20 14:38:24.559,430.3872649959756,997
2024-09-20 14:38:24.559,430.3854621728372,100
2024-09-20 14:38:24.602,430.3813497289059,995
2024-09-20 14:38:24.686,430.40487206919306,995
2024-09-20 14:38:24.692,430.3711656726252,5
2024-09-20 14:38:24.893,430.37492235365846,997
2024-09-20 14:38:24.895,430.3856140204789,11
2024-09-20 14:38:25.171,430.311384756259,999
2024-09-20 14:38:25.265,430.3767741827334,14
2024-09-20 14:38:25.298,430.322960369094,99
2024-09-20 14:38:25.712,430.37110393591314,101
2024-09-20 14:38:25.942,430.3487370433852,999
2024-09-20 14:38:26.198,,8
2024-09-20 14:38:26.329,430.3346535899456,5
2024-09-20 14:38:27.072,430.36743286582674,102
2024-09-20 14:38:27.098,430.3711090813522,995
2024-09-20 14:38:27.128,430.3887239030441,9
2024-09-20 14:38:27.131,430.3787070903026,13
2024-09-20 14:38:27.140,430.4154225866184,104
2024-09-20 14:38:27.165,430.40505761125786,10
2024-09-20 14:38:27.368,430.4041988458321,1003
2024-09-20 14:38:27.427,430.3379702775756,995
2024-09-20 14:38:27.434,430.34953280613206,100
2024-09-20 14:38:27.450,430.3498809240992,105
2024-09-20 14:38:27.474,430.3534129557506,13
2024-09-20 14:38:27.510,430.4032585118226,95
2024-09-20 14:38:27.553,430.3634112045504,8
2024-09-20 14:38:27.579,430.3881854015781,104
2024-09-20 14:38:27.612,430.40009727287,103
2024-09-20 14:38:27.618,430.34423916514834,1000
2024-09-20 14:38:27.640,430.3362393590691,5
2024-09-20 14:38:27.683,430.3394123696929,1003
2024-09-20 14:38:27.700,430.3334549673125,103
2024-09-20 14:38:27.736,430.38481602361503,1001
2024-09-20 14:38:27.736,430.33250219345945,98
2024-09-20 14:38:27.794,430.4013806201485,1000
2024-09-20 14:38:27.800,430.3807494072907,103
2024-09-20 14:38:27.892,430.3871649631768,10
2024-09-20 14:38:27.921,430.3385463023378,99
2024-09-20 14:38:27.983,430.3424543824754,100
2024-09-20 14:38:27.988,430.35868516718887,1002
2024-09-20 14:38:28.148,-430.40782176240685,1000
2024-09-20 14:38:28.172,430.392842780116,98
2024-09-20 14:38:28.219,430.4079960494447,12
2024-09-20 14:38:28.317,430.3963930155512,95
2024-09-20 14:38:28.455,430.405944414989,995
2024-09-20 14:38:28.756,430.40120125609945,999
2024-09-20 14:38:28.960,430.41684295668574,998
2024-09-20 14:38:28.973,430.38687052727454,9
2024-09-20 14:38:29.630,430.4160676299062,10
2024-09-20 14:38:31.023,430.45949385960296,100
2024-09-20 14:38:31.050,430.4864242586239,95
2024-09-20 14:38:31.079,,6
2024-09-20 14:38:31.173,430.44288082820094,8
2024-09-20 14:38:31.186,430.497692351576,100
2024-09-20 14:38:31.243,430.4869505043096,1002
2024-09-20 14:38:31.251,,10
2024-09-20 14:38:31.858,430.4557935894063,104
2024-09-20 14:38:31.882,430.4396336930332,104
2024-09-20 14:38:31.886,430.4426812391467,15
2024-09-20 14:38:31.894,430.4341161921731,11
2024-09-20 14:38:31.988,430.4728227465777,1003
2024-09-20 14:38:32.046,430.4723262536298,97
2024-09-20 14:38:32.346,430.4565204457359,103
2024-09-20 14:38:32.454,430.49550695458174,95
2024-09-20 14:38:33.034,430.4741982456506,10
2024-09-20 14:38:33.063,430.4721928031631,105
2024-09-20 14:38:33.075,430.4512198653917,97
2024-09-20 14:38:33.126,430.4759000563354,6
2024-09-20 14:38:33.156,430.4517158297673,1004
2024-09-20 14:38:33.247,430.43226319322383,997
2024-09-20 14:38:33.263,430.4433998036277,95
2024-09-20 14:38:33.355,430.4481699424088,101
2024-09-20 14:38:33.363,430.4243667957804,7
2024-09-20 14:38:33.379,430.4534355315213,5
2024-09-20 14:38:33.424,430.4507360387786,99
2024-09-20 14:38:33.442,430.47926860102353,14
2024-09-20 14:38:33.500,430.4442965847609,1003
2024-09-20 14:38:33.577,430.4515235982679,104
2024-09-20 14:38:33.622,422.59926245576105,10
2024-09-20 14:38:33.627,430.4246428097832,104
2024-09-20 14:38:33.634,430.4357316158767,1005
2024-09-20 14:38:33.654,430.48873097496727,101
2024-09-20 14:38:33.659,430.4431618454967,11
2024-09-20 14:38:33.660,430.4790100661583,99
2024-09-20 14:38:33.791,430.4528152454022,103
2024-09-20 14:38:33.798,430.43564219702967,6
2024-09-20 14:38:33.849,430.4448234956554,100
2024-09-20 14:38:33.898,430.4728793765737,6
2024-09-20 14:38:34.055,430.5017102338368,1005
2024-09-20 14:38:34.098,430.48511367879416,14
2024-09-20 14:38:34.105,430.4649504380437,996
2024-09-20 14:38:34.170,430.4802950763324,1000
2024-09-20 14:38:34.328,430.5199836455092,6
2024-09-20 14:38:34.459,430.47715231758536,101
2024-09-20 14:38:34.469,430.466596992387,14
2024-09-20 14:38:34.527,430.48961787133,101
2024-09-20 14:38:34.536,430.504932238223,1001
2024-09-20 14:38:34.566,430.4703661277724,997
2024-09-20 14:38:34.578,430.4696833811861,103
2024-09-20 14:38:34.589,430.4851225532861,7
2024-09-20 14:38:34.620,430.48894267173023,1000
2024-09-20 14:38:34.673,430.5175703029786,999
2024-09-20 14:38:34.731,430.47153576730193,1005
2024-09-20 14:38:34.810,430.4738422286495,995
2024-09-20 14:38:34.826,430.4867972438416,12
2024-09-20 14:38:34.888,430.4446496681801,11
2024-09-20 14:38:34.997,430.5167930942116,101
2024-09-20 14:38:35.090,430.5439273861463,13
2024-09-20 14:38:35.120,430.5567742059852,997
2024-09-20 14:38:35.138,430.5309104610859,104
2024-09-20 14:38:35.164,430.5754354316352,997
2024-09-20 14:38:35.223,430.5442794705708,12
2024-09-20 14:38:35.265,430.5630779942042,8
2024-09-20 14:38:35.307,430.5403585089749,1003
2024-09-20 14:38:35.385,430.5364237783306,6
2024-09-20 14:38:35.441,430.52992792322425,99
2024-09-20 14:38:35.535,-430.54333360140527,100
2024-09-20 14:38:35.541,430.5627764598517,14
2024-09-20 14:38:35.601,-430.5585461537232,12
2024-09-20 14:38:35.638,430.5452786405712,103
2024-09-20 14:38:35.695,430.5485363823381,95
2024-09-20 14:38:35.703,430.57459092621497,101
2024-09-20 14:38:35.740,430.5706537854274,1001
2024-09-20 14:38:35.742,430.5125702333653,997
2024-09-20 14:38:35.787,430.5524094224079,102
2024-09-20 14:38:35.810,430.5458980496231,10
2024-09-20 14:38:35.825,430.5524440978304,103
2024-09-20 14:38:35.836,430.5736349181293,997
2024-09-20 14:38:35.877,430.5407424320252,9
2024-09-20 14:38:35.891,430.5751650511273,1005
2024-09-20 14:38:36.003,430.5490160782698,96
2024-09-20 14:38:36.004,430.5563960390476,9
2024-09-20 14:38:36.072,430.60008892299214,98
2024-09-20 14:38:36.192,430.54856018312864,996
2024-09-20 14:38:36.341,430.565591512725,105
2024-09-20 14:38:36.356,430.5895795457933,1000
2024-09-20 14:38:36.366,430.5892476865965,98
2024-09-20 14:38:36.380,430.5839470497378,104
2024-09-20 14:38:36.453,430.5554329686418,1002
2024-09-20 14:38:36.622,430.541529017953,998
2024-09-20 14:38:36.664,430.5501073638978,99
2024-09-20 14:38:36.693,430.56465339448135,14
2024-09-20 14:38:36.698,430.5788238400065,6
2024-09-20 14:38:36.705,430.57028557655786,95
2024-09-20 14:38:36.769,430.5815836065618,13
2024-09-20 14:38:36.800,430.558294720478,12
2024-09-20 14:38:36.845,-430.5640501465588,104
2024-09-20 14:38:36.869,430.5495315208097,997
2024-09-20 14:38:36.876,430.5657968417276,12
2024-09-20 14:38:36.883,430.5732067988776,999
2024-09-20 14:38:36.901,430.5879813530379,1003
2024-09-20 14:38:36.908,430.5881164335216,102
2024-09-20 14:38:36.908,430.57621496477657,11
2024-09-20 14:38:36.916,430.5748286942105,96
2024-09-20 14:38:36.934,430.60384791205337,95
2024-09-20 14:38:36.962,,1000
2024-09-20 14:38:36.962,430.5283531929196,104
2024-09-20 14:38:36.993,430.559004874246,8
2024-09-20 14:38:37.078,430.51440188508246,999
2024-09-20 14:38:37.101,430.5058443965091,98
2024-09-20 14:38:37.173,430.52315788677976,996
2024-09-20 14:38:37.274,430.6163053983177,1005
2024-09-20 14:38:37.275,430.537551032517,13
2024-09-20 14:38:37.296,430.5188746970183,1003
2024-09-20 14:38:37.357,430.5344097767311,12
2024-09-20 14:38:37.377,430.46662066756113,8
2024-09-20 14:38:37.507,,13
2024-09-20 14:38:37.537,430.6052434179469,6
2024-09-20 14:38:37.556,430.55003884641474,1005
2024-09-20 14:38:37.556,430.6103107565713,15
2024-09-20 14:38:37.557,430.5367855390369,96
2024-09-20 14:38:37.569,430.46565910137207,101
2024-09-20 14:38:37.583,430.5129324552448,8
2024-09-20 14:38:37.641,430.5175151028923,11
2024-09-20 14:38:37.680,430.4729545510779,98
2024-09-20 14:38:37.744,430.4995850241709,995
2024-09-20 14:38:37.754,430.5224106779389,97
2024-09-20 14:38:37.763,430.5266727796977,104
2024-09-20 14:38:37.764,430.5988567329466,999
2024-09-20 14:38:37.827,430.57101472108,995
2024-09-20 14:38:38.256,430.4727564580209,1004
2024-09-20 14:38:38.466,430.47562668746974,1001
2024-09-20 14:38:38.495,430.4541798622519,997
2024-09-20 14:38:38.512,430.4587600250641,6
2024-09-20 14:38:38.513,430.4796115729388,1004
2024-09-20 14:38:38.526,430.4674521981714,105
2024-09-20 14:38:38.572,430.4776680674467,12
2024-09-20 14:38:38.589,430.47110173506127,5
2024-09-20 14:38:38.596,430.4783436530836,1003
2024-09-20 14:38:38.697,422.7183850147061,1000
2024-09-20 14:38:38.964,430.4752207264632,97
2024-09-20 14:38:40.026,422.7510190599136,99
2024-09-20 14:38:40.029,430.5256959661813,97
2024-09-20 14:38:40.077,430.5360328251994,12
2024-09-20 14:38:40.163,430.4858763369016,9
2024-09-20 14:38:40.176,430.4826130011167,1002
2024-09-20 14:38:40.176,430.4833951934689,98
2024-09-20 14:38:40.199,430.5348497597944,1004
2024-09-20 14:38:40.250,430.4875402405961,98
2024-09-20 14:38:40.260,430.4455743414951,96
2024-09-20 14:38:40.295,430.4609959676852,12
2024-09-20 14:38:40.316,430.4987722453932,103
2024-09-20 14:38:40.333,430.5126220857459,13
2024-09-20 14:38:40.340,430.48060810625583,5
2024-09-20 14:38:40.432,430.533391671139,1002
2024-09-20 14:38:40.465,430.51962998914,1004
2024-09-20 14:38:40.479,430.4648348293612,999
2024-09-20 14:38:40.507,430.5481549307031,999
2024-09-20 14:38:40.552,430.537923358965,8
2024-09-20 14:38:40.554,430.4686266625225,12
2024-09-20 14:38:40.675,430.5167896403331,996
2024-09-20 14:38:40.677,430.4721774167701,100
2024-09-20 14:38:40.732,430.5290890286013,95
2024-09-20 14:38:40.760,430.53786976428745,999
2024-09-20 14:38:40.763,430.4810182513847,1004
2024-09-20 14:38:40.777,430.5074245177983,101
2024-09-20 14:38:40.795,430.5177884600768,1002
2024-09-20 14:38:40.845,430.522153342638,12
2024-09-20 14:38:40.893,430.5240096957925,104
2024-09-20 14:38:40.969,430.5175058836133,1004
2024-09-20 14:38:41.000,430.5561417717113,14
2024-09-20 14:38:41.049,430.5067451598578,999
2024-09-20 14:38:41.133,430.5517727288196,1003
2024-09-20 14:38:41.264,430.5278559347442,98
2024-09-20 14:38:41.348,430.5200056384196,7
2024-09-20 14:38:41.429,430.5778994236505,998
2024-09-20 14:38:41.497,430.5649613856968,103
2024-09-20 14:38:41.517,430.55204645944167,11
2024-09-20 14:38:41.654,430.5650125052176,12
2024-09-20 14:38:41.660,43.05576821007253,1002
2024-09-20 14:38:41.759,430.5398168081454,9
2024-09-20 14:38:41.847,430.5183520706179,103
2024-09-20 14:38:41.949,430.5635488184808,997
2024-09-20 14:38:41.957,430.5623806680806,1004
2024-09-20 14:38:41.968,430.540699024639,101
2024-09-20 14:38:42.043,-430.5382131215974,9
2024-09-20 14:38:42.618,430.5429181559727,1004
2024-09-20 14:38:42.644,430.5453726847582,7
2024-09-20 14:38:42.841,430.546197402762,8
2024-09-20 14:38:42.951,430.5627737005423,14
2024-09-20 14:38:43.043,430.6344378077703,103
2024-09-20 14:38:43.054,430.5459602056693,1004
2024-09-20 14:38:43.142,430.5506170333671,1005
2024-09-20 14:38:43.150,430.6115529626927,105
2024-09-20 14:38:43.157,430.5471987314591,99
2024-09-20 14:38:43.184,430.6192964727424,997
2024-09-20 14:38:43.300,430.62200255424347,1004
2024-09-20 14:38:43.309,430.5209772398392,104
2024-09-20 14:38:43.333,43.05313635268128,995
2024-09-20 14:38:43.351,430.5591848513516,104
2024-09-20 14:38:43.411,430.630515906141,1002
2024-09-20 14:38:43.448,430.62967084720935,997
2024-09-20 14:38:43.540,430.63333003197016,995
2024-09-20 14:38:43.554,430.6261128210526,1002
2024-09-20 14:38:43.574,430.61320967300736,996
2024-09-20 14:38:43.665,430.6252840416818,999
2024-09-20 14:38:43.690,430.5316477524606,10
2024-09-20 14:38:43.690,430.52194521416266,1001
2024-09-20 14:38:43.725,430.5816495834129,95
2024-09-20 14:38:43.730,430.587768801578,103
2024-09-20 14:38:43.770,430.6153972728698,996
2024-09-20 14:38:43.840,430.6125977487093,10
2024-09-20 14:38:43.897,430.5168538620782,12
2024-09-20 14:38:43.917,430.5300983277351,995
2024-09-20 14:38:43.984,430.602847606187,999
2024-09-20 14:38:43.985,430.6272832801744,9
2024-09-20 14:38:44.037,430.6113894658273,98
2024-09-20 14:38:44.048,430.6296602367228,95
2024-09-20 14:38:44.051,430.6313702471027,996
2024-09-20 14:38:44.136,430.6040491910091,999
2024-09-20 14:38:44.165,430.5955979580132,15
2024-09-20 14:38:44.219,430.61606058537456,100
2024-09-20 14:38:44.651,430.57930857600536,12
2024-09-20 14:38:44.725,430.6275615145769,1001
2024-09-20 14:38:44.726,430.6336147558517,995
2024-09-20 14:38:44.813,430.57508486689926,7
2024-09-20 14:38:44.881,430.56699953346447,1003
2024-09-20 14:38:44.929,430.6248325861764,101
2024-09-20 14:38:44.976,430.6089569236183,1001
2024-09-20 14:38:44.990,430.5946554811198,1004
2024-09-20 14:38:45.024,430.6996114593808,10
2024-09-20 14:38:45.112,430.635521593203,9
2024-09-20 14:38:45.171,430.6397691026499,14
2024-09-20 14:38:45.370,430.6516962317072,100
2024-09-20 14:38:45.417,430.6293976496901,98
2024-09-20 14:38:45.454,430.679917397889,1003
2024-09-20 14:38:45.488,430.6932182729406,999
2024-09-20 14:38:45.661,430.6330650820315,10
2024-09-20 14:38:45.707,430.6718637991476,100
2024-09-20 14:38:46.041,430.71735621681023,1001
2024-09-20 14:38:46.047,430.7048121398449,10
2024-09-20 14:38:46.113,430.7317576905312,997
2024-09-20 14:38:46.145,430.6971679592006,99
2024-09-20 14:38:46.160,430.69271632717295,5
2024-09-20 14:38:46.179,430.7182664065498,104
2024-09-20 14:38:46.244,430.693465867466,15
2024-09-20 14:38:46.422,430.7151588685268,998
2024-09-20 14:38:46.445,430.70624020410406,99
2024-09-20 14:38:46.450,430.7142914157868,999
2024-09-20 14:38:46.483,430.733306237036,15
2024-09-20 14:38:46.502,430.69617251755216,998
2024-09-20 14:38:46.584,430.7032743089519,997
2024-09-20 14:38:46.620,430.6830784376072,995
2024-09-20 14:38:46.648,430.7072576269716,13
2024-09-20 14:38:46.657,430.7167999494454,95
2024-09-20 14:38:46.763,430.7173944314809,100
2024-09-20 14:38:46.896,430.7228977264817,998
2024-09-20 14:38:46.934,430.7137046943979,999
2024-09-20 14:38:46.975,430.717081602678,99
2024-09-20 14:38:46.993,430.7099281490804,1005
2024-09-20 14:38:46.995,430.7178937806032,12
2024-09-20 14:38:46.997,430.6870119047895,997
2024-09-20 14:38:47.215,430.66119604512215,998
2024-09-20 14:38:47.276,430.6965733260519,104
2024-09-20 14:38:47.327,430.7036565706828,998
2024-09-20 14:38:47.397,430.6768265498621,104
2024-09-20 14:38:47.588,430.6768917565728,101
2024-09-20 14:38:47.724,430.6955779827962,105
2024-09-20 14:38:47.955,430.68150123932986,8
2024-09-20 14:38:48.069,430.63548205574136,999
2024-09-20 14:38:48.205,430.6509604264445,15
2024-09-20 14:38:48.342,430.64356437667504,11
2024-09-20 14:38:48.495,430.6294648871778,99
2024-09-20 14:38:48.533,430.6492273873999,1000
2024-09-20 14:38:48.534,430.6509728454394,100
2024-09-20 14:38:48.569,430.6388499077215,98
2024-09-20 14:38:48.577,430.6739794063311,997
2024-09-20 14:38:48.603,430.6244507777678,1004
2024-09-20 14:38:48.631,430.6521392167641,99
2024-09-20 14:38:48.683,430.6678972661522,6
2024-09-20 14:38:48.698,430.6345021934883,99
2024-09-20 14:38:48.827,430.6508922115541,9
2024-09-20 14:38:48.842,430.6412010851931,103
2024-09-20 14:38:48.908,430.6866003664381,1001
2024-09-20 14:38:48.917,430.6217580415784,103
2024-09-20 14:38:49.132,430.6880299648666,95
2024-09-20 14:38:49.151,430.7157779855541,98
2024-09-20 14:38:49.173,430.7082911270497,1000
2024-09-20 14:38:49.182,430.7536240510544,95
2024-09-20 14:38:49.240,430.7357263473251,99
2024-09-20 14:38:49.364,430.6887302932968,1004
2024-09-20 14:38:49.366,430.7487803112543,101
2024-09-20 14:38:49.443,430.73677595432446,96
2024-09-20 14:38:49.479,430.68167341224216,97
2024-09-20 14:38:49.572,430.71463030325214,10
2024-09-20 14:38:49.577,430.7195631084235,11
2024-09-20 14:38:49.614,430.6654573439378,105
2024-09-20 14:38:49.653,430.7141637154992,104
2024-09-20 14:38:49.675,430.673307983848,103
2024-09-20 14:38:49.676,430.6973754322335,103
2024-09-20 14:38:49.717,430.7319428265494,103
2024-09-20 14:38:49.729,430.73774949172775,5
2024-09-20 14:38:49.794,430.66881876910224,1002
2024-09-20 14:38:49.883,430.6741812635524,5
2024-09-20 14:38:49.894,430.65247263688815,997
2024-09-20 14:38:49.932,430.7246141273908,8
2024-09-20 14:38:50.125,430.6865509356534,1002
2024-09-20 14:38:50.271,430.6897527308472,5
2024-09-20 14:38:50.333,430.7095567189587,14
2024-09-20 14:38:50.374,-430.702059530309,5
2024-09-20 14:38:50.592,430.6957101492561,8
2024-09-20 14:38:50.635,430.70747993566016,97
2024-09-20 14:38:50.636,430.7036936545658,6
2024-09-20 14:38:50.666,430.7061082523212,998
2024-09-20 14:38:50.737,430.7124571314641,103
2024-09-20 14:38:50.748,430.7140143495565,15
2024-09-20 14:38:50.750,430.7051599388832,1001
2024-09-20 14:38:50.933,430.7064309367839,96
2024-09-20 14:38:51.213,430.6939953364905,96
2024-09-20 14:38:51.296,430.70968786194953,105
2024-09-20 14:38:51.369,430.6977823406934,100
2024-09-20 14:38:51.557,430.69717925341695,6
2024-09-20 14:38:51.703,430.679248005222,97
2024-09-20 14:38:51.921,430.6867821121906,15
2024-09-20 14:38:51.943,430.6857495405809,999
2024-09-20 14:38:52.045,430.6108344810536,1000
2024-09-20 14:38:52.069,430.664690459666,103
2024-09-20 14:38:52.099,430.6617045764434,6
2024-09-20 14:38:52.152,430.6178583437232,998
2024-09-20 14:38:52.157,430.66652490341016,998
2024-09-20 14:38:52.178,430.6722675613116,999
2024-09-20 14:38:52.235,430.6700242295237,1004
2024-09-20 14:38:52.237,430.645395836055,105
2024-09-20 14:38:52.241,430.64549909894095,10
2024-09-20 14:38:52.296,430.62615488509033,99
2024-09-20 14:38:52.367,430.675479287374,98
2024-09-20 14:38:52.432,430.6393059989396,1002
2024-09-20 14:38:52.442,430.64425418426754,14
2024-09-20 14:38:52.458,430.65185218371374,14
2024-09-20 14:38:52.513,430.6513485899632,1001
2024-09-20 14:38:52.608,430.6227380333565,105
2024-09-20 14:38:52.627,430.6302519704996,95
2024-09-20 14:38:52.658,430.6415193153729,102
2024-09-20 14:38:52.686,430.6460921572288,14
2024-09-20 14:38:52.765,430.6494088559752,96
2024-09-20 14:38:52.795,430.66754057526015,1002
2024-09-20 14:38:52.805,430.6621279791692,996
2024-09-20 14:38:52.885,430.6356416351147,995
2024-09-20 14:38:52.909,430.6387035339504,13
2024-09-20 14:38:52.936,430.6780732467672,1001
2024-09-20 14:38:53.024,430.5916175934954,6
2024-09-20 14:38:53.040,430.6184813028139,96
2024-09-20 14:38:53.121,430.54367740659086,7
2024-09-20 14:38:53.138,430.6078339791122,1004
2024-09-20 14:38:53.199,430.5979788319896,11
2024-09-20 14:38:53.256,430.55707350377656,15
2024-09-20 14:38:53.308,430.5580265812833,12
2024-09-20 14:38:53.347,430.54828587841234,5
2024-09-20 14:38:53.350,430.53128891553513,97
2024-09-20 14:38:53.358,430.6309028997936,102
2024-09-20 14:38:53.393,430.61103722833695,13
2024-09-20 14:38:53.394,430.5624955628919,101
2024-09-20 14:38:53.442,430.6100914613207,101
2024-09-20 14:38:53.553,430.56880279553405,98
2024-09-20 14:38:53.560,430.60965585046847,14
2024-09-20 14:38:53.570,430.53539900378496,10
2024-09-20 14:38:53.587,430.5656602609016,98
2024-09-20 14:38:53.593,430.5605564626617,105
2024-09-20 14:38:53.655,430.5722117396778,998
2024-09-20 14:38:53.705,430.59865301956046,6
2024-09-20 14:38:53.740,430.5602455165653,100
2024-09-20 14:38:53.752,430.5827909880045,102
2024-09-20 14:38:53.787,430.5596297863083,997
2024-09-20 14:38:53.806,430.6613937064415,1003
2024-09-20 14:38:53.845,430.57783937475455,104
2024-09-20 14:38:53.864,430.5767211134601,1005
2024-09-20 14:38:53.915,430.55393635427697,96
2024-09-20 14:38:53.974,430.57023372392166,1002
2024-09-20 14:38:54.016,430.5397552708904,14
2024-09-20 14:38:54.193,430.50976409249085,6
2024-09-20 14:38:54.658,430.5264199426418,105
2024-09-20 14:38:54.723,430.4967693240174,1000
2024-09-20 14:38:54.804,430.549415012778,999
2024-09-20 14:38:55.018,430.460224723718,1000
2024-09-20 14:38:55.054,,103
2024-09-20 14:38:55.060,430.45967342536005,99
2024-09-20 14:38:55.105,430.5376257114033,1002
2024-09-20 14:38:55.139,430.4614681111067,9
2024-09-20 14:38:55.280,430.5197939968634,12
2024-09-20 14:38:55.288,430.4706194910473,5
2024-09-20 14:38:55.325,430.4589483743053,12
2024-09-20 14:38:55.478,430.44731057096817,7
2024-09-20 14:38:55.479,430.5227174688935,8
2024-09-20 14:38:55.486,430.4728865613654,996
2024-09-20 14:38:55.564,430.4807967708806,15
2024-09-20 14:38:55.606,430.4818247606299,996
2024-09-20 14:38:55.618,430.472915824417,98
2024-09-20 14:38:55.629,430.53343039200274,102
2024-09-20 14:38:55.690,430.4593039530002,102
2024-09-20 14:38:55.698,430.4773996045685,105
2024-09-20 14:38:55.705,-430.45867629361226,101
2024-09-20 14:38:55.719,430.50286669859497,11
2024-09-20 14:38:55.748,430.5115787601746,11
2024-09-20 14:38:55.789,430.4528999053135,5
2024-09-20 14:38:55.810,430.475498146488,1005
2024-09-20 14:38:55.883,430.4861495968792,1003
2024-09-20 14:38:55.897,430.4876353215344,98
2024-09-20 14:38:55.916,430.4765485452851,6
2024-09-20 14:38:55.938,430.4774977793682,998
2024-09-20 14:38:55.964,430.4626368879011,995
2024-09-20 14:38:55.980,430.5359582103142,999
2024-09-20 14:38:56.004,430.4971066478639,995
2024-09-20 14:38:56.041,430.4647148351654,98
2024-09-20 14:38:56.046,430.5030077795324,9
2024-09-20 14:38:56.072,430.50176818495135,13
2024-09-20 14:38:56.098,430.4964065502491,8
2024-09-20 14:38:56.120,430.4772452609536,96
2024-09-20 14:38:56.132,430.4925002973529,1005
2024-09-20 14:38:56.345,430.4793397334436,98
2024-09-20 14:38:56.431,430.4972403757012,998
2024-09-20 14:38:56.458,430.508976432669,6
2024-09-20 14:38:56.478,430.45632051808815,105
2024-09-20 14:38:56.488,430.4884721710636,98
2024-09-20 14:38:56.490,430.4465128947107,14
2024-09-20 14:38:56.529,430.4525813374657,1000
2024-09-20 14:38:56.575,430.5090353551371,97
2024-09-20 14:38:56.715,430.4830574509132,9
2024-09-20 14:38:56.758,430.4924451115505,1003
2024-09-20 14:38:56.762,430.48816272173656,8
2024-09-20 14:38:56.771,430.45143569593785,8
2024-09-20 14:38:56.869,43.045971395559405,100
2024-09-20 14:38:56.992,430.47759526786393,100
2024-09-20 14:38:56.993,430.47850615851735,1002
2024-09-20 14:38:57.005,430.48785682164913,11
2024-09-20 14:38:57.091,430.5018200261193,15
2024-09-20 14:38:57.105,430.5176086247855,14
2024-09-20 14:38:57.130,430.51081109232985,998
2024-09-20 14:38:57.157,430.5219871605374,98
2024-09-20 14:38:57.157,430.4787997275407,98
2024-09-20 14:38:57.159,430.5056074934792,996
2024-09-20 14:38:57.172,430.506223933843,103
2024-09-20 14:38:57.280,430.499323537227,5
2024-09-20 14:38:57.344,430.491139875957,996
2024-09-20 14:38:57.369,430.4858723476881,997
2024-09-20 14:38:57.580,430.5002000429204,1000
2024-09-20 14:38:57.582,430.48193716819503,95
2024-09-20 14:38:57.595,430.4871220380954,12
2024-09-20 14:38:57.599,430.506967222032,997
2024-09-20 14:38:57.649,430.5132468139649,101
2024-09-20 14:38:57.688,430.5323853480821,9
2024-09-20 14:38:57.705,430.5094047464448,7
2024-09-20 14:38:57.743,430.48482177909545,9
2024-09-20 14:38:57.820,430.5146602711092,104
2024-09-20 14:38:57.906,430.495650974326,97
2024-09-20 14:38:58.044,430.5320360261541,995
2024-09-20 14:38:58.068,430.53010615237497,997
2024-09-20 14:38:58.202,430.5254213838821,12
2024-09-20 14:38:58.248,430.51994217575054,97
2024-09-20 14:38:58.286,430.5502150976736,1003
2024-09-20 14:38:58.329,430.5361694522293,105
2024-09-20 14:38:58.411,430.50238798156505,13
2024-09-20 14:38:58.418,430.5361345638104,1003
2024-09-20 14:38:58.540,430.5129706522516,996
2024-09-20 14:38:58.583,430.53647509681815,9
2024-09-20 14:38:58.635,430.5382482236989,1005
2024-09-20 14:38:58.653,430.5235387656247,1003
2024-09-20 14:38:58.671,-430.5335621003241,998
2024-09-20 14:38:58.673,430.496765688387,14
2024-09-20 14:38:58.773,430.5204660945738,998
2024-09-20 14:38:58.836,430.5209677630926,100
2024-09-20 14:38:58.851,430.5195729629342,102
2024-09-20 14:38:58.883,430.5046567804726,1000
2024-09-20 14:38:58.913,430.5344235663974,999
2024-09-20 14:38:59.049,430.4815658315973,98
2024-09-20 14:38:59.065,,101
2024-09-20 14:38:59.214,430.503990796559,98
2024-09-20 14:38:59.297,430.5003447774012,100
2024-09-20 14:38:59.338,430.4598409470017,95
2024-09-20 14:38:59.433,430.47291298019695,6
2024-09-20 14:38:59.505,430.4853717577561,96
2024-09-20 14:38:59.632,430.499548026818,995
2024-09-20 14:38:59.659,430.4774548173186,99
2024-09-20 14:38:59.661,430.4838056309989,98
2024-09-20 14:38:59.662,430.5067582286776,97
2024-09-20 14:38:59.686,430.4930102374215,97
2024-09-20 14:38:59.693,430.4889870362474,103
2024-09-20 14:38:59.902,430.5192198706493,10
2024-09-20 14:38:59.964,430.5005604085332,1005
