Timestamp,Price,Size
2024-09-19 10:06:00.009,419.0471678272129,8
2024-09-19 10:06:00.016,419.07062028718536,5
2024-09-19 10:06:00.020,419.08166740810657,7
2024-09-19 10:06:00.061,419.0542409629406,97
2024-09-19 10:06:00.066,419.0715365361933,5
2024-09-19 10:06:00.095,419.0654762050447,997
2024-09-19 10:06:00.156,419.075037732886,10
2024-09-19 10:06:00.278,419.0720260153381,1001
2024-09-19 10:06:00.319,419.0543750279836,95
2024-09-19 10:06:00.568,419.0802318014739,98
2024-09-19 10:06:00.620,-419.0716036915891,999
2024-09-19 10:06:00.641,419.0546197777187,101
2024-09-19 10:06:00.879,419.04724707553055,95
2024-09-19 10:06:00.928,419.0628280059297,1005
2024-09-19 10:06:00.995,419.0600866709976,997
2024-09-19 10:06:02.014,419.0516617867618,97
2024-09-19 10:06:02.016,419.0951778591527,13
2024-09-19 10:06:02.079,419.0614329880757,995
2024-09-19 10:06:02.112,419.0700501573491,15
2024-09-19 10:06:02.147,419.0493695209567,97
2024-09-19 10:06:02.216,419.071207277856,11
2024-09-19 10:06:02.306,419.08569562965664,997
2024-09-19 10:06:02.307,419.0747145543225,102
2024-09-19 10:06:02.314,419.08143552004736,996
2024-09-19 10:06:02.378,419.1135499275212,14
2024-09-19 10:06:02.396,419.0771486976868,11
2024-09-19 10:06:02.436,419.0556664099981,97
2024-09-19 10:06:02.455,419.0572366602465,999
2024-09-19 10:06:02.509,419.0657308222269,13
2024-09-19 10:06:02.591,419.1077985304111,14
2024-09-19 10:06:02.629,419.06207740787806,103
2024-09-19 10:06:02.643,419.09247684781167,1004
2024-09-19 10:06:02.988,419.10269587273433,10
2024-09-19 10:06:03.161,419.0838934501793,100
2024-09-19 10:06:03.205,419.0534692022521,103
2024-09-19 10:06:03.257,419.04179860598725,1004
2024-09-19 10:06:03.441,419.089542678536,13
2024-09-19 10:06:03.521,419.0943824473446,105
2024-09-19 10:06:03.545,419.0017759824469,8
2024-09-19 10:06:03.698,419.0566533763451,104
2024-09-19 10:06:03.773,419.0295681082326,98
2024-09-19 10:06:03.908,419.0890211717612,95
2024-09-19 10:06:03.930,419.08760237282416,1004
2024-09-19 10:06:03.952,419.0702533676019,102
2024-09-19 10:06:04.015,419.0139315793463,98
2024-09-19 10:06:04.093,,13
2024-09-19 10:06:04.112,419.0153828940959,1005
2024-09-19 10:06:04.139,418.93181846864326,1003
2024-09-19 10:06:04.153,418.9534322243577,1000
2024-09-19 10:06:04.170,418.9618757728394,1001
2024-09-19 10:06:04.197,,1000
2024-09-19 10:06:04.263,418.9968206587399,12
2024-09-19 10:06:04.293,418.9411573140781,1005
2024-09-19 10:06:04.392,418.9857881620067,996
2024-09-19 10:06:04.416,418.9612525651676,100
2024-09-19 10:06:04.498,418.9579233220344,95
2024-09-19 10:06:04.501,419.0011178190011,104
2024-09-19 10:06:04.526,418.9796303103717,996
2024-09-19 10:06:04.528,418.99705902332767,8
2024-09-19 10:06:04.584,418.9861846698284,100
2024-09-19 10:06:04.612,418.99418303213696,103
2024-09-19 10:06:04.627,418.9747027718095,1000
2024-09-19 10:06:04.698,419.0143774311814,11
2024-09-19 10:06:04.736,419.0089654907416,95
2024-09-19 10:06:04.780,418.9604798214656,998
2024-09-19 10:06:04.848,419.0006327493438,8
2024-09-19 10:06:04.893,419.00610082113167,104
2024-09-19 10:06:04.903,418.9553656496316,1005
2024-09-19 10:06:04.943,418.9844648783607,1002
2024-09-19 10:06:04.980,419.0040846432418,1002
2024-09-19 10:06:05.071,418.9345310950819,1000
2024-09-19 10:06:05.117,418.9668109815619,15
2024-09-19 10:06:05.117,418.9468637759899,995
2024-09-19 10:06:05.196,418.9649459585496,97
2024-09-19 10:06:05.268,418.9551542988893,997
2024-09-19 10:06:05.285,418.9367382384583,11
2024-09-19 10:06:05.312,418.928817164148,14
2024-09-19 10:06:05.360,418.9417362437939,99
2024-09-19 10:06:05.429,418.9628874033861,97
2024-09-19 10:06:05.498,418.9536132090713,105
2024-09-19 10:06:05.510,418.93734957749535,104
2024-09-19 10:06:05.565,418.9848563447503,13
2024-09-19 10:06:05.565,418.9803899241886,1003
2024-09-19 10:06:05.587,418.9652272715808,103
2024-09-19 10:06:05.667,418.9825167109564,998
2024-09-19 10:06:05.668,418.95864908281146,14
2024-09-19 10:06:05.822,418.96093034976747,9
2024-09-19 10:06:05.851,418.9553806330269,996
2024-09-19 10:06:05.901,41.897033503264325,998
2024-09-19 10:06:05.926,418.94834292851226,1000
2024-09-19 10:06:05.949,418.9758616783797,96
2024-09-19 10:06:06.599,418.9324104459869,15
2024-09-19 10:06:07.008,418.9351161380287,1000
2024-09-19 10:06:07.076,418.9682842906626,998
2024-09-19 10:06:07.077,418.9537826402995,104
2024-09-19 10:06:07.088,418.9962296954662,11
2024-09-19 10:06:07.134,418.95778878103175,5
2024-09-19 10:06:07.149,418.96718619572863,1002
2024-09-19 10:06:07.169,418.92115248068296,1001
2024-09-19 10:06:07.201,418.9504774893088,103
2024-09-19 10:06:07.236,418.9462984833984,999
2024-09-19 10:06:07.248,418.9445020020897,5
2024-09-19 10:06:07.393,418.9695693432112,995
2024-09-19 10:06:07.451,418.9527961261418,98
2024-09-19 10:06:07.456,418.9611606903194,98
2024-09-19 10:06:07.547,418.9293962113452,96
2024-09-19 10:06:07.877,418.97019495723714,1001
2024-09-19 10:06:07.921,418.9445219216776,999
2024-09-19 10:06:08.009,418.9923619552519,6
2024-09-19 10:06:08.099,419.0041213851929,1001
2024-09-19 10:06:08.100,418.97934292497735,996
2024-09-19 10:06:08.107,419.005226507148,1001
2024-09-19 10:06:08.117,418.9971336981352,15
2024-09-19 10:06:08.127,419.00254697457217,103
2024-09-19 10:06:08.196,419.0083111419494,98
2024-09-19 10:06:08.239,418.99487152623215,1000
2024-09-19 10:06:08.257,418.9951723490144,1001
2024-09-19 10:06:08.344,418.9963260712938,14
2024-09-19 10:06:08.370,418.993319910132,14
2024-09-19 10:06:08.380,41.90016565314942,1002
2024-09-19 10:06:08.388,419.0093700289328,103
2024-09-19 10:06:08.399,418.9844127628865,99
2024-09-19 10:06:08.429,419.0247466486377,999
2024-09-19 10:06:08.479,418.9820608319416,15
2024-09-19 10:06:08.487,418.992376830021,997
2024-09-19 10:06:08.499,418.9988708898941,100
2024-09-19 10:06:08.503,418.9924038684017,104
2024-09-19 10:06:08.508,418.990231882295,101
2024-09-19 10:06:08.514,418.9973528454354,15
2024-09-19 10:06:08.526,418.9899908220705,10
2024-09-19 10:06:08.544,418.9864139127416,7
2024-09-19 10:06:08.553,419.00659225443945,101
2024-09-19 10:06:08.703,418.9887322867571,9
2024-09-19 10:06:08.818,418.99894709580894,98
2024-09-19 10:06:08.849,418.995060987081,9
2024-09-19 10:06:08.880,418.97389073581337,1001
2024-09-19 10:06:08.963,418.9876184881661,11
2024-09-19 10:06:08.978,419.05262779962186,1002
2024-09-19 10:06:09.017,419.05496482575705,104
2024-09-19 10:06:09.023,419.0487780206855,995
2024-09-19 10:06:09.239,419.0792118108101,98
2024-09-19 10:06:09.728,419.07881357993216,1004
2024-09-19 10:06:09.828,419.0373479786284,1001
2024-09-19 10:06:09.852,419.1052721822769,1002
2024-09-19 10:06:10.025,-419.13919093793567,102
2024-09-19 10:06:10.110,419.0930244196231,103
2024-09-19 10:06:10.121,419.1524589831076,95
2024-09-19 10:06:10.198,419.1440299736116,996
2024-09-19 10:06:10.221,419.13513853577786,9
2024-09-19 10:06:10.276,419.1767812805886,103
2024-09-19 10:06:10.363,419.1246757107974,11
2024-09-19 10:06:10.373,419.1635552974379,10
2024-09-19 10:06:10.407,419.16895749884605,999
2024-09-19 10:06:10.415,419.1146760128002,11
2024-09-19 10:06:10.421,419.1815686801038,995
2024-09-19 10:06:10.872,419.16532492316094,15
2024-09-19 10:06:10.882,419.0989453942376,14
2024-09-19 10:06:11.075,419.15881499199975,99
2024-09-19 10:06:11.098,419.1683658479722,1003
2024-09-19 10:06:11.124,419.1933458633125,99
2024-09-19 10:06:11.209,419.1832900597323,10
2024-09-19 10:06:11.275,419.207524667812,15
2024-09-19 10:06:11.426,419.1839844333212,13
2024-09-19 10:06:11.429,419.1652146034258,1001
2024-09-19 10:06:11.509,419.1951247592807,14
2024-09-19 10:06:11.518,419.1936136385045,5
2024-09-19 10:06:11.529,419.18145112499445,99
2024-09-19 10:06:11.644,419.1697154325698,1001
2024-09-19 10:06:11.870,419.1824223004664,7
2024-09-19 10:06:11.904,419.1727219437648,995
2024-09-19 10:06:12.009,419.20301005506354,11
2024-09-19 10:06:12.107,419.1700747712848,13
2024-09-19 10:06:12.263,419.1818860147077,14
2024-09-19 10:06:12.290,419.18009125020063,13
2024-09-19 10:06:12.356,419.165736294447,15
2024-09-19 10:06:12.440,419.1606189776278,9
2024-09-19 10:06:12.562,419.1782660613986,14
2024-09-19 10:06:12.567,419.1877027386245,96
2024-09-19 10:06:12.689,419.1727007915077,1004
2024-09-19 10:06:12.833,419.1703940377861,998
2024-09-19 10:06:12.877,419.1862701391668,14
2024-09-19 10:06:13.013,419.16617457822935,1005
2024-09-19 10:06:13.076,419.1368911277981,8
2024-09-19 10:06:13.137,419.16763351625815,9
2024-09-19 10:06:13.264,419.1494528510432,100
2024-09-19 10:06:13.299,419.1429586874193,5
2024-09-19 10:06:13.326,419.1528034354184,996
2024-09-19 10:06:13.384,419.1419520451352,8
2024-09-19 10:06:13.517,419.1268886369144,12
2024-09-19 10:06:13.550,41.91368447926647,996
2024-09-19 10:06:13.557,419.16163699456513,11
2024-09-19 10:06:13.663,419.1319574562815,9
2024-09-19 10:06:13.751,419.1421989582522,1000
2024-09-19 10:06:13.781,419.15365651540776,7
2024-09-19 10:06:13.856,419.1591278696403,100
2024-09-19 10:06:13.892,419.11482476869554,6
2024-09-19 10:06:14.018,419.1308881851071,1003
2024-09-19 10:06:14.068,419.1341352675937,997
2024-09-19 10:06:14.123,419.1075274675436,6
2024-09-19 10:06:14.180,419.1011146770075,10
2024-09-19 10:06:14.222,419.11750700896704,1002
2024-09-19 10:06:14.285,419.1249599913706,995
2024-09-19 10:06:14.318,419.110983487451,95
2024-09-19 10:06:14.439,419.110014808808,15
2024-09-19 10:06:14.446,419.10491870911886,99
2024-09-19 10:06:14.467,419.1336715336705,1004
2024-09-19 10:06:14.488,419.135216906028,97
2024-09-19 10:06:14.601,419.11202493834975,1003
2024-09-19 10:06:14.608,419.130396123261,999
2024-09-19 10:06:14.792,419.10794793964686,9
2024-09-19 10:06:14.828,41.91318956984405,1000
2024-09-19 10:06:14.840,419.1323677059572,103
2024-09-19 10:06:14.851,419.121555240118,10
2024-09-19 10:06:15.010,419.12385588066365,11
2024-09-19 10:06:15.110,419.2017012160797,7
2024-09-19 10:06:15.284,419.1392143066434,7
2024-09-19 10:06:15.305,419.15709356273175,15
2024-09-19 10:06:15.321,419.1895388987864,96
2024-09-19 10:06:15.355,419.1625084318381,7
2024-09-19 10:06:15.601,419.1126351794815,95
2024-09-19 10:06:16.433,419.19160118680657,7
2024-09-19 10:06:17.109,419.17609291023086,1004
2024-09-19 10:06:17.114,419.1773212310648,1000
2024-09-19 10:06:17.340,419.1828225052694,100
2024-09-19 10:06:17.463,419.1755598928663,997
2024-09-19 10:06:17.669,419.1548051819505,5
2024-09-19 10:06:17.709,419.15296728206,10
2024-09-19 10:06:17.756,419.1764364981339,1004
2024-09-19 10:06:17.822,419.16985775783553,999
2024-09-19 10:06:17.895,419.1676528133938,10
2024-09-19 10:06:17.921,419.1534474261488,6
2024-09-19 10:06:19.000,419.1675949211386,1001
2024-09-19 10:06:19.032,419.15335338613374,995
2024-09-19 10:06:19.212,-419.17654166023215,99
2024-09-19 10:06:19.245,419.1744691375749,96
2024-09-19 10:06:19.395,419.1166890213121,13
2024-09-19 10:06:19.462,419.1509581886922,997
2024-09-19 10:06:19.732,419.1112325998554,1004
2024-09-19 10:06:19.873,419.1378587107599,95
2024-09-19 10:06:19.958,419.1625221247827,99
2024-09-19 10:06:20.079,419.0523139968085,101
2024-09-19 10:06:20.100,419.04612236385753,1000
2024-09-19 10:06:20.295,419.00568071565147,1003
2024-09-19 10:06:20.322,419.1056373718714,1005
2024-09-19 10:06:20.401,419.0989836648456,15
2024-09-19 10:06:20.401,419.0775080627045,101
2024-09-19 10:06:20.406,419.1007850009333,7
2024-09-19 10:06:20.473,419.0621755824303,95
2024-09-19 10:06:20.482,419.04705557108406,8
2024-09-19 10:06:20.498,,7
2024-09-19 10:06:20.584,419.0797391406108,98
2024-09-19 10:06:20.659,419.0099977265804,1002
2024-09-19 10:06:20.722,419.0068388371818,995
2024-09-19 10:06:20.746,,12
2024-09-19 10:06:20.778,419.0434434480883,104
2024-09-19 10:06:20.966,419.0284955395605,1000
2024-09-19 10:06:20.974,419.0644680246218,14
2024-09-19 10:06:21.085,418.9745415459753,95
2024-09-19 10:06:21.222,419.0777698158024,1004
2024-09-19 10:06:21.270,418.99037287782136,100
2024-09-19 10:06:21.476,419.00654813115545,10
2024-09-19 10:06:21.485,419.0375514532495,996
2024-09-19 10:06:21.495,418.9903223566768,997
2024-09-19 10:06:21.507,418.9874675428421,103
2024-09-19 10:06:21.526,419.060790797244,997
2024-09-19 10:06:21.644,418.9871280765885,996
2024-09-19 10:06:21.672,419.04829257943,8
2024-09-19 10:06:21.675,418.9936738120837,1002
2024-09-19 10:06:21.725,419.0006314020426,1002
2024-09-19 10:06:21.757,419.0141557469217,10
2024-09-19 10:06:21.890,419.0794403133335,102
2024-09-19 10:06:21.926,419.05986251975753,15
2024-09-19 10:06:22.014,419.01388688251,10
2024-09-19 10:06:23.003,419.0624762359952,9
2024-09-19 10:06:23.027,419.0836669880696,13
2024-09-19 10:06:23.081,419.0775441779245,105
2024-09-19 10:06:23.115,419.07679988200334,102
2024-09-19 10:06:23.155,419.08827447607774,995
2024-09-19 10:06:23.170,419.0659773037149,5
2024-09-19 10:06:23.187,419.0818015664059,998
2024-09-19 10:06:23.212,419.0520924206037,1001
2024-09-19 10:06:23.241,419.0915167408765,100
2024-09-19 10:06:23.300,-419.0537017778421,8
2024-09-19 10:06:23.550,419.0837105344032,10
2024-09-19 10:06:23.616,419.0972862884626,105
2024-09-19 10:06:23.624,419.07719181511726,97
2024-09-19 10:06:23.701,419.03335075269183,8
2024-09-19 10:06:23.779,419.01378162781145,98
2024-09-19 10:06:23.807,419.0359184720157,8
2024-09-19 10:06:23.839,419.1036018569321,102
2024-09-19 10:06:23.856,419.0774313836895,96
2024-09-19 10:06:23.884,419.06044761978393,102
2024-09-19 10:06:23.941,419.0644804291621,7
2024-09-19 10:06:23.946,419.08434534950896,12
2024-09-19 10:06:24.113,419.0287827824616,101
2024-09-19 10:06:24.219,419.018228354649,1002
2024-09-19 10:06:24.250,419.0358816436877,1005
2024-09-19 10:06:24.295,419.0389296180479,15
2024-09-19 10:06:24.304,419.043328068469,999
2024-09-19 10:06:24.435,418.996546056688,99
2024-09-19 10:06:24.603,419.02720375871854,8
2024-09-19 10:06:24.622,419.0275896917123,99
2024-09-19 10:06:24.651,418.96155575508254,11
2024-09-19 10:06:24.693,418.9984448883583,97
2024-09-19 10:06:24.735,419.0117704183589,5
2024-09-19 10:06:24.796,419.0273488474095,9
2024-09-19 10:06:24.811,419.0165986552652,997
2024-09-19 10:06:24.857,419.033793668768,12
2024-09-19 10:06:24.906,418.9908717523294,998
2024-09-19 10:06:24.994,419.0253133689943,95
2024-09-19 10:06:25.011,419.0439997260834,101
2024-09-19 10:06:25.083,418.95125207430976,97
2024-09-19 10:06:25.134,419.0600407090621,12
2024-09-19 10:06:25.137,-419.0501987028561,996
2024-09-19 10:06:25.161,419.0486832763154,10
2024-09-19 10:06:25.205,418.9683879525859,997
2024-09-19 10:06:25.288,419.0122512092285,96
2024-09-19 10:06:25.358,418.9459162440964,102
2024-09-19 10:06:25.544,419.0328652830886,11
2024-09-19 10:06:25.601,419.01990820641606,103
2024-09-19 10:06:25.637,419.0478595376907,96
2024-09-19 10:06:25.673,419.05485610932703,996
2024-09-19 10:06:25.676,418.9813914542667,1002
2024-09-19 10:06:25.942,419.0435380890305,1005
2024-09-19 10:06:25.953,419.0334784902055,1005
2024-09-19 10:06:26.002,419.03770719315867,104
2024-09-19 10:06:26.003,419.0157640250911,10
2024-09-19 10:06:26.015,419.0272208734542,105
2024-09-19 10:06:26.017,418.986368395933,97
2024-09-19 10:06:26.080,419.0097709767112,1001
2024-09-19 10:06:26.119,418.9979654886818,103
2024-09-19 10:06:26.192,419.0286450597965,100
2024-09-19 10:06:26.243,419.0161429311266,102
2024-09-19 10:06:26.546,419.0080477137734,1002
2024-09-19 10:06:26.616,418.976085634066,6
2024-09-19 10:06:26.751,419.0298053756414,1002
2024-09-19 10:06:26.800,419.01437563611904,104
2024-09-19 10:06:26.876,419.0052317225262,101
2024-09-19 10:06:26.905,419.000231723343,104
2024-09-19 10:06:26.924,419.0206642428479,13
2024-09-19 10:06:26.944,418.9889606732824,998
2024-09-19 10:06:26.973,418.9955174808864,104
2024-09-19 10:06:27.086,419.0140168380714,13
2024-09-19 10:06:27.275,419.00428568290863,1000
2024-09-19 10:06:27.621,419.0224230295088,1002
2024-09-19 10:06:27.704,419.0052674676051,996
2024-09-19 10:06:28.052,418.963142028766,1004
2024-09-19 10:06:28.067,419.0092238603207,99
2024-09-19 10:06:28.075,419.0043634017724,13
2024-09-19 10:06:28.198,419.00723382824026,97
2024-09-19 10:06:28.209,419.0174145111727,1000
2024-09-19 10:06:28.225,419.0254448473278,104
2024-09-19 10:06:28.241,419.0010255890803,105
2024-09-19 10:06:28.255,419.0123900030762,95
2024-09-19 10:06:28.264,419.00605305751657,13
2024-09-19 10:06:28.266,418.9975682188285,103
2024-09-19 10:06:28.268,418.9952335282772,5
2024-09-19 10:06:28.280,418.9763818202704,5
2024-09-19 10:06:28.332,419.01706437443926,97
2024-09-19 10:06:28.403,418.9844192693525,97
2024-09-19 10:06:28.462,419.0007316808656,997
2024-09-19 10:06:28.510,418.9944440651871,999
2024-09-19 10:06:28.546,418.9977714212616,9
2024-09-19 10:06:28.551,418.96498748533406,9
2024-09-19 10:06:28.556,419.00981402807327,97
2024-09-19 10:06:28.622,418.9853916156334,12
2024-09-19 10:06:28.645,419.0069417083361,1002
2024-09-19 10:06:28.817,419.02198460225657,95
2024-09-19 10:06:28.859,418.9861732699407,1001
2024-09-19 10:06:28.871,418.9903569496802,102
2024-09-19 10:06:28.950,419.004483321938,11
2024-09-19 10:06:28.986,419.0011132563994,103
2024-09-19 10:06:28.987,418.9987485381746,13
2024-09-19 10:06:29.045,419.0557203764215,1004
2024-09-19 10:06:29.124,419.0326902030011,104
2024-09-19 10:06:29.137,419.04296153019817,1001
2024-09-19 10:06:29.147,419.0846242786103,99
2024-09-19 10:06:29.176,419.0514573232106,103
2024-09-19 10:06:29.226,418.9922476400712,5
2024-09-19 10:06:29.228,419.06493283814297,999
2024-09-19 10:06:29.350,419.05486823476815,996
2024-09-19 10:06:29.453,419.0702727245589,102
2024-09-19 10:06:29.487,419.0556755483282,1000
2024-09-19 10:06:29.540,419.0716760272679,102
2024-09-19 10:06:29.665,419.0148900515992,5
2024-09-19 10:06:29.703,419.0367721474557,5
2024-09-19 10:06:29.768,419.0766673103273,11
2024-09-19 10:06:29.792,419.0201621736216,1000
2024-09-19 10:06:29.808,419.0312987280333,6
2024-09-19 10:06:29.835,419.00074935379706,9
2024-09-19 10:06:29.884,419.0800812026896,105
2024-09-19 10:06:29.937,419.0517014025156,100
2024-09-19 10:06:29.962,419.05791697773503,97
2024-09-19 10:06:29.974,419.0650620871762,95
2024-09-19 10:06:29.990,419.0454232101543,95
2024-09-19 10:06:30.014,419.060004905842,996
2024-09-19 10:06:30.076,419.02625268850846,105
2024-09-19 10:06:30.086,419.0388130169768,13
2024-09-19 10:06:30.100,419.0143050127906,97
2024-09-19 10:06:30.138,419.04430920516137,999
2024-09-19 10:06:30.172,419.03135245787246,5
2024-09-19 10:06:30.220,419.0593412584939,96
2024-09-19 10:06:30.288,419.0276180210588,1002
2024-09-19 10:06:30.290,419.0068947353879,1000
2024-09-19 10:06:30.493,419.0591073772214,1004
2024-09-19 10:06:30.502,419.0556937020767,12
2024-09-19 10:06:30.607,419.0713688691828,6
2024-09-19 10:06:30.625,419.067125117932,7
2024-09-19 10:06:30.648,419.0474457423197,1005
2024-09-19 10:06:30.677,419.0386117358036,103
2024-09-19 10:06:30.679,419.0620346312202,996
2024-09-19 10:06:30.785,418.9992068839258,996
2024-09-19 10:06:30.817,419.0225543464267,1000
2024-09-19 10:06:30.821,419.061492856759,1002
2024-09-19 10:06:30.825,419.01750437631017,998
2024-09-19 10:06:30.830,419.0379888439614,104
2024-09-19 10:06:30.859,419.05661707241336,104
2024-09-19 10:06:30.861,419.03104063612864,97
2024-09-19 10:06:30.887,419.0340308384692,99
2024-09-19 10:06:30.892,419.0775288920039,104
2024-09-19 10:06:30.954,419.0498403733105,1005
2024-09-19 10:06:30.963,419.0645985432501,13
2024-09-19 10:06:30.968,419.0636337763588,13
2024-09-19 10:06:30.999,419.0698252136797,100
2024-09-19 10:06:31.122,419.0621769210468,105
2024-09-19 10:06:31.484,419.06160732497153,1002
2024-09-19 10:06:31.597,419.0644451732918,996
2024-09-19 10:06:31.746,419.05630311250167,96
2024-09-19 10:06:31.930,419.0602623272308,995
2024-09-19 10:06:32.041,419.1128789706062,98
2024-09-19 10:06:32.047,419.1074819446716,996
2024-09-19 10:06:32.056,419.0955052045863,105
2024-09-19 10:06:32.086,419.0303259612663,999
2024-09-19 10:06:32.116,419.1016303754385,96
2024-09-19 10:06:32.235,419.09897838105786,13
2024-09-19 10:06:32.236,419.0545319701924,14
2024-09-19 10:06:32.238,419.0981823713856,99
2024-09-19 10:06:32.274,419.0538495379859,101
2024-09-19 10:06:32.276,419.11929856114295,998
2024-09-19 10:06:32.292,419.06449056650206,102
2024-09-19 10:06:32.383,,1000
2024-09-19 10:06:32.409,419.1015881377798,98
2024-09-19 10:06:32.419,419.1084722721545,14
2024-09-19 10:06:32.539,,96
2024-09-19 10:06:32.556,419.0292605614943,1002
2024-09-19 10:06:32.588,419.0335075616818,5
2024-09-19 10:06:32.640,419.1047340403363,1000
2024-09-19 10:06:32.695,419.110171494903,97
2024-09-19 10:06:32.709,419.0325037404049,1005
2024-09-19 10:06:32.760,419.1073229136624,103
2024-09-19 10:06:32.787,419.0760619528909,97
2024-09-19 10:06:32.969,419.08815119160073,96
2024-09-19 10:06:33.177,419.1773520804886,5
2024-09-19 10:06:33.191,419.1118634905208,102
2024-09-19 10:06:33.216,419.11071381249656,98
2024-09-19 10:06:33.243,419.1596108584241,1001
2024-09-19 10:06:33.342,419.1041100387094,102
2024-09-19 10:06:33.356,419.1125616310373,999
2024-09-19 10:06:33.394,419.08939718401496,95
2024-09-19 10:06:33.465,419.1066452580972,105
2024-09-19 10:06:33.493,419.1103919324747,102
2024-09-19 10:06:33.537,419.12358179647686,97
2024-09-19 10:06:33.548,419.1018864037888,100
2024-09-19 10:06:33.583,419.1414047734724,98
2024-09-19 10:06:33.598,419.1269659997684,10
2024-09-19 10:06:33.654,419.0777480486318,105
2024-09-19 10:06:33.693,419.0980797038761,1002
2024-09-19 10:06:33.813,419.18139311140686,999
2024-09-19 10:06:34.009,419.17494426355705,1003
2024-09-19 10:06:34.035,419.16876071323367,99
2024-09-19 10:06:34.048,419.1555310607622,996
2024-09-19 10:06:34.137,419.1922126206533,996
2024-09-19 10:06:34.209,419.1548843908413,999
2024-09-19 10:06:34.219,419.1808079566175,999
2024-09-19 10:06:34.262,419.15276379410136,1001
2024-09-19 10:06:34.281,419.18044158888137,100
2024-09-19 10:06:34.435,419.1671702466291,14
2024-09-19 10:06:34.539,419.163012374677,102
2024-09-19 10:06:34.651,419.166058128849,102
2024-09-19 10:06:34.652,419.154491389196,7
2024-09-19 10:06:34.726,419.159334541836,10
2024-09-19 10:06:34.830,419.2071649502919,96
2024-09-19 10:06:34.899,419.15294377768487,999
2024-09-19 10:06:35.012,419.1941738434394,997
2024-09-19 10:06:35.059,419.19882933118834,98
2024-09-19 10:06:35.334,419.1925055601888,1002
2024-09-19 10:06:35.336,419.219369749138,97
2024-09-19 10:06:35.447,419.20204439435554,1005
2024-09-19 10:06:35.475,419.20871147621307,6
2024-09-19 10:06:35.501,419.2171097555723,10
2024-09-19 10:06:35.672,419.2228001408157,96
2024-09-19 10:06:35.709,419.2093866078204,1002
2024-09-19 10:06:35.749,419.2105644581949,1003
2024-09-19 10:06:35.791,419.2111482000138,997
2024-09-19 10:06:35.848,419.2124337244791,1005
2024-09-19 10:06:35.882,419.2180813129124,998
2024-09-19 10:06:35.903,419.2170583156381,103
2024-09-19 10:06:35.951,419.1929885469714,997
2024-09-19 10:06:36.065,419.2093633244443,5
2024-09-19 10:06:36.163,419.213898019612,102
2024-09-19 10:06:36.281,419.1519403072149,104
2024-09-19 10:06:36.666,419.1684226069037,101
2024-09-19 10:06:36.768,419.1802476328176,9
2024-09-19 10:06:36.925,419.2196228438815,999
2024-09-19 10:06:37.029,419.1441665778872,1005
2024-09-19 10:06:37.110,419.16248423132816,998
2024-09-19 10:06:37.111,419.15023764773554,5
2024-09-19 10:06:37.210,419.1510062976356,1004
2024-09-19 10:06:37.218,419.1572670067495,1005
2024-09-19 10:06:37.227,419.1531101141527,9
2024-09-19 10:06:37.232,419.1483510559238,6
2024-09-19 10:06:37.386,419.1761365825149,12
2024-09-19 10:06:37.422,419.1447462299987,996
2024-09-19 10:06:37.570,419.1552022737321,103
2024-09-19 10:06:37.667,419.1174264065735,1000
2024-09-19 10:06:37.711,419.09298198916656,103
2024-09-19 10:06:37.813,419.16747686239984,998
2024-09-19 10:06:37.815,419.14922513726304,998
2024-09-19 10:06:37.906,419.149001989302,11
2024-09-19 10:06:38.151,419.1010754590012,9
2024-09-19 10:06:38.243,419.08233069483975,1003
2024-09-19 10:06:38.313,419.05029884226593,11
2024-09-19 10:06:38.483,419.1011934550476,11
2024-09-19 10:06:38.527,419.11294622914914,997
2024-09-19 10:06:38.574,419.0626502533056,1002
2024-09-19 10:06:38.695,419.0708281852373,1002
2024-09-19 10:06:38.804,419.1101489055767,15
2024-09-19 10:06:39.011,419.0236181603944,1005
2024-09-19 10:06:39.028,419.0526432581703,99
2024-09-19 10:06:39.050,419.0239750637695,95
2024-09-19 10:06:39.095,419.0391703359912,105
2024-09-19 10:06:39.151,419.036283387776,1004
2024-09-19 10:06:39.243,419.0294885760421,12
2024-09-19 10:06:39.276,419.0311885633027,1001
2024-09-19 10:06:39.310,419.0529180632289,12
2024-09-19 10:06:39.322,419.0514454801879,12
2024-09-19 10:06:39.324,419.0419001378393,6
2024-09-19 10:06:39.324,419.0419939264456,11
2024-09-19 10:06:39.325,419.0228946989588,14
2024-09-19 10:06:39.400,419.01345232718137,103
2024-09-19 10:06:39.405,419.0420873064324,1005
2024-09-19 10:06:39.449,419.0393439106568,12
2024-09-19 10:06:39.498,419.042126339492,6
2024-09-19 10:06:39.585,419.0194595989551,8
2024-09-19 10:06:39.590,419.01642449870207,11
2024-09-19 10:06:39.670,419.0427585289879,6
2024-09-19 10:06:39.719,419.0447827390107,12
2024-09-19 10:06:39.851,419.020466429106,998
2024-09-19 10:06:39.889,419.0292544736197,998
2024-09-19 10:06:40.227,419.0138027259581,998
2024-09-19 10:06:40.258,419.0051774878068,95
2024-09-19 10:06:40.332,419.01838003690807,995
2024-09-19 10:06:40.770,418.979895746437,13
2024-09-19 10:06:40.813,418.9800681887013,10
2024-09-19 10:06:41.018,418.9661360886444,13
2024-09-19 10:06:41.048,418.9814794826385,1002
2024-09-19 10:06:41.210,419.0094784514925,105
2024-09-19 10:06:41.281,418.9821994019893,9
2024-09-19 10:06:41.311,418.9948047585552,9
2024-09-19 10:06:41.321,418.9918448289644,999
2024-09-19 10:06:41.337,418.9801847716035,5
2024-09-19 10:06:41.378,418.9830100566394,11
2024-09-19 10:06:41.444,418.9755560828038,101
2024-09-19 10:06:41.650,-418.9954072921038,9
2024-09-19 10:06:41.752,-418.9824341932184,9
2024-09-19 10:06:41.756,419.00247145184034,102
2024-09-19 10:06:41.875,419.005062719052,1003
2024-09-19 10:06:41.879,418.9691587997754,999
2024-09-19 10:06:41.893,418.97067211178745,103
2024-09-19 10:06:42.125,418.9709436177274,97
2024-09-19 10:06:42.163,418.9796965674941,1000
2024-09-19 10:06:42.261,418.9392336436305,10
2024-09-19 10:06:42.436,418.9157315485541,1001
2024-09-19 10:06:42.552,418.9403667625109,5
2024-09-19 10:06:42.620,418.9738300564097,11
2024-09-19 10:06:42.838,418.9567662423875,101
2024-09-19 10:06:43.005,418.8875585638544,997
2024-09-19 10:06:43.049,418.8969161305334,14
2024-09-19 10:06:43.098,418.88364636796655,997
2024-09-19 10:06:43.111,418.8857766074858,996
2024-09-19 10:06:43.144,41.890430716246975,96
2024-09-19 10:06:43.187,418.9157803837503,7
2024-09-19 10:06:43.331,,996
2024-09-19 10:06:43.359,418.8871176994344,15
2024-09-19 10:06:43.404,418.90111068221177,996
2024-09-19 10:06:43.437,418.91822425132256,14
2024-09-19 10:06:43.439,418.9159706341184,12
2024-09-19 10:06:43.452,418.89398920573166,999
2024-09-19 10:06:43.457,418.904017920827,10
2024-09-19 10:06:43.485,418.8965350129219,100
2024-09-19 10:06:43.501,418.9163460228177,96
2024-09-19 10:06:43.525,418.9116918887188,10
2024-09-19 10:06:43.545,418.8993052823857,9
2024-09-19 10:06:43.546,418.8925873739021,1000
2024-09-19 10:06:43.551,418.9084268748747,999
2024-09-19 10:06:43.551,418.90532223450094,99
2024-09-19 10:06:43.588,418.930190514482,99
2024-09-19 10:06:43.643,418.8823156751264,1004
2024-09-19 10:06:43.729,418.933778496467,98
2024-09-19 10:06:43.730,418.8980878652045,13
2024-09-19 10:06:43.770,418.90390370378543,1003
2024-09-19 10:06:43.790,41.8901940493355,96
2024-09-19 10:06:43.861,418.9012178471336,997
2024-09-19 10:06:43.934,418.892966326613,101
2024-09-19 10:06:44.531,418.91002392578815,12
2024-09-19 10:06:44.765,418.8967519237792,15
2024-09-19 10:06:44.788,418.9296317744361,997
2024-09-19 10:06:45.138,418.8497485504176,1005
2024-09-19 10:06:45.147,418.8929318781821,14
2024-09-19 10:06:45.177,418.8854234764676,102
2024-09-19 10:06:45.202,41.89292105699907,102
2024-09-19 10:06:45.210,418.8715911771904,10
2024-09-19 10:06:45.213,418.8740493245398,5
2024-09-19 10:06:45.234,418.8636421063001,1004
2024-09-19 10:06:45.263,-418.8933477557823,10
2024-09-19 10:06:45.294,418.8718156363688,10
2024-09-19 10:06:45.324,418.9125143600129,1005
2024-09-19 10:06:45.347,-418.9094495499572,8
2024-09-19 10:06:45.369,418.9065643042696,15
2024-09-19 10:06:45.392,418.89204075586014,102
2024-09-19 10:06:45.413,418.8629301494725,1001
2024-09-19 10:06:45.458,418.9197324129988,10
2024-09-19 10:06:45.515,418.9060675398658,5
2024-09-19 10:06:45.525,418.8721360855772,14
2024-09-19 10:06:45.536,418.8895527367825,97
2024-09-19 10:06:45.585,418.8646232415897,104
2024-09-19 10:06:45.591,418.89234613816666,5
2024-09-19 10:06:45.699,418.9099606614429,999
2024-09-19 10:06:45.824,418.9113837022821,101
2024-09-19 10:06:45.907,418.83447710382734,1001
2024-09-19 10:06:45.914,418.9047882995587,998
2024-09-19 10:06:45.916,418.8817744998366,15
2024-09-19 10:06:45.956,418.9095486125309,1004
2024-09-19 10:06:45.972,418.8841887769699,996
2024-09-19 10:06:46.007,418.84803211853296,105
2024-09-19 10:06:46.069,418.8239389945804,101
2024-09-19 10:06:46.102,418.7840036919953,998
2024-09-19 10:06:46.128,418.8110095192444,6
2024-09-19 10:06:46.154,418.7770339353326,98
2024-09-19 10:06:46.164,41.88543217491946,10
2024-09-19 10:06:46.193,418.8527007869849,105
2024-09-19 10:06:46.209,418.76856884511255,11
2024-09-19 10:06:46.354,418.81218098578887,14
2024-09-19 10:06:46.399,418.8972212098678,15
2024-09-19 10:06:46.439,418.7990335102592,1001
2024-09-19 10:06:46.448,418.8729540420637,104
2024-09-19 10:06:46.488,418.81598314771617,7
2024-09-19 10:06:46.562,418.8510324465255,103
2024-09-19 10:06:46.610,418.8338604871611,5
2024-09-19 10:06:46.644,418.8227601990398,7
2024-09-19 10:06:46.647,418.8568743771386,1002
2024-09-19 10:06:46.768,418.804617579411,1002
2024-09-19 10:06:46.777,41.87832875685462,102
2024-09-19 10:06:46.801,418.86371178633726,6
2024-09-19 10:06:46.822,418.8728277148688,97
2024-09-19 10:06:46.862,418.8158791263098,98
2024-09-19 10:06:46.896,418.7948263051719,96
2024-09-19 10:06:46.949,418.9020714258018,6
2024-09-19 10:06:46.959,418.81713552019454,97
2024-09-19 10:06:47.030,418.8089063896936,999
2024-09-19 10:06:47.092,418.836473946045,7
2024-09-19 10:06:47.156,418.8360488060011,8
2024-09-19 10:06:47.181,418.8579426999534,5
2024-09-19 10:06:47.203,418.8798364779745,95
2024-09-19 10:06:47.246,418.8788400047336,8
2024-09-19 10:06:47.368,418.8506576898344,1005
2024-09-19 10:06:47.394,418.8019864917975,96
2024-09-19 10:06:47.485,418.9087726530283,103
2024-09-19 10:06:47.517,418.9046177437949,1003
2024-09-19 10:06:47.527,418.8091323066758,100
2024-09-19 10:06:47.578,418.84255498686224,13
2024-09-19 10:06:47.610,418.89294891501015,105
2024-09-19 10:06:47.695,418.828967289593,102
2024-09-19 10:06:47.728,418.80457218458974,105
2024-09-19 10:06:47.738,418.80059718532254,11
2024-09-19 10:06:47.877,418.89921764004526,1003
2024-09-19 10:06:47.898,418.8906597334032,105
2024-09-19 10:06:47.954,418.8172255598728,999
2024-09-19 10:06:47.970,418.879485551106,996
2024-09-19 10:06:47.985,418.8543557049469,5
2024-09-19 10:06:48.047,418.930179644416,98
2024-09-19 10:06:48.284,418.9464492752796,101
2024-09-19 10:06:48.398,418.9227370323629,103
2024-09-19 10:06:48.747,418.93531903744326,996
2024-09-19 10:06:48.794,418.918974132844,996
2024-09-19 10:06:49.019,418.9131796219807,6
2024-09-19 10:06:49.022,418.9048924652677,10
2024-09-19 10:06:49.044,418.9147554493117,14
2024-09-19 10:06:49.046,418.8952464900863,10
2024-09-19 10:06:49.121,418.9342007720762,99
2024-09-19 10:06:49.207,418.9118236075973,100
2024-09-19 10:06:49.212,418.9122880923805,14
2024-09-19 10:06:49.221,418.8993827070783,1000
2024-09-19 10:06:49.226,418.9179183032224,14
2024-09-19 10:06:49.231,41.89248279541119,997
2024-09-19 10:06:49.232,418.9142373569133,7
2024-09-19 10:06:49.237,418.93548648511415,104
2024-09-19 10:06:49.294,418.9202544734166,997
2024-09-19 10:06:49.317,,95
2024-09-19 10:06:49.342,,13
2024-09-19 10:06:49.353,418.94156520958967,995
2024-09-19 10:06:49.381,418.9032356200696,1002
2024-09-19 10:06:49.433,418.9163105777987,996
2024-09-19 10:06:49.450,418.9095393771644,14
2024-09-19 10:06:49.475,418.9080132570477,99
2024-09-19 10:06:49.514,418.93215506862055,105
2024-09-19 10:06:49.537,418.92608571552864,95
2024-09-19 10:06:49.576,418.9404918184125,997
2024-09-19 10:06:49.775,418.9249835802433,9
2024-09-19 10:06:49.845,418.907347476058,1001
2024-09-19 10:06:49.889,41.89072259071649,1000
2024-09-19 10:06:49.919,418.8954432496288,8
2024-09-19 10:06:49.931,418.92686573058455,1000
2024-09-19 10:06:49.990,418.9166525446199,997
2024-09-19 10:06:50.019,418.9361961344032,1000
2024-09-19 10:06:50.050,419.0183968641941,14
2024-09-19 10:06:50.126,418.9071502820305,1005
2024-09-19 10:06:50.148,418.9420197936478,1000
2024-09-19 10:06:50.164,418.8934732807624,8
2024-09-19 10:06:50.178,418.9342748577779,101
2024-09-19 10:06:50.279,418.94270286141256,1004
2024-09-19 10:06:50.295,418.959332337048,9
2024-09-19 10:06:50.393,418.90669746634165,97
2024-09-19 10:06:50.423,418.929900380445,1005
2024-09-19 10:06:50.430,418.9719668080343,998
2024-09-19 10:06:50.451,418.9249255835877,7
2024-09-19 10:06:50.493,418.9180009892869,999
2024-09-19 10:06:50.494,419.0161608421706,996
2024-09-19 10:06:50.496,419.0076605888955,1001
2024-09-19 10:06:50.500,418.9221900458483,996
2024-09-19 10:06:50.567,418.90969908693006,99
2024-09-19 10:06:50.620,418.938452663403,999
2024-09-19 10:06:50.690,419.0075186871398,8
2024-09-19 10:06:50.696,419.00928634347457,101
2024-09-19 10:06:50.701,418.99245591674674,1003
2024-09-19 10:06:50.732,418.99976028392143,104
2024-09-19 10:06:50.858,418.9503297789846,1005
2024-09-19 10:06:50.872,418.98110033306017,7
2024-09-19 10:06:50.892,418.9107710917913,997
2024-09-19 10:06:51.020,418.8910114475072,103
2024-09-19 10:06:51.181,418.9112887907333,9
2024-09-19 10:06:51.193,418.8822726735275,1000
2024-09-19 10:06:51.335,418.885951275919,98
2024-09-19 10:06:51.386,418.9424818482362,7
2024-09-19 10:06:51.461,418.9882812394832,100
2024-09-19 10:06:51.510,418.88858851856105,11
2024-09-19 10:06:51.557,418.95699036327386,9
2024-09-19 10:06:51.665,418.924334680666,996
2024-09-19 10:06:51.681,418.9941173060543,1001
2024-09-19 10:06:51.759,418.8842289596421,96
2024-09-19 10:06:51.788,418.8757403934707,6
2024-09-19 10:06:51.974,418.8798016756553,104
2024-09-19 10:06:52.156,418.8668373720608,100
2024-09-19 10:06:52.466,418.87823181361154,7
2024-09-19 10:06:53.004,418.8752629791408,96
2024-09-19 10:06:53.036,418.9177906752144,104
2024-09-19 10:06:53.040,418.8846036292304,1001
2024-09-19 10:06:53.178,418.8622325310075,997
2024-09-19 10:06:53.265,418.8690809048858,95
2024-09-19 10:06:53.282,418.9267461980149,15
2024-09-19 10:06:53.302,418.91978510667866,97
2024-09-19 10:06:53.331,418.84409363800734,10
2024-09-19 10:06:53.397,418.8475985854132,8
2024-09-19 10:06:53.406,418.842617882408,14
2024-09-19 10:06:53.407,418.8470099427972,12
2024-09-19 10:06:53.550,418.87873386741416,105
2024-09-19 10:06:53.565,418.8569232093614,10
2024-09-19 10:06:53.572,418.9316339394843,1003
2024-09-19 10:06:53.594,418.93479675001805,9
2024-09-19 10:06:53.678,418.8374920265707,995
2024-09-19 10:06:53.697,418.86086375558295,995
2024-09-19 10:06:53.738,418.8648699496287,9
2024-09-19 10:06:53.907,418.8603402638463,15
2024-09-19 10:06:53.912,418.8844710472106,9
2024-09-19 10:06:53.938,418.9071243536378,96
2024-09-19 10:06:53.979,418.8603942603759,995
2024-09-19 10:06:54.018,418.9007694806164,104
2024-09-19 10:06:54.092,418.92509756581313,1000
2024-09-19 10:06:54.155,418.9154453407671,995
2024-09-19 10:06:54.270,418.912467367099,102
2024-09-19 10:06:54.301,418.91084255415456,98
2024-09-19 10:06:54.409,418.90584572916026,7
2024-09-19 10:06:54.421,418.9149349040223,13
2024-09-19 10:06:54.476,418.92187357061647,95
2024-09-19 10:06:54.552,418.91348015832415,101
2024-09-19 10:06:54.565,418.9190451940958,998
2024-09-19 10:06:54.583,418.9318379052367,1002
2024-09-19 10:06:54.701,418.9135824084596,5
2024-09-19 10:06:54.807,-418.9211404551685,12
2024-09-19 10:06:54.923,418.9331995375837,1003
2024-09-19 10:06:54.927,418.8807859615962,996
2024-09-19 10:06:54.960,41.89031000498498,98
2024-09-19 10:06:55.024,418.8681656349629,1001
2024-09-19 10:06:55.041,418.7984880639593,7
2024-09-19 10:06:55.153,418.8736921946531,1005
2024-09-19 10:06:55.171,418.88174337220846,10
2024-09-19 10:06:55.288,,998
2024-09-19 10:06:55.337,418.855378469128,1001
2024-09-19 10:06:55.488,418.8201637249441,14
2024-09-19 10:06:55.735,418.841180496064,101
2024-09-19 10:06:55.779,418.8108200323457,13
2024-09-19 10:06:55.900,418.8448047739104,1000
2024-09-19 10:06:56.045,418.7026900546656,100
2024-09-19 10:06:56.084,418.7929279254924,995
2024-09-19 10:06:56.109,418.758090594786,998
2024-09-19 10:06:56.117,418.7603968834748,9
2024-09-19 10:06:56.206,418.80174459398,995
2024-09-19 10:06:56.374,418.78951013539626,6
2024-09-19 10:06:56.384,418.7253017356043,95
2024-09-19 10:06:56.576,418.71315697877816,14
2024-09-19 10:06:56.645,418.73961840806805,100
2024-09-19 10:06:56.647,418.7861587134963,1001
2024-09-19 10:06:56.649,418.74125973486207,97
2024-09-19 10:06:56.652,418.8115426172691,98
2024-09-19 10:06:56.673,418.7494952719821,104
2024-09-19 10:06:56.775,418.7345443863578,105
2024-09-19 10:06:56.776,418.7510529956714,5
2024-09-19 10:06:56.777,418.7597634799047,105
2024-09-19 10:06:56.851,418.80566025459495,102
2024-09-19 10:06:56.870,418.7962678553124,15
2024-09-19 10:06:56.878,418.765627010297,995
2024-09-19 10:06:56.895,-418.7468343367865,1005
2024-09-19 10:06:56.913,418.7894936315324,1000
2024-09-19 10:06:56.918,418.7972760196266,96
2024-09-19 10:06:56.988,418.74230691103935,9
2024-09-19 10:06:57.216,418.7286259510442,1005
2024-09-19 10:06:57.232,418.6872531167093,12
2024-09-19 10:06:57.375,418.67730343984914,995
2024-09-19 10:06:57.706,418.7283945000256,101
2024-09-19 10:06:57.823,418.6840802457757,98
2024-09-19 10:06:57.965,418.7087358716403,104
2024-09-19 10:06:57.993,418.7004587536951,100
2024-09-19 10:06:58.004,418.715344347811,1004
2024-09-19 10:06:58.155,418.7230649827335,100
2024-09-19 10:06:58.164,418.70470921252434,9
2024-09-19 10:06:58.312,418.6956449673522,105
2024-09-19 10:06:58.318,418.7019953211866,7
2024-09-19 10:06:58.372,,98
2024-09-19 10:06:58.897,418.7211000185062,102
2024-09-19 10:06:59.026,418.8753405421556,101
2024-09-19 10:06:59.044,418.7924194761745,13
2024-09-19 10:06:59.047,418.7432693726958,7
2024-09-19 10:06:59.133,418.8177396347759,104
2024-09-19 10:06:59.142,418.8849585617794,99
2024-09-19 10:06:59.253,418.8080589016362,8
2024-09-19 10:06:59.271,418.8834744702398,1002
2024-09-19 10:06:59.294,418.8100794466866,101
2024-09-19 10:06:59.307,418.7494055866987,1000
2024-09-19 10:06:59.325,418.7752296123329,101
2024-09-19 10:06:59.349,418.80395962823854,101
2024-09-19 10:06:59.385,418.8010710795363,9
2024-09-19 10:06:59.408,,997
2024-09-19 10:06:59.617,418.79820701404367,11
2024-09-19 10:06:59.692,418.7895901321683,14
2024-09-19 10:06:59.724,418.8673805338999,996
2024-09-19 10:06:59.758,418.87111114979615,6
2024-09-19 10:06:59.759,418.9306300993607,1005
2024-09-19 10:06:59.807,418.7365278418207,97
2024-09-19 10:06:59.933,418.7741499736645,104
2024-09-19 10:06:59.965,418.8477914581654,103
2024-09-19 10:06:59.982,418.8367825518416,96
2024-09-19 10:06:59.998,418.9462408185666,1003
