Timestamp,Price,Size
2024-09-18 14:28:00.077,412.57620428661136,995
2024-09-18 14:28:00.092,412.611494613073,10
2024-09-18 14:28:00.155,412.5605567387649,102
2024-09-18 14:28:00.234,412.5768288732767,100
2024-09-18 14:28:00.292,412.6725495181199,6
2024-09-18 14:28:00.518,412.5455392701431,98
2024-09-18 14:28:00.549,412.5570580469008,1002
2024-09-18 14:28:00.624,412.58273863066415,95
2024-09-18 14:28:00.695,412.6300945848713,1001
2024-09-18 14:28:00.706,412.6375174920243,98
2024-09-18 14:28:00.722,412.5598638039446,999
2024-09-18 14:28:00.725,412.62020955768793,98
2024-09-18 14:28:00.835,412.66717425474593,95
2024-09-18 14:28:00.857,412.5571822615663,999
2024-09-18 14:28:00.872,412.5639240382404,6
2024-09-18 14:28:01.023,412.5331115117757,101
2024-09-18 14:28:01.243,412.5212865184419,101
2024-09-18 14:28:01.338,,99
2024-09-18 14:28:01.434,412.532767800476,1004
2024-09-18 14:28:01.517,412.5270903549416,95
2024-09-18 14:28:01.600,412.53898387160285,6
2024-09-18 14:28:01.605,412.52242089739417,10
2024-09-18 14:28:01.718,412.5389110103388,12
2024-09-18 14:28:01.824,412.5380013389097,7
2024-09-18 14:28:01.992,412.5324627258892,104
2024-09-18 14:28:02.047,412.4944208083251,12
2024-09-18 14:28:02.055,,1002
2024-09-18 14:28:02.149,412.5279541906567,100
2024-09-18 14:28:02.161,412.525350359402,1002
2024-09-18 14:28:02.243,412.4934523941287,1003
2024-09-18 14:28:02.258,412.5255409971769,100
2024-09-18 14:28:02.328,412.5155903820958,100
2024-09-18 14:28:02.391,412.4995419990631,997
2024-09-18 14:28:02.663,412.51258974697646,105
2024-09-18 14:28:02.720,412.5087774021614,1005
2024-09-18 14:28:02.831,412.5192521762088,100
2024-09-18 14:28:02.915,-412.499139384872,1002
2024-09-18 14:28:02.971,412.51509019346713,999
2024-09-18 14:28:03.394,412.5005498071024,1002
2024-09-18 14:28:03.399,412.5041028805642,996
2024-09-18 14:28:03.484,412.49333307925417,1002
2024-09-18 14:28:03.641,412.50966958389887,996
2024-09-18 14:28:03.678,412.5288817673444,95
2024-09-18 14:28:03.764,412.4958069739148,13
2024-09-18 14:28:03.990,412.4974643551618,6
2024-09-18 14:28:04.021,412.51887862866266,104
2024-09-18 14:28:04.049,412.5178833536868,103
2024-09-18 14:28:04.067,412.5334994582485,1004
2024-09-18 14:28:04.070,412.51794327657575,95
2024-09-18 14:28:04.077,412.5200257531635,102
2024-09-18 14:28:04.093,412.5201551653811,8
2024-09-18 14:28:04.122,412.5317151739575,96
2024-09-18 14:28:04.143,412.5115048512099,102
2024-09-18 14:28:04.163,412.5100263998521,99
2024-09-18 14:28:04.205,412.5498769091797,1005
2024-09-18 14:28:04.206,412.4965984908143,12
2024-09-18 14:28:04.390,412.51062764293664,7
2024-09-18 14:28:04.438,412.5519776895699,1003
2024-09-18 14:28:04.539,412.4878752507528,97
2024-09-18 14:28:04.555,412.498959979448,1003
2024-09-18 14:28:04.572,412.5291580215127,998
2024-09-18 14:28:04.588,412.5022521499372,1000
2024-09-18 14:28:04.642,412.4851321217601,5
2024-09-18 14:28:04.655,412.50530643414623,96
2024-09-18 14:28:04.732,412.5406141104495,11
2024-09-18 14:28:04.767,412.50138488826553,10
2024-09-18 14:28:04.866,412.4894093568032,1005
2024-09-18 14:28:04.903,412.5580744042303,100
2024-09-18 14:28:04.904,,999
2024-09-18 14:28:04.914,412.56359699070543,96
2024-09-18 14:28:04.944,412.52134674452753,1005
2024-09-18 14:28:05.082,412.5935895126652,997
2024-09-18 14:28:05.141,412.5371513204251,12
2024-09-18 14:28:05.355,412.57675315042434,998
2024-09-18 14:28:05.505,41.25925631027516,1004
2024-09-18 14:28:05.549,412.54882568418174,998
2024-09-18 14:28:05.635,412.5495250260696,996
2024-09-18 14:28:05.732,412.57911561786176,13
2024-09-18 14:28:05.744,412.5355281312343,12
2024-09-18 14:28:05.758,412.56549901088766,999
2024-09-18 14:28:05.762,412.5864294310125,95
2024-09-18 14:28:05.893,412.5863903280536,96
2024-09-18 14:28:05.906,412.5318768510612,99
2024-09-18 14:28:06.094,412.5910221805043,98
2024-09-18 14:28:06.236,412.5801355683032,98
2024-09-18 14:28:06.349,412.5802802998,15
2024-09-18 14:28:06.528,412.5824069543368,97
2024-09-18 14:28:06.603,412.5944295157828,101
2024-09-18 14:28:06.606,412.5861484827663,8
2024-09-18 14:28:06.663,412.5837567900567,104
2024-09-18 14:28:06.925,412.5852681215451,7
2024-09-18 14:28:06.994,412.5986583445431,95
2024-09-18 14:28:07.048,412.5779236610135,13
2024-09-18 14:28:07.065,412.59440449270295,13
2024-09-18 14:28:07.077,412.5671579899941,996
2024-09-18 14:28:07.275,412.5905609083408,95
2024-09-18 14:28:07.296,412.5651379828988,1004
2024-09-18 14:28:07.323,412.5893123807455,1003
2024-09-18 14:28:07.329,412.5618956650607,11
2024-09-18 14:28:07.402,412.6157304799824,13
2024-09-18 14:28:07.424,412.5723119776524,995
2024-09-18 14:28:07.460,412.58876209304776,997
2024-09-18 14:28:07.465,412.5823460724972,96
2024-09-18 14:28:07.523,412.6019075657885,97
2024-09-18 14:28:07.528,412.5369496467198,13
2024-09-18 14:28:07.568,412.5564218348989,996
2024-09-18 14:28:07.630,412.6072543451718,98
2024-09-18 14:28:07.631,412.5915044022968,102
2024-09-18 14:28:07.632,412.6211430377063,6
2024-09-18 14:28:07.648,412.56561275496784,103
2024-09-18 14:28:07.709,412.5714132888719,1002
2024-09-18 14:28:07.742,412.56955445454986,8
2024-09-18 14:28:07.807,412.56125999834177,995
2024-09-18 14:28:07.821,412.5508219510595,103
2024-09-18 14:28:08.025,412.5779683723262,998
2024-09-18 14:28:08.040,412.57058471009,1001
2024-09-18 14:28:08.047,412.6070745386216,102
2024-09-18 14:28:08.182,412.5788578349356,997
2024-09-18 14:28:08.270,412.5939033476158,10
2024-09-18 14:28:08.297,412.557952897756,99
2024-09-18 14:28:08.323,412.59044311816285,12
2024-09-18 14:28:08.652,412.5754048912905,105
2024-09-18 14:28:08.817,412.5866071879667,8
2024-09-18 14:28:08.907,412.5570805372089,96
2024-09-18 14:28:08.945,412.5589057845645,8
2024-09-18 14:28:09.020,412.6177689692349,105
2024-09-18 14:28:09.100,412.6294577060568,1005
2024-09-18 14:28:09.105,412.6093044952896,101
2024-09-18 14:28:09.123,412.6134975281561,995
2024-09-18 14:28:09.179,412.6234231553537,98
2024-09-18 14:28:09.213,412.6075538609312,100
2024-09-18 14:28:09.247,412.6094074238623,98
2024-09-18 14:28:09.267,412.613316635812,1005
2024-09-18 14:28:09.331,412.6455607837057,1003
2024-09-18 14:28:09.478,412.6295102772787,1003
2024-09-18 14:28:09.486,412.6352708584801,8
2024-09-18 14:28:09.517,412.610008015093,104
2024-09-18 14:28:09.547,412.6091167038486,995
2024-09-18 14:28:09.622,412.61839436412737,996
2024-09-18 14:28:09.630,-412.61279120021726,103
2024-09-18 14:28:09.707,412.6068232640844,97
2024-09-18 14:28:09.738,412.616717230954,97
2024-09-18 14:28:09.784,412.634888789309,98
2024-09-18 14:28:09.836,412.62539256825886,13
2024-09-18 14:28:09.985,412.6215080909778,995
2024-09-18 14:28:10.034,412.6250162427672,995
2024-09-18 14:28:10.055,412.64205885572994,11
2024-09-18 14:28:10.066,412.65623108054285,105
2024-09-18 14:28:10.094,412.6376635212911,96
2024-09-18 14:28:10.094,412.612749727123,1003
2024-09-18 14:28:10.148,412.64648248096233,104
2024-09-18 14:28:10.183,412.63399315222114,1005
2024-09-18 14:28:10.191,412.6414646651088,999
2024-09-18 14:28:10.198,412.6336317128695,95
2024-09-18 14:28:10.238,412.6222216732967,103
2024-09-18 14:28:10.269,412.6090437241984,99
2024-09-18 14:28:10.270,412.6105135390062,996
2024-09-18 14:28:10.318,412.6142885686093,12
2024-09-18 14:28:10.338,412.62830205405,96
2024-09-18 14:28:10.370,412.6305068366459,1004
2024-09-18 14:28:10.408,412.6319536007431,103
2024-09-18 14:28:10.479,412.6198184177556,999
2024-09-18 14:28:10.506,412.6100616047587,1003
2024-09-18 14:28:10.545,412.60429805506726,98
2024-09-18 14:28:10.593,412.6298940548909,99
2024-09-18 14:28:10.607,412.6074900640127,1001
2024-09-18 14:28:10.682,412.6192523146016,5
2024-09-18 14:28:10.738,412.6260098069116,15
2024-09-18 14:28:10.796,412.6083148184391,97
2024-09-18 14:28:10.807,412.6205528455873,101
2024-09-18 14:28:10.862,412.63260901401975,102
2024-09-18 14:28:10.884,412.630661015924,995
2024-09-18 14:28:10.906,412.6416298233509,99
2024-09-18 14:28:11.280,412.6358800280043,1005
2024-09-18 14:28:11.515,412.6468847536341,96
2024-09-18 14:28:12.899,412.6339478804192,100
2024-09-18 14:28:13.078,412.65704676287504,999
2024-09-18 14:28:13.125,412.6578278597522,8
2024-09-18 14:28:13.186,412.6552840036271,1000
2024-09-18 14:28:13.278,412.661933702928,5
2024-09-18 14:28:13.342,412.653280429301,96
2024-09-18 14:28:13.401,412.6539600302665,995
2024-09-18 14:28:13.411,412.6504342069706,10
2024-09-18 14:28:13.434,412.6392068583918,1004
2024-09-18 14:28:13.549,412.6334457415856,11
2024-09-18 14:28:13.677,412.6348182317093,14
2024-09-18 14:28:14.016,412.6691850344007,100
2024-09-18 14:28:14.071,412.6339663985691,14
2024-09-18 14:28:14.144,412.6266654893077,13
2024-09-18 14:28:14.147,412.6441924759916,103
2024-09-18 14:28:14.162,412.6533811244301,11
2024-09-18 14:28:14.281,412.6581369811138,95
2024-09-18 14:28:14.408,412.6696386824784,5
2024-09-18 14:28:14.414,412.66384986093857,998
2024-09-18 14:28:14.432,412.65587224658873,1000
2024-09-18 14:28:14.447,412.6770743246401,997
2024-09-18 14:28:14.670,412.7036058288703,95
2024-09-18 14:28:14.671,412.6822033991579,1002
2024-09-18 14:28:14.686,412.6521248032924,6
2024-09-18 14:28:14.749,412.6684201237982,97
2024-09-18 14:28:14.774,412.68487625839305,98
2024-09-18 14:28:14.775,412.6966241407896,996
2024-09-18 14:28:14.842,412.6445064605712,1002
2024-09-18 14:28:14.851,412.6685452427648,997
2024-09-18 14:28:14.885,412.6756654477701,96
2024-09-18 14:28:14.919,412.6978571777229,1000
2024-09-18 14:28:14.921,412.6529641263754,998
2024-09-18 14:28:14.931,412.69450108218086,1003
2024-09-18 14:28:14.939,412.64027630445776,999
2024-09-18 14:28:15.063,412.68537374811376,104
2024-09-18 14:28:15.182,412.72752317289707,7
2024-09-18 14:28:15.212,412.68006789702,5
2024-09-18 14:28:15.333,412.6740422552558,1004
2024-09-18 14:28:15.352,412.68464532730593,8
2024-09-18 14:28:15.371,412.6787484272871,995
2024-09-18 14:28:15.401,412.7067974990093,1003
2024-09-18 14:28:15.635,412.6761169295861,996
2024-09-18 14:28:15.640,412.6878756088467,1002
2024-09-18 14:28:15.693,412.6875263358009,11
2024-09-18 14:28:15.765,412.6938663724428,103
2024-09-18 14:28:15.873,412.6970354600799,997
2024-09-18 14:28:15.877,412.6785645345281,97
2024-09-18 14:28:15.880,412.6700819177337,103
2024-09-18 14:28:15.914,412.6826157617728,1005
2024-09-18 14:28:15.943,412.690519956107,8
2024-09-18 14:28:15.963,412.6741458047652,5
2024-09-18 14:28:16.010,412.6799947452282,98
2024-09-18 14:28:16.090,412.71543433737344,10
2024-09-18 14:28:16.183,412.6289328035347,104
2024-09-18 14:28:16.248,412.642418223877,99
2024-09-18 14:28:16.269,,5
2024-09-18 14:28:16.271,412.6768237220822,98
2024-09-18 14:28:16.312,412.6276722163556,7
2024-09-18 14:28:16.336,412.6302040103936,1000
2024-09-18 14:28:16.412,412.71011966186944,105
2024-09-18 14:28:16.482,412.6823039184008,5
2024-09-18 14:28:16.514,412.6793002579523,996
2024-09-18 14:28:16.531,412.6995802507664,100
2024-09-18 14:28:16.535,412.6677202339494,7
2024-09-18 14:28:16.545,412.6819401957191,14
2024-09-18 14:28:16.565,412.7057932948744,104
2024-09-18 14:28:16.618,412.6508331287478,7
2024-09-18 14:28:16.623,412.72740119143015,1001
2024-09-18 14:28:16.640,412.64614461310447,1000
2024-09-18 14:28:16.691,412.6544397038133,10
2024-09-18 14:28:16.804,412.6745312422709,97
2024-09-18 14:28:16.855,412.6518371755016,999
2024-09-18 14:28:16.975,412.7307802164749,1004
2024-09-18 14:28:16.982,412.6359337587234,103
2024-09-18 14:28:17.109,412.71703397359255,105
2024-09-18 14:28:17.169,412.7037929781099,10
2024-09-18 14:28:17.185,412.6837902918673,1000
2024-09-18 14:28:17.243,412.7175988489668,104
2024-09-18 14:28:17.387,412.6882525614263,6
2024-09-18 14:28:17.401,412.74009704398026,12
2024-09-18 14:28:17.437,412.7165390046487,999
2024-09-18 14:28:17.465,412.7247184775536,1003
2024-09-18 14:28:17.513,412.7174371459312,10
2024-09-18 14:28:17.532,412.6956188586468,996
2024-09-18 14:28:17.576,412.6889855145427,1003
2024-09-18 14:28:17.603,412.7098443692504,8
2024-09-18 14:28:17.616,412.7071137001745,98
2024-09-18 14:28:17.741,412.72849886356175,15
2024-09-18 14:28:17.770,412.7022797139253,1004
2024-09-18 14:28:17.928,412.6832656560129,6
2024-09-18 14:28:17.939,412.7260789094941,104
2024-09-18 14:28:17.959,412.6877791420176,1003
2024-09-18 14:28:17.977,412.72069262969774,102
2024-09-18 14:28:17.987,412.7219236115457,6
2024-09-18 14:28:18.068,412.7109082130895,100
2024-09-18 14:28:18.131,412.7179669377789,14
2024-09-18 14:28:18.155,412.7023978901716,14
2024-09-18 14:28:18.206,412.7133446964191,5
2024-09-18 14:28:18.352,412.68817674007903,1002
2024-09-18 14:28:18.353,412.7184333104732,13
2024-09-18 14:28:18.394,,1002
2024-09-18 14:28:18.400,412.68699792571886,103
2024-09-18 14:28:18.425,412.7045861081946,1004
2024-09-18 14:28:18.442,412.7173250521126,13
2024-09-18 14:28:18.450,412.71239030308834,9
2024-09-18 14:28:18.462,412.7024176497328,5
2024-09-18 14:28:18.471,412.6629533199514,101
2024-09-18 14:28:18.503,412.7137846892215,98
2024-09-18 14:28:18.506,412.7315312494437,1005
2024-09-18 14:28:18.528,412.6450707863341,1003
2024-09-18 14:28:18.639,412.7008424828696,97
2024-09-18 14:28:18.656,412.63798113397473,1000
2024-09-18 14:28:18.663,412.7248223200399,97
2024-09-18 14:28:18.765,412.70502784137017,5
2024-09-18 14:28:18.782,412.64325018151766,995
2024-09-18 14:28:18.809,412.67673497354286,1005
2024-09-18 14:28:18.919,412.6705491148471,1004
2024-09-18 14:28:18.990,412.7149481300254,104
2024-09-18 14:28:19.610,412.7434148256111,10
2024-09-18 14:28:19.746,412.71900524903015,5
2024-09-18 14:28:19.843,412.7282110959926,12
2024-09-18 14:28:20.033,412.7507535409745,9
2024-09-18 14:28:20.475,412.74216115550456,14
2024-09-18 14:28:20.479,412.72607244532,12
2024-09-18 14:28:20.509,412.7298504747258,1000
2024-09-18 14:28:20.521,412.76734748369023,96
2024-09-18 14:28:20.899,412.7379494439765,5
2024-09-18 14:28:20.952,412.7453216647789,997
2024-09-18 14:28:21.021,412.7905209449633,100
2024-09-18 14:28:21.111,412.7762691922659,6
2024-09-18 14:28:21.170,412.7822786037239,996
2024-09-18 14:28:21.219,412.78477855312553,995
2024-09-18 14:28:21.226,412.7492331331231,8
2024-09-18 14:28:21.254,412.78033693681647,8
2024-09-18 14:28:21.278,412.7696927242036,14
2024-09-18 14:28:21.391,412.77088539421806,9
2024-09-18 14:28:21.412,-412.7695918598886,997
2024-09-18 14:28:21.419,412.7720686784221,996
2024-09-18 14:28:21.437,412.76489241916056,7
2024-09-18 14:28:21.517,412.7619416667308,101
2024-09-18 14:28:21.524,412.7607733281205,999
2024-09-18 14:28:21.603,412.7212262009566,15
2024-09-18 14:28:21.632,412.7105515058876,96
2024-09-18 14:28:21.639,412.74804701884585,104
2024-09-18 14:28:21.648,412.7153843616539,995
2024-09-18 14:28:21.673,412.72103013727127,98
2024-09-18 14:28:21.758,412.7605452252789,9
2024-09-18 14:28:21.770,412.7690252067905,5
2024-09-18 14:28:21.785,412.7443133730768,102
2024-09-18 14:28:21.789,412.721886669548,100
2024-09-18 14:28:21.845,412.75507089421416,103
2024-09-18 14:28:21.866,412.7544862385232,12
2024-09-18 14:28:21.898,412.79303123428224,95
2024-09-18 14:28:21.922,412.7722848597504,95
2024-09-18 14:28:21.963,412.76460539349256,98
2024-09-18 14:28:21.987,412.7699540762063,98
2024-09-18 14:28:22.226,412.714481297422,105
2024-09-18 14:28:22.299,412.7329886355277,998
2024-09-18 14:28:22.468,412.7129796688745,101
2024-09-18 14:28:22.590,412.6959619763685,1000
2024-09-18 14:28:22.621,412.6863577813492,98
2024-09-18 14:28:22.800,412.7359716831003,10
2024-09-18 14:28:22.908,412.6989986393157,1003
2024-09-18 14:28:22.911,412.7374811841047,104
2024-09-18 14:28:22.931,412.6843672134577,15
2024-09-18 14:28:22.995,412.720211833746,997
2024-09-18 14:28:23.035,412.7304784640981,95
2024-09-18 14:28:23.074,412.70808021145774,96
2024-09-18 14:28:23.076,412.7150619701151,995
2024-09-18 14:28:23.141,412.6911548153152,998
2024-09-18 14:28:23.185,412.6878588961767,95
2024-09-18 14:28:23.247,412.6837985119771,998
2024-09-18 14:28:23.292,412.708083187246,13
2024-09-18 14:28:23.370,412.7248495716789,1002
2024-09-18 14:28:23.373,412.72012847852216,995
2024-09-18 14:28:23.468,412.7261890655951,1003
2024-09-18 14:28:23.519,412.7169850716601,14
2024-09-18 14:28:23.602,412.7123956310441,95
2024-09-18 14:28:23.840,412.7143750303068,13
2024-09-18 14:28:23.849,412.6991703581187,12
2024-09-18 14:28:24.082,412.6796014596923,15
2024-09-18 14:28:24.112,412.6908244169709,103
2024-09-18 14:28:24.125,412.7654942057029,997
2024-09-18 14:28:24.168,412.7117240687268,12
2024-09-18 14:28:24.266,412.7207651802196,1004
2024-09-18 14:28:24.400,412.69691007171616,105
2024-09-18 14:28:24.420,412.7335372365406,12
2024-09-18 14:28:24.465,412.73097316374,7
2024-09-18 14:28:24.468,412.7353091354564,12
2024-09-18 14:28:24.490,-412.6896260876548,14
2024-09-18 14:28:24.498,412.7072535801313,9
2024-09-18 14:28:24.526,412.7065233936158,14
2024-09-18 14:28:24.615,412.70785144566776,999
2024-09-18 14:28:24.758,412.68648890425465,100
2024-09-18 14:28:24.759,412.7204446640661,995
2024-09-18 14:28:24.794,412.7580627849395,96
2024-09-18 14:28:24.832,412.7098065893805,1001
2024-09-18 14:28:24.865,412.6660775768955,9
2024-09-18 14:28:24.870,412.6645517234375,15
2024-09-18 14:28:24.879,412.7382042411143,5
2024-09-18 14:28:24.980,412.710109803946,11
2024-09-18 14:28:25.005,412.6241592301807,10
2024-09-18 14:28:25.077,412.65457010613153,98
2024-09-18 14:28:25.079,412.6620588422295,15
2024-09-18 14:28:25.287,412.67111404560166,97
2024-09-18 14:28:25.308,412.6524308161229,997
2024-09-18 14:28:25.318,412.64123818265887,8
2024-09-18 14:28:25.320,412.68504728510777,99
2024-09-18 14:28:25.320,412.6170172896719,13
2024-09-18 14:28:25.358,412.6932583504961,996
2024-09-18 14:28:25.386,412.6279175107002,14
2024-09-18 14:28:25.400,412.65211894218464,97
2024-09-18 14:28:25.434,412.6899250897119,995
2024-09-18 14:28:25.444,412.6621886226233,995
2024-09-18 14:28:25.489,412.6598983405089,1003
2024-09-18 14:28:25.504,412.68366375779607,999
2024-09-18 14:28:25.593,412.6631459863611,8
2024-09-18 14:28:25.603,412.6524263481458,1002
2024-09-18 14:28:25.657,412.6597450387607,11
2024-09-18 14:28:25.667,412.654801791485,995
2024-09-18 14:28:25.693,412.6437180734419,102
2024-09-18 14:28:25.694,41.26332793861271,996
2024-09-18 14:28:25.760,412.67665963642446,8
2024-09-18 14:28:25.768,412.6868673836635,7
2024-09-18 14:28:25.779,412.6421737228912,997
2024-09-18 14:28:25.816,412.6686060625793,12
2024-09-18 14:28:25.821,412.66552054482406,102
2024-09-18 14:28:25.827,412.6580854022621,8
2024-09-18 14:28:26.111,412.6904285637744,1003
2024-09-18 14:28:26.147,-412.7356376330279,1005
2024-09-18 14:28:26.196,412.69095586416,104
2024-09-18 14:28:26.200,412.7635155812888,103
2024-09-18 14:28:26.201,412.74566103834127,101
2024-09-18 14:28:26.232,412.68362930987047,1003
2024-09-18 14:28:26.237,412.6781306963667,101
2024-09-18 14:28:26.280,412.7025224401231,1001
2024-09-18 14:28:26.293,412.69619941629895,8
2024-09-18 14:28:26.311,412.77053575149824,12
2024-09-18 14:28:26.324,412.6937991465184,96
2024-09-18 14:28:26.332,412.7216194464833,6
2024-09-18 14:28:26.343,412.67352399857714,103
2024-09-18 14:28:26.344,412.6933633727545,1002
2024-09-18 14:28:26.386,412.6540312300851,999
2024-09-18 14:28:26.524,412.7126620498688,1001
2024-09-18 14:28:26.573,41.26889303722906,15
2024-09-18 14:28:26.792,412.708130690796,5
2024-09-18 14:28:26.840,412.7047412040149,6
2024-09-18 14:28:26.848,412.7051580073434,15
2024-09-18 14:28:26.874,412.6672058602956,1002
2024-09-18 14:28:26.934,412.6720997786756,1001
2024-09-18 14:28:27.006,412.73927224464165,1003
2024-09-18 14:28:27.062,412.67547513303566,105
2024-09-18 14:28:27.240,412.6731831194839,9
2024-09-18 14:28:27.265,412.7378820242243,95
2024-09-18 14:28:27.329,412.6913924584909,104
2024-09-18 14:28:27.331,412.6584520215224,996
2024-09-18 14:28:27.440,412.7191020459917,1000
2024-09-18 14:28:27.469,412.72418605127154,8
2024-09-18 14:28:27.511,412.72710773778834,14
2024-09-18 14:28:27.557,412.7191369134022,1000
2024-09-18 14:28:27.562,412.7263737032209,95
2024-09-18 14:28:27.611,412.7085344900119,8
2024-09-18 14:28:27.617,412.7230121714834,997
2024-09-18 14:28:27.735,412.7070050875456,103
2024-09-18 14:28:27.740,412.72367063680457,104
2024-09-18 14:28:27.804,412.6843277863027,995
2024-09-18 14:28:27.833,412.73212601822513,1004
2024-09-18 14:28:27.845,412.7318409714593,10
2024-09-18 14:28:27.876,412.7032787249912,7
2024-09-18 14:28:27.904,412.7088193482394,1001
2024-09-18 14:28:28.254,412.6713583022964,9
2024-09-18 14:28:29.049,412.69128078182194,999
2024-09-18 14:28:29.091,412.8061626507585,101
2024-09-18 14:28:29.132,412.8075802149795,95
2024-09-18 14:28:29.155,412.6787816525135,995
2024-09-18 14:28:29.189,412.68579423131865,103
2024-09-18 14:28:29.300,412.7273598033273,104
2024-09-18 14:28:29.395,41.27546363030028,101
2024-09-18 14:28:29.402,412.8071739431534,96
2024-09-18 14:28:29.434,412.682204472478,9
2024-09-18 14:28:29.464,412.7227404863559,104
2024-09-18 14:28:29.521,412.67272143027753,10
2024-09-18 14:28:29.529,412.72067183131617,97
2024-09-18 14:28:29.535,412.7945543800903,6
2024-09-18 14:28:29.585,412.78926331661046,97
2024-09-18 14:28:29.605,412.7329471441234,1003
2024-09-18 14:28:29.731,412.7337477471252,99
2024-09-18 14:28:29.817,412.785191661411,8
2024-09-18 14:28:29.836,412.80723140729685,15
2024-09-18 14:28:29.844,412.7113716200868,5
2024-09-18 14:28:29.848,412.7152383453832,12
2024-09-18 14:28:29.876,41.276491782895846,997
2024-09-18 14:28:29.989,412.7834659911501,15
2024-09-18 14:28:30.157,412.7759252658155,12
2024-09-18 14:28:30.489,412.7184984701439,97
2024-09-18 14:28:30.526,412.773178427964,996
2024-09-18 14:28:30.527,412.7354676943092,6
2024-09-18 14:28:30.534,412.763898728004,1000
2024-09-18 14:28:30.591,412.73937879435726,104
2024-09-18 14:28:30.602,412.7437188492912,998
2024-09-18 14:28:30.603,412.7608488927024,1002
2024-09-18 14:28:30.632,412.7642128647293,999
2024-09-18 14:28:30.686,412.7909481711294,15
2024-09-18 14:28:30.797,412.7762067812955,1005
2024-09-18 14:28:30.805,412.7655447974775,11
2024-09-18 14:28:30.817,412.7907962041432,1000
2024-09-18 14:28:30.831,412.7368523869972,101
2024-09-18 14:28:30.869,412.7921240589043,7
2024-09-18 14:28:30.894,412.7692697469083,97
2024-09-18 14:28:30.928,412.7238402430643,6
2024-09-18 14:28:30.934,412.7615786221791,999
2024-09-18 14:28:31.000,412.75191029289255,102
2024-09-18 14:28:31.216,412.7471315197732,11
2024-09-18 14:28:31.239,412.7453573309445,1002
2024-09-18 14:28:31.282,412.7139912675941,15
2024-09-18 14:28:31.363,412.7576842617718,1005
2024-09-18 14:28:31.428,412.7056011597263,101
2024-09-18 14:28:31.438,412.7112564378229,11
2024-09-18 14:28:31.473,412.73695288591193,998
2024-09-18 14:28:31.488,412.7274230741535,15
2024-09-18 14:28:31.491,412.7582480948233,998
2024-09-18 14:28:31.503,412.7672193355351,105
2024-09-18 14:28:31.666,412.74487128717305,95
2024-09-18 14:28:31.721,412.7657713148444,997
2024-09-18 14:28:31.970,412.74858029405823,14
2024-09-18 14:28:32.032,412.78171829108646,12
2024-09-18 14:28:32.042,412.76981374645646,1001
2024-09-18 14:28:32.113,,104
2024-09-18 14:28:32.186,412.77701386781456,104
2024-09-18 14:28:32.191,412.7321266940544,1005
2024-09-18 14:28:32.204,412.7738992363943,14
2024-09-18 14:28:32.291,412.7823813924808,6
2024-09-18 14:28:32.318,412.7974201360368,5
2024-09-18 14:28:32.339,412.8045833609809,5
2024-09-18 14:28:32.428,412.7633431040102,11
2024-09-18 14:28:32.511,412.7288986447225,96
2024-09-18 14:28:32.528,412.7372879709235,998
2024-09-18 14:28:32.545,41.27437260146318,97
2024-09-18 14:28:32.616,412.7628968259537,6
2024-09-18 14:28:32.635,,5
2024-09-18 14:28:32.636,412.7718242921107,14
2024-09-18 14:28:32.716,412.7800546408028,100
2024-09-18 14:28:32.760,412.7936851669928,7
2024-09-18 14:28:32.795,412.7151485318723,97
2024-09-18 14:28:32.815,412.7517097473675,14
2024-09-18 14:28:32.821,412.7882217653936,95
2024-09-18 14:28:32.829,412.7716660615607,1004
2024-09-18 14:28:32.837,412.7573513015856,1001
2024-09-18 14:28:32.840,412.7861846378361,103
2024-09-18 14:28:32.882,412.7897466260827,12
2024-09-18 14:28:32.923,412.7809316514351,99
2024-09-18 14:28:32.928,412.76164313995565,12
2024-09-18 14:28:32.989,412.7855308310556,15
2024-09-18 14:28:33.039,412.7380647291017,101
2024-09-18 14:28:33.057,412.7306096081692,103
2024-09-18 14:28:33.122,412.72667660819405,998
2024-09-18 14:28:33.187,412.7317908465157,1000
2024-09-18 14:28:33.202,412.7114277604552,11
2024-09-18 14:28:33.213,412.7141648277661,9
2024-09-18 14:28:33.291,,12
2024-09-18 14:28:33.304,412.7253040037703,6
2024-09-18 14:28:33.338,412.7404632840993,998
2024-09-18 14:28:33.373,412.7384010812458,101
2024-09-18 14:28:33.484,412.73315293114905,100
2024-09-18 14:28:33.525,412.7388659150008,1001
2024-09-18 14:28:33.584,412.698772079099,996
2024-09-18 14:28:33.602,412.7047970459379,1004
2024-09-18 14:28:33.644,412.7097826130515,996
2024-09-18 14:28:33.673,412.709157405509,95
2024-09-18 14:28:33.739,412.7106239971122,98
2024-09-18 14:28:33.741,412.7354832175496,103
2024-09-18 14:28:33.793,412.70685470121816,105
2024-09-18 14:28:33.817,-412.7362122293942,995
2024-09-18 14:28:33.841,412.70878072987847,1005
2024-09-18 14:28:33.853,412.6923720092683,1003
2024-09-18 14:28:33.861,412.72310880314734,995
2024-09-18 14:28:33.925,412.7470872470935,11
2024-09-18 14:28:33.942,412.7246965935928,996
2024-09-18 14:28:34.065,412.7884310882188,999
2024-09-18 14:28:34.076,412.72541168850125,102
2024-09-18 14:28:34.102,412.6926524964354,1002
2024-09-18 14:28:34.233,412.74053471097375,5
2024-09-18 14:28:34.236,412.679985293638,1000
2024-09-18 14:28:34.264,412.753554138482,995
2024-09-18 14:28:34.282,412.7649518478869,100
2024-09-18 14:28:34.292,412.6821788028621,15
2024-09-18 14:28:34.300,412.7512268848242,1004
2024-09-18 14:28:34.325,412.7655076742984,999
2024-09-18 14:28:34.335,412.728954583638,9
2024-09-18 14:28:34.349,412.6969324339588,5
2024-09-18 14:28:34.349,412.7073984588324,9
2024-09-18 14:28:34.383,412.6974951910571,13
2024-09-18 14:28:34.406,412.7221208331561,995
2024-09-18 14:28:34.506,412.7502431841066,12
2024-09-18 14:28:34.615,412.7071917711874,1001
2024-09-18 14:28:34.616,412.6929701561481,102
2024-09-18 14:28:34.628,412.7087278146344,1001
2024-09-18 14:28:34.681,412.7652454560075,97
2024-09-18 14:28:34.773,412.6880238182071,102
2024-09-18 14:28:34.780,412.7087379430114,103
2024-09-18 14:28:34.900,412.7421055642981,15
2024-09-18 14:28:34.981,412.6993981622339,7
2024-09-18 14:28:34.982,412.7609137227336,999
2024-09-18 14:28:35.011,412.7393754022009,11
2024-09-18 14:28:35.081,412.7000730065516,9
2024-09-18 14:28:35.092,412.6774462180911,8
2024-09-18 14:28:35.160,412.700812175087,1002
2024-09-18 14:28:35.173,412.72755818859736,6
2024-09-18 14:28:35.193,412.7400183214789,1000
2024-09-18 14:28:35.201,412.6905747335513,14
2024-09-18 14:28:35.272,412.70969955471367,999
2024-09-18 14:28:35.273,412.7238000864046,95
2024-09-18 14:28:35.280,412.65822926389177,999
2024-09-18 14:28:35.299,412.71937520453,13
2024-09-18 14:28:35.321,412.75447227834,97
2024-09-18 14:28:35.336,412.68923343551154,104
2024-09-18 14:28:35.338,412.6517782380342,12
2024-09-18 14:28:35.355,412.79696565965895,96
2024-09-18 14:28:35.420,412.7843833315241,998
2024-09-18 14:28:35.579,412.7605128409543,104
2024-09-18 14:28:35.731,412.7157315077327,1000
2024-09-18 14:28:35.770,412.7009795315845,102
2024-09-18 14:28:35.779,412.6614524796364,995
2024-09-18 14:28:35.824,412.7049635672835,97
2024-09-18 14:28:35.856,412.7800899395645,102
2024-09-18 14:28:35.950,412.6724270582149,100
2024-09-18 14:28:35.966,412.6884669633991,11
2024-09-18 14:28:35.977,412.715984636375,1000
2024-09-18 14:28:36.032,412.6777893106874,1005
2024-09-18 14:28:36.050,412.6591714981765,1005
2024-09-18 14:28:36.094,412.6489754336663,8
2024-09-18 14:28:36.099,412.6831379771177,998
2024-09-18 14:28:36.125,412.65963648975406,100
2024-09-18 14:28:36.136,412.6452057432852,14
2024-09-18 14:28:36.142,412.6686819286391,101
2024-09-18 14:28:36.143,412.6708169817935,98
2024-09-18 14:28:36.227,412.6869993488039,996
2024-09-18 14:28:36.279,412.6866594490844,15
2024-09-18 14:28:36.292,412.6502252301789,997
2024-09-18 14:28:36.298,412.697661729572,999
2024-09-18 14:28:36.331,412.6804199243763,997
2024-09-18 14:28:36.363,412.7004021500511,12
2024-09-18 14:28:36.366,412.67797958491343,9
2024-09-18 14:28:36.459,412.6818476988837,1004
2024-09-18 14:28:36.476,412.66590864252254,1003
2024-09-18 14:28:36.497,412.6881466901776,103
2024-09-18 14:28:36.530,412.6473670900911,95
2024-09-18 14:28:36.545,412.6675653635507,5
2024-09-18 14:28:36.665,412.6449979428671,12
2024-09-18 14:28:36.712,412.6647703702888,103
2024-09-18 14:28:36.774,412.6539021191458,1000
2024-09-18 14:28:36.783,412.6901479607628,105
2024-09-18 14:28:36.789,412.6516915935768,1000
2024-09-18 14:28:36.817,412.6481418341791,996
2024-09-18 14:28:36.890,412.6764615150913,7
2024-09-18 14:28:36.913,412.6622861338654,1001
2024-09-18 14:28:36.916,412.676879273178,8
2024-09-18 14:28:36.935,412.665135403891,98
2024-09-18 14:28:37.072,412.6057165096364,97
2024-09-18 14:28:37.084,412.623569234636,10
2024-09-18 14:28:37.218,412.5934951129879,95
2024-09-18 14:28:37.268,412.5726164452172,104
2024-09-18 14:28:37.310,412.6125081483712,996
2024-09-18 14:28:37.366,412.608892384985,101
2024-09-18 14:28:37.369,412.60673259226246,99
2024-09-18 14:28:37.397,412.6385100413223,7
2024-09-18 14:28:37.398,412.6000405407284,998
2024-09-18 14:28:37.402,412.5825713868488,14
2024-09-18 14:28:37.411,412.6013446284762,99
2024-09-18 14:28:37.439,412.5980572813621,95
2024-09-18 14:28:37.442,412.6172494328808,12
2024-09-18 14:28:37.502,412.66420496822536,103
2024-09-18 14:28:37.506,412.66144854921896,14
2024-09-18 14:28:37.508,412.6017567656111,12
2024-09-18 14:28:37.579,412.67327081179127,99
2024-09-18 14:28:37.599,412.606562633174,6
2024-09-18 14:28:37.647,412.5927101204786,1001
2024-09-18 14:28:37.752,412.6110744526069,105
2024-09-18 14:28:37.762,412.59429946538506,98
2024-09-18 14:28:37.792,412.5793880176725,996
2024-09-18 14:28:37.829,412.6040965091081,1000
2024-09-18 14:28:37.846,412.6113852489141,999
2024-09-18 14:28:37.883,412.6010326405236,995
2024-09-18 14:28:37.913,412.6756659700226,15
2024-09-18 14:28:37.959,412.58157304588735,6
2024-09-18 14:28:38.004,412.5578259904602,1005
2024-09-18 14:28:38.090,412.5567377319717,99
2024-09-18 14:28:38.125,412.552199239144,999
2024-09-18 14:28:38.125,412.56123111874575,995
2024-09-18 14:28:38.164,412.5712914534506,998
2024-09-18 14:28:38.238,412.5548293055604,1004
2024-09-18 14:28:38.243,412.5416760154764,15
2024-09-18 14:28:38.301,412.5662815891829,96
2024-09-18 14:28:38.310,412.56323534865567,95
2024-09-18 14:28:38.339,412.5702908926648,1000
2024-09-18 14:28:38.520,412.55040324995343,9
2024-09-18 14:28:38.532,412.5386412135029,6
2024-09-18 14:28:38.577,412.5690828015986,996
2024-09-18 14:28:38.625,412.5353265341707,96
2024-09-18 14:28:38.743,412.556684370196,105
2024-09-18 14:28:38.744,412.5736423664728,11
2024-09-18 14:28:38.806,412.5461592762844,95
2024-09-18 14:28:38.812,412.5669678859667,7
2024-09-18 14:28:38.825,412.56901099276666,1000
2024-09-18 14:28:38.831,412.5849211485464,100
2024-09-18 14:28:38.843,412.550504338313,96
2024-09-18 14:28:38.873,412.56429221638257,96
2024-09-18 14:28:38.889,412.5804263454231,6
2024-09-18 14:28:38.909,412.5669404957291,6
2024-09-18 14:28:38.913,412.5774884681642,10
2024-09-18 14:28:38.939,412.5851111387195,5
2024-09-18 14:28:39.018,412.5048616343189,12
2024-09-18 14:28:39.049,412.5319982652313,999
2024-09-18 14:28:39.129,412.5452756128614,10
2024-09-18 14:28:39.141,412.54948731946087,104
2024-09-18 14:28:39.184,412.4991896358999,999
2024-09-18 14:28:39.252,412.5014324706351,1001
2024-09-18 14:28:39.307,412.5250508128351,1000
2024-09-18 14:28:39.371,412.5299623870893,102
2024-09-18 14:28:39.378,412.5335368414585,997
2024-09-18 14:28:39.385,412.57137489312566,5
2024-09-18 14:28:39.442,412.5104572260655,11
2024-09-18 14:28:39.446,412.5601829311732,12
2024-09-18 14:28:39.467,412.5200594667639,998
2024-09-18 14:28:39.624,412.5127178652721,1003
2024-09-18 14:28:39.655,412.494520599322,100
2024-09-18 14:28:39.752,412.5250031490119,95
2024-09-18 14:28:39.771,412.5239869693695,995
2024-09-18 14:28:39.809,412.5066313610114,1005
2024-09-18 14:28:39.815,412.57208130668033,999
2024-09-18 14:28:39.835,412.5073712489028,12
2024-09-18 14:28:39.918,412.511933801058,99
2024-09-18 14:28:39.926,412.5205443802726,14
2024-09-18 14:28:39.942,412.585338782487,997
2024-09-18 14:28:39.975,412.5155908290026,1003
2024-09-18 14:28:39.993,412.5146630481322,1001
2024-09-18 14:28:40.236,412.5637507074086,11
2024-09-18 14:28:40.352,412.5791990669056,1002
2024-09-18 14:28:40.494,412.5641767272269,999
2024-09-18 14:28:40.508,412.5816684343713,100
2024-09-18 14:28:40.608,412.5878888500704,12
2024-09-18 14:28:40.719,412.56914911572267,102
2024-09-18 14:28:40.760,412.5828269228367,996
2024-09-18 14:28:40.779,412.5645345223013,997
2024-09-18 14:28:40.878,412.5742201937246,5
2024-09-18 14:28:40.916,412.5755812442022,11
2024-09-18 14:28:40.917,412.5911054818286,995
2024-09-18 14:28:40.978,412.5841634076531,7
2024-09-18 14:28:41.773,412.5608069831095,104
2024-09-18 14:28:42.630,412.5382844405924,7
2024-09-18 14:28:42.917,412.53493113434,996
2024-09-18 14:28:43.042,412.59925366785393,1004
2024-09-18 14:28:43.045,412.6269348222801,97
2024-09-18 14:28:43.073,412.6399198286052,15
2024-09-18 14:28:43.075,412.5100203872324,998
2024-09-18 14:28:43.103,412.5106479624547,998
2024-09-18 14:28:43.115,412.50737246871273,95
2024-09-18 14:28:43.176,412.5362754722261,100
2024-09-18 14:28:43.178,412.5584252389354,96
2024-09-18 14:28:43.242,412.5684465234536,1002
2024-09-18 14:28:43.303,412.5609283636905,99
2024-09-18 14:28:43.394,412.6407056900471,104
2024-09-18 14:28:43.410,412.512567269963,8
2024-09-18 14:28:43.529,412.6446581767988,99
2024-09-18 14:28:43.535,412.620402896774,100
2024-09-18 14:28:43.557,412.6157010083759,1003
2024-09-18 14:28:43.711,412.5954089003554,11
2024-09-18 14:28:43.751,412.5333762642104,1000
2024-09-18 14:28:43.755,412.5843019616263,100
2024-09-18 14:28:43.800,412.6434253962306,95
2024-09-18 14:28:43.855,412.5277183009445,99
2024-09-18 14:28:43.871,41.262090461430034,97
2024-09-18 14:28:43.949,412.4981188815274,1005
2024-09-18 14:28:43.958,412.6401381830841,15
2024-09-18 14:28:43.962,412.5718255094834,15
2024-09-18 14:28:43.966,412.53864749337487,1004
2024-09-18 14:28:43.969,412.6327144367668,1001
2024-09-18 14:28:43.975,412.6547492337005,99
2024-09-18 14:28:43.981,-412.6610735431505,995
2024-09-18 14:28:44.009,412.56219370322,1005
2024-09-18 14:28:44.232,412.6470167376715,105
2024-09-18 14:28:44.249,412.59896466549776,14
2024-09-18 14:28:44.282,412.60919514646486,6
2024-09-18 14:28:44.360,-412.60545866622414,100
2024-09-18 14:28:44.450,412.6434290912105,102
2024-09-18 14:28:44.560,412.5730554634698,99
2024-09-18 14:28:44.700,412.5778002721776,10
2024-09-18 14:28:44.798,412.6173573352024,10
2024-09-18 14:28:44.844,412.6428883891752,8
2024-09-18 14:28:44.879,412.61125221579954,8
2024-09-18 14:28:44.895,412.6239389807001,104
2024-09-18 14:28:44.993,412.6222729209837,13
2024-09-18 14:28:45.127,412.5648050538689,100
2024-09-18 14:28:45.153,412.6132891891685,14
2024-09-18 14:28:45.200,412.61963686044845,10
2024-09-18 14:28:45.212,412.6047001409598,99
2024-09-18 14:28:45.328,412.5717310945729,6
2024-09-18 14:28:45.334,412.598262540673,103
2024-09-18 14:28:45.393,412.6120726972307,999
2024-09-18 14:28:45.430,412.6121789465912,997
2024-09-18 14:28:45.482,412.5656879734677,14
2024-09-18 14:28:45.533,412.6120418650372,102
2024-09-18 14:28:45.588,412.58281763827694,11
2024-09-18 14:28:45.661,412.5897542689036,98
2024-09-18 14:28:45.704,412.5605722088712,7
2024-09-18 14:28:45.706,412.55529055723406,1000
2024-09-18 14:28:45.724,412.59832915378337,995
2024-09-18 14:28:45.731,412.6186089539737,95
2024-09-18 14:28:45.765,412.5697094521758,99
2024-09-18 14:28:45.842,412.5608068620756,995
2024-09-18 14:28:45.890,412.60370890926174,103
2024-09-18 14:28:46.033,412.5883035415291,999
2024-09-18 14:28:46.098,412.5593537728694,6
2024-09-18 14:28:46.132,412.5374761113281,1004
2024-09-18 14:28:46.163,412.5721372553875,996
2024-09-18 14:28:46.165,412.5934617921602,95
2024-09-18 14:28:46.177,412.5665584017491,1005
2024-09-18 14:28:46.244,412.5308560367528,104
2024-09-18 14:28:46.318,412.5430149417115,98
2024-09-18 14:28:46.320,412.5480257962524,1005
2024-09-18 14:28:46.425,412.5475640768354,1004
2024-09-18 14:28:46.489,412.5281517850125,998
2024-09-18 14:28:46.505,412.5504216901098,8
2024-09-18 14:28:46.577,412.5736092841673,1000
2024-09-18 14:28:46.598,412.534137750817,1002
2024-09-18 14:28:46.629,412.5977195111998,95
2024-09-18 14:28:46.642,412.5528477414776,10
2024-09-18 14:28:46.706,412.57029926128513,1004
2024-09-18 14:28:46.711,412.5480632875264,14
2024-09-18 14:28:46.722,412.57921805414543,1002
2024-09-18 14:28:46.789,412.5870630398021,102
2024-09-18 14:28:46.872,412.5414603301477,995
2024-09-18 14:28:46.903,412.55452049917153,99
2024-09-18 14:28:46.927,412.571049615478,1005
2024-09-18 14:28:46.928,412.5373713345231,1004
2024-09-18 14:28:47.062,412.55119537184345,1000
2024-09-18 14:28:47.160,412.54914999405366,997
2024-09-18 14:28:47.336,412.55140812092793,15
2024-09-18 14:28:47.343,412.5657070543956,100
2024-09-18 14:28:47.414,412.5591879794122,5
2024-09-18 14:28:47.506,412.5619067701431,100
2024-09-18 14:28:47.695,412.5459462149075,15
2024-09-18 14:28:47.696,412.54307514372624,9
2024-09-18 14:28:47.702,412.5724265206802,1004
2024-09-18 14:28:47.707,412.5578158299035,102
2024-09-18 14:28:47.728,412.5637254179824,9
2024-09-18 14:28:47.786,412.5711373735687,95
2024-09-18 14:28:48.052,,999
2024-09-18 14:28:48.084,412.56773613086017,1004
2024-09-18 14:28:48.105,412.59641497702574,95
2024-09-18 14:28:48.115,412.5689065787882,10
2024-09-18 14:28:48.244,412.5663681460088,998
2024-09-18 14:28:48.298,412.5415043347338,95
2024-09-18 14:28:48.327,412.55572289169424,100
2024-09-18 14:28:48.352,412.5880224079502,998
2024-09-18 14:28:48.357,412.5700912182073,14
2024-09-18 14:28:48.360,412.5865046588871,1000
2024-09-18 14:28:48.421,412.56204981825226,99
2024-09-18 14:28:48.476,412.55924632363815,102
2024-09-18 14:28:48.522,412.5902666755353,96
2024-09-18 14:28:48.540,412.56048468356937,7
2024-09-18 14:28:48.563,412.5685782363419,999
2024-09-18 14:28:48.620,412.5755395533659,99
2024-09-18 14:28:48.682,412.593705708066,1001
2024-09-18 14:28:48.696,-412.5754040762187,996
2024-09-18 14:28:48.700,412.5675239726573,11
2024-09-18 14:28:48.712,412.5894552569381,1000
2024-09-18 14:28:48.720,412.598682823912,10
2024-09-18 14:28:48.832,412.5726892374695,1004
2024-09-18 14:28:48.834,412.58567596337696,96
2024-09-18 14:28:48.918,412.5597796108722,1001
2024-09-18 14:28:48.987,412.59879719881536,97
2024-09-18 14:28:49.102,412.6312385927853,100
2024-09-18 14:28:49.132,412.6072319764995,7
2024-09-18 14:28:49.154,412.6082488325783,9
2024-09-18 14:28:49.167,412.61601550726726,1004
2024-09-18 14:28:49.272,412.6151860540751,9
2024-09-18 14:28:49.395,412.611664326031,995
2024-09-18 14:28:49.494,412.6162205116526,1003
2024-09-18 14:28:49.516,-412.6123677411615,996
2024-09-18 14:28:49.557,412.6181609576471,102
2024-09-18 14:28:49.570,412.6153908744906,100
2024-09-18 14:28:49.656,412.6175915985372,10
2024-09-18 14:28:49.677,412.6298523435164,995
2024-09-18 14:28:49.711,412.6176856197883,99
2024-09-18 14:28:49.718,412.616473861464,97
2024-09-18 14:28:49.724,412.620086430652,5
2024-09-18 14:28:49.754,412.6233430902027,97
2024-09-18 14:28:49.781,412.6060142109543,100
2024-09-18 14:28:49.782,412.6238507979747,997
2024-09-18 14:28:49.796,412.6122614856602,1002
2024-09-18 14:28:49.868,412.6018536201116,105
2024-09-18 14:28:49.906,412.6108002131012,1002
2024-09-18 14:28:50.023,412.657557271964,99
2024-09-18 14:28:50.148,412.64634211883566,95
2024-09-18 14:28:50.149,412.64269634524913,100
2024-09-18 14:28:50.181,412.66876746661984,1002
2024-09-18 14:28:50.216,412.6270881066585,1005
2024-09-18 14:28:50.226,412.6712955377091,1000
2024-09-18 14:28:50.231,412.6774390278065,104
2024-09-18 14:28:50.246,412.66079819406633,100
2024-09-18 14:28:50.261,412.662943987326,10
2024-09-18 14:28:50.282,412.67135724178814,95
2024-09-18 14:28:50.338,412.6531571004856,104
2024-09-18 14:28:50.430,412.6717063926606,1003
2024-09-18 14:28:50.446,412.6749605284712,105
2024-09-18 14:28:50.460,412.649491196958,105
2024-09-18 14:28:50.520,412.6850153842776,95
2024-09-18 14:28:50.568,412.6453358552373,12
2024-09-18 14:28:50.581,412.6406233493532,102
2024-09-18 14:28:50.584,412.6606170033412,11
2024-09-18 14:28:50.637,412.6911029544491,6
2024-09-18 14:28:50.648,412.6465357353732,14
2024-09-18 14:28:50.659,412.6754106416767,101
2024-09-18 14:28:50.670,412.6406520439523,14
2024-09-18 14:28:50.697,412.6532157726776,1004
2024-09-18 14:28:50.769,412.6611871517987,5
2024-09-18 14:28:50.925,412.6859202755759,100
2024-09-18 14:28:51.072,412.7144573080642,97
2024-09-18 14:28:51.089,412.7202910392501,10
2024-09-18 14:28:51.091,412.68828905162906,1005
2024-09-18 14:28:51.131,412.7119421380241,6
2024-09-18 14:28:51.140,412.705417674733,1005
2024-09-18 14:28:51.190,412.7199714484223,12
2024-09-18 14:28:51.196,412.7156414547806,97
2024-09-18 14:28:51.347,412.7199676113253,8
2024-09-18 14:28:51.369,412.7092073430579,11
2024-09-18 14:28:51.550,412.68151967228096,14
2024-09-18 14:28:51.580,412.7227009878444,103
2024-09-18 14:28:51.592,412.6946017429669,8
2024-09-18 14:28:51.853,412.71137714311845,6
2024-09-18 14:28:51.867,412.7170266086614,104
2024-09-18 14:28:51.994,412.7063127395387,6
2024-09-18 14:28:52.008,412.6607180400301,10
2024-09-18 14:28:52.025,-412.66932988628497,14
2024-09-18 14:28:52.071,412.65630574970976,5
2024-09-18 14:28:52.113,412.74091516728015,997
2024-09-18 14:28:52.117,412.73840984127264,10
2024-09-18 14:28:52.153,412.6863100672032,102
2024-09-18 14:28:52.169,412.7287307433707,1005
2024-09-18 14:28:52.189,412.6704883356188,97
2024-09-18 14:28:52.280,412.67795519168175,996
2024-09-18 14:28:52.285,412.7178176482252,98
2024-09-18 14:28:52.348,412.6670587615053,995
2024-09-18 14:28:52.366,412.7215936500901,101
2024-09-18 14:28:52.371,412.74136209589017,103
2024-09-18 14:28:52.416,412.67760418500063,102
2024-09-18 14:28:52.436,412.69404362915657,14
2024-09-18 14:28:52.438,412.6831236547844,96
2024-09-18 14:28:52.527,412.65249072227385,997
2024-09-18 14:28:52.532,412.6793984111618,95
2024-09-18 14:28:52.544,412.74252989090326,997
2024-09-18 14:28:52.592,412.6736416567306,1004
2024-09-18 14:28:52.628,412.6816004577988,998
2024-09-18 14:28:52.634,412.6891417849178,97
2024-09-18 14:28:52.658,412.6953619291336,1005
2024-09-18 14:28:52.701,412.7266931239883,997
2024-09-18 14:28:52.723,412.7009480853631,1002
2024-09-18 14:28:52.735,412.7199260894483,8
2024-09-18 14:28:52.768,412.6688715933415,103
2024-09-18 14:28:52.792,412.69994027946666,100
2024-09-18 14:28:52.916,412.665124236563,96
2024-09-18 14:28:52.947,412.66494518560137,1004
2024-09-18 14:28:53.126,,7
2024-09-18 14:28:53.301,412.67987686053857,997
2024-09-18 14:28:53.351,412.6587741216719,1001
2024-09-18 14:28:53.414,412.6600203338205,995
2024-09-18 14:28:53.477,412.6977994843936,9
2024-09-18 14:28:53.510,412.6674982499384,9
2024-09-18 14:28:53.614,412.68981300240296,7
2024-09-18 14:28:53.702,412.6724705938133,12
2024-09-18 14:28:53.708,412.6609411345708,9
2024-09-18 14:28:53.804,412.68629160600057,98
2024-09-18 14:28:53.970,412.674666859889,97
2024-09-18 14:28:55.027,412.6678977504735,102
2024-09-18 14:28:55.123,412.6769393669461,997
2024-09-18 14:28:55.169,412.6871315987428,996
2024-09-18 14:28:55.438,412.6735538308848,8
2024-09-18 14:28:55.872,412.6667518127235,1000
2024-09-18 14:28:56.035,412.692528502655,6
2024-09-18 14:28:56.059,412.757643069838,1002
2024-09-18 14:28:56.121,412.7325873491675,1003
2024-09-18 14:28:56.162,412.7752716614475,9
2024-09-18 14:28:56.226,412.70561468074857,14
2024-09-18 14:28:56.341,412.7243335171816,1003
2024-09-18 14:28:56.361,412.70307895986775,15
2024-09-18 14:28:56.393,412.7015068637192,5
2024-09-18 14:28:56.689,412.701374595253,8
2024-09-18 14:28:56.708,412.7068306071465,98
2024-09-18 14:28:56.929,412.767914419389,1002
2024-09-18 14:28:56.986,412.72989019269374,1005
2024-09-18 14:28:57.018,412.8068539222224,6
2024-09-18 14:28:57.050,412.80342137230633,15
2024-09-18 14:28:57.092,412.7998419827057,96
2024-09-18 14:28:57.103,412.80641850861554,100
2024-09-18 14:28:57.249,412.7975006946676,8
2024-09-18 14:28:57.308,412.7682180489953,97
2024-09-18 14:28:57.337,412.79133878663777,1005
2024-09-18 14:28:57.370,412.78309936075135,997
2024-09-18 14:28:57.400,412.79546537961033,996
2024-09-18 14:28:57.427,412.7846878749176,105
2024-09-18 14:28:57.441,412.7868020475137,995
2024-09-18 14:28:57.451,412.7971583780998,12
2024-09-18 14:28:57.473,412.8144395354951,15
2024-09-18 14:28:57.506,412.80019663631305,995
2024-09-18 14:28:57.637,412.8005336204095,13
2024-09-18 14:28:57.644,412.7883899271811,6
2024-09-18 14:28:57.652,412.8064614143592,5
2024-09-18 14:28:57.741,412.80503789170297,6
2024-09-18 14:28:57.753,412.7934914244388,95
2024-09-18 14:28:57.795,412.7935704185126,10
2024-09-18 14:28:57.971,412.77901369458095,96
2024-09-18 14:28:58.007,412.8367654263103,7
2024-09-18 14:28:58.024,412.83922360961424,6
2024-09-18 14:28:58.025,412.8649203924743,103
2024-09-18 14:28:58.025,412.83013588447386,995
2024-09-18 14:28:58.039,412.842259226731,7
2024-09-18 14:28:58.066,412.87033564338543,12
2024-09-18 14:28:58.071,412.8397283330516,1005
2024-09-18 14:28:58.109,412.8473216571839,5
2024-09-18 14:28:58.160,412.85938621502737,99
2024-09-18 14:28:58.198,412.8393509544426,1001
2024-09-18 14:28:58.389,412.838323327052,102
2024-09-18 14:28:58.394,412.82638170704985,6
2024-09-18 14:28:58.512,412.8561849939234,10
2024-09-18 14:28:58.536,412.8029937407037,97
2024-09-18 14:28:58.569,412.8324791651696,1003
2024-09-18 14:28:58.663,412.8357011628594,9
2024-09-18 14:28:58.701,412.862399269043,1000
2024-09-18 14:28:58.722,412.815251082222,1001
2024-09-18 14:28:58.757,,8
2024-09-18 14:28:58.793,412.8379038484851,1004
2024-09-18 14:28:58.893,412.86294242794537,95
2024-09-18 14:28:58.907,412.83136683735154,995
2024-09-18 14:28:58.965,412.8216834585272,10
2024-09-18 14:28:59.941,412.86005144425866,8
