Timestamp,Price,Size
2024-09-20 12:58:00.039,427.5361663491138,1001
2024-09-20 12:58:00.078,427.5544696481822,7
2024-09-20 12:58:00.080,427.5444215789038,97
2024-09-20 12:58:00.150,427.5000881671005,5
2024-09-20 12:58:00.294,427.5132180646178,6
2024-09-20 12:58:00.544,427.5137503644627,99
2024-09-20 12:58:00.569,427.50645615775056,998
2024-09-20 12:58:00.615,427.51701937629474,1005
2024-09-20 12:58:00.681,427.4972304064676,95
2024-09-20 12:58:00.741,-427.4993017596885,1002
2024-09-20 12:58:00.821,427.5169331532888,996
2024-09-20 12:58:00.935,427.4906102325685,99
2024-09-20 12:58:01.119,427.55938262695474,8
2024-09-20 12:58:01.339,427.5455992572683,6
2024-09-20 12:58:01.502,427.55330228917177,14
2024-09-20 12:58:01.541,427.5937091337455,105
2024-09-20 12:58:01.559,427.5756647742158,103
2024-09-20 12:58:01.589,427.5643327429912,12
2024-09-20 12:58:01.737,427.5901825043072,8
2024-09-20 12:58:02.006,427.5697730295068,9
2024-09-20 12:58:02.064,427.6121573379326,1004
2024-09-20 12:58:02.139,427.61637478726686,6
2024-09-20 12:58:02.223,427.5935092139585,96
2024-09-20 12:58:02.253,427.6155763753137,10
2024-09-20 12:58:02.298,427.6105934459699,99
2024-09-20 12:58:02.304,427.6202930878848,15
2024-09-20 12:58:02.350,427.5905674028855,13
2024-09-20 12:58:02.354,427.5734078833742,998
2024-09-20 12:58:02.495,427.5937255501085,9
2024-09-20 12:58:02.527,427.6070290225913,99
2024-09-20 12:58:02.529,427.60156851077153,9
2024-09-20 12:58:02.566,427.5745273742227,996
2024-09-20 12:58:02.671,427.6128183015685,101
2024-09-20 12:58:02.680,427.6009849972123,102
2024-09-20 12:58:02.910,427.6074859441041,1001
2024-09-20 12:58:02.958,427.5448964647288,11
2024-09-20 12:58:02.966,427.5998348912329,96
2024-09-20 12:58:03.046,427.55331663943366,9
2024-09-20 12:58:03.067,427.54135008218896,98
2024-09-20 12:58:03.107,427.58423232357023,996
2024-09-20 12:58:03.173,427.587460454342,1005
2024-09-20 12:58:03.375,427.5342038824998,1004
2024-09-20 12:58:03.487,,104
2024-09-20 12:58:03.523,427.566002864526,14
2024-09-20 12:58:03.531,427.58819456749467,996
2024-09-20 12:58:03.534,427.5399030772444,9
2024-09-20 12:58:03.586,427.5908618969976,102
2024-09-20 12:58:03.848,427.5385754989433,13
2024-09-20 12:58:03.885,427.5427965704531,95
2024-09-20 12:58:03.885,427.5948681571711,99
2024-09-20 12:58:03.987,427.5505248971044,1005
2024-09-20 12:58:04.139,427.622122316872,7
2024-09-20 12:58:04.222,427.5136975699754,1001
2024-09-20 12:58:04.293,427.64359577460107,102
2024-09-20 12:58:04.304,427.6418634077384,1000
2024-09-20 12:58:04.373,427.6024145501863,105
2024-09-20 12:58:04.383,427.51268244994674,95
2024-09-20 12:58:04.449,427.5598347632274,1003
2024-09-20 12:58:04.479,427.5245801406941,1003
2024-09-20 12:58:04.501,427.5123697207143,99
2024-09-20 12:58:04.514,427.5332686191605,104
2024-09-20 12:58:04.584,427.6352787740861,97
2024-09-20 12:58:04.647,427.5785167690156,96
2024-09-20 12:58:04.679,42.751938898202525,10
2024-09-20 12:58:04.705,427.6009645498127,13
2024-09-20 12:58:04.720,427.6099519037935,99
2024-09-20 12:58:04.752,427.60579024243407,102
2024-09-20 12:58:04.754,427.6346600798968,1004
2024-09-20 12:58:04.763,427.5951505503311,105
2024-09-20 12:58:04.775,427.6085256165914,1002
2024-09-20 12:58:04.802,427.5440648956994,102
2024-09-20 12:58:04.805,427.5779112624959,5
2024-09-20 12:58:04.842,427.5970160205069,1004
2024-09-20 12:58:04.844,427.54972869693296,10
2024-09-20 12:58:04.844,427.5589015823082,12
2024-09-20 12:58:04.860,427.63739605489593,1005
2024-09-20 12:58:04.884,427.59441675832574,99
2024-09-20 12:58:04.958,427.53064794456174,102
2024-09-20 12:58:04.974,427.5483636596984,96
2024-09-20 12:58:06.079,427.5424653012871,5
2024-09-20 12:58:06.089,427.5557282391388,99
2024-09-20 12:58:06.215,427.5389167079835,102
2024-09-20 12:58:06.248,427.5199056020446,98
2024-09-20 12:58:06.287,427.5569706886303,8
2024-09-20 12:58:06.303,427.526082574885,99
2024-09-20 12:58:06.378,427.5536064341534,1002
2024-09-20 12:58:06.402,427.5575325898538,99
2024-09-20 12:58:06.473,427.5493078264593,102
2024-09-20 12:58:07.021,427.56908825787406,1000
2024-09-20 12:58:07.056,427.5198882571399,1002
2024-09-20 12:58:07.120,427.5528047459004,996
2024-09-20 12:58:07.170,427.53002978643485,1003
2024-09-20 12:58:07.216,427.51012353954593,102
2024-09-20 12:58:07.325,427.5128007252423,14
2024-09-20 12:58:07.488,427.5440668145766,15
2024-09-20 12:58:07.503,427.5125005404648,9
2024-09-20 12:58:07.621,427.547351160243,14
2024-09-20 12:58:07.664,427.53021399823854,995
2024-09-20 12:58:07.765,427.553212353911,13
2024-09-20 12:58:07.816,427.52721981587865,8
2024-09-20 12:58:07.873,427.5370656127503,96
2024-09-20 12:58:07.930,427.5456058983443,998
2024-09-20 12:58:07.999,427.5103735293095,8
2024-09-20 12:58:08.047,427.516786764676,999
2024-09-20 12:58:08.096,427.55313409344666,1000
2024-09-20 12:58:08.232,427.5144041071238,99
2024-09-20 12:58:08.326,427.524414504569,96
2024-09-20 12:58:08.422,427.547264855875,99
2024-09-20 12:58:08.638,-427.50793656445177,6
2024-09-20 12:58:08.821,427.5367221594601,1004
2024-09-20 12:58:08.906,427.5192582237662,997
2024-09-20 12:58:08.993,427.5436965904546,9
2024-09-20 12:58:09.039,427.5153625169693,100
2024-09-20 12:58:09.376,427.487712965317,1004
2024-09-20 12:58:09.381,427.4951076104465,98
2024-09-20 12:58:09.385,427.5214572009653,96
2024-09-20 12:58:09.793,427.4983398413546,95
2024-09-20 12:58:10.030,427.3423228761689,9
2024-09-20 12:58:10.075,427.36541550069177,97
2024-09-20 12:58:10.129,427.3306207770888,999
2024-09-20 12:58:10.181,427.3522138172899,1003
2024-09-20 12:58:10.225,427.3549489904668,995
2024-09-20 12:58:10.269,427.50193421354686,100
2024-09-20 12:58:10.274,427.3567117242568,9
2024-09-20 12:58:10.321,427.3239858279693,99
2024-09-20 12:58:10.389,427.3122516961448,6
2024-09-20 12:58:10.413,427.3261270317984,5
2024-09-20 12:58:10.420,427.3891801061582,99
2024-09-20 12:58:10.466,427.35108207326175,96
2024-09-20 12:58:10.520,427.43069070517487,995
2024-09-20 12:58:10.553,427.462920751135,999
2024-09-20 12:58:10.596,427.3398193155214,995
2024-09-20 12:58:10.598,427.3434509592519,101
2024-09-20 12:58:10.608,427.40800510008313,95
2024-09-20 12:58:10.634,427.3673990564356,1003
2024-09-20 12:58:10.635,427.36772727355736,98
2024-09-20 12:58:10.691,427.4421893232683,100
2024-09-20 12:58:10.738,427.3589978183291,998
2024-09-20 12:58:10.743,427.3547240210304,103
2024-09-20 12:58:10.752,427.48741395774704,1005
2024-09-20 12:58:10.764,427.3389592478146,998
2024-09-20 12:58:10.815,427.33029405158703,1001
2024-09-20 12:58:10.849,427.4513761303307,100
2024-09-20 12:58:10.859,427.3267090722955,998
2024-09-20 12:58:10.866,427.518897334966,999
2024-09-20 12:58:10.951,427.31916690807583,11
2024-09-20 12:58:10.993,427.3306316580934,100
2024-09-20 12:58:11.019,427.34790894815495,98
2024-09-20 12:58:11.195,427.3469417692985,103
2024-09-20 12:58:11.328,427.3583227312898,7
2024-09-20 12:58:11.565,427.3543337673088,98
2024-09-20 12:58:11.630,427.3545268424087,95
2024-09-20 12:58:11.718,427.3501505996877,14
2024-09-20 12:58:11.812,427.34971343826624,5
2024-09-20 12:58:12.070,427.3637191640208,105
2024-09-20 12:58:12.099,427.387554135481,15
2024-09-20 12:58:12.121,427.39667764749663,995
2024-09-20 12:58:12.155,427.36510570895217,103
2024-09-20 12:58:12.178,427.36976770602985,100
2024-09-20 12:58:12.320,427.3705540714889,102
2024-09-20 12:58:12.327,427.3653113761454,7
2024-09-20 12:58:12.343,427.3768986916703,105
2024-09-20 12:58:12.373,427.3882501623982,1001
2024-09-20 12:58:12.419,427.3603910211791,996
2024-09-20 12:58:12.432,427.4020494418799,104
2024-09-20 12:58:12.505,427.3645799658785,6
2024-09-20 12:58:12.567,427.3660048979058,1002
2024-09-20 12:58:12.580,427.3891094464825,1003
2024-09-20 12:58:12.661,427.3797404220703,998
2024-09-20 12:58:12.752,427.411301765823,14
2024-09-20 12:58:12.819,427.3880385754046,10
2024-09-20 12:58:12.834,427.3811266407617,14
2024-09-20 12:58:12.879,427.38219193320543,95
2024-09-20 12:58:12.882,427.3978110345909,95
2024-09-20 12:58:12.935,427.3473287751578,13
2024-09-20 12:58:12.977,427.3758090219072,998
2024-09-20 12:58:13.006,427.4109189096927,102
2024-09-20 12:58:13.099,427.4046667919004,97
2024-09-20 12:58:13.118,427.4038564667721,104
2024-09-20 12:58:13.131,427.4686524116648,6
2024-09-20 12:58:13.197,427.45239041216985,103
2024-09-20 12:58:13.215,427.4436812617362,104
2024-09-20 12:58:13.338,427.40961784128336,1005
2024-09-20 12:58:13.339,427.397544649014,1005
2024-09-20 12:58:13.447,427.3937496027364,6
2024-09-20 12:58:13.448,427.466501695362,1002
2024-09-20 12:58:13.490,427.4194389531363,999
2024-09-20 12:58:13.498,427.3918402606629,96
2024-09-20 12:58:13.543,427.38339487870695,6
2024-09-20 12:58:13.573,427.40875771340814,98
2024-09-20 12:58:13.734,427.3971796315507,11
2024-09-20 12:58:13.772,427.4165585076065,95
2024-09-20 12:58:13.908,427.43287958797833,98
2024-09-20 12:58:13.957,427.4717250850711,97
2024-09-20 12:58:14.008,427.4453096477913,13
2024-09-20 12:58:14.049,427.4238398211451,997
2024-09-20 12:58:14.257,427.4241538588397,13
2024-09-20 12:58:14.263,427.4408386232685,13
2024-09-20 12:58:14.282,427.44273996678726,13
2024-09-20 12:58:14.452,427.43991400328974,996
2024-09-20 12:58:14.454,427.4603183707,999
2024-09-20 12:58:14.532,427.48841455385474,102
2024-09-20 12:58:14.646,427.451020509832,102
2024-09-20 12:58:14.735,427.4668324366681,103
2024-09-20 12:58:14.782,427.4570804980091,98
2024-09-20 12:58:14.795,427.45023939119386,6
2024-09-20 12:58:14.860,427.4487554187809,99
2024-09-20 12:58:14.923,427.4844250274591,1001
2024-09-20 12:58:14.968,427.4325306010733,99
2024-09-20 12:58:15.002,427.4464722404779,99
2024-09-20 12:58:15.029,427.4814343523131,995
2024-09-20 12:58:15.056,427.4470820852024,1000
2024-09-20 12:58:15.057,427.45082953697073,102
2024-09-20 12:58:15.179,427.4809863423131,14
2024-09-20 12:58:15.264,427.4290433578398,14
2024-09-20 12:58:15.357,,999
2024-09-20 12:58:15.384,427.4702918692246,98
2024-09-20 12:58:15.390,-427.4474849411656,995
2024-09-20 12:58:15.430,427.4559840126065,1002
2024-09-20 12:58:15.447,427.4436301176374,102
2024-09-20 12:58:15.461,427.4415137462021,100
2024-09-20 12:58:15.467,427.4356044544695,1000
2024-09-20 12:58:15.521,427.4643542391763,10
2024-09-20 12:58:15.591,427.4388068559192,1002
2024-09-20 12:58:15.742,427.4327023453486,998
2024-09-20 12:58:15.778,427.4285569783622,1003
2024-09-20 12:58:15.782,427.4548054285596,96
2024-09-20 12:58:15.827,427.4230225549549,98
2024-09-20 12:58:15.891,427.4283408024359,1000
2024-09-20 12:58:15.945,427.47627323209,5
2024-09-20 12:58:15.994,427.4393654616885,97
2024-09-20 12:58:16.088,427.4921523608309,103
2024-09-20 12:58:16.256,427.4766476471803,98
2024-09-20 12:58:16.358,427.5023554069084,103
2024-09-20 12:58:16.516,427.4949191301473,102
2024-09-20 12:58:16.594,42.74926830284079,98
2024-09-20 12:58:16.630,427.4851367504575,99
2024-09-20 12:58:16.644,427.5069160309032,102
2024-09-20 12:58:16.916,427.4844328219578,999
2024-09-20 12:58:16.975,427.4805143088316,1001
2024-09-20 12:58:17.028,427.46535817538734,6
2024-09-20 12:58:17.074,427.4649749917992,15
2024-09-20 12:58:17.969,427.4354578754901,97
2024-09-20 12:58:18.015,427.36902808339966,10
2024-09-20 12:58:18.025,427.3555798065222,997
2024-09-20 12:58:18.077,427.4435402028641,5
2024-09-20 12:58:18.077,427.4244904155052,10
2024-09-20 12:58:18.130,427.4175544119456,99
2024-09-20 12:58:18.161,427.436500825433,103
2024-09-20 12:58:18.161,427.43866021795486,14
2024-09-20 12:58:18.225,427.4246312490733,998
2024-09-20 12:58:18.262,427.3264788103645,10
2024-09-20 12:58:18.268,427.38822577806985,13
2024-09-20 12:58:18.287,427.3491025670619,97
2024-09-20 12:58:18.295,427.3002203159755,95
2024-09-20 12:58:18.342,427.2623243979484,98
2024-09-20 12:58:18.364,427.34104355666034,8
2024-09-20 12:58:18.379,427.4193189345572,12
2024-09-20 12:58:18.621,427.34854520836586,103
2024-09-20 12:58:18.630,427.4369444902609,1005
2024-09-20 12:58:18.636,427.2766336527434,15
2024-09-20 12:58:18.652,427.34390491070224,15
2024-09-20 12:58:18.698,427.34652454973207,10
2024-09-20 12:58:18.733,427.3195917851895,101
2024-09-20 12:58:18.839,427.4318539935685,97
2024-09-20 12:58:18.861,427.273585177636,102
2024-09-20 12:58:18.863,427.4058250168159,105
2024-09-20 12:58:18.902,427.345945890328,6
2024-09-20 12:58:18.936,427.4282497419816,7
2024-09-20 12:58:18.937,427.31246386202514,999
2024-09-20 12:58:18.955,427.3244729542799,6
2024-09-20 12:58:18.969,427.4068827035066,1001
2024-09-20 12:58:19.020,427.3252403591693,6
2024-09-20 12:58:19.159,427.34255185136686,1000
2024-09-20 12:58:19.207,427.3236695153168,998
2024-09-20 12:58:19.370,427.2889253821242,95
2024-09-20 12:58:19.453,427.3370815044858,5
2024-09-20 12:58:19.572,427.32619429562914,7
2024-09-20 12:58:19.598,427.2917252313133,999
2024-09-20 12:58:19.737,427.29954290906335,6
2024-09-20 12:58:19.800,427.2966328585751,1001
2024-09-20 12:58:19.858,427.32989235188256,999
2024-09-20 12:58:19.958,427.3217464587359,103
2024-09-20 12:58:20.010,427.3615518531977,999
2024-09-20 12:58:20.023,427.317971978422,102
2024-09-20 12:58:20.037,-427.3810330701314,95
2024-09-20 12:58:20.087,427.3047494859662,103
2024-09-20 12:58:20.093,427.3191940791119,1004
2024-09-20 12:58:20.105,427.3520264056384,9
2024-09-20 12:58:20.150,427.3197045700556,996
2024-09-20 12:58:20.212,427.3683220742894,9
2024-09-20 12:58:20.307,427.2742327173816,9
2024-09-20 12:58:20.322,427.3279730975061,9
2024-09-20 12:58:20.392,427.2853889982223,95
2024-09-20 12:58:20.405,427.3281257233796,105
2024-09-20 12:58:20.419,427.296686857141,999
2024-09-20 12:58:20.420,427.2792201618495,1005
2024-09-20 12:58:20.438,427.3228422628912,1002
2024-09-20 12:58:20.466,427.3082947650878,13
2024-09-20 12:58:20.661,427.3771225984408,100
2024-09-20 12:58:20.719,427.3817491215852,9
2024-09-20 12:58:20.769,427.2955715503137,12
2024-09-20 12:58:20.842,427.3463967556469,997
2024-09-20 12:58:21.073,427.3296505340776,13
2024-09-20 12:58:21.129,427.3005432219108,102
2024-09-20 12:58:21.150,427.2956298229047,998
2024-09-20 12:58:21.182,427.2918064029348,1004
2024-09-20 12:58:21.209,427.3140162548632,999
2024-09-20 12:58:21.216,427.28498247341935,95
2024-09-20 12:58:21.227,427.31185882875184,14
2024-09-20 12:58:21.454,427.3257835813907,95
2024-09-20 12:58:21.571,427.2899179500861,105
2024-09-20 12:58:21.602,427.3123307639021,13
2024-09-20 12:58:21.687,427.3046694398535,9
2024-09-20 12:58:21.741,427.30372885899095,6
2024-09-20 12:58:21.743,427.32191235827895,5
2024-09-20 12:58:21.823,427.29349922759536,14
2024-09-20 12:58:21.945,427.3389814576729,999
2024-09-20 12:58:22.007,427.3124916355293,1002
2024-09-20 12:58:22.024,427.3015805023743,1004
2024-09-20 12:58:22.030,427.275518069301,13
2024-09-20 12:58:22.103,427.251707832142,14
2024-09-20 12:58:22.153,427.291583491952,13
2024-09-20 12:58:22.180,427.3001277987966,103
2024-09-20 12:58:22.291,427.2596096542572,97
2024-09-20 12:58:22.351,427.29938154818416,996
2024-09-20 12:58:22.368,427.2718615109684,1004
2024-09-20 12:58:22.425,427.3130328720885,1002
2024-09-20 12:58:22.441,427.2960001295219,998
2024-09-20 12:58:22.447,427.2664666366534,1001
2024-09-20 12:58:22.450,427.3151453107676,998
2024-09-20 12:58:22.461,427.28874743458783,15
2024-09-20 12:58:22.496,427.25664999044494,997
2024-09-20 12:58:22.573,427.2312961028345,998
2024-09-20 12:58:22.587,427.2626520375966,1003
2024-09-20 12:58:22.596,427.2987233581739,12
2024-09-20 12:58:22.609,427.2262770419445,1002
2024-09-20 12:58:22.689,427.2796506478969,103
2024-09-20 12:58:22.734,427.26667846866064,103
2024-09-20 12:58:22.840,427.30259830758473,995
2024-09-20 12:58:22.858,427.2983091434903,104
2024-09-20 12:58:23.014,427.2859742726195,1000
2024-09-20 12:58:23.136,427.3238138293719,999
2024-09-20 12:58:23.245,427.3957008775138,1000
2024-09-20 12:58:23.258,427.3437780229821,11
2024-09-20 12:58:23.281,427.3418768729599,15
2024-09-20 12:58:23.301,427.350528094929,105
2024-09-20 12:58:23.306,427.3986175274677,1002
2024-09-20 12:58:23.341,427.3640721587921,999
2024-09-20 12:58:23.445,427.29014470641687,101
2024-09-20 12:58:23.447,427.28536691739504,15
2024-09-20 12:58:23.464,427.3931441653216,8
2024-09-20 12:58:23.483,427.3406069047667,105
2024-09-20 12:58:23.498,427.3664473421854,103
2024-09-20 12:58:23.520,427.3837094853469,9
2024-09-20 12:58:23.532,427.2685680998756,96
2024-09-20 12:58:23.615,427.36897692748,97
2024-09-20 12:58:23.636,427.36329116941306,6
2024-09-20 12:58:23.657,427.3624588601061,1004
2024-09-20 12:58:23.659,427.3026100811176,8
2024-09-20 12:58:23.659,427.37498238659646,1005
2024-09-20 12:58:23.672,427.2580531016797,97
2024-09-20 12:58:23.678,427.3805249041986,1001
2024-09-20 12:58:23.906,427.2753522232648,103
2024-09-20 12:58:23.921,427.3364599333298,998
2024-09-20 12:58:23.933,427.2871558917488,11
2024-09-20 12:58:23.940,427.2906362716266,7
2024-09-20 12:58:23.983,427.344756549758,7
2024-09-20 12:58:23.985,427.3170067955349,14
2024-09-20 12:58:24.056,427.2712657190131,1002
2024-09-20 12:58:24.080,427.2577414911999,1004
2024-09-20 12:58:24.115,427.2631411749092,105
2024-09-20 12:58:24.187,427.2509441575175,102
2024-09-20 12:58:24.194,427.3302314771319,103
2024-09-20 12:58:24.390,427.31299770873215,5
2024-09-20 12:58:24.395,427.3446629271351,95
2024-09-20 12:58:24.593,427.2660191676544,1002
2024-09-20 12:58:24.598,427.23096309079057,1000
2024-09-20 12:58:24.642,427.2482127725941,98
2024-09-20 12:58:24.662,427.2622356361993,1000
2024-09-20 12:58:24.790,427.3201238544259,98
2024-09-20 12:58:24.847,427.2960310461895,15
2024-09-20 12:58:24.923,427.2637121066316,1002
2024-09-20 12:58:24.927,427.27819235853343,9
2024-09-20 12:58:24.929,427.29545314579474,1003
2024-09-20 12:58:25.122,427.26009209392055,997
2024-09-20 12:58:25.208,427.2628557204992,95
2024-09-20 12:58:25.221,427.2789338430261,999
2024-09-20 12:58:25.275,427.2631147070019,11
2024-09-20 12:58:25.284,427.3072443429385,996
2024-09-20 12:58:25.313,427.2863134271927,15
2024-09-20 12:58:25.366,427.3056610195612,1000
2024-09-20 12:58:25.431,427.2492377875121,1001
2024-09-20 12:58:25.437,427.3047268395308,8
2024-09-20 12:58:25.544,427.25321892174304,97
2024-09-20 12:58:25.578,427.2892870803128,998
2024-09-20 12:58:25.604,427.2575420887201,995
2024-09-20 12:58:25.726,427.2602702012669,1003
2024-09-20 12:58:25.970,427.27896495611714,9
2024-09-20 12:58:26.083,427.3378006532725,1000
2024-09-20 12:58:26.143,427.3522312354013,96
2024-09-20 12:58:26.172,427.3125543034112,11
2024-09-20 12:58:26.188,427.353662732944,1001
2024-09-20 12:58:26.222,427.34776872311136,5
2024-09-20 12:58:26.285,427.3416768071707,1003
2024-09-20 12:58:26.357,427.3570342054419,1003
2024-09-20 12:58:26.376,427.3354906251642,10
2024-09-20 12:58:26.649,427.3156724219552,97
2024-09-20 12:58:26.705,427.3562337423693,9
2024-09-20 12:58:26.730,427.30940095365287,1005
2024-09-20 12:58:26.836,427.3664045630085,98
2024-09-20 12:58:27.005,427.34860560876535,14
2024-09-20 12:58:27.008,427.34012593397534,100
2024-09-20 12:58:27.070,427.3461086867244,96
2024-09-20 12:58:27.168,427.31654869396414,1001
2024-09-20 12:58:27.200,427.3331901349752,1000
2024-09-20 12:58:27.316,427.3237623390836,103
2024-09-20 12:58:27.329,427.3462032859829,998
2024-09-20 12:58:27.349,427.34888457348114,7
2024-09-20 12:58:27.420,427.3627791677053,9
2024-09-20 12:58:27.422,427.3242369338644,11
2024-09-20 12:58:27.468,,999
2024-09-20 12:58:27.582,427.338119024961,10
2024-09-20 12:58:27.742,427.3564220582609,1001
2024-09-20 12:58:27.770,427.331475707684,995
2024-09-20 12:58:27.913,427.316565507611,10
2024-09-20 12:58:28.036,427.39451004881874,997
2024-09-20 12:58:28.123,427.3370464172248,995
2024-09-20 12:58:28.160,427.3487845030047,102
2024-09-20 12:58:28.202,427.3445248875792,6
2024-09-20 12:58:28.217,427.3998854542583,996
2024-09-20 12:58:28.236,427.39694806987393,105
2024-09-20 12:58:28.238,427.3432522903702,1003
2024-09-20 12:58:28.252,427.3923646108087,95
2024-09-20 12:58:28.442,427.3304421930951,96
2024-09-20 12:58:28.463,427.3776577740561,1004
2024-09-20 12:58:28.468,427.3428448834967,7
2024-09-20 12:58:28.506,427.3940657847269,13
2024-09-20 12:58:28.512,427.38005923810704,1001
2024-09-20 12:58:28.559,427.40846174971296,101
2024-09-20 12:58:28.592,427.34176854122586,1000
2024-09-20 12:58:28.607,427.3956735377556,998
2024-09-20 12:58:28.649,427.3473139622577,105
2024-09-20 12:58:28.678,427.38514350785255,10
2024-09-20 12:58:28.895,427.33686017831866,100
2024-09-20 12:58:28.907,427.3579248040102,100
2024-09-20 12:58:28.930,427.3507430336506,103
2024-09-20 12:58:28.961,427.3444243670599,1003
2024-09-20 12:58:28.963,427.335961967237,996
2024-09-20 12:58:28.985,427.345695395597,101
2024-09-20 12:58:29.006,427.4217808774094,105
2024-09-20 12:58:29.011,-427.41838916000114,998
2024-09-20 12:58:29.119,427.4013206184503,15
2024-09-20 12:58:29.217,427.4191801243126,996
2024-09-20 12:58:29.321,427.4145215005709,1005
2024-09-20 12:58:29.379,427.4375759492722,12
2024-09-20 12:58:29.384,,1003
2024-09-20 12:58:29.684,427.45086469738976,10
2024-09-20 12:58:29.692,427.4117480780578,8
2024-09-20 12:58:29.815,427.4209455640342,15
2024-09-20 12:58:29.925,427.4269949471399,998
2024-09-20 12:58:29.936,427.4372175485646,103
2024-09-20 12:58:29.952,427.4094791377135,996
2024-09-20 12:58:29.983,427.41718692811855,15
2024-09-20 12:58:30.280,427.4592601766512,998
2024-09-20 12:58:30.438,427.469185716119,1000
2024-09-20 12:58:30.513,427.48990325783205,101
2024-09-20 12:58:30.613,427.49326374033257,98
2024-09-20 12:58:30.781,427.4896055385746,13
2024-09-20 12:58:30.836,427.4811040640327,998
2024-09-20 12:58:30.962,427.4508695735682,95
2024-09-20 12:58:31.025,42.743924493811576,96
2024-09-20 12:58:31.040,427.4350792203848,999
2024-09-20 12:58:31.247,427.4190437942469,99
2024-09-20 12:58:31.406,427.4737817287159,96
2024-09-20 12:58:31.435,427.4481894893349,7
2024-09-20 12:58:31.567,427.4344028843127,15
2024-09-20 12:58:31.593,427.4530619520005,14
2024-09-20 12:58:31.619,427.4423282200341,102
2024-09-20 12:58:31.675,427.45075235541714,1005
2024-09-20 12:58:31.707,427.44216901596593,100
2024-09-20 12:58:31.742,427.4559658523207,96
2024-09-20 12:58:31.791,427.4695826279419,97
2024-09-20 12:58:31.826,427.46054712155785,999
2024-09-20 12:58:31.860,427.4587445900988,103
2024-09-20 12:58:32.214,427.5044227719347,98
2024-09-20 12:58:32.219,427.40471195871527,96
2024-09-20 12:58:32.239,427.4799414026865,1001
2024-09-20 12:58:32.293,427.4824404315394,105
2024-09-20 12:58:32.360,427.4695965242443,105
2024-09-20 12:58:32.392,427.4878747072023,999
2024-09-20 12:58:32.407,427.4311458208304,1001
2024-09-20 12:58:32.408,427.4234317807009,105
2024-09-20 12:58:32.453,427.4943265807663,1003
2024-09-20 12:58:32.510,427.4464787382831,999
2024-09-20 12:58:32.616,427.4665277137075,95
2024-09-20 12:58:32.616,427.4684440833897,96
2024-09-20 12:58:32.621,427.4949874693984,95
2024-09-20 12:58:32.640,427.4871539969674,8
2024-09-20 12:58:32.748,427.4394458835503,5
2024-09-20 12:58:32.810,427.4722083959247,1004
2024-09-20 12:58:32.814,427.50179660309607,995
2024-09-20 12:58:32.900,427.4922408533281,100
2024-09-20 12:58:32.918,427.4853161528636,999
2024-09-20 12:58:32.955,427.4512374870254,999
2024-09-20 12:58:33.016,427.3989571307015,103
2024-09-20 12:58:33.071,427.3737115596993,996
2024-09-20 12:58:33.219,427.3678638771173,102
2024-09-20 12:58:33.297,427.4316336168087,104
2024-09-20 12:58:33.315,427.4525202926655,5
2024-09-20 12:58:33.343,427.4512448967946,1004
2024-09-20 12:58:33.367,427.4592336521438,102
2024-09-20 12:58:33.412,427.3631229430775,1005
2024-09-20 12:58:33.440,427.4646165642621,101
2024-09-20 12:58:33.478,427.3978672735944,101
2024-09-20 12:58:33.495,427.4057200710984,101
2024-09-20 12:58:33.687,427.3870017709575,101
2024-09-20 12:58:33.711,427.38100997019023,100
2024-09-20 12:58:33.757,427.4596708151688,1001
2024-09-20 12:58:33.772,427.3912828661883,15
2024-09-20 12:58:33.833,427.3876817232279,100
2024-09-20 12:58:33.858,427.446230440534,96
2024-09-20 12:58:33.861,427.3756671899967,97
2024-09-20 12:58:33.931,427.41464639419775,10
2024-09-20 12:58:33.940,427.3930347451219,13
2024-09-20 12:58:34.192,427.3781780902261,97
2024-09-20 12:58:34.211,427.3297574779998,13
2024-09-20 12:58:34.414,427.3712662573516,11
2024-09-20 12:58:34.743,427.3537653887777,105
2024-09-20 12:58:34.766,427.2964026671754,95
2024-09-20 12:58:34.773,427.3292840854814,1000
2024-09-20 12:58:35.066,427.3110468265446,1005
2024-09-20 12:58:35.076,427.2764365016631,996
2024-09-20 12:58:35.079,427.37589029390045,8
2024-09-20 12:58:35.138,427.3013014611135,996
2024-09-20 12:58:35.300,427.3543821795215,998
2024-09-20 12:58:35.310,427.3700226839856,995
2024-09-20 12:58:35.394,427.3047907379244,998
2024-09-20 12:58:35.454,427.3175579344924,103
2024-09-20 12:58:35.585,427.3135386708054,104
2024-09-20 12:58:35.598,427.3084556967545,95
2024-09-20 12:58:35.668,427.3454588342103,1000
2024-09-20 12:58:35.674,427.3617556102151,1003
2024-09-20 12:58:35.682,427.3375022254416,14
2024-09-20 12:58:35.810,427.3553900678344,9
2024-09-20 12:58:35.870,427.2920683078791,7
2024-09-20 12:58:35.925,427.3021778982563,95
2024-09-20 12:58:35.954,427.2896091077389,95
2024-09-20 12:58:35.969,427.3597843761469,96
2024-09-20 12:58:35.989,427.3222293456265,1005
2024-09-20 12:58:36.065,427.3737232913554,15
2024-09-20 12:58:36.172,427.32846907860704,1002
2024-09-20 12:58:36.185,-427.3895263354408,1005
2024-09-20 12:58:36.199,427.3654654626302,999
2024-09-20 12:58:36.245,427.3563999754153,102
2024-09-20 12:58:36.350,427.38653353697975,10
2024-09-20 12:58:36.408,427.3300409789239,100
2024-09-20 12:58:36.423,427.34987772078415,997
2024-09-20 12:58:36.586,427.3920031294457,1000
2024-09-20 12:58:36.608,427.3595246110151,102
2024-09-20 12:58:36.674,427.3858311147423,1001
2024-09-20 12:58:36.704,427.377347507305,104
2024-09-20 12:58:36.710,427.3905694970004,7
2024-09-20 12:58:36.761,427.3258410895254,1004
2024-09-20 12:58:36.879,427.37526354372767,99
2024-09-20 12:58:36.972,427.3715253773465,102
2024-09-20 12:58:36.978,427.396463359032,100
2024-09-20 12:58:36.994,427.3984201167058,102
2024-09-20 12:58:37.019,427.44062132894976,95
2024-09-20 12:58:37.148,427.4747590463144,99
2024-09-20 12:58:37.173,427.44438405077045,13
2024-09-20 12:58:37.194,427.4573930293396,102
2024-09-20 12:58:37.237,427.4387961397634,995
2024-09-20 12:58:37.268,427.457821231096,98
2024-09-20 12:58:37.276,427.4449635700785,99
2024-09-20 12:58:37.283,427.4579333331906,98
2024-09-20 12:58:37.332,-427.45756624339873,998
2024-09-20 12:58:37.354,427.4418621285684,96
2024-09-20 12:58:37.431,427.4214234173058,98
2024-09-20 12:58:37.504,427.4542538142698,1001
2024-09-20 12:58:37.550,427.44120781414085,1003
2024-09-20 12:58:37.573,427.4309205026973,1001
2024-09-20 12:58:37.581,427.4548077656771,998
2024-09-20 12:58:37.597,427.43988484469975,13
2024-09-20 12:58:37.613,427.3626939245485,99
2024-09-20 12:58:37.614,427.36419241371567,11
2024-09-20 12:58:37.621,427.432759087457,1002
2024-09-20 12:58:37.662,427.425126873997,998
2024-09-20 12:58:37.663,427.41394502931934,998
2024-09-20 12:58:37.669,427.42607894713416,997
2024-09-20 12:58:37.774,427.4355159466237,1005
2024-09-20 12:58:37.801,427.4012924505914,998
2024-09-20 12:58:37.811,427.3683959362885,102
2024-09-20 12:58:37.828,427.3603035657617,5
2024-09-20 12:58:37.871,427.441518436895,95
2024-09-20 12:58:37.920,427.3953126063277,102
2024-09-20 12:58:38.028,-427.4922152930561,997
2024-09-20 12:58:38.039,427.4497344467444,98
2024-09-20 12:58:38.048,427.46388906831953,97
2024-09-20 12:58:38.055,427.4971758083834,1003
2024-09-20 12:58:38.097,427.4050744791925,95
2024-09-20 12:58:38.180,427.41097386819456,7
2024-09-20 12:58:38.268,427.4666767766271,6
2024-09-20 12:58:38.281,427.4053115589129,997
2024-09-20 12:58:38.335,427.49842784399794,999
2024-09-20 12:58:38.336,427.3966897386413,95
2024-09-20 12:58:38.350,427.4915198141699,102
2024-09-20 12:58:38.529,427.4658480026852,10
2024-09-20 12:58:38.537,427.4553155526527,10
2024-09-20 12:58:38.603,427.4928324655657,98
2024-09-20 12:58:38.669,427.4253062637872,8
2024-09-20 12:58:38.689,427.4698950795339,13
2024-09-20 12:58:38.724,427.4744122592441,995
2024-09-20 12:58:38.764,427.4877102236384,996
2024-09-20 12:58:38.852,427.4359997944344,1004
2024-09-20 12:58:38.959,427.4973034735758,12
2024-09-20 12:58:38.960,427.4957166365699,1004
2024-09-20 12:58:39.012,427.44512861355366,10
2024-09-20 12:58:39.032,427.38183259465416,96
2024-09-20 12:58:39.160,,8
2024-09-20 12:58:39.285,427.4449447721534,995
2024-09-20 12:58:39.354,427.431920184292,11
2024-09-20 12:58:39.404,427.4354140853857,95
2024-09-20 12:58:39.578,427.4015188107123,101
2024-09-20 12:58:39.684,427.4377023729809,102
2024-09-20 12:58:39.779,427.4064807135864,8
2024-09-20 12:58:39.799,427.45504777662416,996
2024-09-20 12:58:39.857,427.450382489661,99
2024-09-20 12:58:39.888,427.4454056574201,1003
2024-09-20 12:58:39.904,427.43075498155497,95
2024-09-20 12:58:40.044,427.4748972551663,11
2024-09-20 12:58:40.064,427.4856324160629,996
2024-09-20 12:58:40.602,427.45563771945694,99
2024-09-20 12:58:40.608,427.4552033205852,996
2024-09-20 12:58:40.805,427.4812640992532,1002
2024-09-20 12:58:41.004,427.4572537019859,101
2024-09-20 12:58:41.244,427.4353950581,97
2024-09-20 12:58:41.249,427.4388415409725,10
2024-09-20 12:58:41.313,427.4693861752477,15
2024-09-20 12:58:41.378,427.4454712977075,999
2024-09-20 12:58:41.416,427.4667536606931,9
2024-09-20 12:58:41.501,427.4757261209687,14
2024-09-20 12:58:41.527,427.46572833324666,96
2024-09-20 12:58:41.653,427.4473443269493,1002
2024-09-20 12:58:41.693,427.4520857936279,995
2024-09-20 12:58:41.773,427.4633358102474,1001
2024-09-20 12:58:41.928,427.4712050942332,12
2024-09-20 12:58:42.069,427.5159688823205,8
2024-09-20 12:58:42.106,427.4535355799391,6
2024-09-20 12:58:42.109,427.48882085707766,8
2024-09-20 12:58:42.142,427.4678105372655,10
2024-09-20 12:58:42.208,427.5378811416446,10
2024-09-20 12:58:42.227,427.5259376199325,99
2024-09-20 12:58:42.232,427.47762193492434,100
2024-09-20 12:58:42.242,427.4641830371017,98
2024-09-20 12:58:42.254,427.5100851190939,98
2024-09-20 12:58:42.255,427.5029374436977,104
2024-09-20 12:58:42.279,427.5473599685454,1005
2024-09-20 12:58:42.286,427.506813451783,995
2024-09-20 12:58:42.371,427.4899172934224,995
2024-09-20 12:58:42.397,427.4940526577307,5
2024-09-20 12:58:42.403,427.5187497476109,999
2024-09-20 12:58:42.456,427.5435390233445,1001
2024-09-20 12:58:42.464,427.5112374822056,1001
2024-09-20 12:58:42.500,427.5047360145255,6
2024-09-20 12:58:42.524,427.5155404559262,14
2024-09-20 12:58:42.649,427.5078645045875,1000
2024-09-20 12:58:42.745,427.4531640657377,103
2024-09-20 12:58:42.785,427.5571225114253,997
2024-09-20 12:58:42.873,427.5071206480815,104
2024-09-20 12:58:42.907,427.5456924424831,8
2024-09-20 12:58:42.997,427.4974052237481,104
2024-09-20 12:58:43.087,427.5492479790572,98
2024-09-20 12:58:43.159,427.5763126699424,1004
2024-09-20 12:58:43.249,427.5657856970317,101
2024-09-20 12:58:43.295,427.5566633426284,103
2024-09-20 12:58:43.338,427.5328439078472,1000
2024-09-20 12:58:43.366,427.5505498682058,5
2024-09-20 12:58:43.582,427.562631336116,1000
2024-09-20 12:58:43.597,427.5557792748705,8
2024-09-20 12:58:43.620,427.5739399932833,103
2024-09-20 12:58:43.719,427.5522077843438,997
2024-09-20 12:58:43.869,427.5629620896843,99
2024-09-20 12:58:44.035,427.5599664326404,8
2024-09-20 12:58:44.081,427.5597499513573,1000
2024-09-20 12:58:44.229,427.5421889815349,101
2024-09-20 12:58:44.231,427.5615876759613,95
2024-09-20 12:58:44.244,427.53002111846047,98
2024-09-20 12:58:44.331,427.5646664086405,98
2024-09-20 12:58:44.351,427.5418673787346,104
2024-09-20 12:58:44.356,427.5500569550356,15
2024-09-20 12:58:44.366,427.541363475576,1002
2024-09-20 12:58:44.442,427.52106179157016,14
2024-09-20 12:58:44.464,427.5396579772861,13
2024-09-20 12:58:44.492,427.5282795864665,999
2024-09-20 12:58:44.516,427.5425317882492,105
2024-09-20 12:58:44.546,427.5565648233653,10
2024-09-20 12:58:44.666,427.5455455704599,14
2024-09-20 12:58:44.695,427.5340743026455,1003
2024-09-20 12:58:44.728,427.5430621195322,1004
2024-09-20 12:58:44.848,427.57598690254616,7
2024-09-20 12:58:44.852,427.5411433673849,998
2024-09-20 12:58:44.959,427.56763354543153,1001
2024-09-20 12:58:44.959,427.54316925727977,103
2024-09-20 12:58:45.059,427.5318236408894,1001
2024-09-20 12:58:45.191,427.5284993443589,7
2024-09-20 12:58:45.400,427.5325876505103,996
2024-09-20 12:58:45.430,427.5294994133891,1003
2024-09-20 12:58:45.433,427.5338429388132,100
2024-09-20 12:58:45.731,427.53606247857135,15
2024-09-20 12:58:46.002,427.4801784723014,1001
2024-09-20 12:58:46.089,427.44539358644914,9
2024-09-20 12:58:46.195,427.4945749988733,998
2024-09-20 12:58:46.275,427.4674928026637,13
2024-09-20 12:58:46.357,427.4861818630488,1003
2024-09-20 12:58:46.405,427.4632988583592,5
2024-09-20 12:58:46.561,427.49434675228616,995
2024-09-20 12:58:46.576,427.4990527770531,10
2024-09-20 12:58:46.577,427.453887778184,11
2024-09-20 12:58:46.599,427.4232411432696,1000
2024-09-20 12:58:46.602,427.4566985095778,99
2024-09-20 12:58:46.705,427.518050849478,101
2024-09-20 12:58:46.712,427.51569820841365,7
2024-09-20 12:58:46.772,427.46755754860703,13
2024-09-20 12:58:46.825,427.47740473367867,14
2024-09-20 12:58:46.848,427.4654831079768,99
2024-09-20 12:58:46.950,427.4569615695779,998
2024-09-20 12:58:46.968,427.4579764861112,1003
2024-09-20 12:58:46.972,427.45716210302464,997
2024-09-20 12:58:47.635,427.3875984320048,100
2024-09-20 12:58:47.954,427.392681832889,1000
2024-09-20 12:58:48.093,427.3967912842639,95
2024-09-20 12:58:48.985,427.3948995394252,997
2024-09-20 12:58:49.444,427.41276831330725,997
2024-09-20 12:58:49.903,427.4040568390937,995
2024-09-20 12:58:50.036,427.3508621135181,96
2024-09-20 12:58:50.131,427.406547364583,5
2024-09-20 12:58:50.327,427.3495168952102,8
2024-09-20 12:58:50.410,427.41770115431615,10
2024-09-20 12:58:50.506,427.41796809746177,99
2024-09-20 12:58:50.511,427.4058248813824,1004
2024-09-20 12:58:50.580,427.4016239631752,997
2024-09-20 12:58:50.598,427.3857009797314,15
2024-09-20 12:58:50.613,427.363586441784,105
2024-09-20 12:58:50.734,427.3536700082482,1003
2024-09-20 12:58:50.767,427.3627008970377,1005
2024-09-20 12:58:50.795,427.40103377859066,99
2024-09-20 12:58:50.858,427.4106582342158,99
2024-09-20 12:58:50.880,427.41054266354007,96
2024-09-20 12:58:51.093,427.3520715044266,1002
2024-09-20 12:58:51.182,427.3330067013,995
2024-09-20 12:58:51.199,427.356522752226,104
2024-09-20 12:58:51.222,427.321663046022,1000
2024-09-20 12:58:51.247,427.2994331262032,14
2024-09-20 12:58:51.307,427.3647064127583,100
2024-09-20 12:58:51.322,427.3380891327405,99
2024-09-20 12:58:51.390,427.36452985953326,1001
2024-09-20 12:58:51.671,427.32858926357983,97
2024-09-20 12:58:51.756,427.36344039387495,96
2024-09-20 12:58:51.778,427.333703108869,1000
2024-09-20 12:58:51.835,427.3546127178955,999
2024-09-20 12:58:51.855,427.3591790584306,5
2024-09-20 12:58:51.956,427.3571933984843,1005
2024-09-20 12:58:52.061,427.3771491686894,11
2024-09-20 12:58:52.287,427.3654141286735,15
2024-09-20 12:58:52.293,427.37724495053135,996
2024-09-20 12:58:52.369,427.3905380898837,95
2024-09-20 12:58:52.399,427.3718130353768,13
2024-09-20 12:58:52.590,427.3695314253262,999
2024-09-20 12:58:52.620,427.374911704718,105
2024-09-20 12:58:52.720,427.3667626210139,6
2024-09-20 12:58:52.755,427.3740378885146,1003
2024-09-20 12:58:52.771,427.3691259436446,7
2024-09-20 12:58:52.892,427.3677872119901,995
2024-09-20 12:58:52.944,427.3955641669342,95
2024-09-20 12:58:53.054,427.42538393001934,1005
2024-09-20 12:58:53.092,427.3925107710604,1002
2024-09-20 12:58:53.305,427.37697164818,9
2024-09-20 12:58:53.507,-427.433424101547,14
2024-09-20 12:58:53.583,427.3775395997485,1001
2024-09-20 12:58:53.643,427.4045437493616,7
2024-09-20 12:58:53.688,427.365036349186,97
2024-09-20 12:58:53.721,427.4303296196952,1004
2024-09-20 12:58:53.742,427.39349332691023,8
2024-09-20 12:58:53.756,427.37863784416817,999
2024-09-20 12:58:53.820,427.3661406238342,105
2024-09-20 12:58:53.958,427.4132060839544,11
2024-09-20 12:58:53.960,427.3771427790286,103
2024-09-20 12:58:53.989,427.41962407200623,100
2024-09-20 12:58:54.746,427.4276876569421,102
2024-09-20 12:58:55.299,427.44213513378753,105
2024-09-20 12:58:55.491,427.4362228040262,97
2024-09-20 12:58:55.495,427.42611140119817,996
2024-09-20 12:58:55.602,427.4169437282869,995
2024-09-20 12:58:55.988,427.4245759977413,13
2024-09-20 12:58:56.093,-427.3714320600688,7
2024-09-20 12:58:56.170,427.3898130568321,105
2024-09-20 12:58:56.172,427.3620668645437,100
2024-09-20 12:58:56.174,427.3116844591818,996
2024-09-20 12:58:56.305,427.37064574546247,12
2024-09-20 12:58:56.375,427.2838247523975,102
2024-09-20 12:58:56.423,427.2470860900795,100
2024-09-20 12:58:56.462,427.3428253344279,98
2024-09-20 12:58:56.554,427.27090762012295,103
2024-09-20 12:58:56.684,427.4164392688538,998
2024-09-20 12:58:56.702,427.3921537201422,1001
2024-09-20 12:58:56.798,427.32613837355,99
2024-09-20 12:58:56.924,427.3858043390796,104
2024-09-20 12:58:56.929,427.39600447917735,1004
2024-09-20 12:58:56.988,427.3110585280006,99
2024-09-20 12:58:56.988,427.32607703546427,95
2024-09-20 12:58:57.208,427.2521131452361,997
2024-09-20 12:58:57.216,427.2597374021885,103
2024-09-20 12:58:57.367,427.2557270206411,98
2024-09-20 12:58:57.488,,997
2024-09-20 12:58:57.753,427.2457314852065,102
2024-09-20 12:58:58.127,427.1837679078489,12
2024-09-20 12:58:58.156,427.2176200382792,100
2024-09-20 12:58:58.326,427.2186784224885,13
2024-09-20 12:58:58.358,427.19273426718166,1001
2024-09-20 12:58:58.411,427.1598590230908,13
2024-09-20 12:58:58.564,427.2362045270056,1004
2024-09-20 12:58:58.620,427.18094939994927,100
2024-09-20 12:58:58.624,427.1681036691626,96
2024-09-20 12:58:58.670,427.2239576675721,101
2024-09-20 12:58:58.713,427.1772914254316,1003
2024-09-20 12:58:58.737,427.2418108349317,10
2024-09-20 12:58:58.773,427.2132745379376,1004
2024-09-20 12:58:58.868,427.2422577963569,98
2024-09-20 12:58:58.888,427.2000939368981,1002
2024-09-20 12:58:58.895,427.1603437063009,97
2024-09-20 12:58:58.912,,1002
2024-09-20 12:58:58.919,427.1914773956178,97
2024-09-20 12:58:58.920,427.2024915121384,104
2024-09-20 12:58:58.927,427.1866659309194,103
2024-09-20 12:58:58.931,427.1895962362106,101
2024-09-20 12:58:58.940,427.1966511659507,6
2024-09-20 12:58:58.980,427.2116239558329,12
2024-09-20 12:58:59.032,427.1437564587429,11
2024-09-20 12:58:59.117,427.1844314349953,5
2024-09-20 12:58:59.137,427.1651553541756,102
2024-09-20 12:58:59.144,427.1956412807657,1000
2024-09-20 12:58:59.189,427.1829437435487,1002
2024-09-20 12:58:59.219,427.1731141583924,9
2024-09-20 12:58:59.265,427.2359863180715,6
2024-09-20 12:58:59.316,427.1558351249483,10
2024-09-20 12:58:59.321,427.1976893493962,10
2024-09-20 12:58:59.358,427.1821383542111,104
2024-09-20 12:58:59.392,427.1760968989695,998
2024-09-20 12:58:59.398,427.1742103063432,104
2024-09-20 12:58:59.429,427.1635873034655,12
2024-09-20 12:58:59.458,427.1627725107377,102
2024-09-20 12:58:59.510,427.1857950452101,5
2024-09-20 12:58:59.512,427.18512439616063,14
2024-09-20 12:58:59.539,427.16860077937554,96
2024-09-20 12:58:59.588,427.1644392815545,102
2024-09-20 12:58:59.663,427.1611093373771,995
2024-09-20 12:58:59.711,427.1709280701559,1004
2024-09-20 12:58:59.979,427.18863801886505,10
