Timestamp,Price,Size
2024-09-18 13:52:00.057,414.4196960954735,10
2024-09-18 13:52:00.093,414.4092469005948,100
2024-09-18 13:52:00.102,414.4039181568781,998
2024-09-18 13:52:00.151,414.4165234786783,11
2024-09-18 13:52:00.154,414.39543862876434,6
2024-09-18 13:52:00.215,414.39302435129207,100
2024-09-18 13:52:00.248,414.42674383403386,998
2024-09-18 13:52:00.276,414.42611460011074,998
2024-09-18 13:52:00.317,41.4402248987862,1002
2024-09-18 13:52:00.343,,1000
2024-09-18 13:52:00.366,414.40967804796855,8
2024-09-18 13:52:00.371,414.40313169759,998
2024-09-18 13:52:00.387,414.40768225364,6
2024-09-18 13:52:00.400,414.3992898401635,98
2024-09-18 13:52:00.432,414.4055670962388,15
2024-09-18 13:52:00.450,414.4276870591149,7
2024-09-18 13:52:00.493,414.42405759682777,7
2024-09-18 13:52:00.500,414.41820813657785,100
2024-09-18 13:52:00.534,414.3871674319444,1005
2024-09-18 13:52:00.603,414.4136070578567,1005
2024-09-18 13:52:00.782,414.40680287087264,1003
2024-09-18 13:52:00.789,414.419923226891,8
2024-09-18 13:52:00.809,414.40863444601024,1005
2024-09-18 13:52:01.009,414.4367076625689,1000
2024-09-18 13:52:01.032,414.4708444874646,96
2024-09-18 13:52:01.037,414.5035796405335,95
2024-09-18 13:52:01.044,414.4434540709073,10
2024-09-18 13:52:01.142,414.4552111093384,997
2024-09-18 13:52:01.192,414.46130284488186,5
2024-09-18 13:52:01.231,414.4607812748684,98
2024-09-18 13:52:01.253,414.429587320698,6
2024-09-18 13:52:01.289,414.4492152625595,12
2024-09-18 13:52:01.404,414.4644441061006,12
2024-09-18 13:52:01.436,414.4580513282006,997
2024-09-18 13:52:01.486,414.50359047700806,101
2024-09-18 13:52:01.551,414.4604623622152,95
2024-09-18 13:52:01.647,414.4537770909113,8
2024-09-18 13:52:01.650,414.5039780406785,8
2024-09-18 13:52:01.712,414.4002842067213,996
2024-09-18 13:52:01.761,414.4346625005989,101
2024-09-18 13:52:01.794,414.504185314213,104
2024-09-18 13:52:01.887,414.4152909887934,8
2024-09-18 13:52:01.890,414.5117328170568,15
2024-09-18 13:52:01.915,414.4932621749966,13
2024-09-18 13:52:01.981,414.47225697573526,996
2024-09-18 13:52:01.997,414.4638520785973,14
2024-09-18 13:52:02.003,414.5633579244787,100
2024-09-18 13:52:02.068,414.5606256138378,1000
2024-09-18 13:52:02.084,414.56502170401313,11
2024-09-18 13:52:02.110,414.6092900231062,99
2024-09-18 13:52:02.143,414.5406464852212,999
2024-09-18 13:52:02.160,414.5090063873636,15
2024-09-18 13:52:02.178,414.5434719716274,103
2024-09-18 13:52:02.180,414.5915483583695,104
2024-09-18 13:52:02.214,414.5289140699924,1003
2024-09-18 13:52:02.251,414.56896191261785,5
2024-09-18 13:52:02.265,414.5275621190647,1003
2024-09-18 13:52:02.284,414.5268420070987,95
2024-09-18 13:52:02.293,414.5315213638549,101
2024-09-18 13:52:02.455,414.536034066725,98
2024-09-18 13:52:02.546,414.5095551417154,1003
2024-09-18 13:52:02.568,414.5032526476975,11
2024-09-18 13:52:02.625,414.5297994105965,11
2024-09-18 13:52:02.663,414.5317591777896,12
2024-09-18 13:52:02.685,414.50922305803,13
2024-09-18 13:52:02.690,414.6019467271064,995
2024-09-18 13:52:02.748,414.5671776710165,6
2024-09-18 13:52:02.764,414.5306834972251,13
2024-09-18 13:52:02.818,414.58577156766944,998
2024-09-18 13:52:02.821,414.57191696862367,10
2024-09-18 13:52:02.840,414.5324745443423,98
2024-09-18 13:52:02.909,-414.5323599891159,999
2024-09-18 13:52:02.929,414.5410638243204,105
2024-09-18 13:52:02.957,414.53016008452977,1000
2024-09-18 13:52:02.959,414.5519281559845,105
2024-09-18 13:52:02.971,414.53973058461287,998
2024-09-18 13:52:03.044,414.5886925199133,13
2024-09-18 13:52:03.076,414.5719595545101,103
2024-09-18 13:52:03.094,414.5341653361358,102
2024-09-18 13:52:03.125,414.5791191587052,100
2024-09-18 13:52:03.155,414.59972198859344,13
2024-09-18 13:52:03.163,414.5885386753588,1001
2024-09-18 13:52:03.175,414.56234886031,9
2024-09-18 13:52:03.196,414.6098263376171,13
2024-09-18 13:52:03.282,41.45756001806796,996
2024-09-18 13:52:03.354,414.5708094588125,998
2024-09-18 13:52:03.367,414.6037938985642,1001
2024-09-18 13:52:03.452,414.6045954701981,15
2024-09-18 13:52:03.515,414.5356300321798,998
2024-09-18 13:52:03.527,414.5513588279185,1000
2024-09-18 13:52:03.579,414.527152311368,102
2024-09-18 13:52:03.580,414.53146352664487,6
2024-09-18 13:52:03.596,414.61384274523465,96
2024-09-18 13:52:03.599,414.5863822428039,10
2024-09-18 13:52:03.653,414.5459041439033,13
2024-09-18 13:52:03.718,414.5955731274191,104
2024-09-18 13:52:03.730,414.5984763006035,6
2024-09-18 13:52:03.766,414.529295350923,105
2024-09-18 13:52:03.770,414.6130231895263,999
2024-09-18 13:52:03.972,,13
2024-09-18 13:52:03.973,414.57794324517306,14
2024-09-18 13:52:03.993,414.5537181262672,101
2024-09-18 13:52:04.016,414.521896538872,1003
2024-09-18 13:52:04.077,414.5451540408562,1002
2024-09-18 13:52:04.355,414.5532621724024,997
2024-09-18 13:52:04.481,414.5241145557972,998
2024-09-18 13:52:04.567,41.45421788737082,7
2024-09-18 13:52:04.600,414.55689978639145,1005
2024-09-18 13:52:04.651,414.5559147915943,998
2024-09-18 13:52:04.656,414.53809452839687,1002
2024-09-18 13:52:04.796,,8
2024-09-18 13:52:04.920,414.5344091934523,10
2024-09-18 13:52:04.961,414.54835390211,98
2024-09-18 13:52:04.963,414.53153397806335,105
2024-09-18 13:52:05.154,414.4894761649373,10
2024-09-18 13:52:05.408,414.53436537897375,997
2024-09-18 13:52:05.477,414.5258232447804,5
2024-09-18 13:52:05.530,414.5166521092275,104
2024-09-18 13:52:05.592,414.5162141043709,100
2024-09-18 13:52:05.622,414.50491890497307,999
2024-09-18 13:52:05.641,414.50912039378966,7
2024-09-18 13:52:05.759,414.4689267942796,1003
2024-09-18 13:52:05.892,414.484122330659,999
2024-09-18 13:52:05.892,414.5104595068317,100
2024-09-18 13:52:06.175,414.4442334167203,1005
2024-09-18 13:52:06.599,414.4514983878569,98
2024-09-18 13:52:06.946,414.4684276636721,997
2024-09-18 13:52:07.017,414.5247696754888,1005
2024-09-18 13:52:07.023,414.5523197048281,996
2024-09-18 13:52:07.047,414.5486923514891,100
2024-09-18 13:52:07.081,414.6236684095284,8
2024-09-18 13:52:07.143,414.6097632031218,10
2024-09-18 13:52:07.224,414.53423324830186,1001
2024-09-18 13:52:07.232,414.5734314553173,996
2024-09-18 13:52:07.246,414.62400597744806,96
2024-09-18 13:52:07.263,414.6262322168192,995
2024-09-18 13:52:07.279,414.5139108253582,999
2024-09-18 13:52:07.339,414.5873876694637,102
2024-09-18 13:52:07.342,414.5397513437384,1005
2024-09-18 13:52:07.476,414.624963868358,1001
2024-09-18 13:52:07.496,414.513008501585,11
2024-09-18 13:52:07.503,414.51995506865126,995
2024-09-18 13:52:07.531,414.6049503110249,101
2024-09-18 13:52:07.534,414.6135517797144,5
2024-09-18 13:52:07.552,414.6202146318843,6
2024-09-18 13:52:07.593,414.6017991189845,1000
2024-09-18 13:52:07.647,414.4892545999687,8
2024-09-18 13:52:07.659,414.6313246711111,97
2024-09-18 13:52:07.688,414.507274738918,14
2024-09-18 13:52:07.769,414.53135631199694,96
2024-09-18 13:52:07.825,414.5022807003356,15
2024-09-18 13:52:07.827,414.60488488497776,98
2024-09-18 13:52:07.911,414.5317793428973,101
2024-09-18 13:52:07.938,414.5405388291509,96
2024-09-18 13:52:07.951,414.53589641642736,8
2024-09-18 13:52:08.360,414.6150194475238,8
2024-09-18 13:52:08.732,414.61642200162936,11
2024-09-18 13:52:08.832,414.6101321955508,100
2024-09-18 13:52:08.876,414.6151651300669,10
2024-09-18 13:52:08.889,414.6318777558046,996
2024-09-18 13:52:08.943,414.63149508427495,998
2024-09-18 13:52:09.158,414.664318997842,999
2024-09-18 13:52:09.161,41.46267254248456,5
2024-09-18 13:52:09.235,414.6280815182599,1005
2024-09-18 13:52:09.279,414.62419338744536,96
2024-09-18 13:52:09.298,414.6590621136753,14
2024-09-18 13:52:09.355,414.65341379544464,998
2024-09-18 13:52:09.418,414.61518525815495,10
2024-09-18 13:52:09.479,414.6055966058212,102
2024-09-18 13:52:09.523,414.60637810804167,997
2024-09-18 13:52:09.530,414.6117403554864,996
2024-09-18 13:52:09.660,414.6038266908009,9
2024-09-18 13:52:09.818,41.46209864588699,14
2024-09-18 13:52:09.831,414.6267492986239,5
2024-09-18 13:52:09.850,414.6383174940636,1000
2024-09-18 13:52:09.876,414.6229866717647,105
2024-09-18 13:52:09.890,,9
2024-09-18 13:52:09.962,414.6268170770332,96
2024-09-18 13:52:09.993,414.618655574593,105
2024-09-18 13:52:10.011,414.6446728001848,7
2024-09-18 13:52:10.089,414.6499750124752,998
2024-09-18 13:52:10.098,414.6397302253025,1000
2024-09-18 13:52:10.346,414.6480985375039,104
2024-09-18 13:52:10.436,414.6766523786029,99
2024-09-18 13:52:10.490,414.6607421799154,5
2024-09-18 13:52:10.521,414.667951135366,5
2024-09-18 13:52:10.532,41.46581643000229,996
2024-09-18 13:52:10.555,414.6572758975885,100
2024-09-18 13:52:10.572,414.6351795290185,12
2024-09-18 13:52:10.659,414.6636320852161,13
2024-09-18 13:52:10.716,414.6539768747481,101
2024-09-18 13:52:10.743,414.63922425121547,995
2024-09-18 13:52:10.744,414.6465726288925,1005
2024-09-18 13:52:10.749,414.6562136301303,998
2024-09-18 13:52:10.796,414.6631276305486,13
2024-09-18 13:52:10.807,414.65925726547846,103
2024-09-18 13:52:10.809,414.6572345586748,1000
2024-09-18 13:52:10.917,414.6440076620667,105
2024-09-18 13:52:10.958,414.6441329212484,14
2024-09-18 13:52:10.961,414.6652722910641,10
2024-09-18 13:52:10.985,414.646496281612,9
2024-09-18 13:52:10.991,414.6610411958364,10
2024-09-18 13:52:11.187,414.65482835184,13
2024-09-18 13:52:11.461,414.6469434150209,14
2024-09-18 13:52:11.462,414.6499894934262,998
2024-09-18 13:52:11.546,414.6709634124166,95
2024-09-18 13:52:11.593,414.6477621147094,103
2024-09-18 13:52:11.790,414.64745347961696,97
2024-09-18 13:52:12.025,414.66536739840086,15
2024-09-18 13:52:12.072,414.6363385942889,5
2024-09-18 13:52:12.154,414.6456717191031,14
2024-09-18 13:52:12.204,414.583014132019,99
2024-09-18 13:52:12.328,414.6221005895915,99
2024-09-18 13:52:12.445,414.6377797585877,7
2024-09-18 13:52:12.464,414.6068110282142,102
2024-09-18 13:52:12.573,414.60614458133614,1003
2024-09-18 13:52:12.655,414.6214122550931,1001
2024-09-18 13:52:12.721,414.6216308824121,8
2024-09-18 13:52:12.775,414.6472805284064,997
2024-09-18 13:52:12.854,414.6301279467164,997
2024-09-18 13:52:12.925,414.64141354481785,9
2024-09-18 13:52:13.011,414.6127354299356,10
2024-09-18 13:52:13.012,414.5175118306572,11
2024-09-18 13:52:13.029,414.4388922572344,99
2024-09-18 13:52:13.033,414.53470528061865,997
2024-09-18 13:52:13.054,414.46506190599086,99
2024-09-18 13:52:13.092,414.4928376195063,1001
2024-09-18 13:52:13.171,414.53481751552187,98
2024-09-18 13:52:13.294,414.573498604352,9
2024-09-18 13:52:13.311,414.5857605335336,98
2024-09-18 13:52:13.314,414.5367798603532,8
2024-09-18 13:52:13.320,414.4840721611032,995
2024-09-18 13:52:13.333,414.4666889889135,7
2024-09-18 13:52:13.346,414.4539104826094,1004
2024-09-18 13:52:13.352,414.52810488689374,102
2024-09-18 13:52:13.361,414.59423334624495,1000
2024-09-18 13:52:13.410,414.5623241567199,1004
2024-09-18 13:52:13.459,414.4456821819972,14
2024-09-18 13:52:13.779,414.5931384862967,996
2024-09-18 13:52:13.851,414.5203064237251,9
2024-09-18 13:52:13.968,414.4588536513918,97
2024-09-18 13:52:14.047,414.4614885918167,1002
2024-09-18 13:52:14.081,414.4103674680155,10
2024-09-18 13:52:14.096,414.4361144189512,5
2024-09-18 13:52:14.145,414.4488733480976,999
2024-09-18 13:52:14.340,414.4295430734638,1000
2024-09-18 13:52:14.440,414.4433530536187,6
2024-09-18 13:52:14.453,414.42842540019205,999
2024-09-18 13:52:14.475,414.45094146306354,95
2024-09-18 13:52:14.557,414.4251127293999,1001
2024-09-18 13:52:14.565,414.4494793882513,10
2024-09-18 13:52:14.621,414.44157406887024,1002
2024-09-18 13:52:14.622,414.4079715879344,7
2024-09-18 13:52:14.759,414.45974145515567,95
2024-09-18 13:52:14.783,414.4537994910718,103
2024-09-18 13:52:14.793,414.42156499828894,1001
2024-09-18 13:52:15.020,414.4027023492849,12
2024-09-18 13:52:15.189,-414.3691360616576,1004
2024-09-18 13:52:15.272,414.4508929224824,996
2024-09-18 13:52:15.286,414.3806129985842,10
2024-09-18 13:52:15.301,414.4099008237435,996
2024-09-18 13:52:15.386,414.4344787589184,100
2024-09-18 13:52:15.430,414.4523467478509,997
2024-09-18 13:52:15.472,414.4526201232962,98
2024-09-18 13:52:15.482,414.4381844162918,104
2024-09-18 13:52:15.563,414.39886039141294,996
2024-09-18 13:52:15.671,414.4576064878787,95
2024-09-18 13:52:15.698,414.4354799946463,1002
2024-09-18 13:52:15.747,414.375351001025,8
2024-09-18 13:52:15.749,414.4092956629476,995
2024-09-18 13:52:15.814,414.4579597593036,998
2024-09-18 13:52:15.904,414.45060672535817,9
2024-09-18 13:52:15.919,41.44449724015288,6
2024-09-18 13:52:15.930,414.36212129621697,1002
2024-09-18 13:52:15.939,414.4178351014663,103
2024-09-18 13:52:15.956,414.4097373137483,6
2024-09-18 13:52:16.044,414.4071635277082,11
2024-09-18 13:52:16.120,414.4161862452076,1005
2024-09-18 13:52:16.125,414.4079931430664,96
2024-09-18 13:52:16.280,414.3999042408939,1004
2024-09-18 13:52:16.533,414.40452843042783,8
2024-09-18 13:52:16.685,414.3795509453647,10
2024-09-18 13:52:16.796,414.389383598588,95
2024-09-18 13:52:16.860,414.422447951268,10
2024-09-18 13:52:17.057,414.4070830355312,1004
2024-09-18 13:52:17.066,414.4330404809912,995
2024-09-18 13:52:17.070,414.4437788004548,6
2024-09-18 13:52:17.129,414.441521639219,15
2024-09-18 13:52:17.156,414.4241818487124,101
2024-09-18 13:52:17.268,414.4019067068702,997
2024-09-18 13:52:17.321,414.4079603091409,8
2024-09-18 13:52:17.366,414.41818961287646,7
2024-09-18 13:52:17.467,414.4115632621693,105
2024-09-18 13:52:17.508,414.4344529531168,12
2024-09-18 13:52:17.521,414.4033162235554,997
2024-09-18 13:52:17.621,414.3960655805592,102
2024-09-18 13:52:17.621,414.41445527803086,995
2024-09-18 13:52:17.642,414.4225006543275,1003
2024-09-18 13:52:17.648,414.4168540039306,14
2024-09-18 13:52:17.648,414.4062071047004,1003
2024-09-18 13:52:17.666,414.40313605926906,96
2024-09-18 13:52:17.713,414.4167182851722,98
2024-09-18 13:52:17.725,414.4353885813834,995
2024-09-18 13:52:17.777,414.4032428639036,96
2024-09-18 13:52:17.856,414.4028150009626,1000
2024-09-18 13:52:18.038,414.4263088514923,101
2024-09-18 13:52:18.046,414.3692644249063,999
2024-09-18 13:52:18.123,414.3808937336364,997
2024-09-18 13:52:18.126,414.4292844460254,1005
2024-09-18 13:52:18.131,414.4363804598921,1004
2024-09-18 13:52:18.150,414.4188688612407,998
2024-09-18 13:52:18.189,414.4179686170172,1002
2024-09-18 13:52:18.203,414.4198681476485,1005
2024-09-18 13:52:18.227,414.3713815053201,13
2024-09-18 13:52:18.229,414.3771224404617,5
2024-09-18 13:52:18.233,414.453771780085,95
2024-09-18 13:52:18.248,414.42005803767375,995
2024-09-18 13:52:18.304,414.39564564510886,6
2024-09-18 13:52:18.324,414.4155521260261,100
2024-09-18 13:52:18.338,414.4283365496894,1004
2024-09-18 13:52:18.478,414.4400464421146,999
2024-09-18 13:52:18.501,41.43748514857937,99
2024-09-18 13:52:18.517,414.4068661066712,6
2024-09-18 13:52:18.534,414.4497512782462,999
2024-09-18 13:52:18.564,414.42882037694807,1003
2024-09-18 13:52:18.625,-414.4274472560184,102
2024-09-18 13:52:18.632,414.3969631124783,11
2024-09-18 13:52:18.688,414.43161827265,997
2024-09-18 13:52:18.720,414.42001601728265,13
2024-09-18 13:52:18.758,414.4053854440696,101
2024-09-18 13:52:18.814,414.4282544573231,97
2024-09-18 13:52:18.874,414.4151850626504,6
2024-09-18 13:52:18.888,414.4703162514477,96
2024-09-18 13:52:18.902,414.3903523192293,100
2024-09-18 13:52:18.960,414.4338660038042,102
2024-09-18 13:52:19.015,414.449686274934,12
2024-09-18 13:52:19.056,414.3941376978001,6
2024-09-18 13:52:19.078,414.40405302691016,1002
2024-09-18 13:52:19.146,414.4126428864696,996
2024-09-18 13:52:19.153,414.43729873025774,1003
2024-09-18 13:52:19.157,414.4033708456736,15
2024-09-18 13:52:19.303,414.4437534275796,8
2024-09-18 13:52:19.322,414.4369371618013,11
2024-09-18 13:52:19.500,414.4470678806198,998
2024-09-18 13:52:19.525,414.3729816615359,105
2024-09-18 13:52:19.561,414.391864165214,1005
2024-09-18 13:52:19.639,414.4696239817924,102
2024-09-18 13:52:19.653,414.4489082705746,997
2024-09-18 13:52:19.783,414.440999784304,999
2024-09-18 13:52:19.788,414.4303771122677,14
2024-09-18 13:52:19.805,414.434077385112,995
2024-09-18 13:52:19.861,414.3776556270652,97
2024-09-18 13:52:19.923,414.3894439601144,1002
2024-09-18 13:52:19.927,414.43966590076616,10
2024-09-18 13:52:19.977,414.4348792708632,1004
2024-09-18 13:52:19.989,414.39179248582576,101
2024-09-18 13:52:20.896,414.4128856438,95
2024-09-18 13:52:21.093,414.4264004187635,1004
2024-09-18 13:52:21.104,414.4484461341725,995
2024-09-18 13:52:21.106,414.4023332479737,101
2024-09-18 13:52:21.163,414.394428248068,99
2024-09-18 13:52:21.199,414.3988603961493,1004
2024-09-18 13:52:21.208,414.39568878026137,5
2024-09-18 13:52:21.268,414.3982909590361,8
2024-09-18 13:52:21.280,,14
2024-09-18 13:52:21.332,414.4529300254441,1001
2024-09-18 13:52:21.409,414.4531966485345,6
2024-09-18 13:52:21.410,414.4147633235124,995
2024-09-18 13:52:21.413,414.4314139634122,997
2024-09-18 13:52:21.440,414.3910438554988,100
2024-09-18 13:52:21.447,414.44844851985937,6
2024-09-18 13:52:21.451,414.4346647746588,99
2024-09-18 13:52:21.468,414.4132656933222,995
2024-09-18 13:52:21.524,414.409727567517,1005
2024-09-18 13:52:21.623,414.3925894169463,102
2024-09-18 13:52:21.647,414.3864552349666,102
2024-09-18 13:52:21.747,414.38072388211486,999
2024-09-18 13:52:21.842,414.4194989091788,13
2024-09-18 13:52:21.864,414.4257846768635,1002
2024-09-18 13:52:21.891,414.4069549376858,1004
2024-09-18 13:52:21.917,414.4454258921656,997
2024-09-18 13:52:21.965,414.43467532407607,96
2024-09-18 13:52:21.975,414.4002929492644,1004
2024-09-18 13:52:22.272,414.41677287112446,999
2024-09-18 13:52:22.295,414.47162761732056,97
2024-09-18 13:52:22.307,414.443652099197,97
2024-09-18 13:52:22.323,414.4620622416156,98
2024-09-18 13:52:22.378,414.4008944619745,103
2024-09-18 13:52:22.403,414.4095362693854,96
2024-09-18 13:52:22.414,414.4207676999661,996
2024-09-18 13:52:22.436,414.3905476298609,14
2024-09-18 13:52:22.474,414.399185578122,95
2024-09-18 13:52:22.597,414.444489223479,104
2024-09-18 13:52:22.696,414.4652761764627,103
2024-09-18 13:52:22.720,414.4972522500762,6
2024-09-18 13:52:22.822,414.4292204621464,95
2024-09-18 13:52:22.847,414.470357045349,1004
2024-09-18 13:52:23.120,414.5391593286333,105
2024-09-18 13:52:23.193,414.53190091886137,98
2024-09-18 13:52:23.338,414.5398551643551,9
2024-09-18 13:52:23.814,414.510280827324,14
2024-09-18 13:52:24.023,414.5129745297058,7
2024-09-18 13:52:24.117,414.47307595153416,15
2024-09-18 13:52:24.135,414.4975831406395,1000
2024-09-18 13:52:24.144,414.4764596231274,104
2024-09-18 13:52:24.166,414.51147093725774,996
2024-09-18 13:52:24.406,414.5020546959898,12
2024-09-18 13:52:24.476,414.500328705,6
2024-09-18 13:52:24.615,414.5059053700144,998
2024-09-18 13:52:24.620,414.5060373776928,104
2024-09-18 13:52:24.685,,12
2024-09-18 13:52:24.904,414.49264341459457,7
2024-09-18 13:52:25.042,414.52006758679545,1000
2024-09-18 13:52:25.135,414.4856166326331,5
2024-09-18 13:52:25.161,414.5111190487283,96
2024-09-18 13:52:25.276,414.50111589829055,10
2024-09-18 13:52:25.321,,99
2024-09-18 13:52:25.334,414.4892727952336,995
2024-09-18 13:52:25.397,414.5404921151032,1003
2024-09-18 13:52:25.489,414.4925095737559,998
2024-09-18 13:52:25.496,414.5045934372104,99
2024-09-18 13:52:25.519,414.4978983223936,1002
2024-09-18 13:52:25.528,414.477484627322,101
2024-09-18 13:52:25.547,414.5521062272212,96
2024-09-18 13:52:25.633,414.51282323330855,995
2024-09-18 13:52:25.638,414.5389497087072,105
2024-09-18 13:52:25.668,414.48034232051566,102
2024-09-18 13:52:25.687,414.48110825871896,1003
2024-09-18 13:52:25.749,414.5497830261502,6
2024-09-18 13:52:25.776,414.54217302283377,100
2024-09-18 13:52:25.876,414.4942723185024,5
2024-09-18 13:52:26.014,414.5671240977983,7
2024-09-18 13:52:26.066,414.5555401099819,104
2024-09-18 13:52:26.140,414.60992815085245,14
2024-09-18 13:52:26.140,414.5126067420891,98
2024-09-18 13:52:26.163,414.5459870368022,100
2024-09-18 13:52:26.166,414.5739144767918,1003
2024-09-18 13:52:26.253,414.58906849673,5
2024-09-18 13:52:26.259,414.492830507559,1001
2024-09-18 13:52:26.306,414.5665625980094,998
2024-09-18 13:52:26.314,414.57476697635457,998
2024-09-18 13:52:26.320,414.5470382209306,8
2024-09-18 13:52:26.365,414.5455714807457,995
2024-09-18 13:52:26.385,414.5932622352649,98
2024-09-18 13:52:26.389,414.5588847757541,1002
2024-09-18 13:52:26.404,414.5875891169139,7
2024-09-18 13:52:26.426,414.5362789051312,97
2024-09-18 13:52:26.443,414.5967278016117,6
2024-09-18 13:52:26.536,414.55904883830345,104
2024-09-18 13:52:26.772,414.49897775260746,15
2024-09-18 13:52:26.828,414.6094026350621,12
2024-09-18 13:52:26.829,414.584191287029,5
2024-09-18 13:52:26.874,414.5205599903484,102
2024-09-18 13:52:26.921,414.55703380539353,95
2024-09-18 13:52:26.951,414.5240947159157,997
2024-09-18 13:52:26.958,414.51426600457,1002
2024-09-18 13:52:27.073,414.47232159179856,9
2024-09-18 13:52:27.264,414.4590197902749,13
2024-09-18 13:52:27.353,414.4397904494164,1005
2024-09-18 13:52:27.364,414.40861651818375,998
2024-09-18 13:52:27.449,414.4281715929413,100
2024-09-18 13:52:27.517,414.491991966041,12
2024-09-18 13:52:27.535,414.4263602300083,1004
2024-09-18 13:52:27.573,414.4314832072177,8
2024-09-18 13:52:27.689,414.42498736934647,104
2024-09-18 13:52:27.730,414.4938372456139,101
2024-09-18 13:52:27.867,414.4293636301439,1004
2024-09-18 13:52:27.877,414.4263527861412,1004
2024-09-18 13:52:27.924,414.44788772892014,5
2024-09-18 13:52:27.930,414.4738595283392,995
2024-09-18 13:52:28.080,414.4332611277168,104
2024-09-18 13:52:29.062,414.39625351436285,13
2024-09-18 13:52:29.179,414.43338433818167,104
2024-09-18 13:52:29.418,414.41671973211777,1003
2024-09-18 13:52:29.591,414.421996164422,1000
2024-09-18 13:52:29.769,414.41580929590623,99
2024-09-18 13:52:29.913,414.4108328039835,15
2024-09-18 13:52:29.942,414.4297151883745,996
2024-09-18 13:52:29.996,414.40987057514906,998
2024-09-18 13:52:30.046,414.4373020787323,998
2024-09-18 13:52:30.056,414.45254758563993,100
2024-09-18 13:52:30.075,414.43427961571024,8
2024-09-18 13:52:30.158,414.4842402341078,7
2024-09-18 13:52:30.173,414.4327878707994,100
2024-09-18 13:52:30.263,414.4466907584248,998
2024-09-18 13:52:30.304,414.43643932386783,12
2024-09-18 13:52:30.314,414.47499012874056,12
2024-09-18 13:52:30.318,414.4583978347287,10
2024-09-18 13:52:30.358,414.44699746456,995
2024-09-18 13:52:30.387,414.4807683645515,95
2024-09-18 13:52:30.422,414.4331311579409,998
2024-09-18 13:52:30.424,414.4420349435576,96
2024-09-18 13:52:30.486,414.46209011614616,5
2024-09-18 13:52:30.490,414.4929133167996,996
2024-09-18 13:52:30.499,414.4331457503748,997
2024-09-18 13:52:30.507,414.4368267304786,5
2024-09-18 13:52:30.564,41.44763714399038,11
2024-09-18 13:52:30.567,414.4842539801391,105
2024-09-18 13:52:30.701,414.432128684568,1004
2024-09-18 13:52:30.861,414.45836930956295,101
2024-09-18 13:52:30.875,414.4734610109208,103
2024-09-18 13:52:30.876,414.4900792025184,997
2024-09-18 13:52:30.886,414.4572541889765,1004
2024-09-18 13:52:30.975,414.48202743907393,98
2024-09-18 13:52:31.026,414.5787404244618,103
2024-09-18 13:52:31.115,414.4643138144174,12
2024-09-18 13:52:31.170,414.60074123119824,996
2024-09-18 13:52:31.206,414.5740178893442,1002
2024-09-18 13:52:31.224,414.5595935426901,1001
2024-09-18 13:52:31.289,414.5030118793396,105
2024-09-18 13:52:31.315,414.4756926495178,9
2024-09-18 13:52:31.341,414.5096131880748,1003
2024-09-18 13:52:31.348,414.5169665950381,996
2024-09-18 13:52:31.358,414.45592213614736,5
2024-09-18 13:52:31.408,414.5381184424821,96
2024-09-18 13:52:31.432,414.5497830657365,11
2024-09-18 13:52:31.515,414.57413443452174,10
2024-09-18 13:52:31.554,414.5737832503008,98
2024-09-18 13:52:31.571,414.5645627489932,999
2024-09-18 13:52:31.594,414.4703657459912,1003
2024-09-18 13:52:31.659,414.51392030640847,1000
2024-09-18 13:52:31.742,414.58292811223816,1005
2024-09-18 13:52:31.822,414.5116224755722,1004
2024-09-18 13:52:31.862,414.578532604518,6
2024-09-18 13:52:31.865,414.51222374675007,95
2024-09-18 13:52:31.898,41.45740487188292,14
2024-09-18 13:52:31.901,414.4658797738141,1003
2024-09-18 13:52:31.964,414.4542171336892,99
2024-09-18 13:52:31.969,414.5757224644107,95
2024-09-18 13:52:32.255,414.5739479493205,7
2024-09-18 13:52:32.643,414.58149514541714,98
2024-09-18 13:52:32.677,414.5807908661675,9
2024-09-18 13:52:32.755,414.5521114906033,1000
2024-09-18 13:52:32.890,414.5666654961319,998
2024-09-18 13:52:32.936,414.58219213711504,8
2024-09-18 13:52:33.002,414.4981421103928,10
2024-09-18 13:52:33.054,-414.55257220241737,101
2024-09-18 13:52:33.131,414.5071334749056,5
2024-09-18 13:52:33.153,414.50915425072526,996
2024-09-18 13:52:33.243,414.5012914151717,1005
2024-09-18 13:52:33.256,414.4969708836405,105
2024-09-18 13:52:33.311,414.4870501578128,98
2024-09-18 13:52:33.316,414.4980060254178,995
2024-09-18 13:52:33.328,414.50665775939234,105
2024-09-18 13:52:33.406,414.51151853726185,105
2024-09-18 13:52:33.428,414.5647514969686,996
2024-09-18 13:52:33.436,414.5039424028951,7
2024-09-18 13:52:33.524,414.5064088097792,9
2024-09-18 13:52:33.540,414.4980262635541,10
2024-09-18 13:52:33.562,414.5121670962659,7
2024-09-18 13:52:33.580,414.5391903823279,1005
2024-09-18 13:52:33.589,414.5180648438093,997
2024-09-18 13:52:33.691,-414.5262061049278,98
2024-09-18 13:52:33.693,414.54285199525367,1004
2024-09-18 13:52:33.753,414.5058867330453,105
2024-09-18 13:52:33.804,414.5169739790946,12
2024-09-18 13:52:33.816,414.5181715783664,101
2024-09-18 13:52:33.822,414.491072867206,101
2024-09-18 13:52:33.855,414.5082934078749,98
2024-09-18 13:52:33.874,414.5184197665762,104
2024-09-18 13:52:33.910,414.50229236933313,8
2024-09-18 13:52:33.928,414.4962125773174,95
2024-09-18 13:52:33.962,414.5049117032564,102
2024-09-18 13:52:33.977,414.5553687450126,9
2024-09-18 13:52:34.004,414.5158413038499,999
2024-09-18 13:52:34.670,414.5057988032571,1005
2024-09-18 13:52:34.820,414.51116073088406,11
2024-09-18 13:52:35.067,414.6008041585753,999
2024-09-18 13:52:35.070,414.5438880770721,12
2024-09-18 13:52:35.104,414.5113239959219,998
2024-09-18 13:52:35.138,414.6137606523804,103
2024-09-18 13:52:35.171,414.5978337334769,1003
2024-09-18 13:52:35.247,414.629958900495,14
2024-09-18 13:52:35.287,414.5343047550364,7
2024-09-18 13:52:35.326,41.4528226176149,14
2024-09-18 13:52:35.351,414.5771550944409,1000
2024-09-18 13:52:35.464,414.54322092024887,1001
2024-09-18 13:52:35.519,414.54053032309065,6
2024-09-18 13:52:35.521,414.619627720169,6
2024-09-18 13:52:35.534,414.5376320757495,95
2024-09-18 13:52:35.578,414.5497444177722,1002
2024-09-18 13:52:35.581,414.59798315313446,1004
2024-09-18 13:52:35.582,414.5989167329773,8
2024-09-18 13:52:35.583,414.6056541927658,99
2024-09-18 13:52:35.605,414.535747045137,1001
2024-09-18 13:52:35.661,414.6064145036629,11
2024-09-18 13:52:35.679,414.6158161790748,104
2024-09-18 13:52:35.777,414.6124820543845,98
2024-09-18 13:52:35.848,414.5744510714065,1005
2024-09-18 13:52:35.981,414.6247463321753,6
2024-09-18 13:52:36.133,414.57826075286073,1004
2024-09-18 13:52:36.273,414.5726952316591,95
2024-09-18 13:52:36.300,414.5609281660359,9
2024-09-18 13:52:36.380,414.5963660795204,95
2024-09-18 13:52:36.438,414.558646532079,105
2024-09-18 13:52:36.589,414.57091884614687,102
2024-09-18 13:52:36.603,414.5893993664475,1005
2024-09-18 13:52:36.844,414.5664579408761,103
2024-09-18 13:52:37.002,414.6135662656591,6
2024-09-18 13:52:37.091,414.6444855776032,1002
2024-09-18 13:52:37.098,414.6553828566262,1004
2024-09-18 13:52:37.102,414.6550177904471,96
2024-09-18 13:52:37.158,414.608357601979,997
2024-09-18 13:52:37.160,414.6293379482418,1004
2024-09-18 13:52:37.167,414.611782425268,999
2024-09-18 13:52:37.217,414.651150606198,1001
2024-09-18 13:52:37.261,414.59727559306776,103
2024-09-18 13:52:37.293,414.5988009708053,105
2024-09-18 13:52:37.309,414.6621325670271,95
2024-09-18 13:52:37.354,414.6604556467119,8
2024-09-18 13:52:37.489,414.6604171110433,10
2024-09-18 13:52:37.514,41.46304590154276,8
2024-09-18 13:52:37.527,414.6599112258168,104
2024-09-18 13:52:37.542,414.6319058676592,998
2024-09-18 13:52:37.620,414.6244971846109,15
2024-09-18 13:52:37.623,414.6011170146104,13
2024-09-18 13:52:37.647,414.66682840964165,100
2024-09-18 13:52:37.688,414.6085266302374,104
2024-09-18 13:52:37.708,414.6110967311951,999
2024-09-18 13:52:37.713,414.65330198208113,100
2024-09-18 13:52:37.802,414.6255032318748,999
2024-09-18 13:52:37.876,414.5850949773785,996
2024-09-18 13:52:37.888,414.5833348211298,997
2024-09-18 13:52:37.905,414.6410739220567,103
2024-09-18 13:52:38.064,414.5981692009228,99
2024-09-18 13:52:38.094,414.5902392381984,1002
2024-09-18 13:52:38.124,414.6320803542623,11
2024-09-18 13:52:38.145,414.583039129976,96
2024-09-18 13:52:38.160,414.6057521217734,1001
2024-09-18 13:52:38.161,414.6299480157907,96
2024-09-18 13:52:38.352,414.5870941093616,1001
2024-09-18 13:52:38.364,414.5766234634148,103
2024-09-18 13:52:38.426,414.6424174065743,9
2024-09-18 13:52:38.461,414.5871555726224,14
2024-09-18 13:52:38.668,414.59035498020336,96
2024-09-18 13:52:38.749,414.6291448722269,98
2024-09-18 13:52:38.959,414.5780942962352,12
2024-09-18 13:52:38.966,414.5805302711106,104
2024-09-18 13:52:39.035,414.6668093996541,6
2024-09-18 13:52:39.097,414.6649043055325,1001
2024-09-18 13:52:39.153,414.61413182216944,104
2024-09-18 13:52:39.172,414.59109912018425,100
2024-09-18 13:52:39.181,414.6440875463028,7
2024-09-18 13:52:39.225,414.65581183754017,1003
2024-09-18 13:52:39.257,414.59044434181385,1003
2024-09-18 13:52:39.266,414.58021494789017,12
2024-09-18 13:52:39.275,414.6563271080644,995
2024-09-18 13:52:39.322,414.6679406067603,9
2024-09-18 13:52:39.435,414.5792460767081,1005
2024-09-18 13:52:39.464,414.5698772815393,10
2024-09-18 13:52:39.552,414.6684419007114,6
2024-09-18 13:52:39.557,414.6465945987258,1003
2024-09-18 13:52:39.587,414.5555185912693,99
2024-09-18 13:52:39.663,414.568846562867,8
2024-09-18 13:52:39.735,414.5895888417935,1003
2024-09-18 13:52:39.753,414.6720650621705,999
2024-09-18 13:52:39.818,414.6366115107802,995
2024-09-18 13:52:39.819,414.6618037027873,98
2024-09-18 13:52:39.823,414.6777166426064,1002
2024-09-18 13:52:39.854,414.6329869085578,102
2024-09-18 13:52:40.007,414.5362339757883,98
2024-09-18 13:52:40.044,414.5918068535637,103
2024-09-18 13:52:40.047,414.569156328905,101
2024-09-18 13:52:40.085,414.5082275047977,998
2024-09-18 13:52:40.153,414.6216937117891,97
2024-09-18 13:52:40.181,-414.5641137671776,104
2024-09-18 13:52:40.187,414.5576513748685,104
2024-09-18 13:52:40.188,414.594684379562,13
2024-09-18 13:52:40.229,414.5544346978152,1000
2024-09-18 13:52:40.260,41.460704981434816,5
2024-09-18 13:52:40.371,414.5306426663519,100
2024-09-18 13:52:40.411,414.5605743904639,99
2024-09-18 13:52:40.529,414.5821843963095,996
2024-09-18 13:52:40.634,414.5715165261767,997
2024-09-18 13:52:40.725,414.5828164498441,10
2024-09-18 13:52:40.757,414.6000205401005,999
2024-09-18 13:52:40.764,414.58149572039065,10
2024-09-18 13:52:40.859,414.5230727176293,5
2024-09-18 13:52:41.052,414.5138894482342,104
2024-09-18 13:52:41.146,-414.51042922856544,100
2024-09-18 13:52:41.178,414.55960187648,9
2024-09-18 13:52:41.180,414.5267633937496,95
2024-09-18 13:52:41.201,414.5517839749901,14
2024-09-18 13:52:41.218,414.5459291027,5
2024-09-18 13:52:41.233,414.55235827078,1005
2024-09-18 13:52:41.283,414.5362812569388,996
2024-09-18 13:52:41.287,414.5390709482808,96
2024-09-18 13:52:41.302,414.526975616474,1003
2024-09-18 13:52:41.321,414.5529031910358,5
2024-09-18 13:52:41.335,414.53609270754936,9
2024-09-18 13:52:41.356,414.5369206961389,101
2024-09-18 13:52:41.370,414.514322639492,997
2024-09-18 13:52:41.470,414.5649482274592,999
2024-09-18 13:52:41.490,414.5631686551655,998
2024-09-18 13:52:41.508,414.5176956431503,9
2024-09-18 13:52:41.530,414.5020964673556,1003
2024-09-18 13:52:41.545,414.5432950914638,996
2024-09-18 13:52:41.547,414.536461128134,95
2024-09-18 13:52:41.593,414.5601207368424,996
2024-09-18 13:52:41.610,414.54605573767344,1004
2024-09-18 13:52:41.647,414.5496583512797,999
2024-09-18 13:52:41.663,414.5556489284909,996
2024-09-18 13:52:41.762,414.549764765858,99
2024-09-18 13:52:41.763,414.5530320386637,99
2024-09-18 13:52:41.954,414.5355006678591,13
2024-09-18 13:52:42.009,414.6424688418804,10
2024-09-18 13:52:42.033,414.5949771616801,95
2024-09-18 13:52:42.054,414.6428267493668,1004
2024-09-18 13:52:42.095,414.6994912664,995
2024-09-18 13:52:42.118,414.5617759306534,7
2024-09-18 13:52:42.130,414.6277225281674,96
2024-09-18 13:52:42.185,414.5703885365854,104
2024-09-18 13:52:42.253,414.5623365734564,996
2024-09-18 13:52:42.351,414.666010728864,95
2024-09-18 13:52:42.431,414.651777934554,101
2024-09-18 13:52:42.462,414.7017932180388,12
2024-09-18 13:52:42.478,414.57071051295895,1003
2024-09-18 13:52:42.505,414.6141714752188,1002
2024-09-18 13:52:42.673,414.6021371820193,997
2024-09-18 13:52:42.686,414.695474768286,99
2024-09-18 13:52:42.688,414.6839133490483,105
2024-09-18 13:52:42.690,414.7124072589736,10
2024-09-18 13:52:42.710,414.6615929342235,7
2024-09-18 13:52:42.768,414.5726167637986,101
2024-09-18 13:52:42.792,414.6319642444001,1000
2024-09-18 13:52:42.802,414.6870066483361,996
2024-09-18 13:52:42.844,414.6880626718737,1002
2024-09-18 13:52:42.912,414.57848347089714,995
2024-09-18 13:52:43.078,414.6800424163181,1001
2024-09-18 13:52:43.134,414.649215603414,97
2024-09-18 13:52:43.161,414.6839657371764,996
2024-09-18 13:52:43.201,414.7055337726156,1004
2024-09-18 13:52:43.222,414.683984101164,7
2024-09-18 13:52:43.268,414.7072200280653,7
2024-09-18 13:52:43.269,414.6877585052101,8
2024-09-18 13:52:43.370,414.685343282959,1004
2024-09-18 13:52:43.391,414.70849144347176,105
2024-09-18 13:52:43.415,414.6872998752645,97
2024-09-18 13:52:43.483,414.6975597607861,97
2024-09-18 13:52:43.504,414.7158847089974,105
2024-09-18 13:52:43.548,414.7055836898945,995
2024-09-18 13:52:43.611,414.7135240056845,1004
2024-09-18 13:52:43.620,414.7017268907289,102
2024-09-18 13:52:43.626,414.7076473799154,10
2024-09-18 13:52:43.635,414.6752229577629,997
2024-09-18 13:52:43.646,414.6997733112736,1003
2024-09-18 13:52:43.664,414.7114429098319,99
2024-09-18 13:52:43.769,414.6658079390341,105
2024-09-18 13:52:43.846,414.7085551242696,996
2024-09-18 13:52:43.851,414.7174943606735,97
2024-09-18 13:52:43.925,414.7204062577274,10
2024-09-18 13:52:43.935,414.6897230196973,104
2024-09-18 13:52:43.943,414.6955225548971,999
2024-09-18 13:52:43.943,414.661161389669,6
2024-09-18 13:52:43.951,414.70248422454,1002
2024-09-18 13:52:43.968,414.7116395612479,105
2024-09-18 13:52:44.003,414.70308207885074,10
2024-09-18 13:52:44.148,414.7218689045926,997
2024-09-18 13:52:44.189,414.6943982332985,14
2024-09-18 13:52:44.200,414.7070458591388,995
2024-09-18 13:52:44.265,414.7348909271307,99
2024-09-18 13:52:44.275,414.6737868151893,102
2024-09-18 13:52:44.356,414.6751108472335,997
2024-09-18 13:52:44.374,414.70402021714426,999
2024-09-18 13:52:44.378,414.6707623433054,8
2024-09-18 13:52:44.395,414.6606857316174,12
2024-09-18 13:52:44.435,414.68478796251406,998
2024-09-18 13:52:44.468,414.7020159914031,1004
2024-09-18 13:52:44.475,414.7022733705936,105
2024-09-18 13:52:44.489,414.69129416323744,1000
2024-09-18 13:52:44.529,414.6526715022934,7
2024-09-18 13:52:44.539,414.6857053170934,1002
2024-09-18 13:52:44.541,414.7019749507898,999
2024-09-18 13:52:44.577,414.6996441700003,95
2024-09-18 13:52:44.636,414.7164282002293,999
2024-09-18 13:52:44.642,414.6631125177687,11
2024-09-18 13:52:44.681,414.6561068893415,99
2024-09-18 13:52:44.733,414.69176487891815,1001
2024-09-18 13:52:44.744,414.6557242163511,9
2024-09-18 13:52:44.769,414.6887459378002,1002
2024-09-18 13:52:44.849,414.7234642405836,13
2024-09-18 13:52:44.911,414.7012044363054,102
2024-09-18 13:52:44.962,414.6405432348034,7
2024-09-18 13:52:44.992,41.471918071668505,996
2024-09-18 13:52:45.461,414.6459718366305,997
2024-09-18 13:52:45.519,414.71887439810223,1003
2024-09-18 13:52:45.598,414.6686441613546,999
2024-09-18 13:52:45.712,414.6531117069986,1000
2024-09-18 13:52:45.817,414.6997700066112,105
2024-09-18 13:52:45.934,414.674423781824,101
2024-09-18 13:52:46.010,414.7741578181315,105
2024-09-18 13:52:46.023,414.70123196613343,1002
2024-09-18 13:52:46.023,414.7335072135804,102
2024-09-18 13:52:46.050,-414.7180463681652,1005
2024-09-18 13:52:46.083,414.7899020020045,5
2024-09-18 13:52:46.173,414.734622660138,103
2024-09-18 13:52:46.285,414.7349453046044,998
2024-09-18 13:52:46.295,414.7252900458463,5
2024-09-18 13:52:46.328,414.8208725679521,6
2024-09-18 13:52:46.348,414.7977281704813,97
2024-09-18 13:52:46.438,414.7013016529839,15
2024-09-18 13:52:46.438,414.7992346353733,996
2024-09-18 13:52:46.451,414.7788503680408,1000
2024-09-18 13:52:46.578,414.7306270873289,102
2024-09-18 13:52:46.605,414.7754266597258,104
2024-09-18 13:52:46.629,414.7201658671271,1001
2024-09-18 13:52:46.666,414.7333725374328,98
2024-09-18 13:52:46.743,414.7298316050776,9
2024-09-18 13:52:46.797,414.7236193282947,7
2024-09-18 13:52:46.878,414.7111165392855,1000
2024-09-18 13:52:46.904,414.7197632270193,105
2024-09-18 13:52:46.915,414.79669314380857,102
2024-09-18 13:52:46.954,414.72411331933495,13
2024-09-18 13:52:46.961,414.7267378954413,11
2024-09-18 13:52:47.130,414.8117614258176,103
2024-09-18 13:52:47.198,414.8279163795856,995
2024-09-18 13:52:47.203,414.7901628954847,8
2024-09-18 13:52:47.237,414.799447633784,7
2024-09-18 13:52:47.254,414.7952592474812,5
2024-09-18 13:52:47.297,414.7922834754119,997
2024-09-18 13:52:47.344,414.8059041639903,9
2024-09-18 13:52:47.606,414.7699476682391,95
2024-09-18 13:52:47.723,414.7848359134533,97
2024-09-18 13:52:47.895,414.7901670343719,98
2024-09-18 13:52:48.143,414.8158079604389,97
2024-09-18 13:52:48.204,414.775136794156,9
2024-09-18 13:52:48.259,414.8052926750877,101
2024-09-18 13:52:48.282,414.7562980446385,104
2024-09-18 13:52:48.310,414.826470939616,998
2024-09-18 13:52:48.361,414.8060794466404,13
2024-09-18 13:52:48.441,414.7711791410321,1001
2024-09-18 13:52:48.477,414.7869839105384,999
2024-09-18 13:52:48.496,414.8066394368124,10
2024-09-18 13:52:48.517,414.7799823910184,1002
2024-09-18 13:52:48.575,414.7938341405104,996
2024-09-18 13:52:48.593,414.8100093232045,103
2024-09-18 13:52:48.681,414.8190918147309,1002
2024-09-18 13:52:48.723,414.7928639344801,1003
2024-09-18 13:52:48.829,414.7759991707656,1000
2024-09-18 13:52:48.845,414.799479728172,1000
2024-09-18 13:52:48.891,414.8060276873108,99
2024-09-18 13:52:48.932,414.8095101415556,5
2024-09-18 13:52:49.015,414.7280209833154,98
2024-09-18 13:52:49.189,414.7011904851175,8
2024-09-18 13:52:49.242,414.7398170306154,12
2024-09-18 13:52:49.250,414.7422227065817,1004
2024-09-18 13:52:49.383,414.71258615676976,5
2024-09-18 13:52:49.466,414.6976451891956,998
2024-09-18 13:52:49.712,414.7319593797688,97
2024-09-18 13:52:49.721,414.7202887945048,1005
2024-09-18 13:52:49.757,414.7331751477192,8
2024-09-18 13:52:49.863,414.7566067875636,6
2024-09-18 13:52:50.015,414.7000511037634,15
2024-09-18 13:52:50.025,414.6954469361189,104
2024-09-18 13:52:50.054,414.6629473600975,1000
2024-09-18 13:52:50.074,414.6989651809842,15
2024-09-18 13:52:50.122,414.6469539743844,105
2024-09-18 13:52:50.186,414.677610718907,102
2024-09-18 13:52:50.274,414.64003179189183,14
2024-09-18 13:52:50.306,414.6803071475762,9
2024-09-18 13:52:50.387,414.6965537650225,1001
2024-09-18 13:52:50.394,414.6854237194052,13
2024-09-18 13:52:50.430,414.6537196472032,1002
2024-09-18 13:52:50.446,414.693795799703,8
2024-09-18 13:52:50.492,414.6941038936091,98
2024-09-18 13:52:50.500,414.6757706133886,995
2024-09-18 13:52:50.549,414.6722816915225,101
2024-09-18 13:52:50.577,414.6979246664392,998
2024-09-18 13:52:50.660,414.6669994772265,1005
2024-09-18 13:52:50.824,414.6638777508186,7
2024-09-18 13:52:50.847,414.7085632009226,101
2024-09-18 13:52:50.882,414.6290856653897,8
2024-09-18 13:52:50.943,414.738874155023,9
2024-09-18 13:52:50.963,414.6326617509603,1000
2024-09-18 13:52:50.977,414.69987455244194,98
2024-09-18 13:52:50.994,414.6762054989672,999
2024-09-18 13:52:52.029,414.72969305354593,1004
2024-09-18 13:52:52.193,414.6931633253682,7
2024-09-18 13:52:52.220,414.725928798163,15
2024-09-18 13:52:52.299,414.6583122642272,1001
2024-09-18 13:52:52.383,414.65758034545007,105
2024-09-18 13:52:52.396,414.7256320718428,98
2024-09-18 13:52:52.402,414.66717874269045,96
2024-09-18 13:52:52.430,414.6318601589233,1000
2024-09-18 13:52:52.476,414.692725166492,104
2024-09-18 13:52:52.508,414.6364489522946,105
2024-09-18 13:52:52.531,414.7203490410833,999
2024-09-18 13:52:52.535,414.6497882868526,14
2024-09-18 13:52:52.564,414.718504890884,5
2024-09-18 13:52:52.680,414.6563879220173,10
2024-09-18 13:52:52.717,414.6524910589776,13
2024-09-18 13:52:52.773,414.6724721149556,1002
2024-09-18 13:52:52.815,414.6489164852646,996
2024-09-18 13:52:52.837,414.6742481428305,102
2024-09-18 13:52:52.874,414.664595689403,102
2024-09-18 13:52:52.884,414.6756882290917,105
2024-09-18 13:52:53.051,-414.8247391620853,1000
2024-09-18 13:52:53.163,414.8353791547666,996
2024-09-18 13:52:53.277,414.8266247024924,11
2024-09-18 13:52:53.291,414.71639422502216,14
2024-09-18 13:52:53.362,414.81877330913113,99
2024-09-18 13:52:53.378,414.79588284599714,5
2024-09-18 13:52:53.386,414.8145588407456,996
2024-09-18 13:52:53.585,414.8117358785071,995
2024-09-18 13:52:53.655,414.8322918465501,999
2024-09-18 13:52:53.837,414.7600073630517,1000
2024-09-18 13:52:53.849,414.8071721665426,6
2024-09-18 13:52:53.855,414.7689683912836,105
2024-09-18 13:52:54.000,414.8133684953647,100
2024-09-18 13:52:54.045,414.8122299073101,99
2024-09-18 13:52:54.051,414.80714030435104,5
2024-09-18 13:52:54.068,,6
2024-09-18 13:52:54.153,414.81117758505104,5
2024-09-18 13:52:54.158,414.8202041676704,1001
2024-09-18 13:52:54.219,414.8168822258787,105
2024-09-18 13:52:54.322,414.8116662354303,97
2024-09-18 13:52:54.331,414.81024706847626,103
2024-09-18 13:52:54.374,414.8072446169844,995
2024-09-18 13:52:54.379,414.8091606630165,15
2024-09-18 13:52:54.804,414.8108488309852,9
2024-09-18 13:52:55.174,414.8154702515193,97
2024-09-18 13:52:56.013,414.7836608774196,100
2024-09-18 13:52:56.044,414.7576708758148,995
2024-09-18 13:52:56.200,414.82543627284986,105
2024-09-18 13:52:56.239,414.839981509386,996
2024-09-18 13:52:56.320,414.7745880765773,998
2024-09-18 13:52:56.320,414.7812675553542,1004
2024-09-18 13:52:56.325,414.80143135712063,9
2024-09-18 13:52:56.457,414.8256706818595,95
2024-09-18 13:52:56.474,414.807112384428,9
2024-09-18 13:52:56.562,414.8242271104687,99
2024-09-18 13:52:56.661,414.7441444721139,996
2024-09-18 13:52:56.733,414.8152943269087,101
2024-09-18 13:52:56.766,414.7764209564617,6
2024-09-18 13:52:56.791,414.811133275029,96
2024-09-18 13:52:56.914,414.8184542754397,104
2024-09-18 13:52:56.931,414.8214025268396,1001
2024-09-18 13:52:57.000,414.8016491427959,12
2024-09-18 13:52:57.004,414.8128815517173,1004
2024-09-18 13:52:57.016,414.7447174852636,13
2024-09-18 13:52:57.046,414.75878434767446,1005
2024-09-18 13:52:57.047,414.76710970106825,14
2024-09-18 13:52:57.087,414.80755187651175,1000
2024-09-18 13:52:57.185,414.7572602628247,103
2024-09-18 13:52:57.195,414.7901066173654,1005
2024-09-18 13:52:57.320,414.7379446851002,14
2024-09-18 13:52:57.403,414.7858037549671,1000
2024-09-18 13:52:57.432,414.72145959964433,1001
2024-09-18 13:52:57.466,414.7809450185868,104
2024-09-18 13:52:57.486,414.82465715735617,15
2024-09-18 13:52:57.487,414.7987523060248,995
2024-09-18 13:52:57.521,414.7990973755763,8
2024-09-18 13:52:57.527,414.73709683162656,7
2024-09-18 13:52:57.536,414.7326013280479,1002
2024-09-18 13:52:57.598,414.8411191887524,1005
2024-09-18 13:52:57.604,414.78084253312073,1004
2024-09-18 13:52:57.688,414.7424218728218,99
2024-09-18 13:52:57.724,414.7413240800383,95
2024-09-18 13:52:57.822,414.7655090195433,7
2024-09-18 13:52:57.857,414.77210858818745,997
2024-09-18 13:52:57.864,414.7530561006217,105
2024-09-18 13:52:57.880,414.7400956325066,10
2024-09-18 13:52:57.921,414.73716201650456,10
2024-09-18 13:52:57.931,414.7342031641707,6
2024-09-18 13:52:57.934,414.786386823676,1005
2024-09-18 13:52:57.961,414.8293647005401,102
2024-09-18 13:52:58.013,414.7858877433242,99
2024-09-18 13:52:58.041,414.79376603941785,997
2024-09-18 13:52:58.092,414.8286108628012,14
2024-09-18 13:52:58.197,414.7784240172932,102
2024-09-18 13:52:58.254,414.7543693850682,13
2024-09-18 13:52:58.258,414.8018052159637,11
2024-09-18 13:52:58.392,414.8298375460119,11
2024-09-18 13:52:58.421,414.79235410683526,1004
2024-09-18 13:52:58.544,414.7908288803556,101
2024-09-18 13:52:58.578,414.8252083527345,100
2024-09-18 13:52:58.613,414.8205642120816,102
2024-09-18 13:52:58.621,414.7908675975284,95
2024-09-18 13:52:58.662,414.7943919906109,97
2024-09-18 13:52:58.671,414.8342001303608,998
2024-09-18 13:52:58.802,414.83464121023246,13
2024-09-18 13:52:58.810,414.76411215084624,998
2024-09-18 13:52:58.821,414.8228263081636,9
2024-09-18 13:52:58.909,414.8128084617425,104
2024-09-18 13:52:59.081,414.7984589950645,102
2024-09-18 13:52:59.131,414.8359404605205,102
2024-09-18 13:52:59.183,414.77560748778126,995
2024-09-18 13:52:59.207,414.8063942098012,15
2024-09-18 13:52:59.373,414.8028600440824,14
2024-09-18 13:52:59.403,414.7952174003412,1004
2024-09-18 13:52:59.423,414.8169212824861,13
2024-09-18 13:52:59.471,414.81869962712494,102
2024-09-18 13:52:59.476,414.797008089497,96
2024-09-18 13:52:59.500,414.8122970512662,102
2024-09-18 13:52:59.589,414.780970153592,996
2024-09-18 13:52:59.632,-414.84328776141416,6
2024-09-18 13:52:59.645,414.7993412356933,998
2024-09-18 13:52:59.720,414.80001890142,98
2024-09-18 13:52:59.734,414.79026976891777,998
2024-09-18 13:52:59.781,414.79328499442926,997
2024-09-18 13:52:59.879,414.81946146021687,101
2024-09-18 13:52:59.923,414.795134044829,1003
2024-09-18 13:52:59.933,414.853505870937,104
2024-09-18 13:52:59.966,414.8153137636451,5
2024-09-18 13:52:59.969,414.84938095293546,95
2024-09-18 13:52:59.988,414.8240569995656,6
