Timestamp,Price,Size
2024-09-18 15:46:00.122,417.2524536541722,104
2024-09-18 15:46:00.149,417.222767904739,1000
2024-09-18 15:46:00.185,417.29348137516337,5
2024-09-18 15:46:00.263,417.2969493399124,998
2024-09-18 15:46:00.279,417.2598666563168,97
2024-09-18 15:46:00.320,41.72106452623093,103
2024-09-18 15:46:00.330,417.1802970628344,10
2024-09-18 15:46:00.349,,5
2024-09-18 15:46:00.644,417.22030241319527,99
2024-09-18 15:46:00.709,417.2187026218807,102
2024-09-18 15:46:00.741,417.2060492313922,104
2024-09-18 15:46:00.760,417.2209660956513,10
2024-09-18 15:46:00.782,417.28163072484176,7
2024-09-18 15:46:00.789,417.2292909412542,6
2024-09-18 15:46:00.830,417.2852236224876,1005
2024-09-18 15:46:00.876,417.1802917153725,1001
2024-09-18 15:46:00.981,413.168853470818,6
2024-09-18 15:46:01.006,417.3131359583596,6
2024-09-18 15:46:01.160,417.29709343059113,11
2024-09-18 15:46:01.514,417.2925483787618,100
2024-09-18 15:46:01.620,413.05407785881,13
2024-09-18 15:46:01.623,417.31641756888223,1002
2024-09-18 15:46:01.671,417.2917950936502,995
2024-09-18 15:46:02.030,417.2497747762176,11
2024-09-18 15:46:02.081,417.26454884225166,98
2024-09-18 15:46:02.121,417.2524825152946,8
2024-09-18 15:46:02.210,417.2938660960652,5
2024-09-18 15:46:02.218,417.2625579424906,12
2024-09-18 15:46:02.295,417.2981252890987,101
2024-09-18 15:46:02.429,417.29070338629214,97
2024-09-18 15:46:02.459,417.26074980138753,101
2024-09-18 15:46:02.511,417.2586289022866,997
2024-09-18 15:46:02.538,417.2577899227957,96
2024-09-18 15:46:02.709,417.304444336226,1003
2024-09-18 15:46:02.901,417.28141783317454,999
2024-09-18 15:46:02.929,417.31281310044665,1005
2024-09-18 15:46:03.185,417.21296759690887,998
2024-09-18 15:46:03.220,417.20109679672834,9
2024-09-18 15:46:03.252,417.2355708061287,1000
2024-09-18 15:46:03.335,417.1985575672363,11
2024-09-18 15:46:03.346,417.2133885825679,12
2024-09-18 15:46:03.406,417.19889090350574,999
2024-09-18 15:46:03.560,417.23004142486286,99
2024-09-18 15:46:03.568,417.2527745115237,10
2024-09-18 15:46:03.752,417.240182802213,13
2024-09-18 15:46:03.860,417.1919574226287,10
2024-09-18 15:46:04.036,417.18095956095306,7
2024-09-18 15:46:04.060,417.1819943283455,105
2024-09-18 15:46:04.079,417.195193160855,8
2024-09-18 15:46:04.099,417.1826433704888,1003
2024-09-18 15:46:04.127,417.2042526964811,15
2024-09-18 15:46:04.216,417.20287273822487,10
2024-09-18 15:46:04.237,417.2025094110306,998
2024-09-18 15:46:04.270,417.16937974221895,99
2024-09-18 15:46:04.319,417.2101288136729,95
2024-09-18 15:46:04.333,417.1903801542144,103
2024-09-18 15:46:04.416,417.1696727024296,1004
2024-09-18 15:46:04.482,417.17935085368674,12
2024-09-18 15:46:04.554,417.1848935940122,995
2024-09-18 15:46:04.561,417.1902556747049,103
2024-09-18 15:46:04.886,417.1816327377909,12
2024-09-18 15:46:04.949,417.175194087341,14
2024-09-18 15:46:04.956,417.1952439041832,997
2024-09-18 15:46:05.094,417.1895271222708,101
2024-09-18 15:46:05.103,417.20485399589313,103
2024-09-18 15:46:05.131,417.18115161699234,9
2024-09-18 15:46:05.183,417.1716669591747,11
2024-09-18 15:46:05.235,417.1831321663757,105
2024-09-18 15:46:05.260,417.2067495064942,1001
2024-09-18 15:46:05.272,417.1893698014673,104
2024-09-18 15:46:05.399,417.20204145192696,12
2024-09-18 15:46:05.413,417.187108691516,6
2024-09-18 15:46:05.427,417.2088968754953,99
2024-09-18 15:46:05.521,417.1345344559156,1001
2024-09-18 15:46:05.524,417.1839995236203,15
2024-09-18 15:46:05.529,417.197000523429,98
2024-09-18 15:46:05.546,417.1953472570954,102
2024-09-18 15:46:05.547,417.1529418876482,14
2024-09-18 15:46:05.548,417.1500209515028,105
2024-09-18 15:46:05.561,417.1978868713908,105
2024-09-18 15:46:05.625,417.1990661724084,1002
2024-09-18 15:46:05.716,417.2096195751236,11
2024-09-18 15:46:05.719,417.2038592878576,12
2024-09-18 15:46:05.724,417.1522851885786,7
2024-09-18 15:46:05.818,417.12022091554144,7
2024-09-18 15:46:05.830,417.14673632452815,998
2024-09-18 15:46:05.881,417.2002978898548,1004
2024-09-18 15:46:05.924,417.2029662134237,97
2024-09-18 15:46:05.947,417.1971523972624,999
2024-09-18 15:46:06.492,417.11875893460285,1005
2024-09-18 15:46:06.999,417.1264764750077,9
2024-09-18 15:46:07.007,417.151540786445,998
2024-09-18 15:46:07.108,417.1293604786893,96
2024-09-18 15:46:07.114,41.712730115417685,104
2024-09-18 15:46:07.115,417.1268358105764,9
2024-09-18 15:46:07.165,417.1675707514811,100
2024-09-18 15:46:07.221,417.1231291943103,95
2024-09-18 15:46:07.259,417.16771580193057,104
2024-09-18 15:46:07.271,,15
2024-09-18 15:46:07.290,417.1349444084829,1005
2024-09-18 15:46:07.306,417.1276480861357,95
2024-09-18 15:46:07.330,417.1334491470265,996
2024-09-18 15:46:07.361,417.1336562157504,11
2024-09-18 15:46:07.448,417.153506596639,1004
2024-09-18 15:46:07.482,417.1721908158103,6
2024-09-18 15:46:07.489,417.12814451109466,99
2024-09-18 15:46:07.495,417.1392232162895,998
2024-09-18 15:46:07.501,417.1206577756344,100
2024-09-18 15:46:07.578,417.10908857302456,9
2024-09-18 15:46:07.611,417.1567063461395,14
2024-09-18 15:46:07.617,417.1360182085039,999
2024-09-18 15:46:07.864,417.1270236438216,99
2024-09-18 15:46:07.921,417.13446904231387,15
2024-09-18 15:46:07.937,417.1279158775513,11
2024-09-18 15:46:07.956,417.1383065432815,1001
2024-09-18 15:46:07.960,417.1664046811424,997
2024-09-18 15:46:07.996,417.1294318799106,1001
2024-09-18 15:46:08.042,417.1754646170326,1005
2024-09-18 15:46:08.053,417.1893889717917,1001
2024-09-18 15:46:08.082,417.18991728578777,9
2024-09-18 15:46:08.091,417.16734135197527,97
2024-09-18 15:46:08.116,417.20024782752375,6
2024-09-18 15:46:08.200,417.1773941792311,5
2024-09-18 15:46:08.271,417.19315175368513,995
2024-09-18 15:46:08.353,417.1988366631242,1003
2024-09-18 15:46:08.354,417.1990735139338,14
2024-09-18 15:46:08.519,417.16261795986617,100
2024-09-18 15:46:08.646,417.19156487877535,15
2024-09-18 15:46:08.676,417.1876116373245,8
2024-09-18 15:46:08.759,417.1371981555279,997
2024-09-18 15:46:08.837,417.1817760478903,998
2024-09-18 15:46:08.856,417.15966461136793,9
2024-09-18 15:46:08.913,417.1966432121809,15
2024-09-18 15:46:09.117,417.2072154604574,1003
2024-09-18 15:46:09.126,417.16623296075954,6
2024-09-18 15:46:09.273,417.1658202034315,14
2024-09-18 15:46:09.279,417.2063091957164,95
2024-09-18 15:46:09.333,417.2049657341293,100
2024-09-18 15:46:09.525,417.2019456060141,1004
2024-09-18 15:46:09.528,417.1671708900123,95
2024-09-18 15:46:09.794,417.1882769912919,8
2024-09-18 15:46:09.857,417.2029087752978,97
2024-09-18 15:46:09.959,417.1621153218859,101
2024-09-18 15:46:10.099,417.1700797616559,7
2024-09-18 15:46:10.113,417.1764456786329,13
2024-09-18 15:46:10.327,417.16263056047546,1004
2024-09-18 15:46:10.370,417.1909663431016,995
2024-09-18 15:46:10.972,417.2067265903554,13
2024-09-18 15:46:11.370,41.7189878069232,14
2024-09-18 15:46:11.555,417.2128035288364,11
2024-09-18 15:46:11.770,417.1978123371577,11
2024-09-18 15:46:11.783,417.1870594414581,14
2024-09-18 15:46:12.118,417.1825795280537,8
2024-09-18 15:46:12.141,417.1804853970973,96
2024-09-18 15:46:12.300,417.2181430573812,6
2024-09-18 15:46:12.461,417.2334776146041,1005
2024-09-18 15:46:12.548,417.2176523134529,14
2024-09-18 15:46:12.580,417.1828280058458,1000
2024-09-18 15:46:12.596,417.1842813191699,996
2024-09-18 15:46:12.685,417.1940022562479,999
2024-09-18 15:46:12.900,417.2142846302477,6
2024-09-18 15:46:13.068,417.1914843362087,6
2024-09-18 15:46:14.128,417.2056403481465,997
2024-09-18 15:46:14.199,417.2260895452153,105
2024-09-18 15:46:14.302,417.2099692700872,101
2024-09-18 15:46:14.333,417.2351791319737,105
2024-09-18 15:46:14.345,417.2227089650691,102
2024-09-18 15:46:14.459,417.2111664196551,104
2024-09-18 15:46:14.583,417.2187028440379,12
2024-09-18 15:46:14.661,417.2083490727773,6
2024-09-18 15:46:14.673,417.207878562212,96
2024-09-18 15:46:14.674,417.2026122494208,101
2024-09-18 15:46:14.788,417.20791181406656,15
2024-09-18 15:46:14.805,417.1937309077583,105
2024-09-18 15:46:14.841,417.1928907172787,103
2024-09-18 15:46:14.898,417.18642761432096,10
2024-09-18 15:46:15.038,417.2524444871412,14
2024-09-18 15:46:15.077,417.2475637000092,95
2024-09-18 15:46:15.176,417.2490781514748,105
2024-09-18 15:46:15.249,417.2369795701111,1005
2024-09-18 15:46:15.346,417.2253861541247,100
2024-09-18 15:46:15.697,417.2313459696572,1005
2024-09-18 15:46:15.730,417.22970625689567,105
2024-09-18 15:46:15.772,417.2477960439114,997
2024-09-18 15:46:15.879,417.2453617692545,998
2024-09-18 15:46:16.147,417.2174828932916,98
2024-09-18 15:46:16.153,417.2616076322109,100
2024-09-18 15:46:16.233,417.2201085591774,104
2024-09-18 15:46:16.239,417.182169799084,999
2024-09-18 15:46:16.272,417.2354247633321,1005
2024-09-18 15:46:16.279,417.2342615070608,97
2024-09-18 15:46:16.292,417.1965055984208,103
2024-09-18 15:46:16.354,417.1790405651569,95
2024-09-18 15:46:16.425,417.1800386584304,103
2024-09-18 15:46:16.487,417.2737207034393,995
2024-09-18 15:46:16.515,417.196875946542,8
2024-09-18 15:46:16.559,417.18343636960697,998
2024-09-18 15:46:16.590,417.1828985922373,996
2024-09-18 15:46:16.595,417.2523060944257,98
2024-09-18 15:46:16.610,417.22858445579095,12
2024-09-18 15:46:16.649,417.2308636353111,998
2024-09-18 15:46:16.665,417.2065862549446,104
2024-09-18 15:46:16.705,417.2170854644705,1003
2024-09-18 15:46:16.712,417.19632418932457,5
2024-09-18 15:46:16.733,417.1647049621116,95
2024-09-18 15:46:16.775,417.1725047805777,104
2024-09-18 15:46:16.838,417.2875774511023,5
2024-09-18 15:46:16.915,417.2189378675292,1003
2024-09-18 15:46:17.083,417.2136577804416,5
2024-09-18 15:46:17.131,417.2205168028025,101
2024-09-18 15:46:17.199,417.2757412411832,999
2024-09-18 15:46:17.220,417.222933429253,101
2024-09-18 15:46:17.261,417.2206773578544,13
2024-09-18 15:46:17.287,417.250295759369,98
2024-09-18 15:46:17.295,417.2799862536115,1000
2024-09-18 15:46:17.331,417.27381192455846,1002
2024-09-18 15:46:17.382,417.2648883181865,10
2024-09-18 15:46:17.385,417.2732371166808,1004
2024-09-18 15:46:17.391,417.2411585624762,997
2024-09-18 15:46:17.454,417.2778436016655,1000
2024-09-18 15:46:17.474,417.255126870912,98
2024-09-18 15:46:17.500,417.24036523422296,101
2024-09-18 15:46:17.528,417.253401117763,11
2024-09-18 15:46:17.540,41.72556060687139,13
2024-09-18 15:46:17.571,417.2643484206346,101
2024-09-18 15:46:17.593,417.2631099108717,15
2024-09-18 15:46:17.596,417.2720694053231,98
2024-09-18 15:46:17.735,417.2465140399022,15
2024-09-18 15:46:17.824,417.2144123222234,995
2024-09-18 15:46:17.825,417.2781207082237,95
2024-09-18 15:46:17.826,417.21930500732736,14
2024-09-18 15:46:17.967,417.26270470776296,995
2024-09-18 15:46:18.067,417.2167991383883,98
2024-09-18 15:46:18.092,417.1759599497409,1003
2024-09-18 15:46:18.160,417.2171668495357,101
2024-09-18 15:46:18.210,417.2150194176219,995
2024-09-18 15:46:18.213,417.1932473350897,1000
2024-09-18 15:46:18.310,417.1989903158005,1002
2024-09-18 15:46:18.346,417.17689015184646,995
2024-09-18 15:46:18.374,417.1916861444845,15
2024-09-18 15:46:18.458,417.2071847400173,998
2024-09-18 15:46:18.623,417.19633169347406,999
2024-09-18 15:46:18.656,417.1749908856437,1005
2024-09-18 15:46:18.914,417.1595929015751,96
2024-09-18 15:46:18.994,417.2137555035535,104
2024-09-18 15:46:19.109,417.1627912888491,7
2024-09-18 15:46:19.135,417.1630213598812,8
2024-09-18 15:46:19.256,417.1732184517028,15
2024-09-18 15:46:19.273,417.1498886129888,996
2024-09-18 15:46:19.295,417.1595089957317,1005
2024-09-18 15:46:19.382,417.1566313757578,96
2024-09-18 15:46:19.618,417.1663376427672,95
2024-09-18 15:46:19.700,417.1758244893032,99
2024-09-18 15:46:19.756,417.172486354877,8
2024-09-18 15:46:19.870,-417.169056199285,9
2024-09-18 15:46:19.870,417.1395079821637,104
2024-09-18 15:46:19.916,417.16650933128176,99
2024-09-18 15:46:19.985,417.14649645062286,1004
2024-09-18 15:46:20.322,417.1403411347132,102
2024-09-18 15:46:20.843,417.1069753646272,98
2024-09-18 15:46:20.941,412.9925156030295,999
2024-09-18 15:46:21.008,417.1055088693042,5
2024-09-18 15:46:21.029,417.1112102628814,7
2024-09-18 15:46:21.097,417.0960408326767,7
2024-09-18 15:46:21.124,417.1051708775416,95
2024-09-18 15:46:21.149,417.07291270433694,999
2024-09-18 15:46:21.165,417.07188647066,13
2024-09-18 15:46:21.168,,99
2024-09-18 15:46:21.198,417.1129838165544,995
2024-09-18 15:46:21.305,417.1005650999589,996
2024-09-18 15:46:21.318,417.1166816057778,98
2024-09-18 15:46:21.335,417.1166267066081,105
2024-09-18 15:46:21.338,417.1136798678436,95
2024-09-18 15:46:21.358,417.0824553658474,996
2024-09-18 15:46:21.382,417.1143840239608,102
2024-09-18 15:46:21.480,417.0859643486022,13
2024-09-18 15:46:21.484,412.9609763089352,14
2024-09-18 15:46:21.571,417.1197275133841,99
2024-09-18 15:46:21.574,417.10900668596247,95
2024-09-18 15:46:21.579,417.1197707935023,95
2024-09-18 15:46:21.601,417.0857360327985,1000
2024-09-18 15:46:21.640,417.1144654543273,1005
2024-09-18 15:46:21.657,417.1089817104651,996
2024-09-18 15:46:21.783,417.0661707478711,1001
2024-09-18 15:46:21.842,417.0985440571666,101
2024-09-18 15:46:21.874,417.120423562519,9
2024-09-18 15:46:21.927,417.0710117778535,102
2024-09-18 15:46:21.953,417.1149587116908,997
2024-09-18 15:46:21.972,417.1078701086669,8
2024-09-18 15:46:22.084,417.06505967749416,10
2024-09-18 15:46:22.114,417.0827402074883,995
2024-09-18 15:46:22.131,417.0795449387285,13
2024-09-18 15:46:22.177,417.0631667272533,996
2024-09-18 15:46:22.186,417.0818512171808,1004
2024-09-18 15:46:22.232,417.10515284857337,996
2024-09-18 15:46:22.266,417.0598191609269,9
2024-09-18 15:46:22.440,417.0706907153455,95
2024-09-18 15:46:22.469,417.07591612363024,997
2024-09-18 15:46:22.500,417.0663810096899,105
2024-09-18 15:46:22.571,417.0568143592676,95
2024-09-18 15:46:22.613,417.0805565035605,10
2024-09-18 15:46:22.651,-417.03589632863645,8
2024-09-18 15:46:22.712,417.0617521731164,5
2024-09-18 15:46:22.736,417.0958762458281,998
2024-09-18 15:46:22.793,417.0849504700324,102
2024-09-18 15:46:22.846,417.05890563510417,95
2024-09-18 15:46:22.871,417.0765571583792,96
2024-09-18 15:46:22.878,417.0707836786686,100
2024-09-18 15:46:22.961,417.0430467442594,1004
2024-09-18 15:46:23.036,417.085961174797,105
2024-09-18 15:46:23.174,417.1294123253662,9
2024-09-18 15:46:23.213,417.10978098061,99
2024-09-18 15:46:23.228,417.1063653663597,1004
2024-09-18 15:46:23.371,417.1315869254938,104
2024-09-18 15:46:23.380,417.0808491646579,104
2024-09-18 15:46:23.445,417.073498808371,13
2024-09-18 15:46:23.468,417.1111535383917,15
2024-09-18 15:46:23.469,417.1209172453396,100
2024-09-18 15:46:23.491,417.0764110809045,105
2024-09-18 15:46:23.520,417.158078418484,98
2024-09-18 15:46:23.535,417.1056469657898,100
2024-09-18 15:46:23.574,417.0917039303892,95
2024-09-18 15:46:23.630,-417.09076649999975,7
2024-09-18 15:46:23.678,417.0835323148662,96
2024-09-18 15:46:23.779,417.1014303798103,10
2024-09-18 15:46:23.798,417.1074137961708,11
2024-09-18 15:46:23.850,417.10607421701576,100
2024-09-18 15:46:23.907,417.1056535371324,995
2024-09-18 15:46:23.942,417.0744609884796,100
2024-09-18 15:46:23.978,417.106937627856,999
2024-09-18 15:46:24.022,417.11392658000926,1002
2024-09-18 15:46:24.043,417.1218354613311,15
2024-09-18 15:46:24.060,417.10297932966176,101
2024-09-18 15:46:24.359,417.1068199114958,1004
2024-09-18 15:46:24.395,417.1226192022596,998
2024-09-18 15:46:24.401,417.08562155542944,7
2024-09-18 15:46:24.507,417.1089053846959,6
2024-09-18 15:46:24.619,417.115982816716,6
2024-09-18 15:46:24.624,417.07973124698873,6
2024-09-18 15:46:24.699,417.108981625529,100
2024-09-18 15:46:24.756,417.0910688699332,8
2024-09-18 15:46:24.879,417.1322682517528,105
2024-09-18 15:46:24.883,417.1176407344396,997
2024-09-18 15:46:24.886,417.1214163273335,103
2024-09-18 15:46:24.956,417.1265135938573,999
2024-09-18 15:46:25.069,417.18529671724286,15
2024-09-18 15:46:25.104,417.17279877093887,999
2024-09-18 15:46:25.284,417.18938719087015,7
2024-09-18 15:46:25.287,417.175249193469,998
2024-09-18 15:46:25.462,417.1505237671559,13
2024-09-18 15:46:25.588,417.1302478361943,101
2024-09-18 15:46:25.668,417.1793284668056,1004
2024-09-18 15:46:25.717,417.1774193144937,9
2024-09-18 15:46:25.721,417.1768831507467,11
2024-09-18 15:46:25.820,417.1444887009012,998
2024-09-18 15:46:25.856,417.161595955668,6
2024-09-18 15:46:25.905,417.1788394412584,97
2024-09-18 15:46:25.991,417.163760509469,12
2024-09-18 15:46:26.036,417.19051583861466,1004
2024-09-18 15:46:26.328,417.18159477539706,999
2024-09-18 15:46:26.399,417.1300976283909,99
2024-09-18 15:46:26.540,417.14995182756167,100
2024-09-18 15:46:26.742,417.1836009663916,13
2024-09-18 15:46:26.864,417.1835891305297,8
2024-09-18 15:46:26.891,417.1588738754677,1000
2024-09-18 15:46:26.901,417.1651148370569,105
2024-09-18 15:46:26.947,417.19079086081183,5
2024-09-18 15:46:27.041,417.1401615198577,9
2024-09-18 15:46:27.092,417.1589649862739,15
2024-09-18 15:46:27.137,417.1720065865481,1005
2024-09-18 15:46:27.148,-417.180406177594,996
2024-09-18 15:46:27.150,417.18517998439376,1004
2024-09-18 15:46:27.176,417.1693206160765,999
2024-09-18 15:46:27.186,417.1741439673878,11
2024-09-18 15:46:27.205,417.1777921219741,9
2024-09-18 15:46:27.306,417.15876826796887,999
2024-09-18 15:46:27.311,417.1691047734941,1003
2024-09-18 15:46:27.314,417.1777456426372,997
2024-09-18 15:46:27.346,417.1733570393819,11
2024-09-18 15:46:27.413,417.1577586410334,999
2024-09-18 15:46:27.429,417.1626675301748,999
2024-09-18 15:46:27.432,417.151883956272,9
2024-09-18 15:46:27.465,417.157730772309,97
2024-09-18 15:46:27.505,417.1277690203278,1002
2024-09-18 15:46:27.522,417.1888872696857,103
2024-09-18 15:46:27.559,417.1799616008931,98
2024-09-18 15:46:27.604,417.1673805319864,101
2024-09-18 15:46:27.792,417.1896377513388,1001
2024-09-18 15:46:28.145,417.1015123475117,104
2024-09-18 15:46:28.149,417.0992272597901,8
2024-09-18 15:46:28.172,417.0976245517056,104
2024-09-18 15:46:28.214,417.1386402209338,15
2024-09-18 15:46:28.340,417.1358093782228,12
2024-09-18 15:46:28.468,417.1116153797735,1004
2024-09-18 15:46:28.477,417.0925867532211,98
2024-09-18 15:46:29.110,417.1638569243666,1000
2024-09-18 15:46:29.274,417.1171189767396,997
2024-09-18 15:46:29.296,417.1513862799811,1003
2024-09-18 15:46:29.408,417.12460409746393,96
2024-09-18 15:46:29.451,417.13330632106727,103
2024-09-18 15:46:29.464,417.1118019991385,99
2024-09-18 15:46:29.528,417.1666083774746,14
2024-09-18 15:46:29.861,41.71165402188553,9
2024-09-18 15:46:29.872,417.1306611138329,98
2024-09-18 15:46:29.909,417.11025865156375,102
2024-09-18 15:46:29.953,417.1180228800079,1005
2024-09-18 15:46:30.118,417.1863297625088,10
2024-09-18 15:46:30.256,417.1832043583285,1002
2024-09-18 15:46:30.711,417.15364746508266,98
2024-09-18 15:46:30.986,417.1725924802834,102
2024-09-18 15:46:31.005,417.2455223774306,13
2024-09-18 15:46:31.038,417.23896384894334,99
2024-09-18 15:46:31.066,417.2412570751744,98
2024-09-18 15:46:31.096,417.2030260872954,1003
2024-09-18 15:46:31.119,417.22487367085273,5
2024-09-18 15:46:31.160,417.262775639617,15
2024-09-18 15:46:31.164,417.26907728704674,96
2024-09-18 15:46:31.184,417.2012392036939,5
2024-09-18 15:46:31.195,417.2645990237212,998
2024-09-18 15:46:31.197,417.2669304601183,102
2024-09-18 15:46:31.223,417.2549667874056,100
2024-09-18 15:46:31.336,417.2649805493921,12
2024-09-18 15:46:31.345,417.2643739081372,1004
2024-09-18 15:46:31.371,417.2684203871115,98
2024-09-18 15:46:31.497,417.2504156712101,995
2024-09-18 15:46:31.502,417.2509808914243,10
2024-09-18 15:46:31.512,417.2628442456952,102
2024-09-18 15:46:31.555,417.2624213708232,103
2024-09-18 15:46:31.628,417.26452603962366,1001
2024-09-18 15:46:31.638,417.2487588466523,999
2024-09-18 15:46:31.681,417.2599612815807,97
2024-09-18 15:46:31.725,417.2613278031557,1001
2024-09-18 15:46:31.844,417.2516412741997,1000
2024-09-18 15:46:31.849,417.2734209004781,1001
2024-09-18 15:46:31.903,417.2067845086774,11
2024-09-18 15:46:32.018,417.2734623313731,102
2024-09-18 15:46:32.023,417.1879206552593,100
2024-09-18 15:46:32.029,417.189845834086,1005
2024-09-18 15:46:32.064,417.1748246878515,8
2024-09-18 15:46:32.119,417.1795651547356,1003
2024-09-18 15:46:32.129,417.18755947193233,7
2024-09-18 15:46:32.142,417.2091830915846,5
2024-09-18 15:46:32.241,417.259610388985,1002
2024-09-18 15:46:32.272,417.2368167077159,997
2024-09-18 15:46:32.302,417.23229473285545,105
2024-09-18 15:46:32.416,417.2654672308397,998
2024-09-18 15:46:32.485,417.2499169470135,1002
2024-09-18 15:46:32.511,417.27782791100606,15
2024-09-18 15:46:32.524,417.2545932628077,98
2024-09-18 15:46:32.580,417.2718791258003,6
2024-09-18 15:46:32.594,417.2278320010759,998
2024-09-18 15:46:32.625,417.214799722943,98
2024-09-18 15:46:32.683,417.2008256094322,95
2024-09-18 15:46:32.711,417.2086281604452,1001
2024-09-18 15:46:32.735,417.2600792291319,96
2024-09-18 15:46:32.779,417.28820267356735,8
2024-09-18 15:46:32.849,417.254194393465,11
2024-09-18 15:46:32.893,417.2549396313568,997
2024-09-18 15:46:32.942,417.1914798991423,996
2024-09-18 15:46:33.016,417.1994290364551,997
2024-09-18 15:46:33.051,412.8929324555179,5
2024-09-18 15:46:33.170,417.20838899931545,96
2024-09-18 15:46:33.284,417.23685252767103,14
2024-09-18 15:46:33.337,417.223540010529,11
2024-09-18 15:46:33.465,417.229609068508,8
2024-09-18 15:46:33.615,417.2345319926384,1003
2024-09-18 15:46:33.642,417.2200903787985,12
2024-09-18 15:46:33.647,417.1877205278288,8
2024-09-18 15:46:33.711,417.2055309190938,15
2024-09-18 15:46:33.712,417.1878870400228,1000
2024-09-18 15:46:33.779,417.2245384320718,12
2024-09-18 15:46:33.902,417.2518739938481,996
2024-09-18 15:46:34.024,417.2318975784724,6
2024-09-18 15:46:34.035,417.2034980688783,998
2024-09-18 15:46:34.086,417.20423033181527,6
2024-09-18 15:46:34.364,417.256582583168,8
2024-09-18 15:46:34.384,417.2111195443221,104
2024-09-18 15:46:34.404,417.2081926429093,8
2024-09-18 15:46:34.419,417.2167401244212,15
2024-09-18 15:46:34.481,417.2329086854167,997
2024-09-18 15:46:34.487,417.2335973532056,998
2024-09-18 15:46:34.579,417.2122352763015,97
2024-09-18 15:46:34.727,417.2525630409204,9
2024-09-18 15:46:34.728,417.2217427579103,102
2024-09-18 15:46:34.729,417.22407288542615,999
2024-09-18 15:46:34.749,417.2106672134586,99
2024-09-18 15:46:34.759,417.254028574791,11
2024-09-18 15:46:34.762,417.2111535123679,9
2024-09-18 15:46:34.798,417.244916094779,15
2024-09-18 15:46:34.822,417.2376318533275,10
2024-09-18 15:46:34.897,417.20290234523617,10
2024-09-18 15:46:34.927,417.221232788108,7
2024-09-18 15:46:34.933,417.22803425056185,96
2024-09-18 15:46:34.946,417.20848328594326,101
2024-09-18 15:46:34.960,417.204270715388,12
2024-09-18 15:46:35.032,417.2238147553392,998
2024-09-18 15:46:35.082,417.20890141526337,999
2024-09-18 15:46:35.093,417.22125697668594,7
2024-09-18 15:46:35.164,417.20945810860735,7
2024-09-18 15:46:35.284,417.1938403569001,998
2024-09-18 15:46:35.410,417.23366118671856,1002
2024-09-18 15:46:35.502,417.2104367611079,104
2024-09-18 15:46:35.525,417.2273730829274,996
2024-09-18 15:46:35.622,417.2100327181062,1003
2024-09-18 15:46:35.625,417.2387780133376,1002
2024-09-18 15:46:35.837,417.2440867674724,101
2024-09-18 15:46:36.545,417.23384381923614,12
2024-09-18 15:46:36.600,417.2364361933001,1001
2024-09-18 15:46:37.005,417.22334501636186,15
2024-09-18 15:46:37.010,417.22529502599633,10
2024-09-18 15:46:37.021,-417.2095212225863,996
2024-09-18 15:46:37.233,417.1889292632736,12
2024-09-18 15:46:37.234,417.1779598992482,996
2024-09-18 15:46:37.261,417.1966537131422,1004
2024-09-18 15:46:37.294,417.2114133595154,1004
2024-09-18 15:46:37.371,417.1982599149293,96
2024-09-18 15:46:37.381,417.2168287707524,98
2024-09-18 15:46:37.426,417.2289997130238,13
2024-09-18 15:46:37.448,417.1934172972675,999
2024-09-18 15:46:37.592,417.1829627422928,11
2024-09-18 15:46:37.644,417.1832709090234,8
2024-09-18 15:46:37.644,417.1900973576396,14
2024-09-18 15:46:37.665,417.1877624749977,95
2024-09-18 15:46:37.766,417.1745820619795,8
2024-09-18 15:46:37.786,417.21247271335454,6
2024-09-18 15:46:37.807,417.1999387674003,1000
2024-09-18 15:46:37.863,417.1965369842573,102
2024-09-18 15:46:37.881,417.1837668841416,9
2024-09-18 15:46:37.883,417.2298796326688,6
2024-09-18 15:46:37.991,417.236754654114,1003
2024-09-18 15:46:38.005,417.225488445479,101
2024-09-18 15:46:38.064,417.1884334902759,102
2024-09-18 15:46:38.092,41.717874340496365,103
2024-09-18 15:46:38.202,417.1766753643945,99
2024-09-18 15:46:38.235,417.1903618907448,995
2024-09-18 15:46:38.318,417.2176017404721,97
2024-09-18 15:46:38.440,417.20587093048624,5
2024-09-18 15:46:38.448,417.18118880608745,95
2024-09-18 15:46:38.516,417.20542674284775,12
2024-09-18 15:46:38.756,417.2038609640383,11
2024-09-18 15:46:38.763,417.2041570504126,102
2024-09-18 15:46:38.800,417.16459897023714,1002
2024-09-18 15:46:38.821,417.1953505467065,101
2024-09-18 15:46:38.836,,1001
2024-09-18 15:46:38.852,417.1861243104208,996
2024-09-18 15:46:38.996,417.1946063354291,996
2024-09-18 15:46:39.110,417.2111446426889,13
2024-09-18 15:46:39.141,417.29100305018665,11
2024-09-18 15:46:39.156,417.33303229839646,95
2024-09-18 15:46:39.180,417.32941977959,9
2024-09-18 15:46:39.234,417.2950053005228,7
2024-09-18 15:46:39.254,417.1705358277938,1004
2024-09-18 15:46:39.278,417.1936154412447,996
2024-09-18 15:46:39.295,417.24648074608496,100
2024-09-18 15:46:39.341,417.1824694867035,105
2024-09-18 15:46:39.346,417.1703318586362,98
2024-09-18 15:46:39.366,417.23264400826014,5
2024-09-18 15:46:39.438,417.24985180055137,102
2024-09-18 15:46:39.470,,7
2024-09-18 15:46:39.492,417.2396407251915,1002
2024-09-18 15:46:39.528,417.1843643196409,95
2024-09-18 15:46:39.590,417.2782554999711,9
2024-09-18 15:46:39.634,417.2537138500635,10
2024-09-18 15:46:39.718,417.1869398851052,1001
2024-09-18 15:46:39.969,417.1808996048225,5
2024-09-18 15:46:40.280,417.3782000850426,100
2024-09-18 15:46:40.333,417.3498750710278,999
2024-09-18 15:46:40.344,417.36536587593633,95
2024-09-18 15:46:40.454,417.3622926540119,95
2024-09-18 15:46:41.146,417.3626138902167,104
2024-09-18 15:46:41.154,417.336059767455,996
2024-09-18 15:46:41.203,417.377920849461,96
2024-09-18 15:46:41.210,417.3695625305135,98
2024-09-18 15:46:41.280,417.3647313940944,1002
2024-09-18 15:46:41.301,417.3202058856596,102
2024-09-18 15:46:41.337,417.34808651057887,11
2024-09-18 15:46:41.339,412.9537265914518,1004
2024-09-18 15:46:41.348,417.3463827960129,11
2024-09-18 15:46:41.376,417.3371019185518,12
2024-09-18 15:46:41.431,417.3940632200766,1005
2024-09-18 15:46:41.498,417.35570993264025,9
2024-09-18 15:46:41.508,417.3462180859386,103
2024-09-18 15:46:41.528,417.3284487815384,8
2024-09-18 15:46:41.562,417.34132743679817,998
2024-09-18 15:46:41.735,417.34161388819774,14
2024-09-18 15:46:41.738,417.35358957628057,96
2024-09-18 15:46:41.761,417.3277367318614,10
2024-09-18 15:46:41.774,417.3349075680608,11
2024-09-18 15:46:41.785,417.3538581493463,1004
2024-09-18 15:46:41.837,417.3774783765208,102
2024-09-18 15:46:41.899,417.37187723631945,14
2024-09-18 15:46:41.978,417.39733957013937,99
2024-09-18 15:46:42.008,417.38546734154056,11
2024-09-18 15:46:42.023,417.48925185346127,14
2024-09-18 15:46:42.031,417.4007022243785,996
2024-09-18 15:46:42.078,417.45242667703445,1000
2024-09-18 15:46:42.092,417.4496506514079,1002
2024-09-18 15:46:42.145,417.45826707100736,99
2024-09-18 15:46:42.146,417.3915415268022,9
2024-09-18 15:46:42.167,417.3849341788522,104
2024-09-18 15:46:42.170,417.3991601933221,1005
2024-09-18 15:46:42.174,417.4443709995917,103
2024-09-18 15:46:42.266,417.45627650369386,102
2024-09-18 15:46:42.365,417.4051579022453,100
2024-09-18 15:46:42.366,417.4102011341525,998
2024-09-18 15:46:42.390,417.4482298751274,1001
2024-09-18 15:46:42.423,417.4615154061567,998
2024-09-18 15:46:42.438,417.4017165126885,1000
2024-09-18 15:46:42.439,417.42363423339344,102
2024-09-18 15:46:42.527,417.3945128331986,97
2024-09-18 15:46:42.546,417.4023158967914,96
2024-09-18 15:46:42.568,417.4694603154844,14
2024-09-18 15:46:42.579,417.39155750297743,6
2024-09-18 15:46:42.607,417.4591329863574,95
2024-09-18 15:46:42.761,417.3747343682744,5
2024-09-18 15:46:42.765,417.4417616201579,105
2024-09-18 15:46:42.801,417.4692799970354,1005
2024-09-18 15:46:42.808,417.4497437193148,999
2024-09-18 15:46:42.817,417.4670452697247,12
2024-09-18 15:46:42.862,417.4118904060166,997
2024-09-18 15:46:42.965,417.3856872862012,103
2024-09-18 15:46:43.026,417.4419551265129,11
2024-09-18 15:46:43.159,417.4532531671167,100
2024-09-18 15:46:43.366,417.4462304852029,5
2024-09-18 15:46:43.423,417.44246213953227,13
2024-09-18 15:46:43.524,417.4670447731229,998
2024-09-18 15:46:44.090,417.4512575268544,100
2024-09-18 15:46:44.167,417.4448562095173,13
2024-09-18 15:46:44.206,417.4580950167511,6
2024-09-18 15:46:44.433,417.472467116978,1004
2024-09-18 15:46:44.472,417.45711510869177,101
2024-09-18 15:46:44.538,417.4497507070446,99
2024-09-18 15:46:44.556,417.4451219831207,12
2024-09-18 15:46:44.600,417.46372296721927,13
2024-09-18 15:46:44.640,417.4457233877504,12
2024-09-18 15:46:44.660,417.4524655725063,997
2024-09-18 15:46:44.981,417.4509349677781,103
2024-09-18 15:46:44.982,417.4776394209182,104
2024-09-18 15:46:45.002,417.41454259023067,14
2024-09-18 15:46:45.007,417.41063101941046,1002
2024-09-18 15:46:45.035,417.3878570972008,13
2024-09-18 15:46:45.402,417.4163534278893,995
2024-09-18 15:46:45.917,417.4119538977864,998
2024-09-18 15:46:46.189,417.3106616196193,97
2024-09-18 15:46:46.206,417.2885539693463,8
2024-09-18 15:46:46.360,417.2814496969452,11
2024-09-18 15:46:46.496,417.2809598876293,105
2024-09-18 15:46:46.552,417.3164010054804,998
2024-09-18 15:46:46.553,417.2703198090449,999
2024-09-18 15:46:46.636,417.2978108083711,7
2024-09-18 15:46:46.642,417.335213422627,995
2024-09-18 15:46:46.752,417.2616295909288,101
2024-09-18 15:46:46.866,417.2537151130663,105
2024-09-18 15:46:46.901,417.37523632018514,1004
2024-09-18 15:46:46.902,417.2657671882069,95
2024-09-18 15:46:47.008,417.3206609677508,9
2024-09-18 15:46:47.037,417.33839949087405,105
2024-09-18 15:46:47.090,417.2672773996328,7
2024-09-18 15:46:47.128,417.31992360971816,8
2024-09-18 15:46:47.132,417.31793576245326,104
2024-09-18 15:46:47.226,,102
2024-09-18 15:46:47.342,417.3311380392352,102
2024-09-18 15:46:47.457,417.3212099667181,12
2024-09-18 15:46:47.474,417.284372165033,7
2024-09-18 15:46:47.497,417.3166154505024,1001
2024-09-18 15:46:47.621,417.2696263478124,7
2024-09-18 15:46:47.714,417.2743678588813,999
2024-09-18 15:46:47.754,417.3264160428222,96
2024-09-18 15:46:47.810,417.2834571833548,9
2024-09-18 15:46:48.042,417.3250901557177,1005
2024-09-18 15:46:48.793,412.8341340357023,7
2024-09-18 15:46:49.038,417.348564098488,103
2024-09-18 15:46:49.194,417.3478452992892,997
2024-09-18 15:46:49.341,417.3555642378023,104
2024-09-18 15:46:49.419,417.3419616865104,6
2024-09-18 15:46:49.438,417.3558672475909,995
2024-09-18 15:46:49.483,417.3659169357936,103
2024-09-18 15:46:49.754,417.3273424588611,99
2024-09-18 15:46:49.761,417.3618964162548,1005
2024-09-18 15:46:49.896,,13
2024-09-18 15:46:50.011,417.3883331644802,14
2024-09-18 15:46:50.192,417.3765141804992,996
2024-09-18 15:46:50.196,417.37061395907534,12
2024-09-18 15:46:50.227,-417.3740980825964,103
2024-09-18 15:46:50.248,417.3420148368564,104
2024-09-18 15:46:50.337,417.3496612606859,1000
2024-09-18 15:46:50.355,417.34992094130513,103
2024-09-18 15:46:50.363,417.3634728733604,9
2024-09-18 15:46:50.540,417.35479554493264,9
2024-09-18 15:46:50.643,417.3450421266696,996
2024-09-18 15:46:50.687,417.348344106365,10
2024-09-18 15:46:50.741,417.3513792241556,995
2024-09-18 15:46:50.782,417.3665770764036,104
2024-09-18 15:46:50.898,417.3675915671301,13
2024-09-18 15:46:51.138,417.31804458383766,99
2024-09-18 15:46:51.249,417.3200571728976,103
2024-09-18 15:46:51.250,417.3132933287818,95
2024-09-18 15:46:51.265,417.308782250751,1005
2024-09-18 15:46:51.468,417.3362594702698,5
2024-09-18 15:46:51.492,417.3298389241399,102
2024-09-18 15:46:51.552,417.3317682647416,98
2024-09-18 15:46:51.627,417.3284516086188,995
2024-09-18 15:46:51.634,417.31970542419737,997
2024-09-18 15:46:51.698,417.3099054311563,97
2024-09-18 15:46:51.770,417.33600277832704,12
2024-09-18 15:46:51.791,417.3170573662738,995
2024-09-18 15:46:51.805,417.3195174343001,98
2024-09-18 15:46:51.856,417.3428500344836,98
2024-09-18 15:46:51.931,417.3204667619305,13
2024-09-18 15:46:51.977,417.3117735240924,1005
2024-09-18 15:46:52.353,417.3298200004196,5
2024-09-18 15:46:53.027,417.3377343812064,5
2024-09-18 15:46:53.079,417.3321852277165,100
2024-09-18 15:46:53.156,417.3280809021674,15
2024-09-18 15:46:53.165,417.3178549359604,996
2024-09-18 15:46:53.394,417.3355725929259,98
2024-09-18 15:46:53.733,417.33779794679367,99
2024-09-18 15:46:53.831,417.3352869477597,1004
2024-09-18 15:46:53.896,417.34089086168257,96
2024-09-18 15:46:53.963,417.3292159710954,6
2024-09-18 15:46:54.088,417.3402586471822,101
2024-09-18 15:46:54.205,417.3128714756255,998
2024-09-18 15:46:54.319,417.3163736911464,105
2024-09-18 15:46:54.320,417.3242618999102,996
2024-09-18 15:46:54.357,417.33426445302,97
2024-09-18 15:46:54.522,417.3161374444393,9
2024-09-18 15:46:54.540,417.3182496661035,14
2024-09-18 15:46:54.570,417.3347074873958,12
2024-09-18 15:46:54.620,417.3171982295489,101
2024-09-18 15:46:54.727,417.3113160637113,1002
2024-09-18 15:46:54.947,417.3122568146724,101
2024-09-18 15:46:54.951,417.2982431014012,999
2024-09-18 15:46:55.015,417.3249858019576,101
2024-09-18 15:46:55.142,417.3770427691972,1000
2024-09-18 15:46:55.190,417.3199189208521,103
2024-09-18 15:46:55.196,417.35703145464777,10
2024-09-18 15:46:55.237,417.31590015634174,103
2024-09-18 15:46:55.273,417.3681416533395,9
2024-09-18 15:46:55.308,417.3448023416035,101
2024-09-18 15:46:55.338,417.3627181016535,10
2024-09-18 15:46:55.341,417.30051540401627,97
2024-09-18 15:46:55.342,417.3134013201086,14
2024-09-18 15:46:55.413,417.375000923593,13
2024-09-18 15:46:55.414,417.3157729345875,8
2024-09-18 15:46:55.457,417.3510919853511,105
2024-09-18 15:46:55.482,417.38238809666353,1005
2024-09-18 15:46:55.492,417.3409186436888,1005
2024-09-18 15:46:55.498,417.3636865960442,1003
2024-09-18 15:46:55.586,417.3672404472914,1000
2024-09-18 15:46:55.615,417.346866784091,98
2024-09-18 15:46:55.670,417.37918811367126,105
2024-09-18 15:46:55.677,417.368080040883,1002
2024-09-18 15:46:55.740,417.3070172060392,100
2024-09-18 15:46:55.776,417.35438029596713,97
2024-09-18 15:46:55.791,417.3851029441431,97
2024-09-18 15:46:55.794,417.3252165008237,103
2024-09-18 15:46:55.929,417.3251266203262,6
2024-09-18 15:46:55.950,417.3304753420849,5
2024-09-18 15:46:55.970,417.364686374706,8
2024-09-18 15:46:56.035,417.31048613047824,8
2024-09-18 15:46:56.182,417.2984947535136,997
2024-09-18 15:46:56.241,417.3143292400226,7
2024-09-18 15:46:56.290,417.3400314520321,97
2024-09-18 15:46:56.402,417.3297241065271,14
2024-09-18 15:46:56.559,417.3316009317884,996
2024-09-18 15:46:56.746,417.3175511441736,97
2024-09-18 15:46:57.067,417.35945442379904,96
2024-09-18 15:46:57.094,417.3370857699961,5
2024-09-18 15:46:57.181,417.3468570914935,9
2024-09-18 15:46:57.842,417.34498093911407,96
2024-09-18 15:46:57.892,417.3457044202071,100
2024-09-18 15:46:57.908,417.34827367342416,1003
2024-09-18 15:46:58.019,417.3023594570049,101
2024-09-18 15:46:58.129,417.3079847514086,99
2024-09-18 15:46:58.133,417.3659866735371,103
2024-09-18 15:46:58.181,417.31894794871886,1000
2024-09-18 15:46:58.215,417.3084318207367,100
2024-09-18 15:46:58.241,417.36263212054007,15
2024-09-18 15:46:58.283,417.368009587086,998
2024-09-18 15:46:58.306,417.3194501714729,999
2024-09-18 15:46:58.442,417.3608095107583,103
2024-09-18 15:46:58.753,417.342596729549,103
2024-09-18 15:46:58.820,417.2897695262087,997
2024-09-18 15:46:58.864,417.3036243836903,995
2024-09-18 15:46:58.888,417.3620835516113,12
2024-09-18 15:46:58.915,417.3016608025508,997
2024-09-18 15:46:58.991,417.3111021448736,104
2024-09-18 15:46:59.135,417.34564397789154,7
2024-09-18 15:46:59.432,417.3449675672408,12
2024-09-18 15:46:59.445,417.33247839637227,8
2024-09-18 15:46:59.474,417.3416406481969,998
2024-09-18 15:46:59.569,417.37732490405006,10
2024-09-18 15:46:59.590,417.3473052495923,999
2024-09-18 15:46:59.645,417.336799429188,11
2024-09-18 15:46:59.669,417.3656266981348,8
2024-09-18 15:46:59.700,417.365602778985,1002
2024-09-18 15:46:59.712,417.328590931237,102
2024-09-18 15:46:59.727,417.3496899266735,95
2024-09-18 15:46:59.742,413.0339537690171,97
2024-09-18 15:46:59.791,417.35240265300746,96
2024-09-18 15:46:59.850,417.3629213649966,6
2024-09-18 15:46:59.877,417.37704929927145,6
2024-09-18 15:46:59.903,417.3737462357648,101
2024-09-18 15:46:59.907,417.34478182507,100
