Timestamp,Price,Size
2024-09-16 12:23:00.510,416.6273528266301,95
2024-09-16 12:23:00.657,416.6234777969336,103
2024-09-16 12:23:01.063,416.5670640763855,104
2024-09-16 12:23:01.071,416.6488099952105,13
2024-09-16 12:23:01.140,416.5849940158899,997
2024-09-16 12:23:01.233,41.66364156301183,101
2024-09-16 12:23:01.274,416.6332447482123,997
2024-09-16 12:23:01.299,416.63879842345546,1001
2024-09-16 12:23:01.302,416.6295300027391,7
2024-09-16 12:23:01.315,416.6346611549001,97
2024-09-16 12:23:01.343,416.62172104824367,95
2024-09-16 12:23:01.405,416.644854210861,8
2024-09-16 12:23:01.425,416.6093872828084,1005
2024-09-16 12:23:01.460,416.61210635230606,997
2024-09-16 12:23:01.466,416.6324552106962,99
2024-09-16 12:23:01.608,416.6287205086112,10
2024-09-16 12:23:01.733,416.6369083899227,999
2024-09-16 12:23:01.871,416.5708333118751,98
2024-09-16 12:23:01.888,416.6254882455326,102
2024-09-16 12:23:01.902,416.6626068588924,7
2024-09-16 12:23:01.905,416.6354502503367,1003
2024-09-16 12:23:01.915,416.6518104804816,1001
2024-09-16 12:23:01.973,416.5587179738544,998
2024-09-16 12:23:01.998,416.6310696244531,1002
2024-09-16 12:23:02.054,416.5646034995201,998
2024-09-16 12:23:02.072,416.6219443802688,1004
2024-09-16 12:23:02.122,416.6173810486756,95
2024-09-16 12:23:02.155,416.6219420197576,95
2024-09-16 12:23:02.191,416.6333471501411,996
2024-09-16 12:23:02.208,416.611224207978,103
2024-09-16 12:23:02.222,416.6134156025978,996
2024-09-16 12:23:02.241,416.607171915969,11
2024-09-16 12:23:02.254,416.61867598471946,104
2024-09-16 12:23:02.280,416.6274343463441,103
2024-09-16 12:23:02.295,41.6625406443592,997
2024-09-16 12:23:02.307,416.57866547896265,13
2024-09-16 12:23:02.320,416.6068160269942,105
2024-09-16 12:23:02.381,416.64399047264703,15
2024-09-16 12:23:02.416,416.5965051635022,1005
2024-09-16 12:23:02.442,416.58361064084215,8
2024-09-16 12:23:02.468,416.610977582493,96
2024-09-16 12:23:02.535,416.5827631962169,1003
2024-09-16 12:23:02.614,416.5755799305917,9
2024-09-16 12:23:02.642,416.631301738618,15
2024-09-16 12:23:02.750,416.5753734460862,97
2024-09-16 12:23:02.755,416.5986820042895,98
2024-09-16 12:23:02.765,416.6161797754367,98
2024-09-16 12:23:02.768,416.61093177063634,1002
2024-09-16 12:23:02.784,416.5825024906088,100
2024-09-16 12:23:02.874,416.6281377905171,103
2024-09-16 12:23:02.972,416.60328138476143,1001
2024-09-16 12:23:02.975,416.6455281146426,100
2024-09-16 12:23:03.081,416.6119796528412,13
2024-09-16 12:23:03.133,416.59496810453663,8
2024-09-16 12:23:03.216,416.6118394932513,999
2024-09-16 12:23:03.319,416.6141352508984,101
2024-09-16 12:23:03.345,416.6006053665562,6
2024-09-16 12:23:03.697,416.6122586388023,9
2024-09-16 12:23:03.836,41.65911813344431,1004
2024-09-16 12:23:03.929,416.6023340138172,995
2024-09-16 12:23:04.213,416.65942107949536,996
2024-09-16 12:23:04.474,416.6416914502532,101
2024-09-16 12:23:04.475,416.6187019193807,99
2024-09-16 12:23:05.019,416.6306389631945,1004
2024-09-16 12:23:05.023,416.63892468940605,1002
2024-09-16 12:23:05.042,416.6403897087687,97
2024-09-16 12:23:05.104,416.6538241410154,12
2024-09-16 12:23:05.108,416.6082362370391,15
2024-09-16 12:23:05.144,416.6241461253224,1005
2024-09-16 12:23:05.167,416.64666265624027,15
2024-09-16 12:23:05.235,416.6430640249127,1000
2024-09-16 12:23:05.295,416.6304085967983,104
2024-09-16 12:23:05.369,416.6438643123664,1004
2024-09-16 12:23:05.387,416.6290471442959,1005
2024-09-16 12:23:05.408,416.63790285690686,5
2024-09-16 12:23:05.728,416.60913005977966,1002
2024-09-16 12:23:05.734,416.65564416493646,14
2024-09-16 12:23:05.774,416.6443784023695,105
2024-09-16 12:23:05.778,416.6415008240716,996
2024-09-16 12:23:05.858,416.6417792642834,1000
2024-09-16 12:23:05.876,416.6385240624329,103
2024-09-16 12:23:06.004,416.5874997095566,97
2024-09-16 12:23:06.019,41.66156032008729,98
2024-09-16 12:23:06.033,416.6236873031374,1001
2024-09-16 12:23:06.042,416.6070932665653,996
2024-09-16 12:23:06.140,416.6215444992121,1005
2024-09-16 12:23:06.275,416.5801170992239,11
2024-09-16 12:23:06.362,416.6014523519392,14
2024-09-16 12:23:06.430,416.6078348855832,995
2024-09-16 12:23:06.490,416.64215729213447,1002
2024-09-16 12:23:06.518,416.6123410426145,14
2024-09-16 12:23:06.529,416.6458936822172,15
2024-09-16 12:23:06.551,416.6146186520604,97
2024-09-16 12:23:06.589,416.618472030353,996
2024-09-16 12:23:06.661,416.634808843484,1003
2024-09-16 12:23:06.673,416.5855301755596,97
2024-09-16 12:23:06.677,416.61333410513816,15
2024-09-16 12:23:06.764,416.6309176186375,999
2024-09-16 12:23:06.771,416.6288959272736,12
2024-09-16 12:23:06.839,416.6112272789871,102
2024-09-16 12:23:06.870,416.6159037686099,995
2024-09-16 12:23:06.885,416.61711706443737,102
2024-09-16 12:23:06.964,416.63425755722506,996
2024-09-16 12:23:06.978,416.6304048929857,997
2024-09-16 12:23:07.056,416.5491623154063,11
2024-09-16 12:23:07.058,416.5869138285004,999
2024-09-16 12:23:07.101,416.5141934797206,98
2024-09-16 12:23:07.123,416.4991018596967,10
2024-09-16 12:23:07.340,416.4792150716461,14
2024-09-16 12:23:07.540,416.4767880151625,10
2024-09-16 12:23:07.581,416.5760358425489,99
2024-09-16 12:23:07.729,416.50249835902895,105
2024-09-16 12:23:07.751,416.5119673486844,105
2024-09-16 12:23:07.781,416.5255258239599,8
2024-09-16 12:23:07.881,416.5356157201695,7
2024-09-16 12:23:07.925,416.5620332671197,6
2024-09-16 12:23:07.958,416.549428892461,101
2024-09-16 12:23:08.093,416.4368596648021,15
2024-09-16 12:23:08.178,416.4578980956037,95
2024-09-16 12:23:08.612,416.4535916447456,104
2024-09-16 12:23:08.998,416.44835135532776,8
2024-09-16 12:23:09.133,416.4474462169025,99
2024-09-16 12:23:09.161,416.4285648853122,1005
2024-09-16 12:23:09.416,41.64015238939272,9
2024-09-16 12:23:09.466,416.4235986031724,11
2024-09-16 12:23:09.478,416.448443558295,101
2024-09-16 12:23:09.505,416.44133918725055,99
2024-09-16 12:23:09.584,416.42592966477,1001
2024-09-16 12:23:09.593,416.39404409486826,1004
2024-09-16 12:23:09.602,416.4605890132275,102
2024-09-16 12:23:09.632,416.4288698666432,1003
2024-09-16 12:23:09.658,416.4641185277322,1002
2024-09-16 12:23:09.857,416.4120756384412,999
2024-09-16 12:23:09.889,416.4343371783947,96
2024-09-16 12:23:09.925,416.4496687776685,101
2024-09-16 12:23:09.933,416.40269750844914,998
2024-09-16 12:23:09.944,416.4777547449115,101
2024-09-16 12:23:09.988,416.4723466971713,997
2024-09-16 12:23:10.039,416.4706586518852,8
2024-09-16 12:23:10.199,416.4491165867518,995
2024-09-16 12:23:10.262,416.4425737187646,8
2024-09-16 12:23:10.383,416.46798716670486,95
2024-09-16 12:23:10.496,416.4506323274063,97
2024-09-16 12:23:10.516,416.44591996659307,996
2024-09-16 12:23:10.789,416.4438302530966,5
2024-09-16 12:23:10.922,416.42965573623934,103
2024-09-16 12:23:10.981,416.454748274057,95
2024-09-16 12:23:11.091,416.4627386194754,995
2024-09-16 12:23:11.155,416.46907422939455,5
2024-09-16 12:23:11.188,416.4616879800197,15
2024-09-16 12:23:11.197,416.4753381572791,11
2024-09-16 12:23:11.256,416.4738282656967,996
2024-09-16 12:23:11.346,416.4944273720293,12
2024-09-16 12:23:11.373,416.48248475472,95
2024-09-16 12:23:11.395,416.46134688147305,15
2024-09-16 12:23:11.400,416.46752620217126,1003
2024-09-16 12:23:11.440,,104
2024-09-16 12:23:11.479,416.4692055136466,1001
2024-09-16 12:23:11.524,416.48335215376926,1000
2024-09-16 12:23:11.624,416.46768691558265,13
2024-09-16 12:23:11.663,416.4635406999045,12
2024-09-16 12:23:11.685,41.6464517282592,997
2024-09-16 12:23:11.695,416.4791927940142,1005
2024-09-16 12:23:11.711,416.4622128377282,1001
2024-09-16 12:23:11.791,416.4480522967,6
2024-09-16 12:23:11.800,416.47332939010784,105
2024-09-16 12:23:11.904,416.4833683542549,997
2024-09-16 12:23:11.925,416.4608403112545,10
2024-09-16 12:23:11.939,416.4835864701309,999
2024-09-16 12:23:11.946,-416.45500229988215,103
2024-09-16 12:23:11.985,416.45922565482414,5
2024-09-16 12:23:12.010,416.4495921902325,101
2024-09-16 12:23:12.041,416.4335715399645,996
2024-09-16 12:23:12.079,416.4426592894399,13
2024-09-16 12:23:12.109,416.4596496092795,5
2024-09-16 12:23:12.190,416.4396624206138,100
2024-09-16 12:23:12.307,416.3910218744019,14
2024-09-16 12:23:12.321,416.4675974455924,1005
2024-09-16 12:23:12.340,416.3993744250697,10
2024-09-16 12:23:12.379,416.3972111408245,997
2024-09-16 12:23:12.390,416.38374246701807,103
2024-09-16 12:23:12.444,416.4165305844708,997
2024-09-16 12:23:12.539,416.4376933585503,13
2024-09-16 12:23:12.571,-416.4590403755167,996
2024-09-16 12:23:12.667,416.3851153394809,101
2024-09-16 12:23:12.758,416.39263143199264,99
2024-09-16 12:23:12.798,416.42917780558247,12
2024-09-16 12:23:12.840,416.4499614425911,8
2024-09-16 12:23:12.861,416.45126365914416,96
2024-09-16 12:23:13.123,416.4022995561462,999
2024-09-16 12:23:13.177,416.3877305835403,103
2024-09-16 12:23:13.208,416.3995876256756,103
2024-09-16 12:23:13.422,416.41499066817175,104
2024-09-16 12:23:13.519,416.3973790974247,999
2024-09-16 12:23:13.557,416.3894754556503,996
2024-09-16 12:23:13.680,416.3831017177308,98
2024-09-16 12:23:13.703,416.3782666484362,100
2024-09-16 12:23:13.709,416.4098395688705,9
2024-09-16 12:23:13.805,416.38673388555264,12
2024-09-16 12:23:13.995,416.3700523954191,101
2024-09-16 12:23:14.024,416.4743788837488,9
2024-09-16 12:23:14.030,416.4396009108661,6
2024-09-16 12:23:14.163,416.4652050867063,5
2024-09-16 12:23:14.231,416.4532628357738,15
2024-09-16 12:23:14.259,416.4698283139751,101
2024-09-16 12:23:14.367,416.4345032576599,104
2024-09-16 12:23:14.415,416.4726690776503,99
2024-09-16 12:23:14.523,416.47029269536586,105
2024-09-16 12:23:14.552,416.4569020237311,15
2024-09-16 12:23:14.594,416.4415116344456,1002
2024-09-16 12:23:14.639,416.4602343846573,10
2024-09-16 12:23:14.642,416.4823170869486,7
2024-09-16 12:23:14.645,416.4527588137872,7
2024-09-16 12:23:14.816,416.4492044021936,104
2024-09-16 12:23:14.854,416.421915144436,1004
2024-09-16 12:23:14.912,416.46032683629113,105
2024-09-16 12:23:14.994,416.429540792356,998
2024-09-16 12:23:15.135,416.5443858619016,96
2024-09-16 12:23:15.151,416.4733376358154,6
2024-09-16 12:23:15.160,416.5473999658264,103
2024-09-16 12:23:15.246,416.5315930130838,997
2024-09-16 12:23:15.323,416.5107200934664,99
2024-09-16 12:23:15.345,416.4521480754005,103
2024-09-16 12:23:15.369,416.5377252498415,997
2024-09-16 12:23:15.423,416.5518268419587,995
2024-09-16 12:23:15.441,416.53824816342666,999
2024-09-16 12:23:15.504,416.4141524065983,9
2024-09-16 12:23:15.682,416.4229885940909,96
2024-09-16 12:23:15.813,416.5393599551352,12
2024-09-16 12:23:15.845,416.4545286300444,13
2024-09-16 12:23:15.914,416.53520436777615,6
2024-09-16 12:23:15.946,416.4848846061088,1002
2024-09-16 12:23:15.968,416.4740712928507,12
2024-09-16 12:23:16.012,416.5362897345306,11
2024-09-16 12:23:16.028,416.5001099800406,999
2024-09-16 12:23:16.171,416.5239568185045,8
2024-09-16 12:23:16.215,416.523482629951,6
2024-09-16 12:23:16.253,416.5250188085645,7
2024-09-16 12:23:16.256,416.5153355957162,98
2024-09-16 12:23:16.257,416.5137934159199,6
2024-09-16 12:23:16.276,416.5460645836058,1002
2024-09-16 12:23:16.321,416.5571430966004,101
2024-09-16 12:23:16.332,416.5176477279925,15
2024-09-16 12:23:16.363,416.5288277880378,996
2024-09-16 12:23:16.394,416.5402045819615,15
2024-09-16 12:23:16.399,,102
2024-09-16 12:23:16.400,416.5394640747704,6
2024-09-16 12:23:16.419,416.5012711921753,11
2024-09-16 12:23:16.455,416.5014205639728,99
2024-09-16 12:23:16.457,416.508635243092,997
2024-09-16 12:23:16.470,416.5317450407892,7
2024-09-16 12:23:16.495,416.4970939565053,96
2024-09-16 12:23:16.687,416.49923527497606,6
2024-09-16 12:23:16.689,416.5033477175498,97
2024-09-16 12:23:16.701,416.5428527388864,100
2024-09-16 12:23:16.702,416.5012003643748,98
2024-09-16 12:23:16.706,416.54069216217874,14
2024-09-16 12:23:16.839,416.53090079686,5
2024-09-16 12:23:16.859,416.4936104024706,104
2024-09-16 12:23:16.863,416.524653661861,7
2024-09-16 12:23:16.865,416.5282671451455,1003
2024-09-16 12:23:16.901,416.5212032348792,101
2024-09-16 12:23:17.084,416.5054383876363,998
2024-09-16 12:23:17.137,416.4958334359527,104
2024-09-16 12:23:17.154,416.4932162090831,102
2024-09-16 12:23:17.174,416.47190275242826,11
2024-09-16 12:23:17.175,416.4819110717972,15
2024-09-16 12:23:17.199,416.4792299976331,996
2024-09-16 12:23:17.201,416.5097451394722,101
2024-09-16 12:23:17.292,416.5001682550503,998
2024-09-16 12:23:17.380,416.5056008973604,7
2024-09-16 12:23:17.419,416.4837058764627,10
2024-09-16 12:23:17.538,-416.4651742307324,95
2024-09-16 12:23:17.554,416.4988235153249,15
2024-09-16 12:23:17.594,416.4905987168912,995
2024-09-16 12:23:17.645,,98
2024-09-16 12:23:17.687,416.46742408165335,14
2024-09-16 12:23:17.745,416.49338761205127,1005
2024-09-16 12:23:17.837,416.4892099412831,5
2024-09-16 12:23:17.841,416.4914899768156,14
2024-09-16 12:23:17.864,416.4986790092614,995
2024-09-16 12:23:17.900,416.48987939558606,12
2024-09-16 12:23:17.905,416.4716437234473,5
2024-09-16 12:23:17.948,416.4940198757496,14
2024-09-16 12:23:17.993,416.49317311401273,1002
2024-09-16 12:23:18.269,416.5561302289546,12
2024-09-16 12:23:18.272,416.5209725955069,104
2024-09-16 12:23:18.309,416.5392103003711,1003
2024-09-16 12:23:18.313,416.544229881371,102
2024-09-16 12:23:18.445,416.5071201280956,10
2024-09-16 12:23:18.451,416.5075230008605,13
2024-09-16 12:23:18.540,416.5602388067396,104
2024-09-16 12:23:18.555,416.4963444036696,98
2024-09-16 12:23:18.966,-416.5236341983307,9
2024-09-16 12:23:18.991,416.5558948571952,7
2024-09-16 12:23:19.458,41.656428272250125,1004
2024-09-16 12:23:20.060,416.53264148295534,1004
2024-09-16 12:23:20.077,416.5373214307882,9
2024-09-16 12:23:20.103,416.5295229772374,995
2024-09-16 12:23:20.124,416.5425969300322,102
2024-09-16 12:23:20.176,416.5243639905869,1003
2024-09-16 12:23:20.182,416.55710305345,995
2024-09-16 12:23:20.281,416.53283759726594,7
2024-09-16 12:23:20.331,416.5235768960045,995
2024-09-16 12:23:20.351,416.52841004412113,101
2024-09-16 12:23:20.472,416.5445240068152,98
2024-09-16 12:23:20.643,416.5274035600576,15
2024-09-16 12:23:20.650,416.5272655541001,99
2024-09-16 12:23:20.734,416.533546436053,8
2024-09-16 12:23:20.755,416.55443334595776,6
2024-09-16 12:23:20.759,416.5548207666004,96
2024-09-16 12:23:20.792,416.5456734476284,9
2024-09-16 12:23:20.825,416.5440621008492,1004
2024-09-16 12:23:20.862,416.5339423798542,95
2024-09-16 12:23:20.866,416.5755994722064,996
2024-09-16 12:23:20.897,416.5346529962064,1001
2024-09-16 12:23:20.968,416.5490222706696,11
2024-09-16 12:23:20.996,416.5507712433056,97
2024-09-16 12:23:21.053,416.55231644146215,1004
2024-09-16 12:23:21.199,416.54645292037054,100
2024-09-16 12:23:21.242,416.5695615109779,100
2024-09-16 12:23:21.243,416.5547362427573,13
2024-09-16 12:23:21.336,416.548473969504,11
2024-09-16 12:23:21.355,416.5811727486863,99
2024-09-16 12:23:21.392,416.561169112622,1004
2024-09-16 12:23:21.439,416.5485768854825,1001
2024-09-16 12:23:21.476,416.5432430967789,99
2024-09-16 12:23:21.512,416.5837029606502,8
2024-09-16 12:23:21.584,416.5304198986236,100
2024-09-16 12:23:21.722,416.5600710388427,10
2024-09-16 12:23:21.782,416.56964632478895,95
2024-09-16 12:23:21.817,416.54938854653625,7
2024-09-16 12:23:21.894,416.5721565794719,995
2024-09-16 12:23:21.907,416.5467288364554,8
2024-09-16 12:23:23.043,416.583965577737,5
2024-09-16 12:23:23.054,416.6119057863101,996
2024-09-16 12:23:23.353,416.5935209201949,999
2024-09-16 12:23:23.354,416.5847461931798,996
2024-09-16 12:23:23.369,416.6452882183573,13
2024-09-16 12:23:23.395,416.5991260287749,999
2024-09-16 12:23:23.578,416.59443208287513,102
2024-09-16 12:23:23.639,416.60969870442256,5
2024-09-16 12:23:23.860,416.6080880342459,9
2024-09-16 12:23:23.881,416.6499433742465,103
2024-09-16 12:23:23.907,416.62554013728,995
2024-09-16 12:23:23.923,416.600289046938,103
2024-09-16 12:23:23.932,416.6085021158676,15
2024-09-16 12:23:23.992,416.62864268323744,996
2024-09-16 12:23:24.001,416.5945090194343,9
2024-09-16 12:23:24.022,416.5925912378152,13
2024-09-16 12:23:24.039,416.6174473507658,8
2024-09-16 12:23:24.051,416.574214635146,11
2024-09-16 12:23:24.099,416.63358873778407,1000
2024-09-16 12:23:24.114,416.6388634915476,96
2024-09-16 12:23:24.222,416.65886622928167,1004
2024-09-16 12:23:24.231,416.6587864830364,1002
2024-09-16 12:23:24.269,416.6352461469989,1000
2024-09-16 12:23:24.282,416.6110816724415,996
2024-09-16 12:23:24.316,416.6439206784399,6
2024-09-16 12:23:24.365,416.64137174528105,102
2024-09-16 12:23:24.403,416.609922936676,1005
2024-09-16 12:23:24.425,416.6307787176141,995
2024-09-16 12:23:24.491,416.6546426264281,1003
2024-09-16 12:23:24.579,416.6464747711358,1005
2024-09-16 12:23:24.610,416.60064647206354,14
2024-09-16 12:23:24.650,416.63730226295394,12
2024-09-16 12:23:24.683,416.62000787572606,10
2024-09-16 12:23:24.693,416.6510933252914,1002
2024-09-16 12:23:24.766,416.6292639524879,7
2024-09-16 12:23:24.784,416.6008361979718,103
2024-09-16 12:23:24.809,416.60655817870617,10
2024-09-16 12:23:24.844,416.6602219884103,8
2024-09-16 12:23:24.907,416.62069651829086,998
2024-09-16 12:23:24.915,416.6328530715632,995
2024-09-16 12:23:24.945,416.6244231470162,999
2024-09-16 12:23:25.004,416.5728692470208,97
2024-09-16 12:23:25.298,416.5551021325406,102
2024-09-16 12:23:25.362,416.56080260826,1001
2024-09-16 12:23:25.511,416.5735085480303,98
2024-09-16 12:23:25.815,416.5816020941487,105
2024-09-16 12:23:25.835,416.57964458138,96
2024-09-16 12:23:25.885,416.5639026740657,998
2024-09-16 12:23:25.903,416.5628561362886,1004
2024-09-16 12:23:26.064,416.618269069366,14
2024-09-16 12:23:26.242,416.60376556839134,1002
2024-09-16 12:23:26.271,416.5754660882115,999
2024-09-16 12:23:26.295,416.5729157786358,999
2024-09-16 12:23:26.336,416.60529312254266,997
2024-09-16 12:23:26.347,416.6006051688061,998
2024-09-16 12:23:26.430,416.5934082775552,1001
2024-09-16 12:23:26.573,416.5911347464455,96
2024-09-16 12:23:26.638,416.5768289122171,1003
2024-09-16 12:23:26.753,416.62755520755593,997
2024-09-16 12:23:26.785,416.5858975518303,5
2024-09-16 12:23:26.798,41.66247097861055,104
2024-09-16 12:23:26.939,416.597773942208,97
2024-09-16 12:23:27.008,416.5952088393694,1002
2024-09-16 12:23:27.154,416.5712414450466,1002
2024-09-16 12:23:27.175,416.5745642529517,997
2024-09-16 12:23:27.176,416.5644372198823,10
2024-09-16 12:23:27.197,416.58539942238906,98
2024-09-16 12:23:27.273,416.5949517583011,8
2024-09-16 12:23:27.300,416.60365897998247,99
2024-09-16 12:23:27.329,416.5812015248391,8
2024-09-16 12:23:27.358,416.5961393835783,97
2024-09-16 12:23:27.409,416.5916204171842,1004
2024-09-16 12:23:27.467,416.5710602150234,14
2024-09-16 12:23:27.474,416.5965415791322,99
2024-09-16 12:23:27.514,416.55796044427217,997
2024-09-16 12:23:27.517,416.5526831218995,98
2024-09-16 12:23:27.596,416.59734038677857,997
2024-09-16 12:23:27.603,416.58224606288667,5
2024-09-16 12:23:27.671,416.5576671919043,999
2024-09-16 12:23:27.674,416.5887155349947,7
2024-09-16 12:23:27.720,416.5903344799018,6
2024-09-16 12:23:27.750,416.5910770046381,1003
2024-09-16 12:23:27.758,416.5602674289141,98
2024-09-16 12:23:27.771,416.56302036749474,998
2024-09-16 12:23:27.800,416.5979428587426,6
2024-09-16 12:23:27.843,416.5688209018231,998
2024-09-16 12:23:27.853,416.5500388117957,13
2024-09-16 12:23:27.951,416.5533323165284,102
2024-09-16 12:23:28.002,416.5542657857089,11
2024-09-16 12:23:28.005,416.54377699531193,13
2024-09-16 12:23:28.112,416.5272359285995,997
2024-09-16 12:23:28.145,416.51460687647335,1003
2024-09-16 12:23:28.154,416.5399434756822,10
2024-09-16 12:23:28.160,416.5301552620723,7
2024-09-16 12:23:28.180,,12
2024-09-16 12:23:28.271,416.5387238728153,101
2024-09-16 12:23:28.273,416.5393380031323,7
2024-09-16 12:23:28.394,416.5414012341639,97
2024-09-16 12:23:28.468,416.5250103795199,8
2024-09-16 12:23:28.499,416.5480722966013,1000
2024-09-16 12:23:28.548,416.5292653029944,5
2024-09-16 12:23:28.622,416.5215558224862,1001
2024-09-16 12:23:28.726,416.561852602499,8
2024-09-16 12:23:28.750,416.54561487558055,9
2024-09-16 12:23:28.754,416.5281845415191,996
2024-09-16 12:23:28.786,416.5266747361022,12
2024-09-16 12:23:28.804,416.5584369751489,100
2024-09-16 12:23:28.821,416.5424162685093,15
2024-09-16 12:23:28.834,416.52732955824746,103
2024-09-16 12:23:28.933,416.5150625113938,9
2024-09-16 12:23:29.014,416.4845428435042,13
2024-09-16 12:23:29.035,416.51257259542416,101
2024-09-16 12:23:29.100,416.4903990788401,1003
2024-09-16 12:23:29.102,416.5096115768199,996
2024-09-16 12:23:29.112,416.49025601872336,1005
2024-09-16 12:23:29.179,416.4935652451595,103
2024-09-16 12:23:29.187,416.456610665347,998
2024-09-16 12:23:29.209,416.5488596307136,15
2024-09-16 12:23:29.259,416.4574553974504,1000
2024-09-16 12:23:29.323,416.49335865397023,100
2024-09-16 12:23:29.378,416.5087815008261,6
2024-09-16 12:23:29.399,41.65222332362594,5
2024-09-16 12:23:29.538,416.50356581985,7
2024-09-16 12:23:29.539,416.53561312799127,95
2024-09-16 12:23:29.553,416.4875082103495,103
2024-09-16 12:23:29.592,416.4893293075814,998
2024-09-16 12:23:29.596,416.4960405478587,100
2024-09-16 12:23:29.618,416.5623988709312,95
2024-09-16 12:23:29.691,416.55442679088446,1001
2024-09-16 12:23:29.692,416.4829653684728,6
2024-09-16 12:23:29.714,416.5043424647974,1000
2024-09-16 12:23:29.726,416.51122250074894,104
2024-09-16 12:23:29.808,416.53838534829856,12
2024-09-16 12:23:29.913,416.5009692214554,8
2024-09-16 12:23:29.917,416.48321136844953,103
2024-09-16 12:23:29.933,416.5009146958029,995
2024-09-16 12:23:29.937,416.480293067933,100
2024-09-16 12:23:30.062,,9
2024-09-16 12:23:30.123,416.5098696073681,97
2024-09-16 12:23:30.182,416.4967305527358,997
2024-09-16 12:23:30.217,416.5098744403115,105
2024-09-16 12:23:30.246,416.4953205532039,100
2024-09-16 12:23:30.254,416.4928111734322,998
2024-09-16 12:23:30.284,416.484399650898,101
2024-09-16 12:23:30.315,416.4985483099269,5
2024-09-16 12:23:30.320,416.4769579040681,100
2024-09-16 12:23:30.323,416.4558095812448,96
2024-09-16 12:23:30.323,416.5055244918749,103
2024-09-16 12:23:30.387,416.4843985612868,97
2024-09-16 12:23:30.426,416.46866971764615,100
2024-09-16 12:23:30.445,416.5027614111192,98
2024-09-16 12:23:30.450,416.48726007929713,1002
2024-09-16 12:23:30.478,416.48856379766073,15
2024-09-16 12:23:30.505,416.51897086281525,95
2024-09-16 12:23:30.516,416.4920907472196,7
2024-09-16 12:23:30.558,416.4748945296306,1001
2024-09-16 12:23:30.561,416.4996230406352,1001
2024-09-16 12:23:30.654,416.4911466399272,95
2024-09-16 12:23:30.724,416.4589090988961,5
2024-09-16 12:23:30.792,416.4797751687934,998
2024-09-16 12:23:30.813,416.48791205072206,105
2024-09-16 12:23:30.833,416.5027579575245,998
2024-09-16 12:23:30.884,416.4881771780139,105
2024-09-16 12:23:30.938,416.5118644870871,104
2024-09-16 12:23:30.992,416.4899638813097,1002
2024-09-16 12:23:31.593,416.4230433203289,105
2024-09-16 12:23:31.913,416.4356035872372,102
2024-09-16 12:23:32.039,416.38750027695727,5
2024-09-16 12:23:32.043,416.4443522861094,96
2024-09-16 12:23:32.137,416.3997114367058,7
2024-09-16 12:23:32.154,416.4330224467574,1004
2024-09-16 12:23:32.248,416.37139929647,13
2024-09-16 12:23:32.317,416.42499426370415,101
2024-09-16 12:23:32.317,416.3844922115066,1001
2024-09-16 12:23:32.368,416.4359564082647,8
2024-09-16 12:23:32.418,41.64500899281177,99
2024-09-16 12:23:32.512,416.42047955339257,101
2024-09-16 12:23:32.561,416.4244905709231,9
2024-09-16 12:23:32.613,416.4020301753975,1000
2024-09-16 12:23:32.647,416.4400450803261,1001
2024-09-16 12:23:32.670,416.4067872886369,8
2024-09-16 12:23:32.704,416.3756714158265,999
2024-09-16 12:23:32.711,416.3740423592069,15
2024-09-16 12:23:32.842,416.3771573262662,1001
2024-09-16 12:23:32.900,416.3908252956505,999
2024-09-16 12:23:32.907,416.3920441034926,1005
2024-09-16 12:23:32.915,416.466159804652,1002
2024-09-16 12:23:32.992,416.4359457380822,15
2024-09-16 12:23:33.046,416.44020899178014,104
2024-09-16 12:23:33.133,416.4725148983908,8
2024-09-16 12:23:33.192,416.5466209552191,100
2024-09-16 12:23:33.192,416.451644895356,100
2024-09-16 12:23:33.213,416.55813385463,12
2024-09-16 12:23:33.311,416.52890182578767,995
2024-09-16 12:23:33.362,416.4594936994852,12
2024-09-16 12:23:33.375,416.5310871849672,104
2024-09-16 12:23:33.433,416.50615693725234,999
2024-09-16 12:23:33.476,416.4555661040651,105
2024-09-16 12:23:33.490,416.4619180089172,997
2024-09-16 12:23:33.583,416.447218330714,1003
2024-09-16 12:23:33.652,416.5406772881509,14
2024-09-16 12:23:33.733,416.5137759409925,995
2024-09-16 12:23:33.742,416.54463911786473,1001
2024-09-16 12:23:33.774,416.4613805154691,1000
2024-09-16 12:23:33.781,416.4772840196167,5
2024-09-16 12:23:33.782,416.5478092392133,100
2024-09-16 12:23:33.803,416.4790493508713,96
2024-09-16 12:23:33.846,416.4495268690685,97
2024-09-16 12:23:33.879,416.5268770522907,99
2024-09-16 12:23:33.941,416.4581465790412,995
2024-09-16 12:23:33.967,416.4800214064,9
2024-09-16 12:23:33.980,416.4758819089408,1005
2024-09-16 12:23:33.989,416.4664193082048,104
2024-09-16 12:23:33.997,416.4904635774408,15
2024-09-16 12:23:34.077,416.4923268491163,1003
2024-09-16 12:23:34.222,416.50688147135367,5
2024-09-16 12:23:34.387,416.453785853707,8
2024-09-16 12:23:34.393,416.4843738687088,996
2024-09-16 12:23:34.428,416.56935717167954,102
2024-09-16 12:23:34.490,416.5015143327786,1001
2024-09-16 12:23:34.560,416.5663641997253,1002
2024-09-16 12:23:34.575,416.5492397340667,6
2024-09-16 12:23:34.596,416.4926325775337,98
2024-09-16 12:23:34.600,416.4827453029944,7
2024-09-16 12:23:34.640,416.5648808192472,101
2024-09-16 12:23:34.648,416.4977911115451,15
2024-09-16 12:23:34.695,416.4868576231268,6
2024-09-16 12:23:34.759,416.5455110868941,5
2024-09-16 12:23:34.827,416.50284031400713,104
2024-09-16 12:23:34.879,416.5308473257289,1002
2024-09-16 12:23:34.941,41.65223804485672,99
2024-09-16 12:23:34.991,416.50241926944,10
2024-09-16 12:23:35.103,416.4341294967502,100
2024-09-16 12:23:35.180,416.43804894068336,10
2024-09-16 12:23:35.264,416.4430934154953,999
2024-09-16 12:23:35.298,416.4587176628625,12
2024-09-16 12:23:35.347,416.4494479063167,13
2024-09-16 12:23:35.351,416.4416542032819,104
2024-09-16 12:23:35.369,416.4487282055785,98
2024-09-16 12:23:35.374,416.49327718475433,999
2024-09-16 12:23:35.678,416.4240780485873,1002
2024-09-16 12:23:35.781,416.4326987878121,8
2024-09-16 12:23:35.831,416.45223209176186,1001
2024-09-16 12:23:35.971,416.46897778668347,1005
2024-09-16 12:23:36.128,416.4758900786142,1003
2024-09-16 12:23:36.145,416.4339586540372,7
2024-09-16 12:23:36.236,416.4506780332165,12
2024-09-16 12:23:36.290,416.49980940721616,10
2024-09-16 12:23:36.339,416.4435401166149,10
2024-09-16 12:23:36.459,416.5017946746039,9
2024-09-16 12:23:36.552,416.4670225278945,15
2024-09-16 12:23:36.583,416.5004756590504,13
2024-09-16 12:23:36.585,416.4645808901343,12
2024-09-16 12:23:36.828,416.4954168867653,995
2024-09-16 12:23:36.969,416.47009700806194,98
2024-09-16 12:23:37.109,416.5007407363538,6
2024-09-16 12:23:37.116,416.5181031253224,9
2024-09-16 12:23:37.288,416.494731444101,12
2024-09-16 12:23:37.289,416.5129395788332,97
2024-09-16 12:23:37.409,416.526014235558,5
2024-09-16 12:23:37.433,416.523450776444,105
2024-09-16 12:23:37.452,416.505844695679,1001
2024-09-16 12:23:37.511,416.4903753591468,5
2024-09-16 12:23:37.525,416.5172319757911,101
2024-09-16 12:23:37.573,416.5024103006379,97
2024-09-16 12:23:37.663,416.5075580201836,14
2024-09-16 12:23:37.753,416.52715775418886,95
2024-09-16 12:23:37.754,416.4966697272749,1003
2024-09-16 12:23:37.789,416.5163422240628,1003
2024-09-16 12:23:37.817,416.5070683511478,1002
2024-09-16 12:23:37.829,416.5089580314023,10
2024-09-16 12:23:37.865,416.5045391066129,996
2024-09-16 12:23:37.916,416.5069530048176,103
2024-09-16 12:23:37.918,416.51305792463165,11
2024-09-16 12:23:39.036,416.5127072064364,102
2024-09-16 12:23:39.062,416.5374663686271,997
2024-09-16 12:23:39.087,416.509673872941,13
2024-09-16 12:23:39.100,416.493218489676,103
2024-09-16 12:23:39.284,416.51876005416216,1002
2024-09-16 12:23:39.394,416.5454946875408,1005
2024-09-16 12:23:39.505,416.5585396095849,15
2024-09-16 12:23:39.565,41.651954151689054,9
2024-09-16 12:23:39.626,416.49971592309606,105
2024-09-16 12:23:39.644,416.5091717827013,98
2024-09-16 12:23:39.686,416.51354555237776,6
2024-09-16 12:23:39.753,416.5482170623096,1002
2024-09-16 12:23:39.792,416.5099910154054,1000
2024-09-16 12:23:39.799,416.4933084460168,999
2024-09-16 12:23:39.810,416.5560955204946,104
2024-09-16 12:23:39.839,416.5217631561566,9
2024-09-16 12:23:39.912,416.4982429253336,14
2024-09-16 12:23:39.954,416.4853233615308,999
2024-09-16 12:23:39.985,416.4893587653513,5
2024-09-16 12:23:39.996,416.47567335195055,1000
2024-09-16 12:23:40.136,416.4533313537871,14
2024-09-16 12:23:40.148,41.64665485313586,1000
2024-09-16 12:23:40.172,416.4672213688345,1004
2024-09-16 12:23:40.193,416.4976365219364,998
2024-09-16 12:23:40.197,416.46266102955127,99
2024-09-16 12:23:40.299,416.50181145710815,105
2024-09-16 12:23:40.300,416.494375120196,6
2024-09-16 12:23:40.318,416.4614394245315,15
2024-09-16 12:23:40.431,416.4987688006223,95
2024-09-16 12:23:40.536,,1001
2024-09-16 12:23:40.576,416.5129804167447,1002
2024-09-16 12:23:40.582,416.4786218833325,13
2024-09-16 12:23:40.691,416.4766422366429,104
2024-09-16 12:23:40.761,416.4552915205691,1004
2024-09-16 12:23:40.870,416.4500519958325,98
2024-09-16 12:23:40.918,416.4843345828232,1002
2024-09-16 12:23:41.296,416.5069777905808,7
2024-09-16 12:23:41.361,416.51257058968224,7
2024-09-16 12:23:41.378,416.5132645242777,103
2024-09-16 12:23:41.387,416.496421757272,15
2024-09-16 12:23:41.395,416.4594016462338,100
2024-09-16 12:23:41.398,416.477819744052,1001
2024-09-16 12:23:41.423,416.4692632718986,995
2024-09-16 12:23:41.537,416.5122846867652,10
2024-09-16 12:23:41.762,416.5188536089861,105
2024-09-16 12:23:41.838,416.5085858509669,15
2024-09-16 12:23:41.860,416.4756368617864,9
2024-09-16 12:23:41.917,416.5075221914318,1003
2024-09-16 12:23:43.222,416.50092594470254,101
2024-09-16 12:23:43.260,416.5208870077973,102
2024-09-16 12:23:43.411,416.5392515849657,995
2024-09-16 12:23:43.428,416.54014194441606,15
2024-09-16 12:23:43.593,416.5095726914455,997
2024-09-16 12:23:43.685,416.5261387376568,995
2024-09-16 12:23:43.791,416.5099291459507,101
2024-09-16 12:23:43.947,416.5359200301708,9
2024-09-16 12:23:43.998,416.51243726913657,1003
2024-09-16 12:23:44.003,416.5430667479488,99
2024-09-16 12:23:44.024,416.5473522696045,100
2024-09-16 12:23:44.108,416.54749127713166,13
2024-09-16 12:23:44.161,416.5103523207419,102
2024-09-16 12:23:44.487,416.54378898400046,8
2024-09-16 12:23:44.530,416.53582215274577,96
2024-09-16 12:23:44.544,416.534774654089,997
2024-09-16 12:23:44.592,416.5262451562761,101
2024-09-16 12:23:44.686,416.50568872528544,95
2024-09-16 12:23:44.798,416.5047712939965,104
2024-09-16 12:23:44.810,416.54166913295336,14
2024-09-16 12:23:44.940,416.4978445570271,14
2024-09-16 12:23:44.956,416.5418482734463,10
2024-09-16 12:23:44.994,416.49018860572943,8
2024-09-16 12:23:45.002,416.49962114895294,101
2024-09-16 12:23:45.004,416.4704061281742,15
2024-09-16 12:23:45.068,416.456208233265,12
2024-09-16 12:23:45.096,416.48965203552416,1002
2024-09-16 12:23:45.106,416.4932573221113,96
2024-09-16 12:23:45.130,416.493405333686,1002
2024-09-16 12:23:45.138,416.5001472696248,6
2024-09-16 12:23:45.287,416.45303931459847,9
2024-09-16 12:23:45.310,416.4787259021844,14
2024-09-16 12:23:45.322,416.4727712777333,1002
2024-09-16 12:23:45.344,416.49931833973744,102
2024-09-16 12:23:45.470,416.50306590195066,1002
2024-09-16 12:23:45.484,416.4630573589501,13
2024-09-16 12:23:45.484,416.47238203051575,102
2024-09-16 12:23:45.524,416.46659751235336,100
2024-09-16 12:23:45.549,416.45638846098194,10
2024-09-16 12:23:45.762,416.5149939176356,995
2024-09-16 12:23:45.790,416.4629099674094,1001
2024-09-16 12:23:45.814,416.4917556961737,12
2024-09-16 12:23:45.835,416.5081910257202,995
2024-09-16 12:23:45.856,416.4755725035316,13
2024-09-16 12:23:45.858,416.49626635556257,11
2024-09-16 12:23:45.862,416.476945757709,1004
2024-09-16 12:23:45.904,416.4589655589516,103
2024-09-16 12:23:45.915,416.4780477502717,10
2024-09-16 12:23:45.957,416.5072644510088,1000
2024-09-16 12:23:46.020,416.47065945575787,999
2024-09-16 12:23:46.035,416.4605258043792,8
2024-09-16 12:23:46.047,416.4834604430649,9
2024-09-16 12:23:46.104,416.40962931018464,998
2024-09-16 12:23:46.114,416.37897673057074,1002
2024-09-16 12:23:46.116,416.3410458115908,10
2024-09-16 12:23:46.119,416.4221912350776,104
2024-09-16 12:23:46.123,416.4751451049908,103
2024-09-16 12:23:46.126,416.4474163188684,11
2024-09-16 12:23:46.137,416.3247629506352,105
2024-09-16 12:23:46.176,416.31377617995633,1002
2024-09-16 12:23:46.183,416.3306351102276,95
2024-09-16 12:23:46.190,416.4783697138689,997
2024-09-16 12:23:46.204,416.3157674718521,12
2024-09-16 12:23:46.211,416.4396631525117,997
2024-09-16 12:23:46.223,416.4596489864516,5
2024-09-16 12:23:46.270,416.3296239637125,1003
2024-09-16 12:23:46.282,416.4384357757539,15
2024-09-16 12:23:46.303,416.4364192276304,11
2024-09-16 12:23:46.407,416.4389625110314,5
2024-09-16 12:23:46.438,416.3362557139686,11
2024-09-16 12:23:46.523,416.489719846724,96
2024-09-16 12:23:46.534,416.48700021937526,7
2024-09-16 12:23:46.607,416.47253721851774,13
2024-09-16 12:23:46.653,416.3427865235748,999
2024-09-16 12:23:46.755,416.4706217440637,997
2024-09-16 12:23:47.009,416.3585707576244,1004
2024-09-16 12:23:47.087,416.3095758622266,998
2024-09-16 12:23:47.189,416.2823236923075,104
2024-09-16 12:23:47.193,416.3031646234639,1002
2024-09-16 12:23:47.240,416.34525510414807,9
2024-09-16 12:23:47.256,416.33033564892366,14
2024-09-16 12:23:47.262,416.2904477705275,996
2024-09-16 12:23:47.331,416.3235342053737,100
2024-09-16 12:23:47.394,416.3405116067769,95
2024-09-16 12:23:47.436,416.3057421436113,1001
2024-09-16 12:23:47.482,416.3372410990919,96
2024-09-16 12:23:47.526,416.3379440587519,1004
2024-09-16 12:23:47.530,416.3223345046464,998
2024-09-16 12:23:47.589,416.3371566850448,7
2024-09-16 12:23:47.625,416.318004860157,15
2024-09-16 12:23:47.653,,103
2024-09-16 12:23:47.674,416.2867056109055,995
2024-09-16 12:23:47.679,416.3515703328271,15
2024-09-16 12:23:47.681,416.30003898259656,15
2024-09-16 12:23:47.719,416.34281075219496,13
2024-09-16 12:23:47.731,416.3136304866866,997
2024-09-16 12:23:47.752,416.3067885422429,998
2024-09-16 12:23:47.773,416.3445975612509,1002
2024-09-16 12:23:47.779,416.2978044031715,97
2024-09-16 12:23:47.780,416.3268880630048,98
2024-09-16 12:23:47.802,416.3431154683879,105
2024-09-16 12:23:47.927,416.28852419791457,997
2024-09-16 12:23:47.940,416.3434641588956,101
2024-09-16 12:23:47.966,416.3402171335924,11
2024-09-16 12:23:48.293,416.4082107782464,6
2024-09-16 12:23:48.352,416.4017293647347,999
2024-09-16 12:23:48.589,416.3491968575402,996
2024-09-16 12:23:48.924,416.40822960205344,14
2024-09-16 12:23:48.946,416.4182901601632,1002
2024-09-16 12:23:48.958,416.3672519890856,1002
2024-09-16 12:23:49.054,416.44343213418654,6
2024-09-16 12:23:49.097,416.4280916383796,98
2024-09-16 12:23:49.130,416.4544119118994,100
2024-09-16 12:23:49.163,416.4399826918627,9
2024-09-16 12:23:49.196,416.4659202187552,15
2024-09-16 12:23:49.224,416.4462447752023,10
2024-09-16 12:23:49.268,416.457720021162,15
2024-09-16 12:23:49.270,416.4456433059903,997
2024-09-16 12:23:49.286,416.4543789625625,97
2024-09-16 12:23:49.312,416.4030827502421,102
2024-09-16 12:23:49.367,416.4048733412016,14
2024-09-16 12:23:49.480,416.44090348850784,8
2024-09-16 12:23:49.501,416.43828063984864,999
2024-09-16 12:23:49.517,416.4530266512141,8
2024-09-16 12:23:49.547,416.4779371869224,1001
2024-09-16 12:23:49.575,416.42513684602267,1005
2024-09-16 12:23:49.633,416.465404657622,105
2024-09-16 12:23:49.645,416.4539375152764,97
2024-09-16 12:23:49.646,416.4511199814245,14
2024-09-16 12:23:49.648,416.4509228106707,95
2024-09-16 12:23:49.658,416.4211869834816,98
2024-09-16 12:23:49.741,416.4564507089058,104
2024-09-16 12:23:49.762,416.4655404435946,99
2024-09-16 12:23:49.775,416.4266803240341,997
2024-09-16 12:23:49.828,416.4510465175203,15
2024-09-16 12:23:49.897,,104
2024-09-16 12:23:49.956,416.4187973246639,14
2024-09-16 12:23:50.004,416.4264032835536,998
2024-09-16 12:23:50.006,416.3930143169737,996
2024-09-16 12:23:50.035,416.4398695665259,14
2024-09-16 12:23:50.240,416.4107046274054,1000
2024-09-16 12:23:50.292,416.4253291573282,999
2024-09-16 12:23:50.308,416.4257689508371,996
2024-09-16 12:23:50.345,416.4301941130505,95
2024-09-16 12:23:50.404,416.4204885281332,1002
2024-09-16 12:23:50.418,416.4241677301462,5
2024-09-16 12:23:50.493,416.4080947945482,11
2024-09-16 12:23:50.500,416.4186982339958,1005
2024-09-16 12:23:50.519,416.38510087599934,8
2024-09-16 12:23:50.562,416.4304439587159,997
2024-09-16 12:23:50.675,416.4250909442915,9
2024-09-16 12:23:50.728,,1000
2024-09-16 12:23:50.797,416.39115190420335,14
2024-09-16 12:23:50.805,416.4059795899447,15
2024-09-16 12:23:50.812,416.4214940446335,10
2024-09-16 12:23:50.856,416.4040358016823,6
2024-09-16 12:23:50.965,416.41463826273554,8
2024-09-16 12:23:50.971,416.39656761906,101
2024-09-16 12:23:51.080,416.4201072253514,101
2024-09-16 12:23:51.099,416.39910636128826,98
2024-09-16 12:23:51.104,416.4068672259297,100
2024-09-16 12:23:51.119,416.40986727863896,1005
2024-09-16 12:23:51.207,416.425983078925,1002
2024-09-16 12:23:51.331,416.4039037562717,96
2024-09-16 12:23:51.407,416.4285164319009,6
2024-09-16 12:23:51.421,416.3748338886055,998
2024-09-16 12:23:51.588,416.3979994339619,99
2024-09-16 12:23:51.596,416.4054754748915,14
2024-09-16 12:23:51.716,416.40998323477777,95
2024-09-16 12:23:51.723,,1000
2024-09-16 12:23:51.753,416.4082112048882,99
2024-09-16 12:23:51.762,416.4079417724909,12
2024-09-16 12:23:51.804,416.3997844943567,1004
2024-09-16 12:23:51.851,416.3978511707349,98
2024-09-16 12:23:51.916,416.38328842159854,103
2024-09-16 12:23:52.020,416.4084530107365,5
2024-09-16 12:23:52.046,416.4255418709476,14
2024-09-16 12:23:52.112,416.4191651069582,5
2024-09-16 12:23:52.123,416.4247065198745,9
2024-09-16 12:23:52.189,416.42505037929936,8
2024-09-16 12:23:52.255,416.4208059113717,9
2024-09-16 12:23:52.450,416.426668822155,95
2024-09-16 12:23:52.480,416.4038168355756,1000
2024-09-16 12:23:52.635,416.4313315006541,5
2024-09-16 12:23:52.660,416.4331347571846,15
2024-09-16 12:23:52.668,416.41855892010847,100
2024-09-16 12:23:52.715,416.4366345130064,999
2024-09-16 12:23:52.738,416.411281946098,9
2024-09-16 12:23:52.837,416.4163381473144,8
2024-09-16 12:23:52.900,416.4201108175943,7
2024-09-16 12:23:53.012,416.4540998232833,1002
2024-09-16 12:23:53.109,416.4413125912838,1000
2024-09-16 12:23:53.141,416.4745347279347,102
2024-09-16 12:23:53.206,416.4779247564188,12
2024-09-16 12:23:53.247,416.4493668060536,102
2024-09-16 12:23:53.551,416.4432028005711,1004
2024-09-16 12:23:53.553,416.4621253942099,999
2024-09-16 12:23:53.650,416.4518209587964,10
2024-09-16 12:23:53.661,416.46541106422814,96
2024-09-16 12:23:53.694,416.462313047717,1001
2024-09-16 12:23:53.780,416.4580381573368,96
2024-09-16 12:23:53.920,416.4591141097364,99
2024-09-16 12:23:53.957,416.466009430556,12
2024-09-16 12:23:54.018,416.4465349768724,996
2024-09-16 12:23:54.128,416.4655912736528,1000
2024-09-16 12:23:54.137,416.4580195074829,1005
2024-09-16 12:23:54.268,416.4631947282095,1000
2024-09-16 12:23:54.271,416.46596828429534,999
2024-09-16 12:23:54.305,416.5242507540352,95
2024-09-16 12:23:54.311,416.5165446433503,1000
2024-09-16 12:23:54.379,416.44850681240746,998
2024-09-16 12:23:54.466,416.4665305431461,96
2024-09-16 12:23:54.502,416.5099436849959,1004
2024-09-16 12:23:54.560,416.5486390676948,995
2024-09-16 12:23:54.577,416.4916901322655,10
2024-09-16 12:23:54.643,416.469518099525,12
2024-09-16 12:23:54.684,416.52527530775,1005
2024-09-16 12:23:54.700,416.5405632524952,996
2024-09-16 12:23:54.712,416.4640512156365,98
2024-09-16 12:23:54.715,416.4365337464046,15
2024-09-16 12:23:54.726,416.5460578289472,1003
2024-09-16 12:23:54.829,416.4833043716434,6
2024-09-16 12:23:54.840,416.4525681703114,101
2024-09-16 12:23:54.846,416.476169291132,95
2024-09-16 12:23:54.924,416.53480857165965,97
2024-09-16 12:23:54.934,416.5658682364786,1003
2024-09-16 12:23:54.960,416.5008873539282,105
2024-09-16 12:23:54.967,416.4946169939387,6
2024-09-16 12:23:54.972,416.4562829556618,95
2024-09-16 12:23:55.076,416.5333159242387,100
2024-09-16 12:23:55.080,416.6486383047792,997
2024-09-16 12:23:55.173,416.660031136634,999
2024-09-16 12:23:55.175,416.5804257024425,104
2024-09-16 12:23:55.209,41.66347454606071,105
2024-09-16 12:23:55.262,416.5793943292044,1000
2024-09-16 12:23:55.296,416.5406420362211,1001
2024-09-16 12:23:55.387,416.6748434401479,995
2024-09-16 12:23:55.426,416.63685201737087,997
2024-09-16 12:23:55.447,416.6632907125871,14
2024-09-16 12:23:55.506,416.6193633509665,103
2024-09-16 12:23:55.528,416.5304964590096,6
2024-09-16 12:23:55.556,416.6611841954365,7
2024-09-16 12:23:55.558,416.564476313775,14
2024-09-16 12:23:55.572,,997
2024-09-16 12:23:55.590,416.5685188662675,1002
2024-09-16 12:23:55.590,416.62693134740016,997
2024-09-16 12:23:55.628,416.5767709866217,1005
2024-09-16 12:23:55.671,416.5885316503951,9
2024-09-16 12:23:55.692,416.58002608360135,12
2024-09-16 12:23:55.699,416.6575289489952,1005
2024-09-16 12:23:55.748,416.6123108431566,102
2024-09-16 12:23:55.814,416.63757594290354,12
2024-09-16 12:23:55.830,416.5519164393913,95
2024-09-16 12:23:55.848,416.6425581390074,95
2024-09-16 12:23:55.903,416.600321864243,997
2024-09-16 12:23:55.972,416.59408456139386,101
2024-09-16 12:23:56.029,416.692500734403,12
2024-09-16 12:23:56.062,416.6737499169896,99
2024-09-16 12:23:56.062,416.69778394236266,13
2024-09-16 12:23:56.116,416.6634624066829,98
2024-09-16 12:23:56.191,416.6578530947209,1002
2024-09-16 12:23:56.235,416.6440795101217,98
2024-09-16 12:23:56.424,416.6321296980264,100
2024-09-16 12:23:56.435,416.6526168021895,15
2024-09-16 12:23:56.475,416.692120469562,7
2024-09-16 12:23:56.590,416.6383513301448,103
2024-09-16 12:23:56.597,416.6593703276632,5
2024-09-16 12:23:56.653,416.6754409511104,1000
2024-09-16 12:23:56.696,416.7049540898078,5
2024-09-16 12:23:56.701,416.65384556677975,14
2024-09-16 12:23:56.766,416.6813930933278,102
2024-09-16 12:23:56.870,416.652887945698,999
2024-09-16 12:23:56.930,41.67002963715037,999
2024-09-16 12:23:57.027,416.692453465773,1002
2024-09-16 12:23:57.050,416.6885254296872,6
2024-09-16 12:23:57.091,416.74210229012976,98
2024-09-16 12:23:57.108,416.7320209106088,995
2024-09-16 12:23:57.123,416.7513910945437,1002
2024-09-16 12:23:57.162,416.735676634469,97
2024-09-16 12:23:57.201,416.7597810288729,995
2024-09-16 12:23:57.207,416.73671515348224,96
2024-09-16 12:23:57.220,416.7075915219383,98
2024-09-16 12:23:57.227,416.7403697711391,1001
2024-09-16 12:23:57.238,416.7054960837093,103
2024-09-16 12:23:57.257,416.6975349099607,1002
2024-09-16 12:23:57.260,416.74663304169104,100
2024-09-16 12:23:57.414,416.6873362578661,101
2024-09-16 12:23:57.493,416.74060731129936,99
2024-09-16 12:23:57.584,416.7052507234404,1001
2024-09-16 12:23:57.606,416.74142678270647,5
2024-09-16 12:23:57.658,416.7298100619165,6
2024-09-16 12:23:57.731,416.7517426587979,10
2024-09-16 12:23:57.756,416.688912679077,11
2024-09-16 12:23:57.841,416.7391327330859,1002
2024-09-16 12:23:57.861,416.7598461746129,11
2024-09-16 12:23:57.919,416.7494469673608,9
2024-09-16 12:23:57.927,416.7236622630363,996
2024-09-16 12:23:57.953,416.69486494178113,995
2024-09-16 12:23:57.983,416.7248016096525,995
2024-09-16 12:23:58.015,416.7461769105826,8
2024-09-16 12:23:58.172,416.7792035946804,100
2024-09-16 12:23:58.262,416.76430530603454,5
2024-09-16 12:23:58.279,416.7389596517249,98
2024-09-16 12:23:58.287,416.7654308021969,1001
2024-09-16 12:23:58.448,416.7368342420326,999
2024-09-16 12:23:59.020,416.7778109573844,105
2024-09-16 12:23:59.098,416.7529926062211,103
2024-09-16 12:23:59.158,416.7341498987397,103
2024-09-16 12:23:59.205,416.7901364545216,95
2024-09-16 12:23:59.236,416.7809836466754,1004
2024-09-16 12:23:59.448,416.7512986806756,999
2024-09-16 12:23:59.520,416.77491909570057,10
2024-09-16 12:23:59.554,416.74988944835087,6
2024-09-16 12:23:59.686,416.7539284621029,97
2024-09-16 12:23:59.692,416.7791400212869,15
2024-09-16 12:23:59.756,416.7766717987532,11
2024-09-16 12:23:59.806,416.7674913575258,1005
2024-09-16 12:23:59.834,416.73019316732,103
2024-09-16 12:23:59.836,416.7423064925417,104
2024-09-16 12:23:59.897,416.783783598231,10
2024-09-16 12:23:59.976,416.7354868291847,96
