Timestamp,Price,Size
2024-09-16 15:37:00.025,416.4717623574769,1000
2024-09-16 15:37:00.466,416.4595372125642,1004
2024-09-16 15:37:01.024,41.64489683734482,995
2024-09-16 15:37:01.033,416.4693637165829,15
2024-09-16 15:37:01.128,416.5046657305383,100
2024-09-16 15:37:01.187,416.4705958349622,999
2024-09-16 15:37:01.229,416.5011151948751,99
2024-09-16 15:37:01.273,416.4513272971592,1000
2024-09-16 15:37:01.394,416.4622501324316,999
2024-09-16 15:37:01.455,416.4723066668884,995
2024-09-16 15:37:01.541,416.4474368051265,995
2024-09-16 15:37:01.757,416.50342270804697,98
2024-09-16 15:37:01.776,416.4869001894551,98
2024-09-16 15:37:01.826,416.4931281090128,12
2024-09-16 15:37:01.900,416.4738117589317,99
2024-09-16 15:37:01.946,416.4996927859135,8
2024-09-16 15:37:02.501,416.5126793965649,6
2024-09-16 15:37:02.565,416.5018426498255,95
2024-09-16 15:37:03.000,416.5096904885282,6
2024-09-16 15:37:03.071,-416.5227792107922,5
2024-09-16 15:37:03.084,416.4568593859308,1000
2024-09-16 15:37:03.399,416.4310811501615,96
2024-09-16 15:37:03.532,416.46347666945377,100
2024-09-16 15:37:03.538,416.4448321044232,105
2024-09-16 15:37:03.548,416.497430579552,13
2024-09-16 15:37:03.693,416.4522735201098,97
2024-09-16 15:37:03.695,416.4866077867069,13
2024-09-16 15:37:03.748,416.43420404242056,997
2024-09-16 15:37:03.837,-416.4857648517145,102
2024-09-16 15:37:03.869,416.4594593919123,1002
2024-09-16 15:37:03.955,416.4664506596936,10
2024-09-16 15:37:03.991,416.4494238025748,100
2024-09-16 15:37:04.235,416.4889057893734,7
2024-09-16 15:37:04.760,416.5245009566653,997
2024-09-16 15:37:04.806,416.4852874319485,98
2024-09-16 15:37:04.854,416.5016294267974,15
2024-09-16 15:37:04.880,416.4952972306818,1005
2024-09-16 15:37:06.053,416.4991522735606,14
2024-09-16 15:37:06.139,416.5044296795624,105
2024-09-16 15:37:06.255,416.4766320844674,1002
2024-09-16 15:37:06.460,416.4853826609233,1003
2024-09-16 15:37:06.470,416.48820022730246,995
2024-09-16 15:37:06.500,416.4944942192983,11
2024-09-16 15:37:06.501,416.5089053760624,13
2024-09-16 15:37:06.516,416.4970878819405,1005
2024-09-16 15:37:06.736,416.5013437777308,105
2024-09-16 15:37:06.777,416.4947086922873,5
2024-09-16 15:37:06.790,416.5033921449582,102
2024-09-16 15:37:06.864,416.502449787672,997
2024-09-16 15:37:06.993,416.4811995959234,100
2024-09-16 15:37:07.002,416.50940819780106,1005
2024-09-16 15:37:07.030,416.49349552015934,97
2024-09-16 15:37:07.175,416.5183808581988,998
2024-09-16 15:37:07.393,416.5039047262487,1004
2024-09-16 15:37:07.405,416.5149193663351,8
2024-09-16 15:37:07.428,416.54556241230455,102
2024-09-16 15:37:07.443,416.5216405292933,1001
2024-09-16 15:37:07.523,416.5467866202097,8
2024-09-16 15:37:07.536,416.5394243706248,104
2024-09-16 15:37:07.649,416.5215210849081,11
2024-09-16 15:37:07.804,416.5161915218033,7
2024-09-16 15:37:07.829,416.52156067649736,8
2024-09-16 15:37:07.861,416.53140655607234,11
2024-09-16 15:37:07.969,416.5530060210064,100
2024-09-16 15:37:07.980,416.51054910176254,98
2024-09-16 15:37:09.046,416.5163616519045,997
2024-09-16 15:37:09.129,416.5493032554311,105
2024-09-16 15:37:09.200,416.5055660377617,6
2024-09-16 15:37:09.232,41.652995763680586,1001
2024-09-16 15:37:09.233,416.5507256310683,6
2024-09-16 15:37:09.263,416.5421120296725,100
2024-09-16 15:37:09.267,416.5507716714995,5
2024-09-16 15:37:09.306,416.50734815504825,6
2024-09-16 15:37:09.466,416.4968644945545,14
2024-09-16 15:37:09.474,416.5345981045265,6
2024-09-16 15:37:09.638,416.5311156614454,11
2024-09-16 15:37:09.651,416.5359304506138,7
2024-09-16 15:37:09.675,416.5260233920416,14
2024-09-16 15:37:09.688,416.50936209263966,105
2024-09-16 15:37:09.731,416.4967014258648,1003
2024-09-16 15:37:09.821,416.49001140469056,11
2024-09-16 15:37:09.905,416.5267774792783,12
2024-09-16 15:37:09.937,416.51380014663965,1003
2024-09-16 15:37:09.955,416.5078060135361,96
2024-09-16 15:37:09.972,416.50198313989824,105
2024-09-16 15:37:10.018,416.58229572089385,14
2024-09-16 15:37:10.056,416.5597104496767,10
2024-09-16 15:37:10.076,416.55705954539695,98
2024-09-16 15:37:10.077,416.5746153828259,7
2024-09-16 15:37:10.206,416.5812747431178,12
2024-09-16 15:37:10.297,416.54086971523583,96
2024-09-16 15:37:10.306,416.576235550828,8
2024-09-16 15:37:10.363,416.56587690211353,104
2024-09-16 15:37:10.497,416.5708925838625,102
2024-09-16 15:37:10.498,416.578699794932,1001
2024-09-16 15:37:10.552,416.5733865277902,15
2024-09-16 15:37:10.597,416.5415850082728,1005
2024-09-16 15:37:10.684,-416.5783420571597,96
2024-09-16 15:37:10.763,-416.5641657363117,97
2024-09-16 15:37:10.788,416.5463523394108,99
2024-09-16 15:37:10.918,416.54403888738346,98
2024-09-16 15:37:11.032,416.5405461984872,10
2024-09-16 15:37:11.077,416.4677246830463,100
2024-09-16 15:37:11.085,416.5207396231095,97
2024-09-16 15:37:11.094,416.5203233317585,99
2024-09-16 15:37:11.179,416.52817282021925,995
2024-09-16 15:37:11.183,416.46751448166657,10
2024-09-16 15:37:11.216,416.4564695950289,102
2024-09-16 15:37:11.224,416.49085527331135,6
2024-09-16 15:37:11.235,416.5442757135296,101
2024-09-16 15:37:11.301,416.4457902094308,996
2024-09-16 15:37:11.308,416.4935634095834,1004
2024-09-16 15:37:11.315,416.4350557417992,98
2024-09-16 15:37:11.328,416.503440457989,9
2024-09-16 15:37:11.407,416.5129741975759,8
2024-09-16 15:37:11.511,416.5230190007344,97
2024-09-16 15:37:11.518,416.5036805692648,5
2024-09-16 15:37:11.568,416.50361700716144,1002
2024-09-16 15:37:11.593,416.53013539018485,997
2024-09-16 15:37:11.648,416.4222393786971,14
2024-09-16 15:37:11.713,416.4542619652559,95
2024-09-16 15:37:11.765,416.5317492302408,103
2024-09-16 15:37:11.794,416.52769582288414,96
2024-09-16 15:37:11.939,416.54091995590056,13
2024-09-16 15:37:11.969,416.5418785522856,96
2024-09-16 15:37:12.022,416.4250969040671,96
2024-09-16 15:37:12.458,416.4152562181547,101
2024-09-16 15:37:12.502,416.4137608493977,15
2024-09-16 15:37:12.613,416.4390813474636,96
2024-09-16 15:37:12.688,416.40542928676143,12
2024-09-16 15:37:12.890,416.4180801236321,5
2024-09-16 15:37:13.038,416.3983877317983,999
2024-09-16 15:37:13.050,416.3891004489922,98
2024-09-16 15:37:13.055,416.444161159772,5
2024-09-16 15:37:13.122,416.40554966068,104
2024-09-16 15:37:13.194,416.4197223477877,1001
2024-09-16 15:37:13.317,416.4280788439337,999
2024-09-16 15:37:13.328,416.4044794804881,104
2024-09-16 15:37:13.378,416.44898606809176,1001
2024-09-16 15:37:13.428,416.3807061639718,1000
2024-09-16 15:37:13.564,416.38919662157525,7
2024-09-16 15:37:13.603,416.3982639165083,1005
2024-09-16 15:37:13.604,416.3858003474927,95
2024-09-16 15:37:13.669,416.38877424332793,13
2024-09-16 15:37:13.678,416.4120964002574,999
2024-09-16 15:37:13.731,416.40795798737486,95
2024-09-16 15:37:13.877,416.3947646349882,98
2024-09-16 15:37:13.908,416.4421254051348,999
2024-09-16 15:37:14.057,416.4498543546615,13
2024-09-16 15:37:14.139,416.4385104110942,100
2024-09-16 15:37:14.235,416.4613927760474,999
2024-09-16 15:37:14.291,416.459275385,9
2024-09-16 15:37:14.338,416.4301276802283,7
2024-09-16 15:37:14.358,416.45077625227066,1003
2024-09-16 15:37:14.406,416.43027445164864,5
2024-09-16 15:37:14.416,416.46246772440793,1005
2024-09-16 15:37:14.427,416.4799727744519,10
2024-09-16 15:37:14.525,416.4313206316837,105
2024-09-16 15:37:14.628,416.4649163037785,12
2024-09-16 15:37:14.654,416.4493782808183,8
2024-09-16 15:37:14.781,416.4551126912558,6
2024-09-16 15:37:14.797,416.4488940914966,104
2024-09-16 15:37:14.872,416.4424677408592,11
2024-09-16 15:37:15.244,416.41057571430525,1002
2024-09-16 15:37:15.364,416.4251488836976,12
2024-09-16 15:37:15.512,416.4061849620367,13
2024-09-16 15:37:15.593,416.40654856377625,996
2024-09-16 15:37:15.872,416.3960514838806,995
2024-09-16 15:37:16.006,416.4132878409241,104
2024-09-16 15:37:16.183,-416.3969078999933,12
2024-09-16 15:37:16.230,416.3983418283023,995
2024-09-16 15:37:16.274,416.4242344871124,996
2024-09-16 15:37:16.416,416.4120790470727,1004
2024-09-16 15:37:16.586,416.4448597527111,104
2024-09-16 15:37:16.701,416.4497127769629,1005
2024-09-16 15:37:16.795,416.4041344777669,1000
2024-09-16 15:37:16.825,416.42878708912,100
2024-09-16 15:37:17.000,416.4465206174112,101
2024-09-16 15:37:17.010,416.4463162590238,101
2024-09-16 15:37:17.049,416.4279466647552,1000
2024-09-16 15:37:17.266,416.41362636017686,999
2024-09-16 15:37:17.306,416.41845232391,1001
2024-09-16 15:37:17.445,416.414484450772,15
2024-09-16 15:37:17.644,416.4383685705522,1001
2024-09-16 15:37:17.914,416.4223316227427,7
2024-09-16 15:37:18.043,416.4489795365805,95
2024-09-16 15:37:18.149,416.4468051923007,997
2024-09-16 15:37:18.559,416.4562257166093,99
2024-09-16 15:37:18.972,416.4184095089332,104
2024-09-16 15:37:19.012,416.4716316428965,12
2024-09-16 15:37:19.043,416.44268857561,101
2024-09-16 15:37:19.044,416.4635626227843,97
2024-09-16 15:37:19.123,416.4536794446635,1001
2024-09-16 15:37:19.232,416.4839214390092,98
2024-09-16 15:37:19.250,416.4536321207182,8
2024-09-16 15:37:19.260,416.46250179267366,103
2024-09-16 15:37:19.263,416.4822187495909,996
2024-09-16 15:37:19.287,416.471517467576,1003
2024-09-16 15:37:19.372,416.44229362131625,104
2024-09-16 15:37:19.401,416.4567070411076,100
2024-09-16 15:37:19.414,416.4520422412684,96
2024-09-16 15:37:19.415,416.4664581358615,105
2024-09-16 15:37:19.465,416.48250873524506,999
2024-09-16 15:37:19.482,416.4864768449093,9
2024-09-16 15:37:19.514,416.4671815973458,14
2024-09-16 15:37:19.554,416.48215528407775,1005
2024-09-16 15:37:19.608,416.47100423642297,1004
2024-09-16 15:37:19.674,416.4682346094304,1001
2024-09-16 15:37:19.726,416.4459633121781,1004
2024-09-16 15:37:19.770,416.4627238677047,1005
2024-09-16 15:37:19.832,416.4487425566258,11
2024-09-16 15:37:19.860,416.4514292273229,995
2024-09-16 15:37:19.876,416.494069057335,14
2024-09-16 15:37:19.885,416.3737353835272,6
2024-09-16 15:37:19.908,416.4517289645231,6
2024-09-16 15:37:20.024,416.5113159668203,95
2024-09-16 15:37:20.087,416.5002078235052,1000
2024-09-16 15:37:20.094,416.5108581855281,101
2024-09-16 15:37:20.156,416.55325089512326,14
2024-09-16 15:37:20.233,416.5334166654298,100
2024-09-16 15:37:20.238,416.5145737259548,103
2024-09-16 15:37:20.261,416.4903219827129,15
2024-09-16 15:37:20.290,416.49220426909,996
2024-09-16 15:37:20.350,416.4857649788392,998
2024-09-16 15:37:20.530,416.4950269266092,9
2024-09-16 15:37:20.534,416.4657029690092,95
2024-09-16 15:37:20.540,416.5061037445232,8
2024-09-16 15:37:20.542,416.48546924553887,96
2024-09-16 15:37:20.562,416.4545072086341,6
2024-09-16 15:37:20.605,416.5383285043244,98
2024-09-16 15:37:20.624,416.512408031196,100
2024-09-16 15:37:20.629,416.5166384642637,5
2024-09-16 15:37:20.649,416.5147752727538,11
2024-09-16 15:37:20.715,416.52421938628953,996
2024-09-16 15:37:20.715,416.5476347693797,997
2024-09-16 15:37:20.724,416.51835854333217,11
2024-09-16 15:37:20.754,416.5265440353248,12
2024-09-16 15:37:20.804,416.508920673815,999
2024-09-16 15:37:20.939,416.5439174938144,1003
2024-09-16 15:37:20.959,416.4882239713326,8
2024-09-16 15:37:20.979,416.5236357426873,998
2024-09-16 15:37:21.063,416.4722112519762,7
2024-09-16 15:37:21.204,416.4573658116734,15
2024-09-16 15:37:21.317,416.4841649057859,999
2024-09-16 15:37:21.361,416.4918303576929,1003
2024-09-16 15:37:21.468,416.4846988643859,995
2024-09-16 15:37:21.586,416.4726421292628,99
2024-09-16 15:37:21.607,416.4643379826298,7
2024-09-16 15:37:21.761,416.4778852360145,15
2024-09-16 15:37:21.830,416.46501545908257,999
2024-09-16 15:37:21.860,416.4920286068962,1002
2024-09-16 15:37:21.901,416.491551334836,1001
2024-09-16 15:37:22.004,416.50798438154,10
2024-09-16 15:37:22.022,416.4842278075437,7
2024-09-16 15:37:22.047,416.5072974694118,102
2024-09-16 15:37:22.188,416.5166952001696,997
2024-09-16 15:37:22.244,416.4849269824485,12
2024-09-16 15:37:22.405,416.539566950701,95
2024-09-16 15:37:22.492,416.5391686358746,998
2024-09-16 15:37:22.508,416.5255852368614,9
2024-09-16 15:37:22.601,416.5364265122132,999
2024-09-16 15:37:22.647,416.5046468420047,97
2024-09-16 15:37:22.670,416.5061709032955,15
2024-09-16 15:37:22.821,416.5052547495879,15
2024-09-16 15:37:22.858,416.5327787140736,98
2024-09-16 15:37:22.876,416.5300874651021,5
2024-09-16 15:37:22.913,416.4876558685153,100
2024-09-16 15:37:22.922,416.5259876373188,98
2024-09-16 15:37:22.941,416.4929401155487,13
2024-09-16 15:37:22.966,416.46668707729407,5
2024-09-16 15:37:22.972,416.4898283060476,13
2024-09-16 15:37:23.025,416.5554693073242,97
2024-09-16 15:37:23.054,416.57691221460624,101
2024-09-16 15:37:23.166,416.6161524224024,1004
2024-09-16 15:37:23.272,416.55443042947127,95
2024-09-16 15:37:23.306,416.5526048521789,8
2024-09-16 15:37:23.371,416.57010870548703,1005
2024-09-16 15:37:23.545,416.546706300757,14
2024-09-16 15:37:23.603,416.5446806367128,101
2024-09-16 15:37:23.707,416.57700547627206,1003
2024-09-16 15:37:23.748,416.5450631795418,10
2024-09-16 15:37:23.759,,8
2024-09-16 15:37:23.816,416.5650479672986,15
2024-09-16 15:37:23.856,416.53477739347073,7
2024-09-16 15:37:23.927,416.5531651199133,14
2024-09-16 15:37:23.964,416.5941327881284,100
2024-09-16 15:37:23.996,416.5274000938472,9
2024-09-16 15:37:24.137,416.5632809673405,14
2024-09-16 15:37:24.210,416.5810373204992,8
2024-09-16 15:37:24.401,416.5714679196077,100
2024-09-16 15:37:24.407,416.5551438593809,998
2024-09-16 15:37:24.456,416.57300847004353,104
2024-09-16 15:37:24.505,416.6150719640517,7
2024-09-16 15:37:24.526,416.5589851750235,105
2024-09-16 15:37:24.588,416.590149106949,996
2024-09-16 15:37:24.607,416.5780674895195,100
2024-09-16 15:37:24.636,416.59170067644567,1005
2024-09-16 15:37:24.784,416.57951005791136,1001
2024-09-16 15:37:24.813,416.56893520902247,1000
2024-09-16 15:37:24.998,416.5773520768182,995
2024-09-16 15:37:25.024,416.5246519919272,999
2024-09-16 15:37:25.052,416.4892984912615,1002
2024-09-16 15:37:25.254,416.493694772748,104
2024-09-16 15:37:25.321,416.4806852578383,7
2024-09-16 15:37:25.334,416.5440726632024,102
2024-09-16 15:37:25.377,416.5092982909305,100
2024-09-16 15:37:25.441,416.526115003868,9
2024-09-16 15:37:25.460,416.47208401725055,96
2024-09-16 15:37:25.466,,999
2024-09-16 15:37:25.486,416.52085947411393,105
2024-09-16 15:37:25.547,416.5005047513304,15
2024-09-16 15:37:25.635,416.5031766458447,11
2024-09-16 15:37:25.900,416.5057976216512,999
2024-09-16 15:37:26.836,416.5090434154896,997
2024-09-16 15:37:26.884,416.5226981781291,9
2024-09-16 15:37:27.051,416.5067770724186,98
2024-09-16 15:37:27.052,416.5355054092248,99
2024-09-16 15:37:27.091,416.51639361986656,1005
2024-09-16 15:37:27.130,416.5449259863918,10
2024-09-16 15:37:27.176,416.51413738749113,101
2024-09-16 15:37:27.209,416.5084577284405,13
2024-09-16 15:37:27.226,416.5435948591243,14
2024-09-16 15:37:27.306,416.52053512837705,14
2024-09-16 15:37:27.307,416.5519579769921,15
2024-09-16 15:37:27.308,416.4914046023868,104
2024-09-16 15:37:27.348,416.5147564849655,996
2024-09-16 15:37:27.352,416.5322803964752,1001
2024-09-16 15:37:27.460,416.5833652556115,14
2024-09-16 15:37:27.510,416.517832401013,1005
2024-09-16 15:37:27.530,416.5725226882302,1003
2024-09-16 15:37:27.589,416.543585345076,1005
2024-09-16 15:37:27.705,416.47305760853465,96
2024-09-16 15:37:27.729,416.5383238441246,14
2024-09-16 15:37:27.764,416.5154820911261,98
2024-09-16 15:37:27.775,416.5488019108432,99
2024-09-16 15:37:27.779,416.5174837516146,11
2024-09-16 15:37:27.807,416.5223488700778,98
2024-09-16 15:37:27.814,416.5115425881588,997
2024-09-16 15:37:27.895,416.5599454601274,10
2024-09-16 15:37:27.906,416.57190694034966,998
2024-09-16 15:37:27.910,416.50677282619006,5
2024-09-16 15:37:27.932,416.5140220916461,997
2024-09-16 15:37:27.939,416.58992656659177,998
2024-09-16 15:37:28.104,416.513625356949,102
2024-09-16 15:37:28.209,416.5287458268734,998
2024-09-16 15:37:28.222,416.5490734914613,997
2024-09-16 15:37:28.351,416.5204395341647,1005
2024-09-16 15:37:28.356,41.655982899908025,98
2024-09-16 15:37:28.434,416.50948240231867,996
2024-09-16 15:37:28.614,416.5250545615392,8
2024-09-16 15:37:28.703,416.5536133517134,14
2024-09-16 15:37:28.774,416.4962917614405,99
2024-09-16 15:37:28.872,416.5329430412719,15
2024-09-16 15:37:28.908,416.55716441796585,12
2024-09-16 15:37:29.025,416.51949357088057,97
2024-09-16 15:37:29.120,416.537192974094,101
2024-09-16 15:37:29.137,416.5296810728159,11
2024-09-16 15:37:29.144,416.51195415826345,9
2024-09-16 15:37:29.157,416.5426527762792,5
2024-09-16 15:37:29.161,416.53562712293353,14
2024-09-16 15:37:29.256,416.50560046074304,1004
2024-09-16 15:37:29.273,416.54120759508703,13
2024-09-16 15:37:29.421,416.51869651980775,1005
2024-09-16 15:37:29.423,416.5087196507649,9
2024-09-16 15:37:29.499,416.53414448517503,15
2024-09-16 15:37:29.526,416.5145944509381,105
2024-09-16 15:37:29.641,416.5102440092972,100
2024-09-16 15:37:29.643,416.5200093490154,999
2024-09-16 15:37:29.658,416.5413242416282,12
2024-09-16 15:37:29.728,416.5189741673958,102
2024-09-16 15:37:29.820,416.5396060020413,996
2024-09-16 15:37:29.837,416.5338145462991,14
2024-09-16 15:37:29.952,416.5116788719888,14
2024-09-16 15:37:30.108,416.52111598143233,998
2024-09-16 15:37:30.141,416.5437915727643,996
2024-09-16 15:37:30.169,416.57705286600105,105
2024-09-16 15:37:30.215,416.5405619379384,103
2024-09-16 15:37:30.226,416.537591443184,104
2024-09-16 15:37:30.346,416.5204933235375,998
2024-09-16 15:37:30.387,416.56024250815005,96
2024-09-16 15:37:30.569,416.5493959060349,1004
2024-09-16 15:37:30.604,416.5663722830058,10
2024-09-16 15:37:30.620,416.5606618651176,95
2024-09-16 15:37:30.650,416.5354666918354,6
2024-09-16 15:37:30.652,416.54484369932845,1004
2024-09-16 15:37:30.851,416.540449029271,1002
2024-09-16 15:37:30.856,416.5473715585232,105
2024-09-16 15:37:30.874,416.56802407423794,12
2024-09-16 15:37:30.885,416.5578745696624,98
2024-09-16 15:37:30.907,416.5348755553828,6
2024-09-16 15:37:31.225,416.5623117184665,103
2024-09-16 15:37:31.231,416.54127242681983,1004
2024-09-16 15:37:31.321,416.5519558202743,996
2024-09-16 15:37:31.335,416.5535688872409,997
2024-09-16 15:37:31.394,416.556643716125,11
2024-09-16 15:37:31.443,41.65607389893778,997
2024-09-16 15:37:31.605,416.5707540402248,10
2024-09-16 15:37:31.763,416.5692900260994,6
2024-09-16 15:37:31.921,416.5650307301168,103
2024-09-16 15:37:31.950,416.5619276720474,8
2024-09-16 15:37:31.972,416.5641572200012,103
2024-09-16 15:37:32.006,416.5393937342918,995
2024-09-16 15:37:33.819,416.54090482118215,1003
2024-09-16 15:37:34.111,416.5153125630349,11
2024-09-16 15:37:34.124,416.5302308285148,1000
2024-09-16 15:37:34.204,416.52748919133967,98
2024-09-16 15:37:34.214,416.5333469972993,100
2024-09-16 15:37:34.253,416.499905462382,97
2024-09-16 15:37:34.272,416.540986184932,999
2024-09-16 15:37:34.279,416.5562517485731,1004
2024-09-16 15:37:34.311,416.5653609501444,95
2024-09-16 15:37:34.331,416.5431451624704,103
2024-09-16 15:37:34.340,416.56032256789535,96
2024-09-16 15:37:34.436,416.5607880370197,10
2024-09-16 15:37:34.471,416.5186358282596,6
2024-09-16 15:37:34.537,416.4935685312425,100
2024-09-16 15:37:34.619,416.526192689291,1003
2024-09-16 15:37:34.634,416.5134388190805,99
2024-09-16 15:37:34.681,416.5049764484077,95
2024-09-16 15:37:34.731,416.5586106776625,98
2024-09-16 15:37:34.772,416.5035409873705,999
2024-09-16 15:37:34.800,416.53947988126265,103
2024-09-16 15:37:34.826,416.546760963015,100
2024-09-16 15:37:34.838,416.5330091346682,997
2024-09-16 15:37:34.840,416.5262072438962,5
2024-09-16 15:37:34.859,416.4842442565642,1005
2024-09-16 15:37:34.860,416.4989583707384,5
2024-09-16 15:37:34.877,416.56443809482175,97
2024-09-16 15:37:34.942,416.5704803112427,12
2024-09-16 15:37:35.082,416.5723193697545,1004
2024-09-16 15:37:35.130,416.5662029396385,997
2024-09-16 15:37:35.146,416.5503018100074,997
2024-09-16 15:37:35.151,416.5467214366474,95
2024-09-16 15:37:35.177,416.53378608937646,1003
2024-09-16 15:37:35.216,416.5092921687128,98
2024-09-16 15:37:35.256,416.517693705107,5
2024-09-16 15:37:35.312,416.5620036016665,11
2024-09-16 15:37:35.315,416.5034951581164,1004
2024-09-16 15:37:35.404,416.5223888168762,1003
2024-09-16 15:37:35.504,416.5327723503041,103
2024-09-16 15:37:35.618,416.5051619667525,104
2024-09-16 15:37:35.753,416.5735262979994,99
2024-09-16 15:37:35.793,416.508523536871,998
2024-09-16 15:37:35.795,416.5148322353135,102
2024-09-16 15:37:35.829,416.5162270522816,1001
2024-09-16 15:37:36.027,416.5585116481826,5
2024-09-16 15:37:36.076,416.4618316563881,105
2024-09-16 15:37:36.095,416.55940114748114,9
2024-09-16 15:37:36.207,416.5657867970685,14
2024-09-16 15:37:36.520,416.5333393301796,96
2024-09-16 15:37:36.535,416.5771091084379,14
2024-09-16 15:37:36.627,416.54029274600987,1002
2024-09-16 15:37:36.644,416.5297379771283,1004
2024-09-16 15:37:36.723,416.564552244531,1002
2024-09-16 15:37:36.962,416.54943966397207,1005
2024-09-16 15:37:37.035,416.5459293114183,999
2024-09-16 15:37:37.041,416.5392719351557,101
2024-09-16 15:37:37.093,416.555945717308,995
2024-09-16 15:37:37.095,416.5571735113279,11
2024-09-16 15:37:37.261,416.58202977231394,102
2024-09-16 15:37:37.432,416.565883106925,103
2024-09-16 15:37:37.469,416.5792682398677,6
2024-09-16 15:37:37.502,416.5738786870952,10
2024-09-16 15:37:37.550,416.5817315199005,995
2024-09-16 15:37:37.629,416.56971995812745,104
2024-09-16 15:37:37.642,416.5475129694319,6
2024-09-16 15:37:37.665,416.5347952846481,13
2024-09-16 15:37:37.746,416.5583978594484,1005
2024-09-16 15:37:37.759,416.567265268216,995
2024-09-16 15:37:37.797,416.5559998957863,103
2024-09-16 15:37:37.886,416.51970034874574,1005
2024-09-16 15:37:37.887,416.5574180849637,100
2024-09-16 15:37:38.005,41.66165388229477,102
2024-09-16 15:37:38.017,416.5670885821245,100
2024-09-16 15:37:38.039,416.6090574961015,10
2024-09-16 15:37:38.049,416.5664568867653,999
2024-09-16 15:37:38.124,416.5857882547921,99
2024-09-16 15:37:38.131,416.64971543073415,9
2024-09-16 15:37:38.140,416.5793060221796,6
2024-09-16 15:37:38.153,416.5624938494964,1001
2024-09-16 15:37:38.236,416.5669984073211,9
2024-09-16 15:37:38.255,416.6007877072187,103
2024-09-16 15:37:38.265,416.6442085870577,1002
2024-09-16 15:37:38.340,416.5780017450815,1000
2024-09-16 15:37:38.497,416.57933178527287,5
2024-09-16 15:37:38.574,416.63591461589687,10
2024-09-16 15:37:38.614,416.5923714108968,97
2024-09-16 15:37:38.645,416.5740062656382,104
2024-09-16 15:37:38.729,416.5756118086617,1004
2024-09-16 15:37:38.812,416.6380218752365,97
2024-09-16 15:37:38.826,416.6455257878415,995
2024-09-16 15:37:38.965,416.5762454537793,997
2024-09-16 15:37:39.025,416.6842318498613,1001
2024-09-16 15:37:39.073,416.722147981943,1001
2024-09-16 15:37:39.089,416.7121381020567,101
2024-09-16 15:37:39.110,416.71681980514205,12
2024-09-16 15:37:39.149,416.7146214178189,1003
2024-09-16 15:37:39.195,416.6452660971057,97
2024-09-16 15:37:39.239,41.66737443151671,5
2024-09-16 15:37:39.310,416.7242311558246,10
2024-09-16 15:37:39.388,416.6589246533607,997
2024-09-16 15:37:39.462,416.7312887168463,1003
2024-09-16 15:37:39.606,416.7406212282486,1005
2024-09-16 15:37:39.653,416.6537527823751,999
2024-09-16 15:37:39.717,416.37726844016896,14
2024-09-16 15:37:39.764,416.7234393524036,6
2024-09-16 15:37:39.786,416.7316512754165,104
2024-09-16 15:37:39.810,416.7267194007356,97
2024-09-16 15:37:39.891,416.7324981531255,996
2024-09-16 15:37:39.906,416.6554930769488,5
2024-09-16 15:37:39.943,416.38574788226055,100
2024-09-16 15:37:39.955,416.68904823103816,13
2024-09-16 15:37:40.096,416.6173625018942,1000
2024-09-16 15:37:40.141,416.7087160184604,8
2024-09-16 15:37:40.143,416.7197480229605,95
2024-09-16 15:37:40.196,416.6229780759075,14
2024-09-16 15:37:40.219,416.6192101605279,96
2024-09-16 15:37:40.224,416.7108726872759,1001
2024-09-16 15:37:40.259,416.7405301592216,996
2024-09-16 15:37:40.389,416.7403004364732,11
2024-09-16 15:37:40.407,416.6585549389824,102
2024-09-16 15:37:40.474,416.71364374469374,997
2024-09-16 15:37:40.500,416.6565437193267,101
2024-09-16 15:37:40.506,416.7218563279831,998
2024-09-16 15:37:40.577,416.6842675182972,1003
2024-09-16 15:37:40.586,416.6253031126383,13
2024-09-16 15:37:40.614,416.7247814315462,7
2024-09-16 15:37:40.703,416.7076810019713,6
2024-09-16 15:37:40.789,416.6319431373216,104
2024-09-16 15:37:40.890,416.7601134037277,103
2024-09-16 15:37:40.895,416.6792623060051,995
2024-09-16 15:37:40.920,416.7323431237075,11
2024-09-16 15:37:40.934,416.6732473478655,995
2024-09-16 15:37:40.941,416.7159395271262,8
2024-09-16 15:37:40.964,416.749599688386,104
2024-09-16 15:37:40.984,416.7270435109453,1002
2024-09-16 15:37:41.040,416.60129784832736,6
2024-09-16 15:37:41.149,416.5603116698055,96
2024-09-16 15:37:41.157,416.5801409738347,5
2024-09-16 15:37:41.215,416.5463922690425,103
2024-09-16 15:37:41.239,416.5575224157821,996
2024-09-16 15:37:41.265,416.530822178761,1000
2024-09-16 15:37:41.286,416.5455678165973,105
2024-09-16 15:37:41.322,416.59838072132,995
2024-09-16 15:37:41.389,416.53988645253537,7
2024-09-16 15:37:41.412,416.5360094184628,95
2024-09-16 15:37:41.415,416.5492741877184,98
2024-09-16 15:37:41.553,416.5571916561877,105
2024-09-16 15:37:41.616,416.5837163924494,99
2024-09-16 15:37:41.623,416.5965453747765,1000
2024-09-16 15:37:41.646,416.55027427012726,10
2024-09-16 15:37:41.695,416.6038286375714,995
2024-09-16 15:37:41.914,416.5266852873736,97
2024-09-16 15:37:41.940,416.5968923886243,95
2024-09-16 15:37:41.966,416.58624281469935,1000
2024-09-16 15:37:41.984,416.5727735745612,95
2024-09-16 15:37:43.149,416.6078518906257,998
2024-09-16 15:37:43.242,416.6038504744211,1001
2024-09-16 15:37:43.281,416.5683190925173,1001
2024-09-16 15:37:43.295,416.5797287321815,6
2024-09-16 15:37:43.314,416.6007735070722,15
2024-09-16 15:37:43.334,416.5358438928927,11
2024-09-16 15:37:43.368,416.5962608624349,101
2024-09-16 15:37:43.391,416.5953022686708,95
2024-09-16 15:37:43.471,416.5983784907076,996
2024-09-16 15:37:43.475,416.562251319882,11
2024-09-16 15:37:43.505,416.5862481907992,95
2024-09-16 15:37:43.543,416.5605298412286,95
2024-09-16 15:37:43.582,416.57127989629663,997
2024-09-16 15:37:43.632,416.5618637411127,1004
2024-09-16 15:37:43.640,416.5563420338739,996
2024-09-16 15:37:43.653,416.57694052498726,99
2024-09-16 15:37:43.710,416.566288221978,103
2024-09-16 15:37:43.785,416.55564223299615,7
2024-09-16 15:37:43.800,416.5887179212775,98
2024-09-16 15:37:43.875,416.5788379747365,15
2024-09-16 15:37:43.883,416.5807707851783,1004
2024-09-16 15:37:43.920,416.6099851508147,13
2024-09-16 15:37:43.960,416.5480841715122,95
2024-09-16 15:37:44.002,416.6007481000673,999
2024-09-16 15:37:44.021,416.5877074189165,103
2024-09-16 15:37:44.021,416.570502524037,10
2024-09-16 15:37:44.034,416.5705476135301,1003
2024-09-16 15:37:44.092,416.565750641865,1001
2024-09-16 15:37:44.115,416.6030510482818,11
2024-09-16 15:37:44.142,416.5811287452485,7
2024-09-16 15:37:44.223,416.61196062929264,10
2024-09-16 15:37:44.263,416.584291643192,8
2024-09-16 15:37:44.325,416.6014029398676,1001
2024-09-16 15:37:44.336,416.58261868046975,997
2024-09-16 15:37:44.363,416.5883602326001,1000
2024-09-16 15:37:44.374,416.5825441264723,1005
2024-09-16 15:37:44.375,416.6182320462071,1002
2024-09-16 15:37:44.433,416.6078653624758,101
2024-09-16 15:37:44.479,416.6102649266437,999
2024-09-16 15:37:44.516,416.5865193737556,1003
2024-09-16 15:37:44.523,416.5893967576906,6
2024-09-16 15:37:44.539,416.6221921931625,14
2024-09-16 15:37:44.562,416.57700334624906,1003
2024-09-16 15:37:44.576,416.6003709280173,9
2024-09-16 15:37:44.607,416.6109125336594,101
2024-09-16 15:37:44.641,416.6135340585025,98
2024-09-16 15:37:44.682,416.5867493207896,11
2024-09-16 15:37:44.703,416.5997816864423,1005
2024-09-16 15:37:44.881,416.5890863546127,13
2024-09-16 15:37:44.912,416.5903524955279,1004
2024-09-16 15:37:44.950,416.55868649464816,998
2024-09-16 15:37:45.105,416.5872670957541,105
2024-09-16 15:37:45.526,416.57920272983273,999
2024-09-16 15:37:45.754,416.5936177938378,99
2024-09-16 15:37:46.009,416.674921517411,12
2024-09-16 15:37:46.109,416.5939785291404,95
2024-09-16 15:37:46.161,416.6360539083904,99
2024-09-16 15:37:46.182,416.6721093576612,104
2024-09-16 15:37:46.208,,9
2024-09-16 15:37:46.239,416.6249889059495,6
2024-09-16 15:37:46.297,416.59268938190615,1000
2024-09-16 15:37:46.350,416.60289660738647,996
2024-09-16 15:37:46.377,416.58645064537353,15
2024-09-16 15:37:46.468,416.66733205015953,100
2024-09-16 15:37:46.483,416.6296571776816,7
2024-09-16 15:37:46.484,416.63293893916585,995
2024-09-16 15:37:46.492,,996
2024-09-16 15:37:46.507,416.59503661428096,105
2024-09-16 15:37:46.531,416.5881363607764,1002
2024-09-16 15:37:46.548,416.66752781091554,12
2024-09-16 15:37:46.551,416.6223671982412,99
2024-09-16 15:37:46.629,416.6549809913167,9
2024-09-16 15:37:46.630,416.6079273375437,104
2024-09-16 15:37:46.716,416.5797702736123,6
2024-09-16 15:37:46.725,416.6652123321441,5
2024-09-16 15:37:46.746,416.58301553239215,11
2024-09-16 15:37:46.776,416.67494277851057,5
2024-09-16 15:37:46.981,416.6697825160948,996
2024-09-16 15:37:47.371,416.6402856076151,12
2024-09-16 15:37:47.866,416.64706352554026,1004
2024-09-16 15:37:47.969,416.6356246152948,10
2024-09-16 15:37:48.124,416.531822642173,1005
2024-09-16 15:37:48.207,416.6015607464104,6
2024-09-16 15:37:48.235,416.51631963039017,101
2024-09-16 15:37:48.277,416.60576150546194,102
2024-09-16 15:37:48.382,416.5674896458061,97
2024-09-16 15:37:48.399,416.5564408731851,1004
2024-09-16 15:37:48.406,416.5484175519075,8
2024-09-16 15:37:48.417,416.5804947124442,6
2024-09-16 15:37:48.464,416.5962224422981,9
2024-09-16 15:37:48.499,416.5804220147125,105
2024-09-16 15:37:48.565,416.5215159800387,5
2024-09-16 15:37:48.589,416.5184741815006,998
2024-09-16 15:37:48.595,416.6294690482208,7
2024-09-16 15:37:48.608,416.5830327063637,98
2024-09-16 15:37:48.650,416.5784735425086,1004
2024-09-16 15:37:48.705,416.5780793127413,6
2024-09-16 15:37:48.722,416.578790397186,95
2024-09-16 15:37:48.751,416.596925566912,9
2024-09-16 15:37:48.774,416.533155395873,12
2024-09-16 15:37:48.791,416.5532756969209,14
2024-09-16 15:37:48.808,416.5358213918425,1001
2024-09-16 15:37:48.833,416.5137811587334,15
2024-09-16 15:37:48.839,416.5814743615561,998
2024-09-16 15:37:48.860,416.6058900893038,13
2024-09-16 15:37:48.911,416.5631115068304,14
2024-09-16 15:37:48.933,416.5654075591912,101
2024-09-16 15:37:48.949,416.6060522362669,15
2024-09-16 15:37:48.963,416.6153095358718,1000
2024-09-16 15:37:48.988,416.5616413883944,6
2024-09-16 15:37:49.020,416.6056119443142,102
2024-09-16 15:37:49.061,416.6057481103492,1003
2024-09-16 15:37:49.082,416.62715091363015,8
2024-09-16 15:37:49.098,416.6420611716917,13
2024-09-16 15:37:49.143,416.54714934227394,96
2024-09-16 15:37:49.154,416.5390079139082,15
2024-09-16 15:37:49.220,416.5699153999517,1002
2024-09-16 15:37:49.230,416.60387656476166,95
2024-09-16 15:37:49.246,416.6437766907081,101
2024-09-16 15:37:49.404,416.6122840466701,100
2024-09-16 15:37:49.439,416.6134359916279,1004
2024-09-16 15:37:49.477,416.6015995966882,7
2024-09-16 15:37:49.539,416.6141017895677,995
2024-09-16 15:37:49.571,416.6152746804217,105
2024-09-16 15:37:49.573,416.549358149774,10
2024-09-16 15:37:49.604,416.5969782717676,99
2024-09-16 15:37:49.621,,101
2024-09-16 15:37:49.632,416.604480596481,97
2024-09-16 15:37:49.641,416.6294200822729,1003
2024-09-16 15:37:49.713,416.5532295704549,12
2024-09-16 15:37:49.719,416.6035608544501,104
2024-09-16 15:37:49.741,416.6273170467293,13
2024-09-16 15:37:49.779,416.6040784432125,104
2024-09-16 15:37:49.789,416.5328452052789,98
2024-09-16 15:37:49.802,416.647289825698,99
2024-09-16 15:37:49.852,416.6113021552782,6
2024-09-16 15:37:49.862,416.5546028424882,1004
2024-09-16 15:37:49.980,416.5256434992109,97
2024-09-16 15:37:49.989,416.60362243355326,9
2024-09-16 15:37:49.995,416.63951803892127,998
2024-09-16 15:37:50.216,416.5212740714068,97
2024-09-16 15:37:50.231,416.5068678523261,103
2024-09-16 15:37:50.234,416.52435148959546,6
2024-09-16 15:37:50.260,416.5819922507933,11
2024-09-16 15:37:50.261,416.53078341789166,1005
2024-09-16 15:37:50.311,416.5573401553572,103
2024-09-16 15:37:50.347,416.5272883226383,997
2024-09-16 15:37:50.355,416.552122270126,999
2024-09-16 15:37:50.380,416.51255189853975,12
2024-09-16 15:37:50.417,416.5818754212473,1003
2024-09-16 15:37:50.475,416.53881130242286,98
2024-09-16 15:37:50.483,416.5368190952048,996
2024-09-16 15:37:50.544,416.5135040617796,101
2024-09-16 15:37:50.585,416.5244926684011,13
2024-09-16 15:37:50.610,416.52029500317457,96
2024-09-16 15:37:50.625,416.5282495655384,96
2024-09-16 15:37:50.637,416.5927846973877,12
2024-09-16 15:37:50.704,416.5767626040629,999
2024-09-16 15:37:50.710,416.5221215610098,101
2024-09-16 15:37:50.771,416.5164764490499,1005
2024-09-16 15:37:50.796,416.5315014055165,103
2024-09-16 15:37:50.816,416.6071728648242,998
2024-09-16 15:37:50.835,416.57476577819546,999
2024-09-16 15:37:50.857,416.6037592940057,8
2024-09-16 15:37:50.881,416.5977828165418,104
2024-09-16 15:37:50.906,416.525030750356,96
2024-09-16 15:37:50.920,416.5847832020441,100
2024-09-16 15:37:50.930,416.5361744153021,97
2024-09-16 15:37:50.946,416.5870306081221,8
2024-09-16 15:37:50.987,416.5214953010534,14
2024-09-16 15:37:51.027,416.5294815045778,98
2024-09-16 15:37:51.098,416.5225720833192,1002
2024-09-16 15:37:51.241,416.4938846190087,103
2024-09-16 15:37:51.254,41.65251726441212,103
2024-09-16 15:37:51.278,416.4988404853171,11
2024-09-16 15:37:51.288,416.5410296629495,9
2024-09-16 15:37:51.350,416.5353952216804,105
2024-09-16 15:37:51.406,416.4932493817216,11
2024-09-16 15:37:51.417,416.4806621738553,997
2024-09-16 15:37:51.521,416.5041648183854,105
2024-09-16 15:37:51.524,416.5173617101118,15
2024-09-16 15:37:51.533,416.4884570444221,97
2024-09-16 15:37:51.566,416.512261662844,6
2024-09-16 15:37:51.595,416.4862695159063,12
2024-09-16 15:37:51.595,416.5231100191172,6
2024-09-16 15:37:51.641,416.5402018185967,996
2024-09-16 15:37:51.648,416.504910952136,1000
2024-09-16 15:37:51.688,416.50951929038325,8
2024-09-16 15:37:51.729,416.5047406781893,97
2024-09-16 15:37:51.754,416.5131028924734,15
2024-09-16 15:37:51.764,416.51503966129263,103
2024-09-16 15:37:51.765,416.5273600644615,996
2024-09-16 15:37:51.816,416.51115294843936,1001
2024-09-16 15:37:51.852,416.50274398612834,97
2024-09-16 15:37:51.852,416.50042448031326,99
2024-09-16 15:37:51.896,416.5190550306247,98
2024-09-16 15:37:51.933,416.501215258494,1000
2024-09-16 15:37:51.967,416.5181460940923,1002
2024-09-16 15:37:51.985,416.5042922441993,1003
2024-09-16 15:37:51.988,416.5112588805383,1000
2024-09-16 15:37:52.978,416.52312226356287,998
2024-09-16 15:37:53.013,416.51784701943353,998
2024-09-16 15:37:53.067,416.5019041046679,1003
2024-09-16 15:37:53.159,416.5221796760764,100
2024-09-16 15:37:53.192,416.5464323732659,12
2024-09-16 15:37:53.208,416.5282426303834,100
2024-09-16 15:37:53.403,416.4949840791932,97
2024-09-16 15:37:53.409,416.5250448961585,100
2024-09-16 15:37:53.475,416.5154442362724,99
2024-09-16 15:37:53.484,416.5128861071268,995
2024-09-16 15:37:53.511,416.4881864857197,1004
2024-09-16 15:37:53.524,-416.4826874859687,999
2024-09-16 15:37:53.526,416.4743558491409,13
2024-09-16 15:37:53.655,416.4959639366744,1005
2024-09-16 15:37:53.656,416.5422219150692,15
2024-09-16 15:37:53.699,416.48209888764,98
2024-09-16 15:37:53.721,416.50969431309534,14
2024-09-16 15:37:53.834,416.486663052952,12
2024-09-16 15:37:53.896,416.5345638444624,103
2024-09-16 15:37:54.015,416.521052335323,999
2024-09-16 15:37:54.137,416.5281585701856,6
2024-09-16 15:37:54.140,416.4698291897406,999
2024-09-16 15:37:54.257,416.5037656836742,14
2024-09-16 15:37:54.334,416.4912650549908,102
2024-09-16 15:37:54.423,416.54635255812303,13
2024-09-16 15:37:54.523,416.4957437751681,104
2024-09-16 15:37:54.530,416.32551986648576,102
2024-09-16 15:37:54.571,416.53351526232507,11
2024-09-16 15:37:54.604,416.5109309209517,999
2024-09-16 15:37:54.612,416.5431465169041,105
2024-09-16 15:37:54.652,416.545462535044,1001
2024-09-16 15:37:54.681,416.55652869160224,11
2024-09-16 15:37:54.730,416.5002940545115,1000
2024-09-16 15:37:54.751,416.4783856207271,96
2024-09-16 15:37:54.785,416.50771869824376,100
2024-09-16 15:37:54.833,416.5164122249335,1001
2024-09-16 15:37:54.851,416.5120679068919,101
2024-09-16 15:37:54.912,416.5225043226376,9
2024-09-16 15:37:54.918,416.4769577113722,5
2024-09-16 15:37:54.946,416.4730410894159,98
2024-09-16 15:37:55.065,416.5200344298933,998
2024-09-16 15:37:55.074,416.5162992099621,13
2024-09-16 15:37:55.305,416.5251162865284,998
2024-09-16 15:37:55.327,416.5137803403298,100
2024-09-16 15:37:55.428,416.51839465765,997
2024-09-16 15:37:55.632,416.52539377276855,997
2024-09-16 15:37:55.726,416.520059572953,8
2024-09-16 15:37:55.784,416.5208829344608,1003
2024-09-16 15:37:55.798,416.5138496487943,1000
2024-09-16 15:37:55.800,416.5275250886701,999
2024-09-16 15:37:55.841,416.50497335521817,1000
2024-09-16 15:37:56.078,416.5606750174675,102
2024-09-16 15:37:56.231,416.5352617350744,997
2024-09-16 15:37:56.337,416.54879523917305,11
2024-09-16 15:37:56.443,416.5809134193074,104
2024-09-16 15:37:56.520,416.5782981786719,95
2024-09-16 15:37:56.545,416.5399802995047,1002
2024-09-16 15:37:56.600,416.5759652704409,103
2024-09-16 15:37:56.637,416.5904495296328,100
2024-09-16 15:37:56.874,416.3683540853602,99
2024-09-16 15:37:56.948,416.5956023288564,995
2024-09-16 15:37:57.008,416.601173042645,1005
2024-09-16 15:37:57.020,416.59687499740943,998
2024-09-16 15:37:57.044,416.60821638271216,11
2024-09-16 15:37:57.056,416.6203135920527,99
2024-09-16 15:37:57.081,416.6023782645639,5
2024-09-16 15:37:57.097,416.6390234133922,999
2024-09-16 15:37:57.137,416.57484747957545,104
2024-09-16 15:37:57.161,416.64419504587886,104
2024-09-16 15:37:57.197,416.5814774682081,105
2024-09-16 15:37:57.237,416.5769388778318,96
2024-09-16 15:37:57.249,416.56487525791385,104
2024-09-16 15:37:57.256,416.6276234356253,100
2024-09-16 15:37:57.276,416.5879895583068,998
2024-09-16 15:37:57.296,416.56461699129807,10
2024-09-16 15:37:57.312,416.6573409691597,7
2024-09-16 15:37:57.362,416.6285560597439,100
2024-09-16 15:37:57.366,416.6223578752361,11
2024-09-16 15:37:57.388,416.6421957590673,100
2024-09-16 15:37:57.431,416.6242654909614,1004
2024-09-16 15:37:57.512,416.60193808503885,14
2024-09-16 15:37:57.512,416.6177034172889,105
2024-09-16 15:37:57.588,416.5735401248985,97
2024-09-16 15:37:57.615,416.636567718804,105
2024-09-16 15:37:57.701,416.58981417752807,105
2024-09-16 15:37:57.726,416.61796448850674,105
2024-09-16 15:37:57.793,416.6224461800965,7
2024-09-16 15:37:57.837,416.6086127454665,11
2024-09-16 15:37:57.872,416.6141304068772,95
2024-09-16 15:37:57.918,416.6231645633383,1003
2024-09-16 15:37:57.930,416.6095680073034,998
2024-09-16 15:37:58.038,416.67773299257055,996
2024-09-16 15:37:58.174,416.6652644620668,1004
2024-09-16 15:37:58.180,416.7051823765563,95
2024-09-16 15:37:58.255,416.68461476733546,999
2024-09-16 15:37:58.360,416.6469675965365,102
2024-09-16 15:37:58.503,416.66580642488776,1001
2024-09-16 15:37:58.637,416.69111051336535,7
2024-09-16 15:37:58.649,416.6839777937068,1005
2024-09-16 15:37:58.817,416.6981860333111,1000
2024-09-16 15:37:58.905,416.66425762664727,96
2024-09-16 15:37:58.949,416.6867191348748,1001
2024-09-16 15:37:58.959,416.6769524474514,1002
2024-09-16 15:37:59.003,416.693588245799,995
2024-09-16 15:37:59.085,416.6732589168915,996
2024-09-16 15:37:59.095,416.7231938575899,11
2024-09-16 15:37:59.137,416.7213827856479,99
2024-09-16 15:37:59.145,416.6631361464768,996
2024-09-16 15:37:59.146,416.6951305342466,8
2024-09-16 15:37:59.250,416.6808206301105,9
2024-09-16 15:37:59.396,416.6723093330668,997
2024-09-16 15:37:59.435,416.7047530303088,15
2024-09-16 15:37:59.437,416.7024457902693,1005
2024-09-16 15:37:59.441,416.6839518457055,95
2024-09-16 15:37:59.483,416.6755540091111,10
2024-09-16 15:37:59.500,416.71854602063934,11
2024-09-16 15:37:59.551,-416.7132734100227,11
2024-09-16 15:37:59.556,416.7117873174415,11
2024-09-16 15:37:59.563,416.7065141602489,1002
2024-09-16 15:37:59.636,416.6958848456465,995
2024-09-16 15:37:59.658,416.6992573685887,12
2024-09-16 15:37:59.658,416.7100741690089,97
2024-09-16 15:37:59.702,416.7159199208171,96
2024-09-16 15:37:59.717,416.72341280704165,999
2024-09-16 15:37:59.719,416.72839076466727,103
2024-09-16 15:37:59.725,416.6771378932886,5
2024-09-16 15:37:59.757,416.70494760490266,1000
2024-09-16 15:37:59.765,416.70785876720106,105
2024-09-16 15:37:59.879,,95
2024-09-16 15:37:59.884,416.6994179973437,11
2024-09-16 15:37:59.952,416.6977990726567,100
