Timestamp,Price,Size
2024-09-16 11:16:00.779,415.8735778680085,7
2024-09-16 11:16:01.106,415.8677363986152,995
2024-09-16 11:16:01.153,415.8578603048976,1001
2024-09-16 11:16:01.309,415.8711175322286,1001
2024-09-16 11:16:01.414,415.867489393692,1002
2024-09-16 11:16:01.597,415.88162011815206,995
2024-09-16 11:16:01.683,415.8709499451333,997
2024-09-16 11:16:01.821,415.8592374867593,13
2024-09-16 11:16:01.992,415.8727648600712,14
2024-09-16 11:16:02.023,415.8865017111296,98
2024-09-16 11:16:02.047,415.8659603611554,7
2024-09-16 11:16:02.077,415.8710101032288,1000
2024-09-16 11:16:02.117,415.86742355790136,13
2024-09-16 11:16:02.149,415.85621335432097,998
2024-09-16 11:16:02.280,415.87938710609205,1002
2024-09-16 11:16:02.378,415.8716225361741,8
2024-09-16 11:16:02.451,415.88349033056784,97
2024-09-16 11:16:02.667,415.87809891827686,1005
2024-09-16 11:16:02.847,415.8593730909395,10
2024-09-16 11:16:02.903,415.8543395529481,99
2024-09-16 11:16:02.978,415.8888693140316,11
2024-09-16 11:16:03.046,415.8765808582498,15
2024-09-16 11:16:03.108,415.8640447637029,1003
2024-09-16 11:16:03.173,415.8485557216291,10
2024-09-16 11:16:03.355,415.83737762869976,13
2024-09-16 11:16:03.445,415.8592443649372,101
2024-09-16 11:16:03.528,41.5848861130512,6
2024-09-16 11:16:03.577,415.8524385284369,103
2024-09-16 11:16:03.647,415.8640261016966,6
2024-09-16 11:16:03.745,-415.87104285359806,104
2024-09-16 11:16:03.765,415.8515431354136,9
2024-09-16 11:16:03.772,415.8652329045802,6
2024-09-16 11:16:03.804,415.8475924070832,6
2024-09-16 11:16:03.879,415.8678484184538,1004
2024-09-16 11:16:03.986,415.86825714538617,102
2024-09-16 11:16:04.515,415.8456178041452,98
2024-09-16 11:16:04.826,415.8598123821498,15
2024-09-16 11:16:05.028,415.8497958557599,104
2024-09-16 11:16:05.060,415.8141017895457,1004
2024-09-16 11:16:05.069,415.84804320775055,999
2024-09-16 11:16:05.201,415.8087905769645,996
2024-09-16 11:16:05.303,415.83992846977617,10
2024-09-16 11:16:05.308,415.7983307741857,103
2024-09-16 11:16:05.482,415.8134707584896,96
2024-09-16 11:16:05.775,415.8574797400364,103
2024-09-16 11:16:05.831,415.81010177783554,97
2024-09-16 11:16:05.841,415.8411337024815,1000
2024-09-16 11:16:06.069,415.78929832797854,11
2024-09-16 11:16:06.099,415.79154189711033,15
2024-09-16 11:16:06.127,415.86853270340896,998
2024-09-16 11:16:06.143,415.8053488601534,104
2024-09-16 11:16:06.280,415.8121530352284,13
2024-09-16 11:16:06.282,415.81597367644105,1004
2024-09-16 11:16:06.322,415.7933026578461,15
2024-09-16 11:16:06.324,415.84408484946914,999
2024-09-16 11:16:06.418,415.8555781905762,103
2024-09-16 11:16:06.447,415.8038233562351,14
2024-09-16 11:16:06.461,415.8099066760517,96
2024-09-16 11:16:06.462,415.79468916137074,6
2024-09-16 11:16:06.492,415.7921044780383,996
2024-09-16 11:16:06.499,415.846640219574,999
2024-09-16 11:16:06.528,415.82622708040384,95
2024-09-16 11:16:06.600,415.8323516755645,12
2024-09-16 11:16:06.699,415.7917831369292,101
2024-09-16 11:16:06.715,415.78899800554393,1003
2024-09-16 11:16:06.751,415.8700109119374,13
2024-09-16 11:16:06.760,415.7964530211681,1005
2024-09-16 11:16:07.080,415.8321075083664,98
2024-09-16 11:16:07.093,415.8217903465721,998
2024-09-16 11:16:07.135,415.80990308154594,11
2024-09-16 11:16:07.171,415.8201259629504,996
2024-09-16 11:16:07.439,415.81620793996615,999
2024-09-16 11:16:07.465,415.8038635505288,12
2024-09-16 11:16:07.467,415.8140449631973,1001
2024-09-16 11:16:07.538,415.8059323372338,10
2024-09-16 11:16:07.609,415.8104867846678,95
2024-09-16 11:16:07.701,415.84561336891056,9
2024-09-16 11:16:07.893,415.821885301085,101
2024-09-16 11:16:07.952,415.8171761602569,1003
2024-09-16 11:16:08.141,415.8459221428192,995
2024-09-16 11:16:08.158,415.8645851352322,14
2024-09-16 11:16:08.195,415.8524354374414,997
2024-09-16 11:16:08.196,415.8489902743424,8
2024-09-16 11:16:08.203,415.8082406432498,97
2024-09-16 11:16:08.317,415.8342851705693,14
2024-09-16 11:16:08.339,415.8514456956875,96
2024-09-16 11:16:08.354,415.8372679724175,98
2024-09-16 11:16:08.385,415.8288220690349,6
2024-09-16 11:16:08.407,415.81991562181,14
2024-09-16 11:16:08.430,415.8563643297899,105
2024-09-16 11:16:08.445,415.8306557631286,1000
2024-09-16 11:16:08.462,415.8232673695695,13
2024-09-16 11:16:08.522,415.8461017801321,13
2024-09-16 11:16:08.532,415.8540103030331,11
2024-09-16 11:16:08.542,415.8655384735868,999
2024-09-16 11:16:08.588,415.84295657117616,15
2024-09-16 11:16:08.684,415.8382425255514,13
2024-09-16 11:16:08.722,415.85761431997065,996
2024-09-16 11:16:08.769,415.8411844293036,99
2024-09-16 11:16:08.770,415.8462558797194,100
2024-09-16 11:16:08.779,415.8551022512648,8
2024-09-16 11:16:08.823,415.8522610924308,997
2024-09-16 11:16:08.834,415.8267029193719,9
2024-09-16 11:16:08.850,415.8559100958395,1000
2024-09-16 11:16:08.867,415.85424076136985,96
2024-09-16 11:16:08.912,415.8507096862909,12
2024-09-16 11:16:08.934,415.8219842597848,99
2024-09-16 11:16:08.956,415.8361127130394,11
2024-09-16 11:16:09.001,415.9124757507097,12
2024-09-16 11:16:09.041,415.98652508371407,100
2024-09-16 11:16:09.076,415.96998085150506,13
2024-09-16 11:16:09.182,415.9537723103928,104
2024-09-16 11:16:09.217,415.95536083196777,8
2024-09-16 11:16:09.266,415.9085993701355,95
2024-09-16 11:16:09.317,415.96667825360913,97
2024-09-16 11:16:09.350,415.9560347091585,98
2024-09-16 11:16:09.371,415.98024935905136,105
2024-09-16 11:16:09.438,415.97714662905537,105
2024-09-16 11:16:09.477,415.9696975042197,15
2024-09-16 11:16:09.494,415.9834110716269,8
2024-09-16 11:16:09.513,415.9540447419547,1004
2024-09-16 11:16:09.535,415.9358793868873,12
2024-09-16 11:16:09.560,415.9661534456303,997
2024-09-16 11:16:09.679,415.8940910338319,100
2024-09-16 11:16:09.687,415.9626783842278,99
2024-09-16 11:16:09.691,415.9189424808519,5
2024-09-16 11:16:09.729,415.9878514234305,999
2024-09-16 11:16:09.784,415.9573618989375,13
2024-09-16 11:16:09.827,415.9603311409835,100
2024-09-16 11:16:09.836,415.8684215211831,105
2024-09-16 11:16:09.887,415.9668892477882,7
2024-09-16 11:16:09.970,415.9528116250124,12
2024-09-16 11:16:10.339,416.01235428469744,95
2024-09-16 11:16:10.362,416.02378027835385,98
2024-09-16 11:16:10.377,416.0099116745529,99
2024-09-16 11:16:10.575,416.02052252247057,995
2024-09-16 11:16:10.621,416.0217161082711,996
2024-09-16 11:16:10.659,415.9915977081401,105
2024-09-16 11:16:10.711,416.0002577949002,102
2024-09-16 11:16:11.027,416.0457693224842,8
2024-09-16 11:16:11.027,416.0231769688576,9
2024-09-16 11:16:11.046,,103
2024-09-16 11:16:11.086,415.99514417964406,99
2024-09-16 11:16:11.126,416.0142410338385,995
2024-09-16 11:16:11.133,416.0358643256926,12
2024-09-16 11:16:11.202,416.0519452207086,997
2024-09-16 11:16:11.212,416.0256264477384,95
2024-09-16 11:16:11.268,416.0278538989824,999
2024-09-16 11:16:11.291,416.0593598118969,1000
2024-09-16 11:16:11.394,416.0026075864203,6
2024-09-16 11:16:11.550,416.01777337113504,104
2024-09-16 11:16:11.584,416.0632844631314,104
2024-09-16 11:16:11.758,416.0255875960896,104
2024-09-16 11:16:11.842,416.0461004159781,996
2024-09-16 11:16:11.876,416.01275390737857,98
2024-09-16 11:16:11.922,416.0361883881147,13
2024-09-16 11:16:12.044,416.0055601731277,12
2024-09-16 11:16:12.058,416.0428216134566,5
2024-09-16 11:16:12.067,416.06857510519086,105
2024-09-16 11:16:12.123,416.07937478270856,105
2024-09-16 11:16:12.253,416.0604375498534,1001
2024-09-16 11:16:12.284,416.0438036453555,14
2024-09-16 11:16:12.297,416.0321951208675,96
2024-09-16 11:16:12.330,416.01499845962826,95
2024-09-16 11:16:12.378,416.06181251547525,1004
2024-09-16 11:16:12.407,416.0194932843703,95
2024-09-16 11:16:12.467,416.0483504334742,105
2024-09-16 11:16:12.497,416.06952454497406,1005
2024-09-16 11:16:12.557,416.0514527754256,102
2024-09-16 11:16:12.559,416.0124855584394,10
2024-09-16 11:16:12.593,416.0612831107084,1002
2024-09-16 11:16:12.601,416.0131623890203,998
2024-09-16 11:16:12.651,416.07455931602135,1004
2024-09-16 11:16:12.825,416.0617237753012,1005
2024-09-16 11:16:13.159,416.0903658561057,998
2024-09-16 11:16:13.190,416.07615335602657,999
2024-09-16 11:16:13.263,416.0868964434175,8
2024-09-16 11:16:13.350,416.0825761519648,1002
2024-09-16 11:16:13.382,416.0531609601658,11
2024-09-16 11:16:13.402,416.0925973995528,98
2024-09-16 11:16:13.521,416.0983875512311,9
2024-09-16 11:16:13.552,416.0750152494894,13
2024-09-16 11:16:13.687,416.0824342275211,1001
2024-09-16 11:16:13.699,416.0855625659675,101
2024-09-16 11:16:13.763,416.0837897495144,15
2024-09-16 11:16:13.778,416.0553961221632,6
2024-09-16 11:16:13.784,416.0802968512423,14
2024-09-16 11:16:13.793,416.06732171007775,1000
2024-09-16 11:16:13.856,416.05427144567216,13
2024-09-16 11:16:14.033,416.1151701643326,1003
2024-09-16 11:16:15.017,416.1157046369754,100
2024-09-16 11:16:15.247,416.14075542725567,103
2024-09-16 11:16:15.283,416.1370895117588,103
2024-09-16 11:16:15.348,416.1495182129757,96
2024-09-16 11:16:15.434,416.1579121493784,95
2024-09-16 11:16:15.638,416.1214749972511,995
2024-09-16 11:16:15.940,416.1637052397664,1000
2024-09-16 11:16:16.002,416.2067878727943,99
2024-09-16 11:16:16.095,416.1341481358482,15
2024-09-16 11:16:16.132,416.20524193342897,7
2024-09-16 11:16:16.132,416.1603531017055,1003
2024-09-16 11:16:16.193,416.21376849193945,95
2024-09-16 11:16:16.207,416.1976413906297,11
2024-09-16 11:16:16.251,416.2075582671608,103
2024-09-16 11:16:16.307,416.20000132209526,1000
2024-09-16 11:16:16.315,416.2171922540168,7
2024-09-16 11:16:16.321,416.1983321554588,1004
2024-09-16 11:16:16.352,416.2037745077249,997
2024-09-16 11:16:16.389,416.2042808697532,1000
2024-09-16 11:16:16.419,416.1342870751588,12
2024-09-16 11:16:16.502,416.1921405020181,95
2024-09-16 11:16:16.593,416.1784340417362,1000
2024-09-16 11:16:16.640,416.2277641650625,15
2024-09-16 11:16:16.811,416.19353252868586,15
2024-09-16 11:16:16.847,416.1832028040891,997
2024-09-16 11:16:16.859,416.2081163898788,1001
2024-09-16 11:16:16.893,416.1691219759104,8
2024-09-16 11:16:16.964,416.2141639113527,1004
2024-09-16 11:16:17.067,416.2100399887219,105
2024-09-16 11:16:17.321,416.202299817995,12
2024-09-16 11:16:17.334,416.1924512820142,995
2024-09-16 11:16:17.375,416.1990677003525,11
2024-09-16 11:16:17.732,416.1995138706369,10
2024-09-16 11:16:18.074,416.2486877967292,103
2024-09-16 11:16:18.251,416.1799927012235,997
2024-09-16 11:16:18.388,416.16292141401954,998
2024-09-16 11:16:18.397,416.2050504485979,10
2024-09-16 11:16:18.442,416.17968707226754,14
2024-09-16 11:16:18.466,416.2635736684505,15
2024-09-16 11:16:18.488,416.2487790031749,1001
2024-09-16 11:16:18.552,416.2244710951392,996
2024-09-16 11:16:18.638,416.22849115071256,999
2024-09-16 11:16:18.665,416.2098004693395,1001
2024-09-16 11:16:18.990,416.19907518387294,14
2024-09-16 11:16:19.344,416.2660766845918,998
2024-09-16 11:16:19.383,416.27054360248746,99
2024-09-16 11:16:19.398,416.2773140625032,1000
2024-09-16 11:16:19.457,416.25468061888046,95
2024-09-16 11:16:19.485,416.27864908512936,8
2024-09-16 11:16:19.507,416.2816205080992,101
2024-09-16 11:16:19.553,416.2815241013325,998
2024-09-16 11:16:19.720,416.27324242122177,104
2024-09-16 11:16:19.721,416.30267630012366,101
2024-09-16 11:16:19.876,416.2695340191575,1001
2024-09-16 11:16:19.894,416.2667576111924,8
2024-09-16 11:16:19.942,416.2819890499131,1003
2024-09-16 11:16:19.947,416.29113946643554,999
2024-09-16 11:16:19.955,416.28012846641934,9
2024-09-16 11:16:20.028,416.3089185193513,96
2024-09-16 11:16:20.051,416.28496139484287,99
2024-09-16 11:16:20.074,416.3022224425169,102
2024-09-16 11:16:20.111,416.30841683827015,95
2024-09-16 11:16:20.119,416.3074926108096,1000
2024-09-16 11:16:20.160,416.2641030018966,104
2024-09-16 11:16:20.164,416.2630071641765,999
2024-09-16 11:16:20.173,416.278091701197,8
2024-09-16 11:16:20.257,416.287989877105,103
2024-09-16 11:16:20.327,416.29577419049735,12
2024-09-16 11:16:20.430,416.2728946707716,997
2024-09-16 11:16:20.453,416.2829320971264,10
2024-09-16 11:16:20.535,416.2925698258892,102
2024-09-16 11:16:20.665,416.3001182601232,1005
2024-09-16 11:16:20.675,416.2772865705465,102
2024-09-16 11:16:20.724,416.2506453407885,999
2024-09-16 11:16:20.734,41.627505189904994,995
2024-09-16 11:16:20.747,416.2782025618421,1000
2024-09-16 11:16:20.749,416.2525534721508,11
2024-09-16 11:16:20.785,416.2795853128436,1004
2024-09-16 11:16:20.800,416.2875653250367,98
2024-09-16 11:16:20.853,416.2551560753022,12
2024-09-16 11:16:20.886,416.3017744869526,1001
2024-09-16 11:16:20.888,416.27451039080927,97
2024-09-16 11:16:21.159,416.2792355936277,9
2024-09-16 11:16:21.189,416.2840288228717,1004
2024-09-16 11:16:21.416,416.267325888535,104
2024-09-16 11:16:21.416,416.2925624985604,1003
2024-09-16 11:16:21.428,416.27432736414266,1000
2024-09-16 11:16:21.679,416.2758683632833,11
2024-09-16 11:16:21.781,416.2855791608288,1003
2024-09-16 11:16:22.009,416.2758217197752,95
2024-09-16 11:16:22.281,416.2781707018117,98
2024-09-16 11:16:22.666,416.2718895169055,105
2024-09-16 11:16:23.020,416.2450081794083,14
2024-09-16 11:16:23.042,416.31365437550727,10
2024-09-16 11:16:23.253,416.2827139534184,1005
2024-09-16 11:16:23.305,,96
2024-09-16 11:16:23.451,416.30614706708405,13
2024-09-16 11:16:23.480,416.2937049350994,96
2024-09-16 11:16:23.535,416.2515588116593,1001
2024-09-16 11:16:23.582,416.2992492379095,1001
2024-09-16 11:16:23.604,416.2442546645318,14
2024-09-16 11:16:23.622,416.2446089476875,15
2024-09-16 11:16:23.720,416.3195308188401,10
2024-09-16 11:16:23.868,416.2770614961743,999
2024-09-16 11:16:23.881,416.2921111203695,1001
2024-09-16 11:16:23.911,416.28281357977824,98
2024-09-16 11:16:24.039,416.214993605836,999
2024-09-16 11:16:24.068,416.2191774423645,104
2024-09-16 11:16:24.082,416.2327769366254,14
2024-09-16 11:16:24.091,416.2655215721568,98
2024-09-16 11:16:24.097,416.2684371710369,1001
2024-09-16 11:16:24.140,416.2283176934093,104
2024-09-16 11:16:24.164,416.2661902131844,96
2024-09-16 11:16:24.179,416.2615776259609,12
2024-09-16 11:16:24.186,416.2726506027065,8
2024-09-16 11:16:24.197,416.2865488196538,1004
2024-09-16 11:16:24.273,416.2490626612494,102
2024-09-16 11:16:24.299,-416.2521758040916,996
2024-09-16 11:16:24.427,416.297178563725,103
2024-09-16 11:16:24.456,416.22818743346494,99
2024-09-16 11:16:24.558,416.2445254008237,98
2024-09-16 11:16:24.578,416.2776379371696,96
2024-09-16 11:16:24.614,416.2346062551235,11
2024-09-16 11:16:24.629,416.2785448854693,11
2024-09-16 11:16:24.648,416.2800137258432,96
2024-09-16 11:16:24.749,416.2771242060135,14
2024-09-16 11:16:24.767,416.2627992538234,15
2024-09-16 11:16:24.791,416.2272108213972,1002
2024-09-16 11:16:24.846,416.22168367148186,1000
2024-09-16 11:16:24.867,416.2259012105377,1005
2024-09-16 11:16:24.903,416.2569489380656,8
2024-09-16 11:16:24.913,416.2521324352667,1003
2024-09-16 11:16:24.957,416.23541059161016,99
2024-09-16 11:16:25.016,416.2397667677753,9
2024-09-16 11:16:25.034,416.2851984823016,995
2024-09-16 11:16:25.043,416.2518874141908,8
2024-09-16 11:16:25.073,416.2316768957545,8
2024-09-16 11:16:25.074,416.2512708935421,1001
2024-09-16 11:16:25.081,416.3110293095446,13
2024-09-16 11:16:25.178,416.2450355063321,102
2024-09-16 11:16:25.218,416.3276600687489,998
2024-09-16 11:16:25.260,416.26010831305865,96
2024-09-16 11:16:25.315,416.2705899424731,9
2024-09-16 11:16:25.370,416.22911910277,9
2024-09-16 11:16:25.386,416.242140986776,15
2024-09-16 11:16:25.502,416.2658764442721,995
2024-09-16 11:16:25.557,416.268342891604,10
2024-09-16 11:16:25.601,416.329189864869,999
2024-09-16 11:16:25.617,416.2632037841259,15
2024-09-16 11:16:25.871,416.3065825774163,1004
2024-09-16 11:16:25.877,416.2382517987711,1004
2024-09-16 11:16:25.996,416.27404671261183,1000
2024-09-16 11:16:26.012,416.4391255410296,101
2024-09-16 11:16:26.076,416.3623388797688,5
2024-09-16 11:16:26.157,41.64569426009886,98
2024-09-16 11:16:26.204,416.4218260634973,96
2024-09-16 11:16:26.364,416.4435352853007,996
2024-09-16 11:16:26.365,416.4410654120671,11
2024-09-16 11:16:26.372,416.4426236366008,103
2024-09-16 11:16:26.401,416.4262856370699,1002
2024-09-16 11:16:26.405,416.4429597932637,14
2024-09-16 11:16:26.443,416.3859499216711,105
2024-09-16 11:16:26.510,416.4591073102242,99
2024-09-16 11:16:26.671,416.4343958491027,11
2024-09-16 11:16:26.677,416.4582573941753,14
2024-09-16 11:16:26.684,416.4427164110217,5
2024-09-16 11:16:26.719,416.4427085780299,5
2024-09-16 11:16:26.719,-416.4028250049863,997
2024-09-16 11:16:26.798,416.34815904944935,104
2024-09-16 11:16:26.809,416.4381851234609,102
2024-09-16 11:16:26.817,416.4092512566978,1004
2024-09-16 11:16:26.831,416.43501282208007,996
2024-09-16 11:16:26.839,416.4265962993758,12
2024-09-16 11:16:26.928,416.4403362676974,15
2024-09-16 11:16:26.952,416.3420103039954,6
2024-09-16 11:16:27.158,416.38997435946766,1001
2024-09-16 11:16:27.195,416.4211563266369,9
2024-09-16 11:16:27.462,-416.423097773388,999
2024-09-16 11:16:27.479,416.4097506815746,5
2024-09-16 11:16:27.505,416.3977573323529,15
2024-09-16 11:16:27.505,416.4311508312053,100
2024-09-16 11:16:27.518,416.4029259424551,14
2024-09-16 11:16:27.538,416.40664108824114,100
2024-09-16 11:16:27.564,416.39638674973895,7
2024-09-16 11:16:27.599,416.40708075041096,103
2024-09-16 11:16:27.681,416.4341059621579,998
2024-09-16 11:16:27.749,416.4402529175309,8
2024-09-16 11:16:27.773,416.4391680655915,1005
2024-09-16 11:16:27.868,416.4308577870255,104
2024-09-16 11:16:27.871,416.43604745738304,6
2024-09-16 11:16:27.961,416.3792518954623,98
2024-09-16 11:16:28.007,416.3727426285759,12
2024-09-16 11:16:28.029,416.3998262201404,98
2024-09-16 11:16:28.101,416.3718086209874,5
2024-09-16 11:16:28.243,416.37899879664303,98
2024-09-16 11:16:28.372,416.38231284684457,15
2024-09-16 11:16:28.376,416.3908346680144,9
2024-09-16 11:16:28.710,416.3815191080302,1002
2024-09-16 11:16:28.832,416.3765658017375,5
2024-09-16 11:16:28.835,416.3844041737641,995
2024-09-16 11:16:28.880,416.3695469245345,1004
2024-09-16 11:16:28.948,416.37263377992144,1000
2024-09-16 11:16:28.967,416.3781882593226,13
2024-09-16 11:16:29.001,416.5605233718591,1001
2024-09-16 11:16:29.031,416.5067833694061,15
2024-09-16 11:16:29.044,416.4429405426171,15
2024-09-16 11:16:29.303,416.5459052438897,995
2024-09-16 11:16:29.444,416.411208725015,98
2024-09-16 11:16:29.445,416.5563740874817,1000
2024-09-16 11:16:29.548,416.428706985081,1002
2024-09-16 11:16:29.564,416.47659316170734,97
2024-09-16 11:16:29.595,416.4433577559786,15
2024-09-16 11:16:29.619,416.4622237718929,999
2024-09-16 11:16:29.626,416.5727839576966,99
2024-09-16 11:16:29.647,416.5536623345851,1002
2024-09-16 11:16:29.735,416.5513667743841,14
2024-09-16 11:16:29.780,416.4829150161645,102
2024-09-16 11:16:29.844,416.552227590872,99
2024-09-16 11:16:29.885,416.5286629672635,9
2024-09-16 11:16:29.978,416.38836132835263,9
2024-09-16 11:16:30.781,416.5607348380951,95
2024-09-16 11:16:31.035,416.5559761515899,98
2024-09-16 11:16:31.175,416.5859759556438,1005
2024-09-16 11:16:31.196,416.5930928650761,95
2024-09-16 11:16:31.197,416.5584867396864,9
2024-09-16 11:16:31.285,416.5908401618389,100
2024-09-16 11:16:31.288,416.5286248940204,105
2024-09-16 11:16:31.411,416.602042354962,998
2024-09-16 11:16:31.424,416.6143338756257,10
2024-09-16 11:16:31.612,416.59607572763457,96
2024-09-16 11:16:31.724,416.5370982312468,100
2024-09-16 11:16:31.724,416.5560024271337,97
2024-09-16 11:16:31.826,416.5521318680189,14
2024-09-16 11:16:32.040,416.62686926043455,103
2024-09-16 11:16:32.057,416.6087360069018,15
2024-09-16 11:16:32.147,416.6403821026869,997
2024-09-16 11:16:32.231,416.6646659039525,97
2024-09-16 11:16:32.261,416.6500950622239,99
2024-09-16 11:16:32.412,416.6382853081688,1005
2024-09-16 11:16:32.522,416.6403356216201,6
2024-09-16 11:16:32.602,416.6326743944888,14
2024-09-16 11:16:32.687,416.6763047640876,7
2024-09-16 11:16:32.767,416.6629981306189,1005
2024-09-16 11:16:32.843,416.59991459406393,8
2024-09-16 11:16:33.024,416.6949878512964,96
2024-09-16 11:16:33.096,416.68966842894446,1002
2024-09-16 11:16:33.113,416.7092455722838,1000
2024-09-16 11:16:33.171,416.7106648602251,97
2024-09-16 11:16:33.182,416.7025985198147,102
2024-09-16 11:16:33.209,416.6589972921965,5
2024-09-16 11:16:33.308,416.7157340721764,14
2024-09-16 11:16:33.324,416.7053244962103,996
2024-09-16 11:16:33.326,416.6480383406094,100
2024-09-16 11:16:33.340,416.6527067165113,101
2024-09-16 11:16:33.381,416.6672482113698,96
2024-09-16 11:16:33.458,416.7198771206065,1001
2024-09-16 11:16:33.513,416.67493771825656,101
2024-09-16 11:16:33.526,416.6676954279636,104
2024-09-16 11:16:33.653,416.69686203048144,13
2024-09-16 11:16:33.656,416.6944627322405,999
2024-09-16 11:16:33.680,416.7017198475201,7
2024-09-16 11:16:33.697,416.7015599099194,7
2024-09-16 11:16:33.766,416.7212650935804,1001
2024-09-16 11:16:33.908,416.7069449192571,1002
2024-09-16 11:16:33.965,416.70143375584377,1003
2024-09-16 11:16:34.011,416.6769683398192,10
2024-09-16 11:16:34.179,416.692482937901,1001
2024-09-16 11:16:34.222,416.7026014767458,1001
2024-09-16 11:16:34.284,416.68779425861953,13
2024-09-16 11:16:34.285,416.6924128470758,1005
2024-09-16 11:16:34.364,416.6986683911487,1002
2024-09-16 11:16:34.372,416.701631553482,10
2024-09-16 11:16:34.452,416.7631064832634,99
2024-09-16 11:16:34.474,416.73757060418217,1005
2024-09-16 11:16:34.476,-416.73435717605247,1004
2024-09-16 11:16:34.622,416.7147040442975,97
2024-09-16 11:16:34.636,416.7660470686817,7
2024-09-16 11:16:34.730,416.69228079901774,8
2024-09-16 11:16:34.776,416.75308969124336,997
2024-09-16 11:16:35.025,416.7596114746543,95
2024-09-16 11:16:35.072,416.8175589384693,101
2024-09-16 11:16:35.107,416.8143322527851,11
2024-09-16 11:16:35.114,416.8132982440129,7
2024-09-16 11:16:35.123,416.78585769593576,6
2024-09-16 11:16:35.335,416.7866301654094,6
2024-09-16 11:16:35.366,416.77155146682986,1001
2024-09-16 11:16:35.427,416.8135909628252,5
2024-09-16 11:16:35.462,416.7682617748642,11
2024-09-16 11:16:35.481,416.75934286319546,5
2024-09-16 11:16:35.498,416.77888495928255,1000
2024-09-16 11:16:35.538,416.754790594613,996
2024-09-16 11:16:35.769,416.7557994915075,1000
2024-09-16 11:16:35.781,416.75344794402446,1004
2024-09-16 11:16:35.813,416.7646029837199,99
2024-09-16 11:16:35.837,416.7669345841712,1002
2024-09-16 11:16:35.847,416.8217259451684,7
2024-09-16 11:16:35.885,416.7547749804573,101
2024-09-16 11:16:36.040,416.8473886836711,10
2024-09-16 11:16:36.043,416.82147171571074,98
2024-09-16 11:16:36.071,416.8422571455378,999
2024-09-16 11:16:36.144,416.8576385073296,11
2024-09-16 11:16:36.148,416.8518480691826,95
2024-09-16 11:16:36.185,416.86594609117816,1003
2024-09-16 11:16:36.287,416.8412584219376,5
2024-09-16 11:16:36.300,416.82618299081565,97
2024-09-16 11:16:36.310,416.8532705358738,105
2024-09-16 11:16:36.363,416.8594251517954,103
2024-09-16 11:16:36.368,416.8511800602554,96
2024-09-16 11:16:36.380,416.8568658239116,105
2024-09-16 11:16:36.452,416.8507523901992,8
2024-09-16 11:16:36.509,416.8484738866916,14
2024-09-16 11:16:36.530,416.8185125747268,97
2024-09-16 11:16:36.533,416.85106129695015,99
2024-09-16 11:16:36.577,416.8186814628297,11
2024-09-16 11:16:36.578,416.8329428678656,98
2024-09-16 11:16:36.631,416.83234329877314,103
2024-09-16 11:16:36.653,,995
2024-09-16 11:16:36.686,416.876591224316,12
2024-09-16 11:16:36.718,416.8263791941179,95
2024-09-16 11:16:36.724,416.8511092648058,15
2024-09-16 11:16:36.725,416.81875748152527,1000
2024-09-16 11:16:36.798,416.8552413899805,102
2024-09-16 11:16:36.847,,1001
2024-09-16 11:16:36.893,416.8500463823005,13
2024-09-16 11:16:36.975,416.8469604224456,7
2024-09-16 11:16:37.008,416.879541284882,14
2024-09-16 11:16:37.014,416.8563729820808,15
2024-09-16 11:16:37.079,416.88172195915297,100
2024-09-16 11:16:37.094,416.8822350018556,103
2024-09-16 11:16:37.216,416.8719973358693,97
2024-09-16 11:16:37.260,416.8686562486937,998
2024-09-16 11:16:37.264,416.8690723556054,999
2024-09-16 11:16:37.279,416.86340785227753,10
2024-09-16 11:16:37.351,416.87265266340233,1001
2024-09-16 11:16:37.364,416.8825602588837,102
2024-09-16 11:16:37.385,416.8684882560841,6
2024-09-16 11:16:37.403,416.8823056102272,996
2024-09-16 11:16:37.450,416.8816499973793,95
2024-09-16 11:16:37.463,416.852227675178,7
2024-09-16 11:16:37.476,416.86002792463006,995
2024-09-16 11:16:37.548,416.86486956147417,996
2024-09-16 11:16:37.569,416.8719530018459,100
2024-09-16 11:16:37.631,416.8725191904939,5
2024-09-16 11:16:37.669,416.8424042898907,998
2024-09-16 11:16:37.751,416.8712260311694,6
2024-09-16 11:16:37.775,416.8579172269572,14
2024-09-16 11:16:37.788,416.8628641238487,97
2024-09-16 11:16:37.823,416.861786528315,998
2024-09-16 11:16:37.866,416.8524968207833,6
2024-09-16 11:16:37.897,416.87137593338537,13
2024-09-16 11:16:37.945,416.8842908732751,9
2024-09-16 11:16:38.092,416.8799109212413,1001
2024-09-16 11:16:38.121,416.9005603923887,1004
2024-09-16 11:16:38.277,416.8891712107196,14
2024-09-16 11:16:38.453,416.8688525683575,103
2024-09-16 11:16:38.709,416.8961554388849,97
2024-09-16 11:16:38.767,416.8968759835169,100
2024-09-16 11:16:38.829,416.8821249534393,1005
2024-09-16 11:16:38.860,416.88583587709945,1002
2024-09-16 11:16:38.995,416.8969204151877,14
2024-09-16 11:16:39.028,416.90791598906674,14
2024-09-16 11:16:39.074,416.8756498053916,995
2024-09-16 11:16:39.080,416.8849379971224,996
2024-09-16 11:16:39.081,416.8946654103023,98
2024-09-16 11:16:39.152,416.8830638601816,102
2024-09-16 11:16:39.202,416.85877608954905,7
2024-09-16 11:16:39.223,416.9310236687178,997
2024-09-16 11:16:39.223,416.8914500437852,12
2024-09-16 11:16:39.231,416.875578783133,997
2024-09-16 11:16:39.253,416.9075566013897,6
2024-09-16 11:16:39.299,416.8712588842936,1001
2024-09-16 11:16:39.324,416.9253625874085,99
2024-09-16 11:16:39.327,416.9117218436354,95
2024-09-16 11:16:39.452,416.8674533508428,999
2024-09-16 11:16:39.453,416.86710651960215,8
2024-09-16 11:16:39.465,416.9215725009163,103
2024-09-16 11:16:39.493,416.8583483209077,1003
2024-09-16 11:16:39.509,416.93736682972,6
2024-09-16 11:16:39.515,416.9213229495504,15
2024-09-16 11:16:39.529,416.8785150308994,1003
2024-09-16 11:16:39.538,416.8740514732791,103
2024-09-16 11:16:39.685,416.8435993942456,97
2024-09-16 11:16:39.701,416.85953463152737,15
2024-09-16 11:16:39.745,416.8629780480601,15
2024-09-16 11:16:39.827,416.9244580159247,1000
2024-09-16 11:16:39.830,416.8636856021232,14
2024-09-16 11:16:39.892,416.8769901948233,5
2024-09-16 11:16:40.022,416.9062762472888,101
2024-09-16 11:16:40.549,416.8844742814904,1003
2024-09-16 11:16:41.016,416.9908852613381,97
2024-09-16 11:16:41.021,416.9507505277064,995
2024-09-16 11:16:41.057,416.9432561637015,9
2024-09-16 11:16:41.091,416.9648327151204,1004
2024-09-16 11:16:41.153,416.9812737313776,104
2024-09-16 11:16:41.166,417.0050920035866,11
2024-09-16 11:16:41.188,417.00206454607365,104
2024-09-16 11:16:41.212,416.9485233346542,996
2024-09-16 11:16:41.317,416.8984756197695,1005
2024-09-16 11:16:41.332,417.0052989349604,103
2024-09-16 11:16:41.657,417.0241485579809,95
2024-09-16 11:16:41.706,417.02270697373285,8
2024-09-16 11:16:41.733,417.0135318787296,100
2024-09-16 11:16:41.802,417.00176247981904,9
2024-09-16 11:16:41.832,417.0169215905388,996
2024-09-16 11:16:41.863,416.9500796482889,100
2024-09-16 11:16:41.884,417.0425737607641,15
2024-09-16 11:16:41.907,416.9211606575424,1005
2024-09-16 11:16:42.159,416.98364156358025,103
2024-09-16 11:16:42.817,416.9937770369263,100
2024-09-16 11:16:43.029,417.0171996502975,102
2024-09-16 11:16:43.076,-417.0293706971688,1001
2024-09-16 11:16:43.088,417.0395687579361,997
2024-09-16 11:16:43.215,417.0365850013185,5
2024-09-16 11:16:43.239,417.0242193025164,1005
2024-09-16 11:16:43.244,417.0007601129467,1005
2024-09-16 11:16:43.294,416.99114640728897,1002
2024-09-16 11:16:43.332,417.0165903520954,1005
2024-09-16 11:16:43.378,417.00903910734365,10
2024-09-16 11:16:43.484,417.0318796460128,8
2024-09-16 11:16:43.555,417.0030837097103,12
2024-09-16 11:16:43.647,417.00080320960416,6
2024-09-16 11:16:43.760,417.00952668833975,97
2024-09-16 11:16:43.789,416.9971603565598,5
2024-09-16 11:16:43.826,417.00658927676335,8
2024-09-16 11:16:43.887,417.0184546941872,98
2024-09-16 11:16:43.918,417.02036495382896,99
2024-09-16 11:16:43.927,41.704210839635856,5
2024-09-16 11:16:43.959,417.03498353314734,1001
2024-09-16 11:16:44.029,417.0347721305199,6
2024-09-16 11:16:44.152,417.0155166872688,1002
2024-09-16 11:16:44.181,417.0482430373184,101
2024-09-16 11:16:44.349,417.0467608005742,999
2024-09-16 11:16:44.402,417.04589260038,995
2024-09-16 11:16:44.456,417.04214278572925,995
2024-09-16 11:16:44.471,,1005
2024-09-16 11:16:44.542,417.0349113119678,104
2024-09-16 11:16:44.581,417.04745705711497,1002
2024-09-16 11:16:44.609,417.0174321214994,1002
2024-09-16 11:16:44.750,417.0160290651078,6
2024-09-16 11:16:44.874,417.0342446823204,1004
2024-09-16 11:16:44.912,417.01804894249176,995
2024-09-16 11:16:45.248,417.0270901044338,1002
2024-09-16 11:16:45.293,417.038195577034,997
2024-09-16 11:16:45.352,417.0266907549518,999
2024-09-16 11:16:45.438,417.0310088478157,1005
2024-09-16 11:16:45.762,417.0252002458059,995
2024-09-16 11:16:45.804,417.0215754419602,999
2024-09-16 11:16:45.817,417.0271572788381,6
2024-09-16 11:16:46.095,417.0404757398921,5
2024-09-16 11:16:46.127,417.0354435337409,95
2024-09-16 11:16:46.142,417.0250693976201,104
2024-09-16 11:16:46.162,417.0353394813404,996
2024-09-16 11:16:46.215,417.04914623939226,1002
2024-09-16 11:16:46.215,417.0606122102671,12
2024-09-16 11:16:46.353,417.0383450042805,1004
2024-09-16 11:16:46.353,417.0687720909133,9
2024-09-16 11:16:46.354,417.0772002802952,8
2024-09-16 11:16:46.381,417.06799606421,13
2024-09-16 11:16:46.422,417.0804887709783,996
2024-09-16 11:16:46.469,417.0450086730562,996
2024-09-16 11:16:46.506,417.088304025901,1003
2024-09-16 11:16:46.538,417.077608338291,1005
2024-09-16 11:16:46.585,417.0752862402855,100
2024-09-16 11:16:46.586,417.0493788366731,1003
2024-09-16 11:16:46.586,417.063577193741,10
2024-09-16 11:16:46.606,417.0805805012423,6
2024-09-16 11:16:46.669,417.0385465667998,15
2024-09-16 11:16:46.809,417.0867299080824,1001
2024-09-16 11:16:46.851,417.0679856346916,8
2024-09-16 11:16:46.877,417.0539629566576,98
2024-09-16 11:16:46.900,417.0636322204386,8
2024-09-16 11:16:46.955,417.0268936345213,13
2024-09-16 11:16:46.962,417.0508264392816,8
2024-09-16 11:16:46.971,417.0679295326242,99
2024-09-16 11:16:47.068,417.0327736352105,9
2024-09-16 11:16:47.074,417.062434400423,1001
2024-09-16 11:16:47.170,417.0371691202291,95
2024-09-16 11:16:47.182,417.0110586999565,101
2024-09-16 11:16:47.200,417.0408532238428,6
2024-09-16 11:16:47.314,417.0384285388192,98
2024-09-16 11:16:47.345,417.0396983281297,9
2024-09-16 11:16:47.349,417.0551373447067,8
2024-09-16 11:16:47.369,-417.0718633494177,103
2024-09-16 11:16:47.412,417.0575643631232,99
2024-09-16 11:16:47.445,417.0447703965131,1003
2024-09-16 11:16:47.610,417.0060972826251,7
2024-09-16 11:16:47.614,417.0150619490518,97
2024-09-16 11:16:47.736,417.0431334224691,11
2024-09-16 11:16:47.816,417.0385182274564,1003
2024-09-16 11:16:47.823,417.0488761833501,105
2024-09-16 11:16:47.846,41.70696706808528,101
2024-09-16 11:16:47.858,417.0285808071692,96
2024-09-16 11:16:47.900,,7
2024-09-16 11:16:47.908,417.04308768773166,96
2024-09-16 11:16:47.945,417.038087008828,97
2024-09-16 11:16:48.020,417.08851999730393,101
2024-09-16 11:16:48.091,417.07207601004114,96
2024-09-16 11:16:48.136,417.11319290799815,12
2024-09-16 11:16:48.147,417.0858006833407,998
2024-09-16 11:16:48.163,417.0815369495957,105
2024-09-16 11:16:48.281,417.0722745752109,96
2024-09-16 11:16:48.287,417.0895559170801,100
2024-09-16 11:16:48.321,417.0693613780254,1000
2024-09-16 11:16:48.345,417.0749259669885,99
2024-09-16 11:16:48.371,417.07328311789627,105
2024-09-16 11:16:48.377,41.70985905693655,10
2024-09-16 11:16:48.384,417.077917008063,105
2024-09-16 11:16:48.461,417.0973308985542,10
2024-09-16 11:16:48.478,,97
2024-09-16 11:16:48.484,417.12597208209934,11
2024-09-16 11:16:48.499,417.110463907466,13
2024-09-16 11:16:48.526,417.08801095471705,999
2024-09-16 11:16:48.530,417.0885750198545,104
2024-09-16 11:16:48.664,417.086393902872,1001
2024-09-16 11:16:48.706,417.070703740538,6
2024-09-16 11:16:48.743,417.04606772426746,100
2024-09-16 11:16:48.781,417.0787985994354,996
2024-09-16 11:16:48.802,417.1101142108116,7
2024-09-16 11:16:48.865,417.1246347930667,996
2024-09-16 11:16:48.870,417.07184670583104,11
2024-09-16 11:16:48.897,41.70857283310349,1004
2024-09-16 11:16:48.904,417.07520825869057,10
2024-09-16 11:16:48.941,417.0993182547693,997
2024-09-16 11:16:48.954,417.0901957074415,100
2024-09-16 11:16:49.424,417.0966964379612,105
2024-09-16 11:16:49.713,417.0934596495816,14
2024-09-16 11:16:49.811,417.0881742199515,9
2024-09-16 11:16:50.025,417.17693766092464,1005
2024-09-16 11:16:50.031,,15
2024-09-16 11:16:50.048,417.0694357830267,1004
2024-09-16 11:16:50.091,417.1479417307145,999
2024-09-16 11:16:50.121,417.13430015643735,1003
2024-09-16 11:16:50.142,417.0975843887815,102
2024-09-16 11:16:50.182,417.083627930704,98
2024-09-16 11:16:50.290,417.1559871319792,99
2024-09-16 11:16:50.447,417.13320146055605,1002
2024-09-16 11:16:50.474,417.1514258215581,98
2024-09-16 11:16:50.481,417.0905615689493,998
2024-09-16 11:16:50.607,417.119142509996,1005
2024-09-16 11:16:50.627,417.094757504688,103
2024-09-16 11:16:50.701,417.1351153998178,6
2024-09-16 11:16:50.701,417.14246076421153,997
2024-09-16 11:16:50.705,417.1177083654948,1001
2024-09-16 11:16:50.741,417.1223141297307,104
2024-09-16 11:16:50.819,417.1351260515193,996
2024-09-16 11:16:50.822,417.1389305199307,15
2024-09-16 11:16:50.846,417.1619516439548,99
2024-09-16 11:16:50.878,417.10724520811794,9
2024-09-16 11:16:50.882,417.1094259071576,14
2024-09-16 11:16:50.937,417.18712034979137,1004
2024-09-16 11:16:50.938,417.1397429434665,999
2024-09-16 11:16:50.939,417.126459602913,104
2024-09-16 11:16:50.940,417.1313316783394,995
2024-09-16 11:16:51.000,-417.1905315401633,998
2024-09-16 11:16:51.036,417.20889063576834,98
2024-09-16 11:16:51.110,417.1913745647647,12
2024-09-16 11:16:51.177,417.16315075115705,1001
2024-09-16 11:16:51.197,417.1963677116923,13
2024-09-16 11:16:51.238,417.2281725841939,996
2024-09-16 11:16:51.304,417.1976091167404,15
2024-09-16 11:16:51.305,417.20106527091065,1003
2024-09-16 11:16:51.340,417.1573455880044,13
2024-09-16 11:16:51.405,417.1698084712294,7
2024-09-16 11:16:51.437,417.15781513458126,996
2024-09-16 11:16:51.491,417.227341111243,105
2024-09-16 11:16:51.576,417.2054337449926,12
2024-09-16 11:16:51.596,417.14655936407024,6
2024-09-16 11:16:51.627,417.198424274736,1004
2024-09-16 11:16:51.628,417.23228981321097,97
2024-09-16 11:16:51.633,417.1644891493564,997
2024-09-16 11:16:51.678,417.1825335090815,5
2024-09-16 11:16:51.726,417.1560339382197,13
2024-09-16 11:16:51.727,417.1515762587997,11
2024-09-16 11:16:51.785,417.2090401522121,996
2024-09-16 11:16:51.826,417.1503746799017,1005
2024-09-16 11:16:51.842,417.23191544414266,9
2024-09-16 11:16:51.896,417.1500291261656,105
2024-09-16 11:16:51.924,417.1812520538884,14
2024-09-16 11:16:51.926,-417.16133693727096,12
2024-09-16 11:16:51.945,417.16528148036207,997
2024-09-16 11:16:52.007,417.16418734968704,98
2024-09-16 11:16:52.034,417.1859869889712,1003
2024-09-16 11:16:52.105,417.17860229573137,96
2024-09-16 11:16:52.323,417.1601402880712,95
2024-09-16 11:16:52.360,417.182815762119,6
2024-09-16 11:16:52.389,417.1586007003861,12
2024-09-16 11:16:52.425,417.169761433245,5
2024-09-16 11:16:52.463,417.15952372725405,6
2024-09-16 11:16:52.545,417.17263886917226,15
2024-09-16 11:16:52.587,417.1909220929792,1003
2024-09-16 11:16:52.682,417.1882029586102,104
2024-09-16 11:16:52.704,417.20020783309457,12
2024-09-16 11:16:52.744,417.1834388497141,1003
2024-09-16 11:16:52.833,417.1824566886588,1002
2024-09-16 11:16:52.918,417.1610883716615,8
2024-09-16 11:16:52.930,417.1661425313544,95
2024-09-16 11:16:52.935,417.16335037878497,995
2024-09-16 11:16:52.938,417.1817917388917,998
2024-09-16 11:16:52.967,417.1874700142813,100
2024-09-16 11:16:53.115,417.1315734628742,15
2024-09-16 11:16:53.161,417.14894023605257,13
2024-09-16 11:16:53.441,417.1791720999434,13
2024-09-16 11:16:53.446,417.1613061493376,103
2024-09-16 11:16:53.485,417.1467833818572,995
2024-09-16 11:16:53.525,417.1688595711759,99
2024-09-16 11:16:53.763,417.1472622488106,1004
2024-09-16 11:16:53.843,417.1212822155655,98
2024-09-16 11:16:53.931,417.1681900037327,7
2024-09-16 11:16:54.049,417.0952327881757,100
2024-09-16 11:16:54.087,417.10617592866646,1003
2024-09-16 11:16:54.142,417.1012926717215,15
2024-09-16 11:16:54.161,417.19695752045385,8
2024-09-16 11:16:54.183,417.15291509711216,15
2024-09-16 11:16:54.235,417.1045993551962,97
2024-09-16 11:16:54.251,417.0996139406297,1001
2024-09-16 11:16:54.276,417.12188674100577,96
2024-09-16 11:16:54.308,417.161414272319,104
2024-09-16 11:16:54.313,417.1048505344615,995
2024-09-16 11:16:54.321,417.1689655611509,97
2024-09-16 11:16:54.340,417.1135160788053,998
2024-09-16 11:16:54.414,417.11165624003615,999
2024-09-16 11:16:54.428,417.1100222435864,100
2024-09-16 11:16:54.475,417.1082071000423,1000
2024-09-16 11:16:54.521,417.13905827264574,15
2024-09-16 11:16:54.528,417.1099240515693,98
2024-09-16 11:16:54.542,417.1115805764679,98
2024-09-16 11:16:54.556,417.1035078391874,1005
2024-09-16 11:16:54.590,417.1792146350946,15
2024-09-16 11:16:54.600,417.1818788619415,1005
2024-09-16 11:16:54.778,,11
2024-09-16 11:16:54.864,417.1363840393728,15
2024-09-16 11:16:54.880,417.17267268638295,101
2024-09-16 11:16:54.950,417.1131053601753,97
2024-09-16 11:16:55.016,417.2541544013238,995
2024-09-16 11:16:55.064,417.3001899035592,98
2024-09-16 11:16:55.073,417.3065611381095,6
2024-09-16 11:16:55.121,417.2375558352471,995
2024-09-16 11:16:55.130,417.2061959687546,99
2024-09-16 11:16:55.172,417.30053866045415,11
2024-09-16 11:16:55.257,41.73353651992204,998
2024-09-16 11:16:55.277,417.3453677636092,104
2024-09-16 11:16:55.284,417.212436048007,998
2024-09-16 11:16:55.297,417.3159531498943,999
2024-09-16 11:16:55.308,417.3060072923621,95
2024-09-16 11:16:55.324,417.30340355501625,98
2024-09-16 11:16:55.325,417.2759004992285,995
2024-09-16 11:16:55.433,417.31929307715694,10
2024-09-16 11:16:55.480,417.3293603931784,11
2024-09-16 11:16:55.501,417.33863302035314,10
2024-09-16 11:16:55.582,417.3111556762546,997
2024-09-16 11:16:55.682,417.1628009825295,103
2024-09-16 11:16:55.687,417.3186691141498,998
2024-09-16 11:16:55.726,417.1970128952527,6
2024-09-16 11:16:55.735,417.310830188716,6
2024-09-16 11:16:55.755,417.2298352280974,5
2024-09-16 11:16:55.795,417.29580419067867,1002
2024-09-16 11:16:55.827,417.3434759949554,10
2024-09-16 11:16:55.900,417.3144229641104,8
2024-09-16 11:16:55.963,417.18717216373096,1001
2024-09-16 11:16:55.980,417.2445950127632,7
2024-09-16 11:16:55.987,417.16754104408415,1004
2024-09-16 11:16:55.987,417.33618213922966,8
2024-09-16 11:16:56.121,417.3088459946908,7
2024-09-16 11:16:56.444,417.3054565235321,11
2024-09-16 11:16:56.461,417.31813538513455,9
2024-09-16 11:16:56.521,417.3264309914711,1000
2024-09-16 11:16:56.606,417.3262291531349,11
2024-09-16 11:16:56.609,417.32375106626097,101
2024-09-16 11:16:56.803,417.30399599648575,9
2024-09-16 11:16:56.855,41.72904933843865,95
2024-09-16 11:16:56.870,417.33645006527775,1005
2024-09-16 11:16:56.923,417.3125256423285,11
2024-09-16 11:16:57.010,417.3422629152764,8
2024-09-16 11:16:57.046,417.3187087967832,13
2024-09-16 11:16:57.115,417.3340254386288,12
2024-09-16 11:16:57.116,417.3434402736901,101
2024-09-16 11:16:57.157,417.1781102906389,98
2024-09-16 11:16:57.180,417.2048839389517,8
2024-09-16 11:16:57.227,417.3210472836361,98
2024-09-16 11:16:57.260,417.2656837897386,1003
2024-09-16 11:16:57.287,417.335243755063,99
2024-09-16 11:16:57.341,417.2294301179566,12
2024-09-16 11:16:57.361,417.31752394257376,1004
2024-09-16 11:16:57.367,417.3191445073673,1005
2024-09-16 11:16:57.447,417.2691495904277,102
2024-09-16 11:16:57.464,417.3128250573424,103
2024-09-16 11:16:57.468,417.2675632400917,14
2024-09-16 11:16:57.513,417.3023762050743,96
2024-09-16 11:16:57.540,417.2022029864205,10
2024-09-16 11:16:57.636,417.17525191601857,103
2024-09-16 11:16:57.640,417.1897386301947,7
2024-09-16 11:16:57.674,417.3144352373235,1000
2024-09-16 11:16:57.682,417.32909329148384,995
2024-09-16 11:16:57.757,417.308047518856,15
2024-09-16 11:16:57.862,417.2664490571504,996
2024-09-16 11:16:57.929,417.28992467470135,8
2024-09-16 11:16:57.933,417.3296774092584,1001
2024-09-16 11:16:57.946,417.3113550891774,103
2024-09-16 11:16:58.014,417.1986627567946,1002
2024-09-16 11:16:58.065,417.1526042934011,97
2024-09-16 11:16:58.110,417.163847252938,100
2024-09-16 11:16:58.112,417.2188970526736,997
2024-09-16 11:16:58.127,417.2073900176702,999
2024-09-16 11:16:58.146,417.2294009516488,995
2024-09-16 11:16:58.200,417.2476999563904,7
2024-09-16 11:16:58.265,417.2000829647866,103
2024-09-16 11:16:58.339,417.238472279516,11
2024-09-16 11:16:58.341,417.18129796838247,10
2024-09-16 11:16:58.395,417.1514593191336,14
2024-09-16 11:16:58.396,417.1945254892248,996
2024-09-16 11:16:58.512,417.2008829131721,8
2024-09-16 11:16:58.516,417.1896846366953,996
2024-09-16 11:16:58.546,41.72157674869166,104
2024-09-16 11:16:58.586,417.2243282380242,10
2024-09-16 11:16:58.652,417.231748731808,5
2024-09-16 11:16:58.664,417.18517541324,99
2024-09-16 11:16:58.677,417.1790569639432,13
2024-09-16 11:16:58.687,417.23670759752594,13
2024-09-16 11:16:58.703,417.1861957639891,100
2024-09-16 11:16:58.773,417.1980552918076,1002
2024-09-16 11:16:58.792,417.1859567886455,6
2024-09-16 11:16:58.849,417.2263722237805,12
2024-09-16 11:16:58.883,417.2204359285553,1003
2024-09-16 11:16:58.907,417.246999659411,103
2024-09-16 11:16:58.921,417.18010634903777,996
2024-09-16 11:16:58.939,417.2142726673087,99
2024-09-16 11:16:58.950,417.1406821375453,1005
2024-09-16 11:16:59.133,417.15029689992656,13
2024-09-16 11:16:59.414,417.14696145597264,9
2024-09-16 11:16:59.550,417.136680211485,95
2024-09-16 11:16:59.562,417.1323478625752,10
2024-09-16 11:16:59.578,417.147782141962,15
2024-09-16 11:16:59.665,417.1451808090187,1002
2024-09-16 11:16:59.721,417.14568208670255,7
2024-09-16 11:16:59.765,417.1591986582531,12
2024-09-16 11:16:59.991,417.1334698030996,1004
