Timestamp,Price,Size
2024-09-19 15:45:00.070,419.0830589034017,995
2024-09-19 15:45:00.106,419.0779154894074,98
2024-09-19 15:45:00.116,419.0379142538579,102
2024-09-19 15:45:00.127,419.0459884583244,14
2024-09-19 15:45:00.151,41.90552450024558,104
2024-09-19 15:45:00.182,419.0454767839181,100
2024-09-19 15:45:00.309,419.0429566244656,95
2024-09-19 15:45:00.455,419.04634322473873,6
2024-09-19 15:45:00.469,419.0733718626791,1003
2024-09-19 15:45:00.615,419.0597516574535,995
2024-09-19 15:45:00.651,419.0537817197724,995
2024-09-19 15:45:00.664,419.0365187800389,11
2024-09-19 15:45:00.816,419.07908606758434,98
2024-09-19 15:45:00.875,419.06480928861583,96
2024-09-19 15:45:00.957,419.03859371958185,12
2024-09-19 15:45:01.006,419.0636059089644,1001
2024-09-19 15:45:01.173,419.0777894383832,101
2024-09-19 15:45:01.231,419.07724620550624,96
2024-09-19 15:45:01.297,419.0687278876774,1005
2024-09-19 15:45:01.345,419.0668368303143,999
2024-09-19 15:45:01.353,419.060087055423,999
2024-09-19 15:45:01.402,419.0798264514197,1003
2024-09-19 15:45:01.403,419.06698770958747,8
2024-09-19 15:45:01.439,419.0570617177751,101
2024-09-19 15:45:01.443,419.06557083229205,995
2024-09-19 15:45:01.448,419.06967453523487,996
2024-09-19 15:45:01.528,419.09770757656594,102
2024-09-19 15:45:01.535,419.0752273897082,1005
2024-09-19 15:45:01.550,419.086355565537,1001
2024-09-19 15:45:01.554,419.0600737348594,97
2024-09-19 15:45:01.564,419.0636131567236,9
2024-09-19 15:45:01.585,419.0703491873858,995
2024-09-19 15:45:01.601,419.10804494792615,98
2024-09-19 15:45:01.609,419.0871243708152,11
2024-09-19 15:45:01.611,419.0846321282729,103
2024-09-19 15:45:01.646,419.0644925243062,995
2024-09-19 15:45:01.667,419.05953344904617,105
2024-09-19 15:45:01.785,419.0858553087568,98
2024-09-19 15:45:01.803,419.0753201510379,998
2024-09-19 15:45:01.883,419.0478689214743,15
2024-09-19 15:45:01.884,419.0882136040021,101
2024-09-19 15:45:01.904,419.0624107721431,99
2024-09-19 15:45:01.941,419.0737509551183,15
2024-09-19 15:45:02.097,419.0683234507196,96
2024-09-19 15:45:02.106,419.0535563392088,5
2024-09-19 15:45:02.174,419.0445131841525,100
2024-09-19 15:45:02.206,419.0734406237564,1004
2024-09-19 15:45:02.246,419.0823652280759,996
2024-09-19 15:45:02.308,419.0705271999275,6
2024-09-19 15:45:02.321,419.0562744747676,15
2024-09-19 15:45:02.373,419.1311177635649,10
2024-09-19 15:45:02.394,419.063693778679,104
2024-09-19 15:45:02.430,419.0906438852574,96
2024-09-19 15:45:02.476,419.07199507266085,15
2024-09-19 15:45:02.591,419.104962463255,11
2024-09-19 15:45:02.763,419.07452415970727,7
2024-09-19 15:45:02.783,419.0574564137619,5
2024-09-19 15:45:02.813,419.05378551934126,96
2024-09-19 15:45:02.832,419.1308931360436,1003
2024-09-19 15:45:02.839,419.0422588932618,15
2024-09-19 15:45:02.884,419.0428951169739,103
2024-09-19 15:45:02.963,419.0828947708115,12
2024-09-19 15:45:02.999,419.0757711478152,103
2024-09-19 15:45:03.118,419.0731465104193,11
2024-09-19 15:45:03.130,419.1188252418937,99
2024-09-19 15:45:03.241,419.066719472121,1001
2024-09-19 15:45:03.288,419.0682721677921,105
2024-09-19 15:45:03.331,419.0902552312915,99
2024-09-19 15:45:03.407,419.0820724811535,1005
2024-09-19 15:45:03.604,419.1189221811391,7
2024-09-19 15:45:03.776,419.0950168840933,5
2024-09-19 15:45:03.898,419.0647390025731,96
2024-09-19 15:45:03.902,419.1097693793654,995
2024-09-19 15:45:03.946,419.0827602701792,1005
2024-09-19 15:45:03.954,419.1257974448679,102
2024-09-19 15:45:04.004,419.1018296543882,6
2024-09-19 15:45:04.008,419.1349877084298,996
2024-09-19 15:45:04.082,419.0923566119304,998
2024-09-19 15:45:04.090,419.1334208051814,1004
2024-09-19 15:45:04.097,419.0806827133878,997
2024-09-19 15:45:04.160,419.13129520665626,997
2024-09-19 15:45:04.222,419.1097303910648,1001
2024-09-19 15:45:04.296,419.1114975027449,9
2024-09-19 15:45:04.392,419.1132100094962,1004
2024-09-19 15:45:04.546,419.1057440646341,8
2024-09-19 15:45:04.568,419.0770313747596,97
2024-09-19 15:45:04.651,419.124984343747,15
2024-09-19 15:45:04.679,419.112104933945,1004
2024-09-19 15:45:04.725,419.1287502468295,15
2024-09-19 15:45:04.735,419.0865330716801,1004
2024-09-19 15:45:04.735,419.1068389693225,1005
2024-09-19 15:45:04.815,419.1045821808416,7
2024-09-19 15:45:04.942,419.0743180811892,100
2024-09-19 15:45:04.960,419.12085813986425,1000
2024-09-19 15:45:04.971,419.0908235561273,99
2024-09-19 15:45:04.971,419.117196998144,1001
2024-09-19 15:45:04.999,419.1219670979238,103
2024-09-19 15:45:05.091,419.1346407269283,14
2024-09-19 15:45:05.181,419.14842433070856,97
2024-09-19 15:45:05.195,419.18905808080615,998
2024-09-19 15:45:05.301,419.1428300943635,1004
2024-09-19 15:45:05.356,419.132531350068,100
2024-09-19 15:45:05.419,419.1325977525709,1003
2024-09-19 15:45:05.477,419.1849495370653,8
2024-09-19 15:45:05.480,419.1327561290505,1003
2024-09-19 15:45:05.512,419.19130927793736,10
2024-09-19 15:45:05.533,419.1858583060945,104
2024-09-19 15:45:05.538,419.1596472934334,998
2024-09-19 15:45:05.610,419.1922882638584,5
2024-09-19 15:45:05.623,419.16127013162645,7
2024-09-19 15:45:05.672,419.1653531185728,998
2024-09-19 15:45:05.734,419.1786894026337,101
2024-09-19 15:45:05.736,419.1779198364241,15
2024-09-19 15:45:05.742,419.1676957675525,10
2024-09-19 15:45:05.742,419.1819773987161,1004
2024-09-19 15:45:05.759,419.1123401187272,95
2024-09-19 15:45:05.770,419.1686127538426,97
2024-09-19 15:45:05.814,419.1741952456954,98
2024-09-19 15:45:05.814,41.91790234596891,997
2024-09-19 15:45:05.852,419.1765173030401,12
2024-09-19 15:45:05.913,-419.1756945681491,105
2024-09-19 15:45:05.940,419.19261960786696,102
2024-09-19 15:45:05.942,419.1952826666395,997
2024-09-19 15:45:05.951,419.1311501120412,1005
2024-09-19 15:45:06.077,419.1753341265709,13
2024-09-19 15:45:06.160,419.1947983042943,9
2024-09-19 15:45:06.242,419.1673474621351,1004
2024-09-19 15:45:06.535,419.17987891265454,13
2024-09-19 15:45:06.566,419.1764916639763,9
2024-09-19 15:45:06.599,419.1905007999518,97
2024-09-19 15:45:06.621,419.2080085089658,9
2024-09-19 15:45:06.765,419.18834637044375,996
2024-09-19 15:45:06.843,419.2037283858096,997
2024-09-19 15:45:06.846,419.1911869481752,12
2024-09-19 15:45:07.005,419.1100233614624,102
2024-09-19 15:45:07.202,419.1379791813968,98
2024-09-19 15:45:07.307,419.1344854463643,995
2024-09-19 15:45:07.421,419.1039942536296,1000
2024-09-19 15:45:07.487,419.16825043630905,100
2024-09-19 15:45:07.533,419.1380742686447,8
2024-09-19 15:45:07.563,419.1071123007015,999
2024-09-19 15:45:07.592,419.1022692605619,8
2024-09-19 15:45:07.741,419.1008303199191,99
2024-09-19 15:45:07.746,419.1209360787498,1005
2024-09-19 15:45:07.786,419.19221643937664,6
2024-09-19 15:45:07.811,419.10091084638,1004
2024-09-19 15:45:07.814,419.1501610238684,105
2024-09-19 15:45:07.898,419.1748240473373,99
2024-09-19 15:45:07.964,419.09977595868776,5
2024-09-19 15:45:08.008,419.12985540706313,995
2024-09-19 15:45:08.027,419.1422437303247,1005
2024-09-19 15:45:08.348,419.1213393083164,995
2024-09-19 15:45:08.370,419.10388662227433,1003
2024-09-19 15:45:08.873,419.1259920707308,7
2024-09-19 15:45:08.968,419.0971476172374,999
2024-09-19 15:45:09.006,419.2153187682333,14
2024-09-19 15:45:09.034,419.18674200840496,101
2024-09-19 15:45:09.041,419.22622827776496,97
2024-09-19 15:45:09.067,419.2003793445018,1005
2024-09-19 15:45:09.099,419.2369220821304,103
2024-09-19 15:45:09.108,419.2542264029387,1001
2024-09-19 15:45:09.145,419.2459387438655,995
2024-09-19 15:45:09.238,419.2215769004746,1004
2024-09-19 15:45:09.265,419.2515441264123,7
2024-09-19 15:45:09.302,419.23106725933417,15
2024-09-19 15:45:09.344,419.2055860568904,105
2024-09-19 15:45:09.405,419.2496740830945,1000
2024-09-19 15:45:09.406,419.23329088786016,10
2024-09-19 15:45:09.452,419.1495463602064,13
2024-09-19 15:45:09.496,419.24930265832927,101
2024-09-19 15:45:09.608,419.2466884303783,1001
2024-09-19 15:45:09.656,419.18272274446286,1005
2024-09-19 15:45:09.696,419.2333628204424,997
2024-09-19 15:45:09.732,419.13619031758617,10
2024-09-19 15:45:09.814,419.2299698154284,12
2024-09-19 15:45:09.826,419.1707201540394,1003
2024-09-19 15:45:09.863,419.2463539653461,995
2024-09-19 15:45:09.882,419.1888877386805,5
2024-09-19 15:45:09.899,419.2138341095672,7
2024-09-19 15:45:09.959,419.1848551223033,1004
2024-09-19 15:45:09.981,419.1806459470032,1005
2024-09-19 15:45:10.050,419.2683206657167,1004
2024-09-19 15:45:10.064,419.25061154047575,102
2024-09-19 15:45:10.156,419.2859442651856,1000
2024-09-19 15:45:10.185,419.3194240977491,5
2024-09-19 15:45:10.388,419.28798652500456,100
2024-09-19 15:45:10.394,419.2743884010719,102
2024-09-19 15:45:10.461,419.3176107241737,9
2024-09-19 15:45:10.790,419.3076531427196,11
2024-09-19 15:45:10.927,419.3119839498663,13
2024-09-19 15:45:11.049,419.2936905614772,9
2024-09-19 15:45:11.306,419.3220612025832,105
2024-09-19 15:45:11.410,419.3148827876448,97
2024-09-19 15:45:11.508,419.3229834292082,98
2024-09-19 15:45:11.640,419.316904124478,1002
2024-09-19 15:45:12.049,419.3200892168956,998
2024-09-19 15:45:12.514,419.32094817716205,1002
2024-09-19 15:45:12.956,-419.3284470481956,12
2024-09-19 15:45:12.971,419.3250581035098,6
2024-09-19 15:45:12.979,418.9176320163269,1005
2024-09-19 15:45:13.053,419.3226270398968,1002
2024-09-19 15:45:13.302,419.3276924318235,97
2024-09-19 15:45:13.312,419.320409506851,97
2024-09-19 15:45:13.380,419.2959212490099,7
2024-09-19 15:45:13.380,419.32077902766,8
2024-09-19 15:45:13.483,419.3342419511824,7
2024-09-19 15:45:13.536,419.31245665842,14
2024-09-19 15:45:13.559,418.9530348030066,7
2024-09-19 15:45:13.611,419.30330292579896,7
2024-09-19 15:45:13.637,419.3155025777877,12
2024-09-19 15:45:13.659,419.297189924596,1000
2024-09-19 15:45:13.713,419.339565468538,96
2024-09-19 15:45:13.797,419.3215976923,999
2024-09-19 15:45:13.847,419.3273223220046,998
2024-09-19 15:45:13.893,419.3110769071881,9
2024-09-19 15:45:13.898,419.3299057417025,102
2024-09-19 15:45:13.922,419.3208049887249,8
2024-09-19 15:45:13.941,419.3314755665404,97
2024-09-19 15:45:14.118,419.34025903424055,10
2024-09-19 15:45:14.118,419.3376490241757,95
2024-09-19 15:45:14.164,419.3775048944354,97
2024-09-19 15:45:14.208,418.8066522025571,105
2024-09-19 15:45:14.294,419.3476012385262,10
2024-09-19 15:45:14.463,419.3472529405242,1003
2024-09-19 15:45:14.502,419.3218826254469,998
2024-09-19 15:45:14.592,419.3287248100865,96
2024-09-19 15:45:14.772,419.3753132257783,10
2024-09-19 15:45:14.791,419.36354098160336,14
2024-09-19 15:45:14.813,419.3623841865957,9
2024-09-19 15:45:14.879,419.34226532379705,8
2024-09-19 15:45:14.944,419.3597423828877,995
2024-09-19 15:45:14.953,419.3468571409528,1002
2024-09-19 15:45:14.990,419.3532495464185,997
2024-09-19 15:45:15.021,419.3330775108457,1004
2024-09-19 15:45:15.035,419.3385068952941,97
2024-09-19 15:45:15.071,419.37830056675085,1005
2024-09-19 15:45:15.081,419.3580247787991,1000
2024-09-19 15:45:15.092,419.3357029474944,12
2024-09-19 15:45:15.115,419.3456362513732,1000
2024-09-19 15:45:15.217,419.3335250412976,998
2024-09-19 15:45:15.227,419.3826963097623,13
2024-09-19 15:45:15.235,419.3833962569492,99
2024-09-19 15:45:15.254,419.3580530398578,995
2024-09-19 15:45:15.307,419.34181841505807,98
2024-09-19 15:45:15.329,419.3217025889106,15
2024-09-19 15:45:15.434,419.3621506983141,1001
2024-09-19 15:45:15.443,419.3478074640814,95
2024-09-19 15:45:15.486,419.3344139537181,14
2024-09-19 15:45:15.524,419.3430098772982,999
2024-09-19 15:45:15.570,419.3187634850132,104
2024-09-19 15:45:15.593,418.83380330872336,998
2024-09-19 15:45:15.595,419.3498442011418,1004
2024-09-19 15:45:15.616,419.3824420472316,1005
2024-09-19 15:45:15.702,419.3600255295133,102
2024-09-19 15:45:15.726,419.3542681332144,8
2024-09-19 15:45:15.760,419.3349272936904,13
2024-09-19 15:45:15.780,419.3128564247492,14
2024-09-19 15:45:15.795,419.3707472505763,1004
2024-09-19 15:45:15.838,419.3706153629992,96
2024-09-19 15:45:15.866,419.3546868201519,1003
2024-09-19 15:45:15.911,419.3402741234103,100
2024-09-19 15:45:15.914,419.3144006972629,11
2024-09-19 15:45:15.927,419.34201172591776,97
2024-09-19 15:45:15.988,419.31402436877113,104
2024-09-19 15:45:16.027,419.353407913199,6
2024-09-19 15:45:16.869,419.3637786115529,999
2024-09-19 15:45:17.016,419.33021541022106,105
2024-09-19 15:45:17.046,419.30659901385,103
2024-09-19 15:45:17.064,419.3365098981911,104
2024-09-19 15:45:17.074,419.3534469438666,10
2024-09-19 15:45:17.142,419.3609328443955,1000
2024-09-19 15:45:17.165,419.3544961354613,99
2024-09-19 15:45:17.182,419.34889463402806,1001
2024-09-19 15:45:17.192,419.3117601729679,6
2024-09-19 15:45:17.216,419.32633902592505,98
2024-09-19 15:45:17.232,419.3214027877335,103
2024-09-19 15:45:17.341,419.3506918539618,15
2024-09-19 15:45:17.344,419.3520447957648,12
2024-09-19 15:45:17.369,419.3290862932061,995
2024-09-19 15:45:17.452,419.3645793936653,102
2024-09-19 15:45:17.457,419.3762664788504,999
2024-09-19 15:45:17.458,419.3330655855145,95
2024-09-19 15:45:17.477,419.3211467910824,9
2024-09-19 15:45:17.480,419.3436553289621,99
2024-09-19 15:45:17.577,419.31399709665993,101
2024-09-19 15:45:17.629,419.35033354303965,7
2024-09-19 15:45:17.640,419.3565555431563,1001
2024-09-19 15:45:17.759,419.3273701228924,15
2024-09-19 15:45:17.768,419.3475448926581,1001
2024-09-19 15:45:17.781,419.3317759180719,103
2024-09-19 15:45:17.804,419.3086753644936,101
2024-09-19 15:45:17.824,419.3496853657654,98
2024-09-19 15:45:17.882,419.320943673127,105
2024-09-19 15:45:17.918,419.3339937977736,99
2024-09-19 15:45:17.934,419.3283916131021,102
2024-09-19 15:45:17.974,419.33710658200687,11
2024-09-19 15:45:18.291,419.3216693760746,14
2024-09-19 15:45:18.709,419.3499737526912,1004
2024-09-19 15:45:19.041,419.3244903368168,100
2024-09-19 15:45:19.234,419.3231292149511,6
2024-09-19 15:45:19.606,419.3190412893241,995
2024-09-19 15:45:20.015,418.79049700656776,1004
2024-09-19 15:45:20.465,419.3502255796244,13
2024-09-19 15:45:21.013,419.37218697788336,97
2024-09-19 15:45:21.019,419.3655345494236,14
2024-09-19 15:45:21.025,419.3404885855685,997
2024-09-19 15:45:21.034,419.3754695671075,98
2024-09-19 15:45:21.043,-41.93610101408825,997
2024-09-19 15:45:21.210,419.393388716235,12
2024-09-19 15:45:21.254,419.3567099821623,15
2024-09-19 15:45:21.289,419.35305092965007,104
2024-09-19 15:45:21.419,419.35831643372165,103
2024-09-19 15:45:21.440,419.39281401228897,103
2024-09-19 15:45:21.446,419.3849714396437,1004
2024-09-19 15:45:21.539,419.3505447893588,996
2024-09-19 15:45:21.540,419.35076206507625,8
2024-09-19 15:45:21.576,419.35732984124695,96
2024-09-19 15:45:21.588,419.3966489279632,1004
2024-09-19 15:45:21.660,-419.3708774791327,999
2024-09-19 15:45:21.701,419.3690475564654,12
2024-09-19 15:45:21.783,419.3785675059589,1000
2024-09-19 15:45:21.797,419.3505855109858,997
2024-09-19 15:45:21.818,419.3246851166896,997
2024-09-19 15:45:21.844,419.3596327709135,1005
2024-09-19 15:45:21.889,419.3583239228469,12
2024-09-19 15:45:21.891,419.3875831106356,14
2024-09-19 15:45:21.909,419.3637857009698,12
2024-09-19 15:45:21.962,419.36422813164046,96
2024-09-19 15:45:21.987,419.3758813762481,11
2024-09-19 15:45:23.233,419.36834510122645,105
2024-09-19 15:45:23.686,419.3657641066031,98
2024-09-19 15:45:23.825,419.34758850128986,6
2024-09-19 15:45:24.004,419.35964595719486,96
2024-09-19 15:45:24.087,419.358070130684,5
2024-09-19 15:45:24.204,419.3452771576672,102
2024-09-19 15:45:24.282,419.3569677050416,998
2024-09-19 15:45:24.406,419.3560828393316,101
2024-09-19 15:45:24.459,419.3615328285976,998
2024-09-19 15:45:24.495,419.35674060770526,1004
2024-09-19 15:45:24.595,418.9432607905084,11
2024-09-19 15:45:24.608,419.3665044777021,7
2024-09-19 15:45:24.954,419.34614465488016,98
2024-09-19 15:45:25.094,419.35928780810735,1003
2024-09-19 15:45:25.294,419.3648671984964,14
2024-09-19 15:45:25.316,419.34744717835537,12
2024-09-19 15:45:25.321,419.343268453357,8
2024-09-19 15:45:25.433,419.34856398291566,100
2024-09-19 15:45:25.522,419.3769878944504,997
2024-09-19 15:45:25.522,419.357141641826,99
2024-09-19 15:45:25.688,419.3573684083565,5
2024-09-19 15:45:25.787,419.3633264433902,99
2024-09-19 15:45:25.796,419.3672093762737,105
2024-09-19 15:45:25.810,419.3670980717248,1003
2024-09-19 15:45:25.871,419.3648451633597,95
2024-09-19 15:45:26.746,419.3612044400312,102
2024-09-19 15:45:26.878,419.3542393745427,103
2024-09-19 15:45:27.229,419.3326858092162,1005
2024-09-19 15:45:27.460,419.29230226618495,105
2024-09-19 15:45:27.514,419.3442857232816,12
2024-09-19 15:45:27.563,419.3129827032346,998
2024-09-19 15:45:27.697,419.3640277782992,15
2024-09-19 15:45:27.721,419.29298993569415,13
2024-09-19 15:45:27.763,419.3019886655449,97
2024-09-19 15:45:27.810,419.2865714630333,997
2024-09-19 15:45:27.859,419.2969578221823,995
2024-09-19 15:45:27.890,419.3227751694845,9
2024-09-19 15:45:28.435,419.33243540250936,1000
2024-09-19 15:45:28.495,419.3263067938497,996
2024-09-19 15:45:29.036,419.3200239835968,97
2024-09-19 15:45:29.044,419.3061116294264,1001
2024-09-19 15:45:29.135,419.3251873043809,1002
2024-09-19 15:45:29.147,-419.33855834976725,11
2024-09-19 15:45:29.244,419.2699693354598,12
2024-09-19 15:45:29.250,419.3469142740231,998
2024-09-19 15:45:29.319,419.3396714521685,11
2024-09-19 15:45:29.359,419.31669211071033,11
2024-09-19 15:45:29.364,419.37837695099904,98
2024-09-19 15:45:29.390,-419.3615604088865,101
2024-09-19 15:45:29.550,419.27436119072746,103
2024-09-19 15:45:29.581,419.35072523761664,97
2024-09-19 15:45:29.615,419.4147869693874,14
2024-09-19 15:45:29.625,419.2930299007342,95
2024-09-19 15:45:29.654,419.2933787743626,95
2024-09-19 15:45:29.680,419.3056170116208,6
2024-09-19 15:45:29.710,419.4086634560143,100
2024-09-19 15:45:29.715,419.3746033125706,101
2024-09-19 15:45:29.774,419.3358877706224,95
2024-09-19 15:45:29.902,419.3016060281644,7
2024-09-19 15:45:29.918,419.3056344845282,13
2024-09-19 15:45:29.922,419.3640733451001,95
2024-09-19 15:45:29.932,419.404743911337,996
2024-09-19 15:45:29.932,419.4083902894663,102
2024-09-19 15:45:29.964,419.2683910206407,5
2024-09-19 15:45:29.968,419.3908562942757,103
2024-09-19 15:45:30.155,419.3028381939279,1000
2024-09-19 15:45:30.194,419.30999883102186,13
2024-09-19 15:45:30.308,419.28330753368016,8
2024-09-19 15:45:30.365,419.2966368778565,100
2024-09-19 15:45:30.395,419.2637695868237,1005
2024-09-19 15:45:30.462,419.3038330336816,995
2024-09-19 15:45:30.469,419.3031346116472,13
2024-09-19 15:45:30.622,419.2856816327424,96
2024-09-19 15:45:30.758,419.28300820710336,105
2024-09-19 15:45:31.031,419.3149918343847,1005
2024-09-19 15:45:31.032,419.3389918326744,1002
2024-09-19 15:45:31.069,419.2797765065904,999
2024-09-19 15:45:31.226,419.3314153429608,1004
2024-09-19 15:45:31.256,419.3182618049656,11
2024-09-19 15:45:31.281,41.89038877915213,998
2024-09-19 15:45:31.296,419.3187063542535,104
2024-09-19 15:45:31.299,419.3263362207198,10
2024-09-19 15:45:31.370,419.3205422626832,10
2024-09-19 15:45:31.432,419.3225026819018,13
2024-09-19 15:45:31.442,419.2927058510791,1004
2024-09-19 15:45:31.465,419.3187410068519,996
2024-09-19 15:45:31.478,419.2931397476123,95
2024-09-19 15:45:31.486,418.8547235249766,1005
2024-09-19 15:45:31.498,419.3243510489373,1005
2024-09-19 15:45:31.499,419.2905117153949,6
2024-09-19 15:45:31.518,419.3171246374585,1004
2024-09-19 15:45:31.550,419.3297558904112,998
2024-09-19 15:45:31.555,419.2967786911248,97
2024-09-19 15:45:31.581,419.3151440884376,95
2024-09-19 15:45:31.590,419.2874507730451,11
2024-09-19 15:45:31.648,419.32812721488654,996
2024-09-19 15:45:31.689,419.2939040566032,15
2024-09-19 15:45:31.718,419.2926266675961,11
2024-09-19 15:45:31.736,419.2892866985487,14
2024-09-19 15:45:31.817,419.3420063657644,96
2024-09-19 15:45:31.944,419.30380857793926,6
2024-09-19 15:45:31.951,419.2884124200014,105
2024-09-19 15:45:32.014,419.2818865111794,9
2024-09-19 15:45:32.114,419.33868819643584,1004
2024-09-19 15:45:32.121,419.33578104341166,996
2024-09-19 15:45:32.180,419.32571703121897,1004
2024-09-19 15:45:32.192,419.34992145100966,105
2024-09-19 15:45:32.198,419.3329373972292,8
2024-09-19 15:45:32.241,419.3169819160668,10
2024-09-19 15:45:32.270,419.3255223775226,5
2024-09-19 15:45:32.306,419.3221239197595,11
2024-09-19 15:45:32.308,419.32836936611017,6
2024-09-19 15:45:32.344,419.30818361331103,105
2024-09-19 15:45:32.393,419.3202808668124,997
2024-09-19 15:45:32.538,419.3417441950951,7
2024-09-19 15:45:32.543,419.3116972937594,999
2024-09-19 15:45:32.562,419.30346221080265,10
2024-09-19 15:45:32.601,419.3260315799421,97
2024-09-19 15:45:32.717,419.3111520556797,98
2024-09-19 15:45:32.804,419.2913323736522,997
2024-09-19 15:45:32.821,419.3478360756303,13
2024-09-19 15:45:32.921,419.3319420483059,7
2024-09-19 15:45:33.035,419.3119542178168,995
2024-09-19 15:45:33.043,419.31577935811487,1003
2024-09-19 15:45:33.056,419.349816143222,6
2024-09-19 15:45:33.159,419.3255616457638,1000
2024-09-19 15:45:33.236,419.3173775843771,15
2024-09-19 15:45:33.287,419.3354613858248,97
2024-09-19 15:45:33.306,419.3426916412508,12
2024-09-19 15:45:33.332,419.3278948633991,10
2024-09-19 15:45:33.339,419.3403350151293,10
2024-09-19 15:45:33.363,419.3318617413806,95
2024-09-19 15:45:33.445,419.3407512421173,1005
2024-09-19 15:45:33.460,419.3158377538771,6
2024-09-19 15:45:33.492,419.3365326529902,100
2024-09-19 15:45:33.543,419.31897618240407,1001
2024-09-19 15:45:33.557,419.2985431603583,12
2024-09-19 15:45:33.592,419.29675975343525,8
2024-09-19 15:45:33.598,419.33238007771456,104
2024-09-19 15:45:33.605,419.3549206472526,998
2024-09-19 15:45:33.637,419.3310616126783,997
2024-09-19 15:45:33.666,,101
2024-09-19 15:45:33.714,419.33970739575454,100
2024-09-19 15:45:33.756,419.3186507399193,95
2024-09-19 15:45:33.800,419.3343964292538,11
2024-09-19 15:45:33.813,419.3159926260016,996
2024-09-19 15:45:33.874,419.29877778698216,97
2024-09-19 15:45:33.930,419.2947227164272,11
2024-09-19 15:45:34.125,419.3158209410537,96
2024-09-19 15:45:34.408,419.32488796040406,97
2024-09-19 15:45:34.527,419.2991701435394,95
2024-09-19 15:45:34.586,419.33173152527735,98
2024-09-19 15:45:34.774,419.3108233349261,98
2024-09-19 15:45:34.849,419.3273968299078,104
2024-09-19 15:45:34.850,419.33113027900487,10
2024-09-19 15:45:34.896,419.3119453270932,1003
2024-09-19 15:45:35.021,419.3186137382753,101
2024-09-19 15:45:35.053,419.3122957000672,8
2024-09-19 15:45:35.097,419.3194983399315,1004
2024-09-19 15:45:35.117,419.3433972255046,8
2024-09-19 15:45:35.125,419.3520022482411,1004
2024-09-19 15:45:35.178,419.3575332017673,10
2024-09-19 15:45:35.219,419.3163146844994,1003
2024-09-19 15:45:35.284,419.3350912855691,1003
2024-09-19 15:45:35.320,419.3167591414492,101
2024-09-19 15:45:35.385,419.33965407721416,1005
2024-09-19 15:45:35.420,419.3434003996416,1004
2024-09-19 15:45:35.479,419.34150155377847,13
2024-09-19 15:45:35.593,419.3519109437612,1000
2024-09-19 15:45:35.612,419.32471422836966,97
2024-09-19 15:45:35.626,419.3117844207854,1001
2024-09-19 15:45:35.686,419.34945993885833,1003
2024-09-19 15:45:35.742,419.3113511798452,10
2024-09-19 15:45:35.751,419.3471042159114,11
2024-09-19 15:45:35.792,419.3358305056498,95
2024-09-19 15:45:35.827,419.3232189781991,997
2024-09-19 15:45:35.836,419.3252099071624,1001
2024-09-19 15:45:35.838,419.3596346199538,1000
2024-09-19 15:45:35.860,419.3402097479232,9
2024-09-19 15:45:35.929,419.36061774503656,998
2024-09-19 15:45:35.978,419.3521779159256,1003
2024-09-19 15:45:36.002,419.3170168432486,11
2024-09-19 15:45:36.018,419.3176883285735,11
2024-09-19 15:45:36.032,419.3028364008072,13
2024-09-19 15:45:36.047,419.31422156057175,1003
2024-09-19 15:45:36.134,419.3312855107458,998
2024-09-19 15:45:36.147,419.3243396328752,10
2024-09-19 15:45:36.154,419.3289847726845,104
2024-09-19 15:45:36.204,419.32883776288406,15
2024-09-19 15:45:36.270,419.30156758523134,8
2024-09-19 15:45:36.307,419.315787516096,8
2024-09-19 15:45:36.313,419.3018242128685,102
2024-09-19 15:45:36.339,419.28980330746685,15
2024-09-19 15:45:36.351,419.3083089245616,104
2024-09-19 15:45:36.393,419.32749377932106,995
2024-09-19 15:45:36.417,419.29000198248,1000
2024-09-19 15:45:36.424,419.311258027131,99
2024-09-19 15:45:36.442,419.2960200154858,9
2024-09-19 15:45:36.545,419.30764401508605,104
2024-09-19 15:45:36.561,418.961686272012,100
2024-09-19 15:45:36.596,419.2908767841388,103
2024-09-19 15:45:36.700,419.33092027445446,5
2024-09-19 15:45:36.708,419.2953945925976,101
2024-09-19 15:45:36.792,419.3193352664598,9
2024-09-19 15:45:36.828,,8
2024-09-19 15:45:36.868,419.2832104122291,1002
2024-09-19 15:45:36.915,419.2941050732208,6
2024-09-19 15:45:36.924,419.3470743884968,1001
2024-09-19 15:45:36.928,419.3483277149278,15
2024-09-19 15:45:37.064,419.33709778021256,12
2024-09-19 15:45:37.185,419.3184288211744,999
2024-09-19 15:45:37.270,419.33277493565953,95
2024-09-19 15:45:37.338,419.3318747396988,1003
2024-09-19 15:45:37.488,419.3293812098144,1000
2024-09-19 15:45:37.632,419.3388223984179,1000
2024-09-19 15:45:37.768,419.3390266705388,98
2024-09-19 15:45:37.938,419.357843007557,995
2024-09-19 15:45:38.051,419.3006016914426,1001
2024-09-19 15:45:38.062,419.3191957900797,96
2024-09-19 15:45:38.093,419.2966128437133,999
2024-09-19 15:45:38.225,419.2951533647458,1001
2024-09-19 15:45:38.225,419.3048060823379,98
2024-09-19 15:45:38.231,419.2879470206704,101
2024-09-19 15:45:38.268,419.319690091676,104
2024-09-19 15:45:38.280,419.2871018370065,99
2024-09-19 15:45:38.321,419.2985946462881,97
2024-09-19 15:45:38.339,419.2782277268054,97
2024-09-19 15:45:38.343,419.3137653741607,12
2024-09-19 15:45:38.395,419.30103778918897,1003
2024-09-19 15:45:38.406,419.3144678983715,1005
2024-09-19 15:45:38.545,419.3123950334268,6
2024-09-19 15:45:38.546,419.3029991981504,98
2024-09-19 15:45:38.554,419.3017756862673,1002
2024-09-19 15:45:38.576,419.2841770162139,96
2024-09-19 15:45:38.669,419.32567639401753,105
2024-09-19 15:45:38.688,419.29712752262975,998
2024-09-19 15:45:38.730,419.2935758663161,8
2024-09-19 15:45:38.731,419.3183199716556,9
2024-09-19 15:45:38.733,419.31750443420606,7
2024-09-19 15:45:38.825,419.32191527882446,1001
2024-09-19 15:45:38.954,419.2937097841329,12
2024-09-19 15:45:38.970,419.290598084821,1002
2024-09-19 15:45:39.050,419.2074471848,999
2024-09-19 15:45:39.118,419.2309266504598,100
2024-09-19 15:45:39.121,419.2498617497377,103
2024-09-19 15:45:39.149,419.2348721578249,97
2024-09-19 15:45:39.155,419.2040049164871,6
2024-09-19 15:45:39.279,419.2384822924085,1000
2024-09-19 15:45:39.312,419.2290957818857,101
2024-09-19 15:45:39.354,419.2267573818781,1001
2024-09-19 15:45:39.396,419.21382214302815,96
2024-09-19 15:45:39.456,-419.19774990125705,995
2024-09-19 15:45:39.467,419.22223371323616,10
2024-09-19 15:45:39.477,419.2140495401814,6
2024-09-19 15:45:39.481,419.2210447189577,1003
2024-09-19 15:45:39.501,419.2781700196204,999
2024-09-19 15:45:39.538,419.2115551802409,9
2024-09-19 15:45:39.582,419.2185719078493,15
2024-09-19 15:45:39.602,419.2689972983998,13
2024-09-19 15:45:39.698,419.2455898211744,105
2024-09-19 15:45:39.736,419.21151315866433,999
2024-09-19 15:45:39.767,419.2203156739183,95
2024-09-19 15:45:39.774,419.199092183512,13
2024-09-19 15:45:39.781,419.23632751260936,103
2024-09-19 15:45:39.854,419.21956096646034,1001
2024-09-19 15:45:39.857,419.21933787347285,97
2024-09-19 15:45:39.888,419.2748444081538,8
2024-09-19 15:45:39.892,419.24051118506026,95
2024-09-19 15:45:39.903,419.2064842409496,1001
2024-09-19 15:45:39.906,419.2052018652155,95
2024-09-19 15:45:39.950,419.2324793049198,99
2024-09-19 15:45:39.983,419.2137090839104,997
2024-09-19 15:45:40.012,419.2217079394068,995
2024-09-19 15:45:40.028,419.2223144233838,1001
2024-09-19 15:45:40.214,419.21055138909975,96
2024-09-19 15:45:40.289,419.2280723113225,10
2024-09-19 15:45:40.341,419.21218689921136,1005
2024-09-19 15:45:40.391,419.2262079612922,8
2024-09-19 15:45:40.412,419.2210730226065,1004
2024-09-19 15:45:40.435,419.22530347659807,6
2024-09-19 15:45:40.797,419.23648467597474,6
2024-09-19 15:45:40.861,419.2136288499621,1002
2024-09-19 15:45:40.927,419.2402942259921,8
2024-09-19 15:45:40.966,419.2269343393696,97
2024-09-19 15:45:41.073,419.20833230130535,1004
2024-09-19 15:45:41.098,419.2351350335263,105
2024-09-19 15:45:41.185,419.2262351546583,105
2024-09-19 15:45:41.265,419.242911137738,996
2024-09-19 15:45:41.277,419.2597380955432,998
2024-09-19 15:45:41.296,419.21560172424176,995
2024-09-19 15:45:41.309,419.2500483472393,999
2024-09-19 15:45:41.339,419.251082946712,97
2024-09-19 15:45:41.387,419.2340077031344,5
2024-09-19 15:45:41.402,419.253894535003,1002
2024-09-19 15:45:41.412,419.2408180710861,5
2024-09-19 15:45:41.437,419.2181722985301,996
2024-09-19 15:45:41.456,419.2260704174316,7
2024-09-19 15:45:41.480,419.2246404923831,103
2024-09-19 15:45:41.520,419.2424738209808,11
2024-09-19 15:45:41.521,419.2243694138378,7
2024-09-19 15:45:41.576,,100
2024-09-19 15:45:41.642,419.2248001230973,1003
2024-09-19 15:45:41.649,419.19581902705016,1003
2024-09-19 15:45:41.692,419.2187979782827,1005
2024-09-19 15:45:41.703,419.20128432546153,14
2024-09-19 15:45:41.734,419.2045543391998,7
2024-09-19 15:45:41.741,419.2443856454406,999
2024-09-19 15:45:41.750,419.2251960534792,998
2024-09-19 15:45:41.757,419.2278774209191,11
2024-09-19 15:45:41.847,419.2695786274489,13
2024-09-19 15:45:41.849,419.2151359441824,1000
2024-09-19 15:45:41.876,419.21354039776446,14
2024-09-19 15:45:41.911,419.2497977518128,1001
2024-09-19 15:45:42.082,419.21632633470455,6
2024-09-19 15:45:42.224,419.1760264535099,10
2024-09-19 15:45:42.330,419.2318957576021,98
2024-09-19 15:45:42.333,419.2302275342532,996
2024-09-19 15:45:42.354,419.17971144106673,7
2024-09-19 15:45:42.365,419.1772897526863,99
2024-09-19 15:45:42.375,419.1635685964285,10
2024-09-19 15:45:42.423,419.1904596135858,997
2024-09-19 15:45:42.535,419.2332070415423,13
2024-09-19 15:45:42.588,419.209028117775,996
2024-09-19 15:45:42.610,419.2297680699186,6
2024-09-19 15:45:42.797,419.2264223427673,100
2024-09-19 15:45:42.812,419.1738985581746,97
2024-09-19 15:45:42.847,419.1764530729253,15
2024-09-19 15:45:42.851,419.1965006708232,996
2024-09-19 15:45:42.904,419.2038813782719,105
2024-09-19 15:45:42.925,419.1718049783015,1002
2024-09-19 15:45:43.135,418.9906641991371,10
2024-09-19 15:45:43.169,419.236952231844,995
2024-09-19 15:45:43.211,419.2381934735304,103
2024-09-19 15:45:43.277,419.2242428883288,13
2024-09-19 15:45:43.325,419.22971109046273,12
2024-09-19 15:45:43.351,419.2466765468965,999
2024-09-19 15:45:43.427,419.22965374513376,103
2024-09-19 15:45:43.457,419.2363907839501,1005
2024-09-19 15:45:43.462,419.2527993638214,5
2024-09-19 15:45:43.524,419.2175855423558,1003
2024-09-19 15:45:43.524,419.23549728373393,999
2024-09-19 15:45:43.604,419.2223355643897,1002
2024-09-19 15:45:43.632,419.2265066561846,13
2024-09-19 15:45:43.666,419.2645203218211,1000
2024-09-19 15:45:43.718,419.24271293307714,95
2024-09-19 15:45:43.819,419.24188558102287,101
2024-09-19 15:45:43.858,419.2439484512548,1004
2024-09-19 15:45:43.921,419.22377273596703,99
2024-09-19 15:45:43.938,419.22525584121456,99
2024-09-19 15:45:43.953,419.2251879950696,6
2024-09-19 15:45:43.997,419.2190181589323,14
2024-09-19 15:45:44.012,419.225144505052,11
2024-09-19 15:45:44.198,419.170217423148,105
2024-09-19 15:45:44.301,419.208930360962,104
2024-09-19 15:45:44.309,419.2073585540521,105
2024-09-19 15:45:44.316,419.1811277584652,95
2024-09-19 15:45:44.344,419.2267575504312,10
2024-09-19 15:45:44.405,419.1460878995295,97
2024-09-19 15:45:44.493,419.2214606459197,9
2024-09-19 15:45:44.498,419.2159215507338,1003
2024-09-19 15:45:44.500,419.1624034810558,1001
2024-09-19 15:45:44.708,419.1582098532914,995
2024-09-19 15:45:44.729,419.1766179854384,1003
2024-09-19 15:45:44.795,419.1968994275287,15
2024-09-19 15:45:44.798,419.1490999045287,98
2024-09-19 15:45:44.911,419.1504848840248,995
2024-09-19 15:45:44.988,419.1613192295344,999
2024-09-19 15:45:45.024,419.1418307701949,1005
2024-09-19 15:45:45.055,419.17695117753647,11
2024-09-19 15:45:45.119,419.1486200067124,997
2024-09-19 15:45:45.171,419.1870985632784,101
2024-09-19 15:45:45.208,419.1698262084531,1002
2024-09-19 15:45:45.254,419.1449401421957,7
2024-09-19 15:45:45.326,419.1658621583854,999
2024-09-19 15:45:45.342,419.1472861430951,1000
2024-09-19 15:45:45.359,419.15595741314553,96
2024-09-19 15:45:45.368,419.1713107551421,105
2024-09-19 15:45:45.609,419.1767291754503,1002
2024-09-19 15:45:45.640,419.1467458828648,995
2024-09-19 15:45:45.665,419.1341921231311,5
2024-09-19 15:45:45.715,419.1645797353831,1002
2024-09-19 15:45:45.795,419.13775212718775,105
2024-09-19 15:45:45.814,419.15499993042016,8
2024-09-19 15:45:45.876,419.1414942956461,1000
2024-09-19 15:45:45.909,419.12869251405664,104
2024-09-19 15:45:45.919,419.1941680434708,104
2024-09-19 15:45:45.931,419.1642827194377,105
2024-09-19 15:45:45.960,419.1422794833741,96
2024-09-19 15:45:46.049,419.1384951277351,995
2024-09-19 15:45:46.082,419.1766758954587,6
2024-09-19 15:45:46.297,419.1849897987012,8
2024-09-19 15:45:46.336,,97
2024-09-19 15:45:46.355,419.1843746416531,98
2024-09-19 15:45:46.462,419.18569267120193,97
2024-09-19 15:45:46.540,419.1577343824511,97
2024-09-19 15:45:46.558,419.1716420069477,1001
2024-09-19 15:45:46.603,419.1462613562536,9
2024-09-19 15:45:46.745,419.17988283929816,996
2024-09-19 15:45:46.780,419.1851653349742,13
2024-09-19 15:45:46.826,419.1609414145816,1000
2024-09-19 15:45:46.919,419.184020241824,11
2024-09-19 15:45:46.943,419.1787209830126,1002
2024-09-19 15:45:46.960,419.18381883847945,1005
2024-09-19 15:45:46.965,419.1663743223861,997
2024-09-19 15:45:47.062,419.1354302076492,997
2024-09-19 15:45:47.112,419.1346200612157,1001
2024-09-19 15:45:47.266,419.1236804515453,14
2024-09-19 15:45:47.294,419.11164725791207,1005
2024-09-19 15:45:47.339,41.913278165620845,15
2024-09-19 15:45:47.388,419.12164768012326,104
2024-09-19 15:45:47.397,419.1271898219055,1001
2024-09-19 15:45:47.529,419.1364649637027,6
2024-09-19 15:45:47.600,419.1123093783306,98
2024-09-19 15:45:47.643,419.12953896724366,11
2024-09-19 15:45:47.671,419.1310618629537,96
2024-09-19 15:45:47.764,419.1501999976584,1003
2024-09-19 15:45:47.852,419.1141742471688,996
2024-09-19 15:45:47.898,419.1202600359188,998
2024-09-19 15:45:47.914,419.1425292092471,997
2024-09-19 15:45:47.993,419.1244178807758,105
2024-09-19 15:45:48.015,419.118870854848,11
2024-09-19 15:45:48.046,419.18135207093184,1002
2024-09-19 15:45:48.069,419.10562015204187,1001
2024-09-19 15:45:48.080,419.20065338699885,98
2024-09-19 15:45:48.121,419.09887962524846,10
2024-09-19 15:45:48.158,419.1036432918052,96
2024-09-19 15:45:48.161,419.1772339089213,13
2024-09-19 15:45:48.184,419.1336029830021,13
2024-09-19 15:45:48.194,419.17371827574993,1005
2024-09-19 15:45:48.195,419.1135465753104,1003
2024-09-19 15:45:48.265,419.1861936799032,104
2024-09-19 15:45:48.281,419.09504877362247,1003
2024-09-19 15:45:48.284,419.09766303090913,10
2024-09-19 15:45:48.329,419.1541592527657,14
2024-09-19 15:45:48.368,419.1620547542806,1001
2024-09-19 15:45:48.484,419.1064356574162,995
2024-09-19 15:45:48.525,419.146231251781,13
2024-09-19 15:45:48.556,419.11075796506594,98
2024-09-19 15:45:48.640,419.14259719377566,14
2024-09-19 15:45:48.641,419.16219219905537,105
2024-09-19 15:45:48.727,419.1134833520362,105
2024-09-19 15:45:48.740,419.103313672703,9
2024-09-19 15:45:48.791,419.1930461845143,99
2024-09-19 15:45:48.871,419.15608505743137,995
2024-09-19 15:45:49.159,419.1434759686304,6
2024-09-19 15:45:49.201,419.2003980121176,104
2024-09-19 15:45:49.210,419.1679792460008,14
2024-09-19 15:45:49.233,419.1376504173869,102
2024-09-19 15:45:49.297,419.1824459537315,105
2024-09-19 15:45:49.365,419.1394465999784,1005
2024-09-19 15:45:49.368,419.2094252932427,13
2024-09-19 15:45:49.424,419.1733604531338,1002
2024-09-19 15:45:49.447,419.1968471015376,95
2024-09-19 15:45:49.457,419.1725193498031,997
2024-09-19 15:45:49.548,419.1901625113113,98
2024-09-19 15:45:49.551,419.1625291764298,105
2024-09-19 15:45:49.600,419.1924601693026,998
2024-09-19 15:45:49.603,419.1427806911683,13
2024-09-19 15:45:49.691,419.163701683123,96
2024-09-19 15:45:49.704,419.1430110212138,100
2024-09-19 15:45:49.726,419.1919019509396,100
2024-09-19 15:45:49.767,419.1739533171795,996
2024-09-19 15:45:49.783,419.1504776492731,99
2024-09-19 15:45:49.813,419.14482142410367,14
2024-09-19 15:45:49.839,419.197623362048,97
2024-09-19 15:45:49.867,419.1969949126699,103
2024-09-19 15:45:49.910,419.20259265323045,105
2024-09-19 15:45:49.947,419.1498716595688,99
2024-09-19 15:45:49.959,419.13773074243375,99
2024-09-19 15:45:50.076,419.1909521147434,105
2024-09-19 15:45:50.388,419.1862733139444,1000
2024-09-19 15:45:50.559,419.1958770549736,998
2024-09-19 15:45:50.865,419.1820886728005,104
2024-09-19 15:45:51.093,419.1982756532394,1005
2024-09-19 15:45:51.116,419.1962702668506,6
2024-09-19 15:45:51.356,419.1969825153362,13
2024-09-19 15:45:51.494,419.2078711078768,100
2024-09-19 15:45:51.546,419.20316921612886,15
2024-09-19 15:45:51.682,419.2088543531578,1001
2024-09-19 15:45:51.861,419.20149610092153,101
2024-09-19 15:45:51.953,419.1976312547068,97
2024-09-19 15:45:52.082,419.2696632264151,95
2024-09-19 15:45:52.296,419.2072184089712,1000
2024-09-19 15:45:52.324,419.1989597701871,1003
2024-09-19 15:45:52.353,419.2370208116572,1000
2024-09-19 15:45:52.365,419.23121862033975,95
2024-09-19 15:45:52.394,419.2631646975244,996
2024-09-19 15:45:52.476,419.210287291744,104
2024-09-19 15:45:52.627,419.25531778373016,999
2024-09-19 15:45:52.733,419.25833427631983,999
2024-09-19 15:45:52.898,419.2368899752164,13
2024-09-19 15:45:52.988,419.2642840308212,1004
2024-09-19 15:45:53.113,419.22442891684,995
2024-09-19 15:45:53.121,419.2495648452882,7
2024-09-19 15:45:53.225,419.2510103397626,99
2024-09-19 15:45:53.309,419.21683233579625,1000
2024-09-19 15:45:53.373,419.2726649211484,7
2024-09-19 15:45:53.473,419.2288962669094,96
2024-09-19 15:45:53.571,419.2648239037969,101
2024-09-19 15:45:53.701,419.2246616324673,9
2024-09-19 15:45:53.718,419.2152863920003,8
2024-09-19 15:45:53.910,419.2589283728052,997
2024-09-19 15:45:53.968,419.2429163146793,98
2024-09-19 15:45:54.025,419.18511521653977,102
2024-09-19 15:45:54.038,419.26361061146486,996
2024-09-19 15:45:54.047,419.22301932291714,7
2024-09-19 15:45:54.074,419.2270161074636,95
2024-09-19 15:45:54.082,419.19203809315945,14
2024-09-19 15:45:54.133,419.1722827988243,95
2024-09-19 15:45:54.153,419.1804550884932,103
2024-09-19 15:45:54.212,419.1766736421668,15
2024-09-19 15:45:54.232,419.176188057855,1002
2024-09-19 15:45:54.312,419.1790378851883,996
2024-09-19 15:45:54.326,419.19594876498337,97
2024-09-19 15:45:54.363,419.2360809298677,99
2024-09-19 15:45:54.494,419.2589210186167,1000
2024-09-19 15:45:54.543,419.20556606691264,1005
2024-09-19 15:45:54.629,419.25551672061846,999
2024-09-19 15:45:54.695,419.20953060436847,95
2024-09-19 15:45:54.710,419.1862370612459,1002
2024-09-19 15:45:54.736,419.1748198431378,997
2024-09-19 15:45:54.782,419.2419107743856,998
2024-09-19 15:45:54.831,419.21858471840136,996
2024-09-19 15:45:54.854,419.2338320076253,98
2024-09-19 15:45:54.934,419.25127682697735,1005
2024-09-19 15:45:54.937,419.2625840508554,95
2024-09-19 15:45:55.051,419.2410575244752,995
2024-09-19 15:45:55.107,419.2748854203962,14
2024-09-19 15:45:55.120,419.28144329132505,105
2024-09-19 15:45:55.192,419.26967871727646,5
2024-09-19 15:45:55.210,419.2904386561774,97
2024-09-19 15:45:55.234,419.27718525849,1003
2024-09-19 15:45:55.405,419.2415476253223,995
2024-09-19 15:45:55.432,419.2255730028249,1005
2024-09-19 15:45:55.434,419.215767364254,11
2024-09-19 15:45:55.483,419.2762565512472,11
2024-09-19 15:45:55.507,419.2908043007603,1001
2024-09-19 15:45:55.536,419.2775007825321,15
2024-09-19 15:45:55.539,419.2616561603471,10
2024-09-19 15:45:55.541,419.2447487477917,998
2024-09-19 15:45:55.625,419.2257483297298,101
2024-09-19 15:45:55.626,419.29296585595495,13
2024-09-19 15:45:55.698,419.2407681107653,6
2024-09-19 15:45:55.783,419.2878768931035,98
2024-09-19 15:45:55.790,419.2414295507076,97
2024-09-19 15:45:55.792,419.2797283889236,1004
2024-09-19 15:45:55.794,419.27832618163023,14
2024-09-19 15:45:55.804,419.239772444027,11
2024-09-19 15:45:55.903,419.268859133221,104
2024-09-19 15:45:55.919,419.2461870342942,9
2024-09-19 15:45:56.015,419.4170946572284,10
2024-09-19 15:45:56.016,419.31473134082086,6
2024-09-19 15:45:56.029,419.37735701871975,13
2024-09-19 15:45:56.039,419.316296442772,10
2024-09-19 15:45:56.058,419.41030984614656,5
2024-09-19 15:45:56.098,419.423224968078,102
2024-09-19 15:45:56.185,419.3995567147893,101
2024-09-19 15:45:56.197,419.3653433655888,995
2024-09-19 15:45:56.256,419.34213283219066,996
2024-09-19 15:45:56.299,419.4155628848597,5
2024-09-19 15:45:56.480,419.320832972633,15
2024-09-19 15:45:56.495,-419.4137974685813,99
2024-09-19 15:45:56.526,419.4398843580253,15
2024-09-19 15:45:56.550,419.31083989379886,99
2024-09-19 15:45:56.584,419.2883723119885,99
2024-09-19 15:45:56.612,419.2787130183225,103
2024-09-19 15:45:56.669,419.3209910986248,15
2024-09-19 15:45:56.705,419.3084050308557,997
2024-09-19 15:45:56.717,419.2923482050455,99
2024-09-19 15:45:56.787,419.39350045448367,97
2024-09-19 15:45:56.840,419.4401702749075,5
2024-09-19 15:45:56.875,419.3147626349561,8
2024-09-19 15:45:56.876,419.4216900570575,96
2024-09-19 15:45:57.047,419.5223749954672,100
2024-09-19 15:45:57.062,419.4892537652736,1001
2024-09-19 15:45:57.115,419.5093766376224,98
2024-09-19 15:45:57.153,419.4495349612768,98
2024-09-19 15:45:57.178,41.95283985731945,100
2024-09-19 15:45:57.210,419.5136115747199,103
2024-09-19 15:45:57.219,419.5108838977238,15
2024-09-19 15:45:57.239,419.0951372018326,13
2024-09-19 15:45:57.250,419.5293889229829,96
2024-09-19 15:45:57.265,419.50785526145967,98
2024-09-19 15:45:57.283,419.5003109216637,11
2024-09-19 15:45:57.350,419.514726818173,996
2024-09-19 15:45:57.368,419.4779806962487,95
2024-09-19 15:45:57.392,419.5034474469969,8
2024-09-19 15:45:57.439,419.51745392537504,1001
2024-09-19 15:45:57.456,419.5066379379786,1002
2024-09-19 15:45:57.487,419.4869682830204,12
2024-09-19 15:45:57.492,419.5188724828297,1001
2024-09-19 15:45:57.597,419.5323479238807,1001
2024-09-19 15:45:57.601,419.4917743421221,11
2024-09-19 15:45:57.689,419.4851597828226,11
2024-09-19 15:45:57.845,419.5156865928516,1003
2024-09-19 15:45:57.865,419.4934503721462,1000
2024-09-19 15:45:57.877,419.50833064836456,1005
2024-09-19 15:45:58.000,419.48357388971766,14
2024-09-19 15:45:58.005,419.4891580597314,11
2024-09-19 15:45:58.035,419.464736773354,14
2024-09-19 15:45:58.121,419.4862537431169,12
2024-09-19 15:45:58.128,419.512340728694,14
2024-09-19 15:45:58.146,419.49421105710206,15
2024-09-19 15:45:58.162,419.4858756631515,101
2024-09-19 15:45:58.228,419.5080132204832,99
2024-09-19 15:45:58.354,419.4862838440527,999
2024-09-19 15:45:58.440,419.47993558761937,14
2024-09-19 15:45:58.474,419.4904980007393,104
2024-09-19 15:45:58.513,419.498434777837,997
2024-09-19 15:45:58.574,419.4887667236209,995
2024-09-19 15:45:58.613,419.4819712500392,995
2024-09-19 15:45:58.794,419.5058805354696,12
2024-09-19 15:45:58.840,419.487178756261,14
2024-09-19 15:45:58.916,419.4918089705368,9
2024-09-19 15:45:58.962,419.5145954994738,5
2024-09-19 15:45:59.065,419.5050976816816,13
2024-09-19 15:45:59.245,419.52199671461534,15
2024-09-19 15:45:59.539,419.5092737955656,102
2024-09-19 15:45:59.645,419.5116145575242,12
2024-09-19 15:45:59.690,419.5167327327404,997
2024-09-19 15:45:59.941,419.516565595696,12
