Timestamp,Price,Size
2024-09-18 13:08:00.018,415.637279961316,10
2024-09-18 13:08:00.031,415.6498359764115,98
2024-09-18 13:08:00.067,415.6876393336746,1004
2024-09-18 13:08:00.074,415.7455877144327,98
2024-09-18 13:08:00.150,415.68930504105697,14
2024-09-18 13:08:00.208,415.75051296575856,103
2024-09-18 13:08:00.221,415.70371420230856,995
2024-09-18 13:08:00.275,415.6569109362912,1000
2024-09-18 13:08:00.390,415.7342604383917,96
2024-09-18 13:08:00.394,415.63020363217777,104
2024-09-18 13:08:00.420,415.7244534137911,10
2024-09-18 13:08:00.489,415.7217080704687,104
2024-09-18 13:08:00.503,415.7163575767938,1001
2024-09-18 13:08:00.544,415.68637635998215,995
2024-09-18 13:08:00.642,415.6868943987957,101
2024-09-18 13:08:00.680,415.6367567598704,96
2024-09-18 13:08:00.746,415.6990269840342,12
2024-09-18 13:08:00.770,415.7341834460231,14
2024-09-18 13:08:00.827,415.6381855384106,101
2024-09-18 13:08:00.827,415.6811189806864,5
2024-09-18 13:08:00.856,415.7111735351046,12
2024-09-18 13:08:00.858,415.6687529469004,1005
2024-09-18 13:08:00.859,415.7527590601185,96
2024-09-18 13:08:00.967,415.6571762252074,995
2024-09-18 13:08:00.988,415.7338904341719,98
2024-09-18 13:08:01.014,415.7152050512989,7
2024-09-18 13:08:01.019,415.7324540322657,105
2024-09-18 13:08:01.067,415.7143780864923,105
2024-09-18 13:08:01.070,415.7569012784823,13
2024-09-18 13:08:01.129,415.7282313302524,13
2024-09-18 13:08:01.165,415.71101802582285,7
2024-09-18 13:08:01.205,415.6989734697914,14
2024-09-18 13:08:01.241,415.72670880507457,1004
2024-09-18 13:08:01.271,415.74190136151935,8
2024-09-18 13:08:01.353,415.7312383106675,101
2024-09-18 13:08:01.361,415.7430016848433,5
2024-09-18 13:08:01.398,415.7312538909892,96
2024-09-18 13:08:01.401,415.7197032234291,996
2024-09-18 13:08:01.422,415.7308531747752,98
2024-09-18 13:08:01.532,415.709510901508,6
2024-09-18 13:08:01.603,415.7401520791696,998
2024-09-18 13:08:01.616,415.72216468123696,104
2024-09-18 13:08:01.647,415.71402923295307,15
2024-09-18 13:08:01.663,415.732216671424,100
2024-09-18 13:08:01.729,415.7099555651247,9
2024-09-18 13:08:01.786,415.72185275701054,95
2024-09-18 13:08:01.831,415.6964766227936,102
2024-09-18 13:08:01.840,415.730971503003,6
2024-09-18 13:08:01.936,415.7579443943692,8
2024-09-18 13:08:02.069,415.7340824212034,98
2024-09-18 13:08:02.230,415.7535445524787,95
2024-09-18 13:08:02.667,415.7326033945466,6
2024-09-18 13:08:03.091,415.7397772148545,100
2024-09-18 13:08:03.474,415.7538321506898,99
2024-09-18 13:08:03.591,415.7345641103772,97
2024-09-18 13:08:03.630,415.7686713084954,103
2024-09-18 13:08:03.666,415.7350143220765,1004
2024-09-18 13:08:04.028,415.79145011398873,95
2024-09-18 13:08:04.071,415.7885796941569,97
2024-09-18 13:08:04.155,415.7807318731773,12
2024-09-18 13:08:04.175,415.7579629061484,1002
2024-09-18 13:08:04.187,415.7782295355953,998
2024-09-18 13:08:04.234,415.76029702281534,999
2024-09-18 13:08:04.283,415.75545774926695,9
2024-09-18 13:08:04.335,415.7539747098616,5
2024-09-18 13:08:04.383,415.7740560069373,10
2024-09-18 13:08:04.391,415.7592749196777,10
2024-09-18 13:08:04.416,415.7443147236745,999
2024-09-18 13:08:04.430,415.77760031718174,995
2024-09-18 13:08:04.440,415.77757176457794,996
2024-09-18 13:08:04.482,415.7724977426225,97
2024-09-18 13:08:04.534,415.7566924622888,1005
2024-09-18 13:08:04.543,415.7723639743112,1001
2024-09-18 13:08:04.564,415.7764388899906,101
2024-09-18 13:08:04.643,415.801807507868,10
2024-09-18 13:08:04.654,415.7676266746619,102
2024-09-18 13:08:04.718,415.7602333120143,12
2024-09-18 13:08:04.748,415.77448526329823,95
2024-09-18 13:08:04.837,415.7680131231229,105
2024-09-18 13:08:04.920,415.75231403739815,7
2024-09-18 13:08:04.947,415.7971180067312,14
2024-09-18 13:08:05.218,415.8006169296482,15
2024-09-18 13:08:05.289,415.7669773168348,14
2024-09-18 13:08:05.310,415.76939857810174,99
2024-09-18 13:08:05.332,415.7835902383637,8
2024-09-18 13:08:05.450,415.76362237106525,95
2024-09-18 13:08:05.452,415.7854922670816,100
2024-09-18 13:08:05.484,415.77492299840026,104
2024-09-18 13:08:05.575,415.8020908049253,102
2024-09-18 13:08:05.603,415.75246647068144,5
2024-09-18 13:08:05.603,415.7541563974535,103
2024-09-18 13:08:05.716,415.7763939698879,999
2024-09-18 13:08:05.793,415.7723500469906,1003
2024-09-18 13:08:05.908,415.756759200076,15
2024-09-18 13:08:06.080,,999
2024-09-18 13:08:06.134,415.7108321588201,101
2024-09-18 13:08:06.139,415.7155585400353,98
2024-09-18 13:08:06.145,415.7732329111099,1004
2024-09-18 13:08:06.189,415.7651587671882,5
2024-09-18 13:08:06.222,415.7788733249951,103
2024-09-18 13:08:06.237,415.7703091206113,1002
2024-09-18 13:08:06.238,415.6920324705855,96
2024-09-18 13:08:06.294,415.7757160161243,103
2024-09-18 13:08:06.315,415.7678496784241,7
2024-09-18 13:08:06.322,415.7714431070312,103
2024-09-18 13:08:06.339,415.7560273313045,104
2024-09-18 13:08:06.395,415.7205533038613,8
2024-09-18 13:08:06.430,415.7502680459594,997
2024-09-18 13:08:06.510,415.73384185674047,999
2024-09-18 13:08:06.541,415.7482434789108,997
2024-09-18 13:08:06.561,415.7751138543664,15
2024-09-18 13:08:06.579,415.7621553055539,12
2024-09-18 13:08:06.610,415.7634889535793,13
2024-09-18 13:08:06.668,415.6900605216993,99
2024-09-18 13:08:06.741,415.7416376936769,1003
2024-09-18 13:08:06.758,415.7464127833928,99
2024-09-18 13:08:06.784,415.7388109278016,101
2024-09-18 13:08:06.798,415.7748188041679,1002
2024-09-18 13:08:06.817,415.75225858419424,15
2024-09-18 13:08:06.877,415.7612668293525,103
2024-09-18 13:08:06.884,415.7835601054396,105
2024-09-18 13:08:06.946,415.7936392495184,9
2024-09-18 13:08:06.974,415.763862042132,100
2024-09-18 13:08:07.304,415.71793969755095,1004
2024-09-18 13:08:07.345,415.7075637297128,1004
2024-09-18 13:08:07.591,415.72095338193657,5
2024-09-18 13:08:07.618,415.7078850858052,11
2024-09-18 13:08:07.661,415.70334538706254,13
2024-09-18 13:08:07.670,415.729132417022,999
2024-09-18 13:08:07.673,415.7354442286636,8
2024-09-18 13:08:07.686,415.7175093745802,103
2024-09-18 13:08:07.736,415.7447700904577,996
2024-09-18 13:08:07.931,415.7064197213588,999
2024-09-18 13:08:07.937,415.7391669467403,1000
2024-09-18 13:08:07.987,415.6963965912723,13
2024-09-18 13:08:08.060,415.7387703989984,995
2024-09-18 13:08:08.084,415.762789060413,14
2024-09-18 13:08:08.149,415.75460533996016,11
2024-09-18 13:08:08.159,415.7877787739391,1001
2024-09-18 13:08:08.178,415.7535925980977,6
2024-09-18 13:08:08.213,415.7447342480111,999
2024-09-18 13:08:08.229,415.73757043056895,14
2024-09-18 13:08:08.236,415.7527728000416,6
2024-09-18 13:08:08.252,,6
2024-09-18 13:08:08.280,415.7571250817247,102
2024-09-18 13:08:08.313,415.7418759201696,97
2024-09-18 13:08:08.341,415.7439054238386,99
2024-09-18 13:08:08.345,415.7716102875083,1005
2024-09-18 13:08:08.358,415.7264944823954,1000
2024-09-18 13:08:08.473,415.7583095545616,9
2024-09-18 13:08:08.540,415.7725244716741,104
2024-09-18 13:08:08.554,,8
2024-09-18 13:08:08.598,415.7767088890048,1003
2024-09-18 13:08:08.606,415.7555823595415,14
2024-09-18 13:08:08.876,415.75893648355895,103
2024-09-18 13:08:08.917,415.7652669149598,1005
2024-09-18 13:08:08.949,415.7568527243613,95
2024-09-18 13:08:08.997,415.7636418516983,7
2024-09-18 13:08:09.092,415.7760023326818,15
2024-09-18 13:08:09.194,415.7527482909727,104
2024-09-18 13:08:09.216,415.8280164264393,98
2024-09-18 13:08:09.265,415.7471642660525,1001
2024-09-18 13:08:09.283,415.7642856331708,7
2024-09-18 13:08:09.313,415.8135522565033,5
2024-09-18 13:08:09.364,415.81861109266686,1004
2024-09-18 13:08:09.388,415.7964405681714,10
2024-09-18 13:08:09.489,415.8342995079907,998
2024-09-18 13:08:09.490,415.7870452418607,99
2024-09-18 13:08:09.550,415.814302249198,8
2024-09-18 13:08:09.570,415.7656591146576,9
2024-09-18 13:08:09.625,415.8233349923087,8
2024-09-18 13:08:09.636,415.817956067101,10
2024-09-18 13:08:09.641,415.7598841048106,5
2024-09-18 13:08:09.650,415.7576435375398,996
2024-09-18 13:08:09.686,415.801255314497,103
2024-09-18 13:08:09.728,415.8007209491283,14
2024-09-18 13:08:09.818,415.7857058268408,996
2024-09-18 13:08:09.822,415.8015878551664,1002
2024-09-18 13:08:09.871,415.7653671753807,102
2024-09-18 13:08:09.877,415.76244613554667,15
2024-09-18 13:08:09.896,415.7763418980468,10
2024-09-18 13:08:09.898,415.78443470662376,98
2024-09-18 13:08:09.920,415.8068770582698,96
2024-09-18 13:08:09.958,415.79204715564646,1002
2024-09-18 13:08:09.958,415.80477869047286,98
2024-09-18 13:08:09.986,415.7800257206776,105
2024-09-18 13:08:09.995,415.8060700325885,997
2024-09-18 13:08:10.049,415.8550769854572,1000
2024-09-18 13:08:10.069,415.83140782156926,103
2024-09-18 13:08:10.081,415.824049450477,12
2024-09-18 13:08:10.148,415.8663873576305,9
2024-09-18 13:08:10.254,415.8018402316816,5
2024-09-18 13:08:10.258,415.8847093687969,104
2024-09-18 13:08:10.267,415.85080332243166,1001
2024-09-18 13:08:10.268,415.8214345030186,13
2024-09-18 13:08:10.344,415.8953161069068,97
2024-09-18 13:08:10.347,415.8423945679044,1001
2024-09-18 13:08:10.396,415.8983583312843,105
2024-09-18 13:08:10.397,415.846763417384,997
2024-09-18 13:08:10.503,415.831453171414,1002
2024-09-18 13:08:10.514,415.8213109555443,97
2024-09-18 13:08:10.560,415.8328309816902,1002
2024-09-18 13:08:10.611,415.8165909915091,5
2024-09-18 13:08:10.729,415.83269337695066,95
2024-09-18 13:08:10.805,415.88870983633007,5
2024-09-18 13:08:10.928,415.8517964607367,104
2024-09-18 13:08:10.947,415.8302509004138,5
2024-09-18 13:08:10.989,415.8754945399066,95
2024-09-18 13:08:11.049,415.8512896943896,999
2024-09-18 13:08:11.149,415.8772540330505,97
2024-09-18 13:08:11.154,415.8947123801479,105
2024-09-18 13:08:11.183,415.8428601539908,96
2024-09-18 13:08:11.194,415.88400647121694,9
2024-09-18 13:08:11.299,415.8884291872682,105
2024-09-18 13:08:11.332,415.8466309956278,15
2024-09-18 13:08:11.352,415.8619324504081,998
2024-09-18 13:08:11.481,415.8498160119991,105
2024-09-18 13:08:11.506,415.8460174679629,1001
2024-09-18 13:08:11.616,415.8650849189383,995
2024-09-18 13:08:11.630,415.8580234272354,105
2024-09-18 13:08:11.677,415.8312918643296,997
2024-09-18 13:08:11.685,415.8453521851532,103
2024-09-18 13:08:11.711,415.8455173687794,15
2024-09-18 13:08:11.735,415.86049159257465,9
2024-09-18 13:08:11.775,415.85946369498646,101
2024-09-18 13:08:11.798,415.84762371096735,1000
2024-09-18 13:08:11.948,415.8911102828084,995
2024-09-18 13:08:11.981,415.8704614116351,95
2024-09-18 13:08:12.465,415.8946635293558,1002
2024-09-18 13:08:12.641,415.8748964726684,101
2024-09-18 13:08:13.046,415.8961058404208,999
2024-09-18 13:08:13.089,41.5903808209212,103
2024-09-18 13:08:13.111,415.89275409717874,8
2024-09-18 13:08:13.121,415.871706026625,9
2024-09-18 13:08:13.151,415.8902076991421,995
2024-09-18 13:08:13.306,415.9215919618684,12
2024-09-18 13:08:13.321,415.87971136290565,1003
2024-09-18 13:08:13.324,415.89238749678265,11
2024-09-18 13:08:13.338,415.887358791486,996
2024-09-18 13:08:13.356,415.8704431395315,97
2024-09-18 13:08:13.386,415.9070805738938,1002
2024-09-18 13:08:13.458,415.87641528816414,103
2024-09-18 13:08:13.464,415.8966648499047,5
2024-09-18 13:08:13.491,415.8794453645734,1001
2024-09-18 13:08:13.570,415.8867981665129,12
2024-09-18 13:08:13.593,415.88258666217513,11
2024-09-18 13:08:13.648,415.8921670731585,103
2024-09-18 13:08:13.804,415.8677726308808,11
2024-09-18 13:08:13.899,415.8858617804629,1003
2024-09-18 13:08:13.926,415.9023023472795,14
2024-09-18 13:08:14.050,415.8044686557009,1002
2024-09-18 13:08:14.163,415.8408896416753,10
2024-09-18 13:08:14.193,415.83205408161945,1003
2024-09-18 13:08:14.270,415.7927302189462,13
2024-09-18 13:08:14.283,415.84279320993465,995
2024-09-18 13:08:14.294,415.87583201764255,998
2024-09-18 13:08:14.368,415.867793635823,95
2024-09-18 13:08:14.473,415.796945864733,1003
2024-09-18 13:08:14.531,415.8371974352888,13
2024-09-18 13:08:14.549,415.7859806413279,995
2024-09-18 13:08:14.584,415.8672459437678,6
2024-09-18 13:08:14.773,415.817748589232,7
2024-09-18 13:08:14.872,415.8550888739719,995
2024-09-18 13:08:14.903,415.8663040974349,10
2024-09-18 13:08:15.320,415.7940699649419,995
2024-09-18 13:08:15.379,415.7832416237129,98
2024-09-18 13:08:16.201,415.8422541217577,102
2024-09-18 13:08:16.399,415.8474762996415,1004
2024-09-18 13:08:16.602,415.8276102017425,6
2024-09-18 13:08:16.943,415.8481591490557,96
2024-09-18 13:08:17.099,415.8024381551072,103
2024-09-18 13:08:17.103,415.77810235241367,15
2024-09-18 13:08:17.151,415.7765701836733,100
2024-09-18 13:08:17.372,415.8119206796188,6
2024-09-18 13:08:17.425,415.7898886420609,13
2024-09-18 13:08:17.515,415.8028126308572,11
2024-09-18 13:08:17.541,415.80081753567583,998
2024-09-18 13:08:17.541,-415.8083465494,5
2024-09-18 13:08:17.614,415.7895138251484,1002
2024-09-18 13:08:17.653,415.82940996952846,96
2024-09-18 13:08:17.734,415.820594724905,1005
2024-09-18 13:08:17.814,415.804899612227,13
2024-09-18 13:08:18.014,415.7864270918794,5
2024-09-18 13:08:18.062,415.7738065290587,1000
2024-09-18 13:08:18.070,415.79292689915576,12
2024-09-18 13:08:18.075,415.7564824473726,103
2024-09-18 13:08:18.135,415.7460934697399,103
2024-09-18 13:08:18.186,415.77113992065625,100
2024-09-18 13:08:18.196,415.78165471030553,1004
2024-09-18 13:08:18.198,415.7827311027159,95
2024-09-18 13:08:18.301,415.73291074948986,996
2024-09-18 13:08:18.319,415.76431001404353,12
2024-09-18 13:08:18.357,415.742242323287,5
2024-09-18 13:08:18.369,415.7916796100956,11
2024-09-18 13:08:18.435,415.7748334854589,15
2024-09-18 13:08:18.476,415.772474127576,13
2024-09-18 13:08:18.591,415.7639442133428,96
2024-09-18 13:08:18.641,415.7707493482662,1002
2024-09-18 13:08:18.687,415.7374353355742,95
2024-09-18 13:08:18.742,415.7745703310358,1003
2024-09-18 13:08:18.790,415.7233038103772,100
2024-09-18 13:08:18.805,415.796495575018,102
2024-09-18 13:08:18.816,415.7942217694608,997
2024-09-18 13:08:18.877,415.7751162347341,12
2024-09-18 13:08:18.878,415.7753598960441,998
2024-09-18 13:08:18.988,415.76901420261504,95
2024-09-18 13:08:18.998,41.57716571977991,101
2024-09-18 13:08:19.023,415.78624240368856,99
2024-09-18 13:08:19.082,415.75562427126255,104
2024-09-18 13:08:19.087,415.7739466802839,1005
2024-09-18 13:08:19.128,415.7717283032517,7
2024-09-18 13:08:19.168,415.7591143696447,997
2024-09-18 13:08:19.213,415.78044822452256,997
2024-09-18 13:08:19.224,415.79888293650697,97
2024-09-18 13:08:19.252,415.7845660230183,996
2024-09-18 13:08:19.270,415.8049232206549,98
2024-09-18 13:08:19.322,415.8274612103104,999
2024-09-18 13:08:19.369,415.7775660046388,98
2024-09-18 13:08:19.415,415.7551799369927,1000
2024-09-18 13:08:19.437,415.8134569140121,103
2024-09-18 13:08:19.442,415.79945758103287,11
2024-09-18 13:08:19.509,415.7955427928142,7
2024-09-18 13:08:19.527,415.8069172637992,999
2024-09-18 13:08:19.540,415.7816448042003,100
2024-09-18 13:08:19.540,415.7604491002435,13
2024-09-18 13:08:19.654,415.7930682470368,1001
2024-09-18 13:08:19.706,415.7675817237418,97
2024-09-18 13:08:19.724,415.7287065811649,13
2024-09-18 13:08:19.742,415.7885181021401,996
2024-09-18 13:08:19.762,415.8027848250534,995
2024-09-18 13:08:19.913,415.75716668314266,13
2024-09-18 13:08:19.990,415.8016977362529,1005
2024-09-18 13:08:20.051,415.81661733656006,98
2024-09-18 13:08:20.166,415.821901443752,96
2024-09-18 13:08:20.204,415.8043250407855,104
2024-09-18 13:08:20.217,415.8310100525964,1000
2024-09-18 13:08:20.398,415.8118377526609,104
2024-09-18 13:08:20.510,415.8128972620005,1004
2024-09-18 13:08:20.561,415.8119649788711,96
2024-09-18 13:08:20.636,415.82287930558897,104
2024-09-18 13:08:20.652,415.79819529580567,97
2024-09-18 13:08:20.661,415.8189559935296,14
2024-09-18 13:08:20.687,415.82484381246815,5
2024-09-18 13:08:20.747,415.8047914657966,999
2024-09-18 13:08:20.915,415.8229796541032,102
2024-09-18 13:08:20.995,415.7916754509486,95
2024-09-18 13:08:21.053,415.883839658137,101
2024-09-18 13:08:21.237,415.7996041869406,995
2024-09-18 13:08:21.242,415.8082110626098,998
2024-09-18 13:08:21.261,415.8451331447996,15
2024-09-18 13:08:21.306,415.8396976569682,15
2024-09-18 13:08:21.381,415.8492503752394,102
2024-09-18 13:08:21.443,415.8314463454328,998
2024-09-18 13:08:21.587,415.8336208261888,998
2024-09-18 13:08:21.686,415.81138121916064,1000
2024-09-18 13:08:21.688,415.86419396831775,14
2024-09-18 13:08:21.718,415.79856693923335,997
2024-09-18 13:08:21.724,415.8147357738634,8
2024-09-18 13:08:21.931,415.80859986877175,997
2024-09-18 13:08:21.938,415.8382274399727,103
2024-09-18 13:08:21.961,415.8282929518825,7
2024-09-18 13:08:21.985,415.81743836684086,5
2024-09-18 13:08:22.110,415.8700146170684,1005
2024-09-18 13:08:22.412,415.89618864996464,97
2024-09-18 13:08:22.416,415.8961643577728,105
2024-09-18 13:08:22.657,415.8800015450044,11
2024-09-18 13:08:22.883,415.8877572069576,1005
2024-09-18 13:08:23.029,415.8908671443376,1000
2024-09-18 13:08:23.077,415.9090415940523,9
2024-09-18 13:08:23.086,415.8610194232044,14
2024-09-18 13:08:23.251,415.9088253489013,103
2024-09-18 13:08:23.340,415.8756729641999,1004
2024-09-18 13:08:23.451,415.8710645212706,98
2024-09-18 13:08:23.452,415.901976724013,100
2024-09-18 13:08:23.470,415.863299147132,998
2024-09-18 13:08:23.575,41.59131081418492,13
2024-09-18 13:08:23.612,415.85523940718633,13
2024-09-18 13:08:23.615,415.85408547381394,997
2024-09-18 13:08:23.617,415.87499411081245,997
2024-09-18 13:08:23.624,415.86756306150767,11
2024-09-18 13:08:23.647,415.88374285753713,104
2024-09-18 13:08:23.682,415.8907820990051,99
2024-09-18 13:08:23.818,-415.872677715766,11
2024-09-18 13:08:23.861,415.8668861132333,995
2024-09-18 13:08:23.911,415.8762056011949,997
2024-09-18 13:08:23.931,415.8691572548956,13
2024-09-18 13:08:23.935,415.862071578321,998
2024-09-18 13:08:23.952,415.9026647792594,99
2024-09-18 13:08:23.984,415.8967154964279,5
2024-09-18 13:08:24.024,415.9149032588815,95
2024-09-18 13:08:24.031,415.9371443960836,102
2024-09-18 13:08:24.161,415.8781212635069,7
2024-09-18 13:08:24.169,415.9238117609762,999
2024-09-18 13:08:24.185,415.87681052796194,95
2024-09-18 13:08:24.331,415.93844530952464,1000
2024-09-18 13:08:24.340,415.8637583920432,10
2024-09-18 13:08:24.387,415.90074832879327,8
2024-09-18 13:08:24.437,415.94485905418594,1003
2024-09-18 13:08:24.458,415.8820749950244,1000
2024-09-18 13:08:24.594,415.9510447071766,1004
2024-09-18 13:08:24.722,415.9460603920989,99
2024-09-18 13:08:24.759,415.9364488420904,997
2024-09-18 13:08:24.775,415.8840076746299,997
2024-09-18 13:08:24.934,415.8858616754188,6
2024-09-18 13:08:24.956,415.8919091872133,10
2024-09-18 13:08:24.963,415.9192393597411,1005
2024-09-18 13:08:25.404,415.92266189732953,1003
2024-09-18 13:08:25.555,415.9189635013267,102
2024-09-18 13:08:26.006,415.8144203200222,995
2024-09-18 13:08:26.109,415.8094807079011,10
2024-09-18 13:08:26.132,415.8389130306928,105
2024-09-18 13:08:26.142,415.8885568768304,1003
2024-09-18 13:08:26.202,415.9035814498614,1000
2024-09-18 13:08:26.219,415.8324821167137,97
2024-09-18 13:08:26.333,415.8084492802678,101
2024-09-18 13:08:26.335,415.8515987607452,12
2024-09-18 13:08:26.339,415.8461077682368,101
2024-09-18 13:08:26.460,415.81106196866233,1000
2024-09-18 13:08:26.517,415.8453951880416,103
2024-09-18 13:08:26.621,415.8196424066879,11
2024-09-18 13:08:26.681,415.870673063741,8
2024-09-18 13:08:26.696,415.8815302507281,998
2024-09-18 13:08:26.722,415.8922007827626,998
2024-09-18 13:08:26.762,415.8288133273188,997
2024-09-18 13:08:26.879,415.9156836198868,105
2024-09-18 13:08:26.884,415.8535870204915,13
2024-09-18 13:08:26.885,415.85811101875146,12
2024-09-18 13:08:26.905,415.82443649138986,1005
2024-09-18 13:08:26.915,415.8523143988923,15
2024-09-18 13:08:26.920,415.8626772839695,997
2024-09-18 13:08:26.952,415.8554793677732,995
2024-09-18 13:08:26.954,415.813896221821,1004
2024-09-18 13:08:27.411,415.8166407881328,14
2024-09-18 13:08:27.486,415.8290798977742,998
2024-09-18 13:08:27.530,415.7997405980152,1000
2024-09-18 13:08:27.740,415.7982305562787,7
2024-09-18 13:08:27.772,415.8344266266917,999
2024-09-18 13:08:27.787,415.8477482847896,101
2024-09-18 13:08:27.838,415.8519191639418,96
2024-09-18 13:08:27.843,415.839527122833,11
2024-09-18 13:08:28.159,415.7399724018429,98
2024-09-18 13:08:28.293,415.7566885431125,999
2024-09-18 13:08:28.447,415.7911331832164,100
2024-09-18 13:08:28.870,415.8015027538736,8
2024-09-18 13:08:28.917,415.79429878190336,100
2024-09-18 13:08:28.937,415.8028437961572,1002
2024-09-18 13:08:28.956,415.78286151558734,995
2024-09-18 13:08:29.054,415.7676807014827,105
2024-09-18 13:08:29.098,415.78569970545374,1002
2024-09-18 13:08:29.141,415.7506431858158,998
2024-09-18 13:08:29.189,415.7806499995742,8
2024-09-18 13:08:29.217,415.78491662138913,15
2024-09-18 13:08:29.237,415.76263365116176,995
2024-09-18 13:08:29.272,415.7626223655397,999
2024-09-18 13:08:29.377,415.7956936351178,98
2024-09-18 13:08:29.439,415.7724282054039,104
2024-09-18 13:08:29.495,415.76942500334826,11
2024-09-18 13:08:29.501,415.7614461822787,100
2024-09-18 13:08:29.533,415.7733268501292,1002
2024-09-18 13:08:29.572,415.74646776221806,95
2024-09-18 13:08:29.585,415.75737054282496,103
2024-09-18 13:08:29.595,415.7652419219047,1001
2024-09-18 13:08:29.739,415.79363457713066,13
2024-09-18 13:08:29.766,415.74900443853926,9
2024-09-18 13:08:29.811,415.7703402370089,6
2024-09-18 13:08:29.937,415.7685198886947,99
2024-09-18 13:08:30.033,415.7606974088704,103
2024-09-18 13:08:30.134,415.7569337386996,13
2024-09-18 13:08:30.264,415.7625096747519,98
2024-09-18 13:08:30.385,415.76427024562537,1002
2024-09-18 13:08:30.559,415.7708914827682,1004
2024-09-18 13:08:30.605,415.795460085877,10
2024-09-18 13:08:30.775,415.7334949120981,8
2024-09-18 13:08:30.835,415.766550711648,12
2024-09-18 13:08:30.865,-415.7467414633551,1003
2024-09-18 13:08:31.006,415.7478741907066,105
2024-09-18 13:08:31.091,415.7518513792164,6
2024-09-18 13:08:31.122,415.7172934854341,1002
2024-09-18 13:08:31.158,415.7060789874193,104
2024-09-18 13:08:31.178,415.74182369494974,101
2024-09-18 13:08:31.307,415.7346140992462,1004
2024-09-18 13:08:31.329,415.7579178554302,103
2024-09-18 13:08:31.375,-415.7734887674193,97
2024-09-18 13:08:31.389,415.7889117798314,999
2024-09-18 13:08:31.393,415.7558367830454,1005
2024-09-18 13:08:31.399,415.69995676126734,7
2024-09-18 13:08:31.400,415.7078088712038,1004
2024-09-18 13:08:31.453,415.7892625348693,995
2024-09-18 13:08:31.470,415.74389872624977,1002
2024-09-18 13:08:31.554,415.756007291474,1000
2024-09-18 13:08:31.557,415.7476597633883,8
2024-09-18 13:08:31.674,415.72859675993647,96
2024-09-18 13:08:31.727,415.75041430882817,9
2024-09-18 13:08:31.744,415.7085171033861,6
2024-09-18 13:08:31.748,415.7889069483997,96
2024-09-18 13:08:31.778,415.7389012874397,1000
2024-09-18 13:08:31.782,415.7891410133768,7
2024-09-18 13:08:31.805,415.7394801630364,998
2024-09-18 13:08:31.898,415.7176974076245,6
2024-09-18 13:08:31.923,415.7673357540659,6
2024-09-18 13:08:31.971,415.7605124949331,1001
2024-09-18 13:08:31.982,415.7162736044395,11
2024-09-18 13:08:32.058,415.6913309045417,10
2024-09-18 13:08:32.113,415.7118292931679,995
2024-09-18 13:08:32.144,415.7145503862309,95
2024-09-18 13:08:32.175,415.76134700713146,7
2024-09-18 13:08:32.291,415.74808113670935,103
2024-09-18 13:08:32.407,415.74205074531966,13
2024-09-18 13:08:32.432,415.7601691538211,103
2024-09-18 13:08:32.461,415.6930544516474,5
2024-09-18 13:08:32.481,415.70456413453655,1001
2024-09-18 13:08:32.486,415.73690807267593,1005
2024-09-18 13:08:32.528,415.69950063814525,95
2024-09-18 13:08:32.575,415.7236246380481,15
2024-09-18 13:08:32.736,415.70847332028967,104
2024-09-18 13:08:32.742,415.76550390952207,98
2024-09-18 13:08:32.763,415.7334542098223,997
2024-09-18 13:08:32.789,415.7034829208233,1004
2024-09-18 13:08:32.806,415.6891469233291,1002
2024-09-18 13:08:32.811,415.6921449642438,1004
2024-09-18 13:08:32.879,41.57609720116992,13
2024-09-18 13:08:32.924,415.713561152233,995
2024-09-18 13:08:32.958,415.7676171981277,996
2024-09-18 13:08:32.958,415.7071568710011,99
2024-09-18 13:08:32.984,415.7010298282787,8
2024-09-18 13:08:33.122,415.71906541784006,998
2024-09-18 13:08:33.146,415.7105228675921,1005
2024-09-18 13:08:33.155,415.7108571630751,1004
2024-09-18 13:08:33.326,415.7136133504205,99
2024-09-18 13:08:33.351,415.72571043491473,11
2024-09-18 13:08:33.361,415.7066661506877,96
2024-09-18 13:08:33.478,415.712535210903,15
2024-09-18 13:08:33.627,415.70993720753535,99
2024-09-18 13:08:33.686,415.7108627645536,1002
2024-09-18 13:08:33.718,415.7061814091101,100
2024-09-18 13:08:34.234,415.709831147741,95
2024-09-18 13:08:34.241,415.6827929096391,996
2024-09-18 13:08:34.487,415.68894722502057,996
2024-09-18 13:08:34.520,415.7039481525023,8
2024-09-18 13:08:34.628,415.713803725964,1002
2024-09-18 13:08:34.838,415.6772794198379,103
2024-09-18 13:08:34.865,415.7102349038663,95
2024-09-18 13:08:35.084,415.68437221137225,997
2024-09-18 13:08:35.126,415.68485665608944,104
2024-09-18 13:08:35.135,415.6840741255504,105
2024-09-18 13:08:35.143,415.72536627294,102
2024-09-18 13:08:35.276,415.6828740645928,1005
2024-09-18 13:08:35.281,415.7081216478289,998
2024-09-18 13:08:35.351,415.6828352762015,9
2024-09-18 13:08:35.353,415.6983830545205,14
2024-09-18 13:08:35.393,415.72767715049577,1005
2024-09-18 13:08:35.413,415.7472270411389,1004
2024-09-18 13:08:35.446,415.71530111350086,103
2024-09-18 13:08:35.457,415.7206035211417,1001
2024-09-18 13:08:35.470,415.69526146508696,103
2024-09-18 13:08:35.509,415.7159106544109,9
2024-09-18 13:08:35.532,415.7117078686453,97
2024-09-18 13:08:35.546,415.6824272483662,102
2024-09-18 13:08:35.550,415.6678194331498,9
2024-09-18 13:08:35.617,415.7230901245856,10
2024-09-18 13:08:35.634,415.73485837001954,15
2024-09-18 13:08:35.636,415.7054879157986,1003
2024-09-18 13:08:35.671,415.7090739912488,6
2024-09-18 13:08:35.741,415.6867105331963,10
2024-09-18 13:08:35.767,415.7323813629303,9
2024-09-18 13:08:35.779,415.7590518687092,99
2024-09-18 13:08:35.791,415.680066630051,97
2024-09-18 13:08:35.897,415.7407481028128,996
2024-09-18 13:08:35.905,415.7201896077576,6
2024-09-18 13:08:35.921,415.6751785089558,7
2024-09-18 13:08:35.964,415.6843834589464,997
2024-09-18 13:08:36.013,415.71361638365386,12
2024-09-18 13:08:36.104,415.7569706314773,100
2024-09-18 13:08:36.221,415.7546890149456,98
2024-09-18 13:08:36.236,415.7235541655945,1002
2024-09-18 13:08:36.294,415.7484352821374,6
2024-09-18 13:08:36.330,415.72896815310594,100
2024-09-18 13:08:36.379,415.7303619866514,997
2024-09-18 13:08:36.409,415.710730394429,998
2024-09-18 13:08:36.416,415.6732516215079,10
2024-09-18 13:08:36.436,415.672522840862,100
2024-09-18 13:08:36.451,415.6952358741319,14
2024-09-18 13:08:36.502,415.69531931634685,5
2024-09-18 13:08:36.560,415.7314026264317,97
2024-09-18 13:08:36.670,415.6873592534064,10
2024-09-18 13:08:36.699,415.73405877988944,13
2024-09-18 13:08:36.733,415.747392655588,98
2024-09-18 13:08:36.736,415.7060361379215,14
2024-09-18 13:08:36.829,415.7331464834015,13
2024-09-18 13:08:36.941,415.68590055494985,95
2024-09-18 13:08:36.941,415.6777324631251,13
2024-09-18 13:08:37.045,415.7526951611568,1000
2024-09-18 13:08:37.133,415.78811535034606,999
2024-09-18 13:08:37.133,415.7421077807042,96
2024-09-18 13:08:37.144,415.7606307130181,5
2024-09-18 13:08:37.169,415.7834508606014,103
2024-09-18 13:08:37.194,415.7564523790726,105
2024-09-18 13:08:37.241,415.7520660029864,7
2024-09-18 13:08:37.249,415.7612318780437,999
2024-09-18 13:08:37.287,415.7483127603693,1005
2024-09-18 13:08:37.298,415.7522146062348,997
2024-09-18 13:08:37.332,415.76330263805295,98
2024-09-18 13:08:37.332,415.7468067338674,1002
2024-09-18 13:08:37.340,415.7767943431479,103
2024-09-18 13:08:37.419,415.78718265207766,97
2024-09-18 13:08:37.474,415.7880407355341,998
2024-09-18 13:08:37.572,415.7545344676788,1001
2024-09-18 13:08:37.647,415.7958277897792,1003
2024-09-18 13:08:37.648,415.7464401294909,5
2024-09-18 13:08:37.714,415.787879487052,7
2024-09-18 13:08:37.747,415.7811738361172,95
2024-09-18 13:08:37.749,415.73151263048,6
2024-09-18 13:08:37.789,415.7706935625971,997
2024-09-18 13:08:37.851,415.7807520963826,1003
2024-09-18 13:08:37.887,415.7760584448806,100
2024-09-18 13:08:37.931,415.7989839003392,1004
2024-09-18 13:08:37.942,415.77755748903553,97
2024-09-18 13:08:37.967,415.74712138146026,99
2024-09-18 13:08:37.984,415.7714477406164,998
2024-09-18 13:08:37.990,415.7205569370444,1000
2024-09-18 13:08:39.300,415.7989108049717,1002
2024-09-18 13:08:40.115,415.8085628576521,99
2024-09-18 13:08:40.149,415.8082531968445,15
2024-09-18 13:08:40.202,415.7897890908542,105
2024-09-18 13:08:40.211,415.7929773737881,104
2024-09-18 13:08:40.223,415.8346844591484,98
2024-09-18 13:08:40.252,415.8185477025274,99
2024-09-18 13:08:40.300,415.80718800206176,997
2024-09-18 13:08:40.379,415.816005523972,105
2024-09-18 13:08:40.405,415.8007761946781,11
2024-09-18 13:08:40.406,415.8036531479888,1003
2024-09-18 13:08:40.496,415.7918152538181,5
2024-09-18 13:08:40.526,415.8168627746469,998
2024-09-18 13:08:40.646,415.8026304749199,96
2024-09-18 13:08:40.684,415.8007459809872,10
2024-09-18 13:08:40.735,415.8103710747872,1002
2024-09-18 13:08:40.834,415.8207121747263,98
2024-09-18 13:08:40.892,415.8017545190221,10
2024-09-18 13:08:40.903,415.8190731788657,97
2024-09-18 13:08:40.980,415.80757035839366,1000
2024-09-18 13:08:41.162,415.7953761841018,7
2024-09-18 13:08:41.180,415.8099629859128,8
2024-09-18 13:08:41.537,415.79571848088136,100
2024-09-18 13:08:42.902,415.7679799846488,995
2024-09-18 13:08:43.102,415.8008455593476,99
2024-09-18 13:08:43.169,415.7991687586101,999
2024-09-18 13:08:43.276,415.7852283682548,997
2024-09-18 13:08:43.290,415.8001963060032,14
2024-09-18 13:08:43.290,415.7934686999017,6
2024-09-18 13:08:43.389,415.7573855766941,13
2024-09-18 13:08:43.582,415.7481769391105,996
2024-09-18 13:08:43.638,415.74049025800895,995
2024-09-18 13:08:43.662,415.7796735163974,1003
2024-09-18 13:08:43.696,415.7458643645692,11
2024-09-18 13:08:43.719,415.78323682292273,1003
2024-09-18 13:08:43.723,415.78651771432015,1002
2024-09-18 13:08:43.723,415.7792294287975,104
2024-09-18 13:08:43.734,415.7894555886928,102
2024-09-18 13:08:43.752,415.814046247224,999
2024-09-18 13:08:43.755,415.7827305013972,10
2024-09-18 13:08:43.768,415.7458874080056,1005
2024-09-18 13:08:43.793,415.7608923953715,997
2024-09-18 13:08:43.857,415.7646240102932,1005
2024-09-18 13:08:43.905,415.78220543432377,998
2024-09-18 13:08:43.909,415.75273176838937,104
2024-09-18 13:08:43.913,415.7934116075835,14
2024-09-18 13:08:43.942,415.8116926589877,1004
2024-09-18 13:08:43.961,415.8031270183215,14
2024-09-18 13:08:44.038,415.7531865983981,1000
2024-09-18 13:08:45.119,415.7635319011177,98
2024-09-18 13:08:45.149,415.7248073991573,998
2024-09-18 13:08:45.240,415.7596339438227,995
2024-09-18 13:08:45.244,415.73515869449824,102
2024-09-18 13:08:45.423,415.74889838454976,12
2024-09-18 13:08:45.428,415.7241891962163,13
2024-09-18 13:08:45.549,415.739328998874,996
2024-09-18 13:08:45.667,415.6948487355882,12
2024-09-18 13:08:45.669,415.7117347398665,1003
2024-09-18 13:08:45.776,415.7614229901161,98
2024-09-18 13:08:45.832,415.69336230398,14
2024-09-18 13:08:45.997,415.7155427751208,97
2024-09-18 13:08:46.064,415.7454249996992,1005
2024-09-18 13:08:46.077,415.6921323481895,96
2024-09-18 13:08:46.083,415.7337351674015,1004
2024-09-18 13:08:46.087,415.6999061540425,15
2024-09-18 13:08:46.117,415.7129691035658,103
2024-09-18 13:08:46.181,415.6805121185057,100
2024-09-18 13:08:46.198,415.7072151007994,9
2024-09-18 13:08:46.266,415.6777156240111,14
2024-09-18 13:08:46.473,415.6695355637879,103
2024-09-18 13:08:46.478,415.74085025468986,15
2024-09-18 13:08:46.485,415.7328799008242,104
2024-09-18 13:08:46.523,415.6776010679972,5
2024-09-18 13:08:46.540,41.57297542417754,996
2024-09-18 13:08:46.615,415.7423013549016,95
2024-09-18 13:08:46.698,415.7299564810533,6
2024-09-18 13:08:46.726,415.7240399551621,104
2024-09-18 13:08:46.736,415.7163548474472,101
2024-09-18 13:08:46.737,415.7501289440169,11
2024-09-18 13:08:46.761,415.74194106292987,1001
2024-09-18 13:08:46.793,415.7544116647491,997
2024-09-18 13:08:46.807,415.6823522805916,102
2024-09-18 13:08:46.840,415.7049913524555,998
2024-09-18 13:08:46.848,415.71892520698594,104
2024-09-18 13:08:46.879,415.6753783690924,1005
2024-09-18 13:08:46.965,415.7336863999051,8
2024-09-18 13:08:46.982,415.75011204248034,99
2024-09-18 13:08:46.996,415.7380234919757,1004
2024-09-18 13:08:47.003,415.7265358131478,1000
2024-09-18 13:08:47.020,415.6971744240736,97
2024-09-18 13:08:47.031,415.708283846218,999
2024-09-18 13:08:47.095,415.7343341419616,104
2024-09-18 13:08:47.097,415.6978276896756,1002
2024-09-18 13:08:47.176,415.7490341072911,11
2024-09-18 13:08:47.198,415.7452631765418,96
2024-09-18 13:08:47.253,415.7220189467923,95
2024-09-18 13:08:47.332,415.7060165640521,11
2024-09-18 13:08:47.399,415.75391181203366,12
2024-09-18 13:08:47.538,415.7071130242932,105
2024-09-18 13:08:47.545,415.7218215920584,999
2024-09-18 13:08:47.574,415.7187314114224,15
2024-09-18 13:08:47.862,415.7096830067036,1000
2024-09-18 13:08:47.869,415.7054536565025,1001
2024-09-18 13:08:47.888,415.7258543054186,5
2024-09-18 13:08:47.909,415.6917231932441,95
2024-09-18 13:08:47.923,415.74760070174216,8
2024-09-18 13:08:47.958,415.73026744364495,98
2024-09-18 13:08:47.996,415.7342869590194,6
2024-09-18 13:08:48.049,415.758842561498,995
2024-09-18 13:08:48.126,415.7889109366898,7
2024-09-18 13:08:48.142,415.75620785591735,6
2024-09-18 13:08:48.202,415.78606695580766,100
2024-09-18 13:08:48.241,415.75066722850346,1001
2024-09-18 13:08:48.403,415.8049110633583,996
2024-09-18 13:08:48.445,415.7578869772138,96
2024-09-18 13:08:48.456,415.7355447049108,5
2024-09-18 13:08:48.507,415.7842546148456,5
2024-09-18 13:08:48.540,415.72134999292473,999
2024-09-18 13:08:48.578,415.7653445318336,7
2024-09-18 13:08:48.608,,1004
2024-09-18 13:08:48.618,415.7817926024677,996
2024-09-18 13:08:48.627,415.8042187554111,13
2024-09-18 13:08:48.829,415.78606851352913,105
2024-09-18 13:08:48.861,415.71726585434834,1004
2024-09-18 13:08:48.919,415.7728920919904,103
2024-09-18 13:08:48.936,415.7287824483989,1005
2024-09-18 13:08:48.962,415.7908987042103,1000
2024-09-18 13:08:48.977,415.800917648953,14
2024-09-18 13:08:49.057,415.7373920786553,999
2024-09-18 13:08:49.134,415.757369886442,7
2024-09-18 13:08:49.161,415.74933775170064,5
2024-09-18 13:08:49.206,415.7957755997595,997
2024-09-18 13:08:49.237,415.8061252921499,1002
2024-09-18 13:08:49.253,415.78618235805294,97
2024-09-18 13:08:49.317,415.7997875460004,6
2024-09-18 13:08:49.440,415.8063103266476,104
2024-09-18 13:08:49.453,415.7462869323151,97
2024-09-18 13:08:49.544,415.7541157142828,997
2024-09-18 13:08:49.587,415.8125887538456,1000
2024-09-18 13:08:49.672,415.7724163320844,7
2024-09-18 13:08:49.673,415.78809709290095,995
2024-09-18 13:08:49.749,415.8010087122208,10
2024-09-18 13:08:49.840,415.7996069787533,9
2024-09-18 13:08:49.876,-415.7438006301272,9
2024-09-18 13:08:49.886,415.7941334370004,12
2024-09-18 13:08:49.895,415.7908421002551,100
2024-09-18 13:08:49.899,415.7878849747412,999
2024-09-18 13:08:50.093,415.75407192664926,101
2024-09-18 13:08:50.506,415.7395303489837,15
2024-09-18 13:08:50.645,415.73801935490695,998
2024-09-18 13:08:50.821,415.7504978137037,11
2024-09-18 13:08:50.854,415.7418817423231,12
2024-09-18 13:08:51.251,415.7470714691012,1002
2024-09-18 13:08:51.462,415.7467779905896,15
2024-09-18 13:08:51.645,415.75338501537857,101
2024-09-18 13:08:52.022,415.8446930196807,100
2024-09-18 13:08:52.044,415.77521167561423,12
2024-09-18 13:08:52.063,415.8233122800075,95
2024-09-18 13:08:52.075,415.8024458022045,5
2024-09-18 13:08:52.167,415.8522223568203,101
2024-09-18 13:08:52.268,415.80253115710735,6
2024-09-18 13:08:52.319,415.8453753309024,995
2024-09-18 13:08:52.320,415.8068052932944,1004
2024-09-18 13:08:52.328,415.8097281296083,15
2024-09-18 13:08:52.358,415.7987932598507,10
2024-09-18 13:08:52.426,415.7958785094271,97
2024-09-18 13:08:52.523,415.8084587853714,1002
2024-09-18 13:08:52.567,415.8535001078744,99
2024-09-18 13:08:52.619,415.82674972097794,1000
2024-09-18 13:08:52.677,415.8187122114312,7
2024-09-18 13:08:52.701,415.7930464745163,997
2024-09-18 13:08:52.716,415.7629847166477,5
2024-09-18 13:08:52.717,415.824187176458,96
2024-09-18 13:08:52.811,415.84083180076806,14
2024-09-18 13:08:52.829,415.7940412405701,13
2024-09-18 13:08:52.843,415.8063543141844,101
2024-09-18 13:08:52.845,415.8592703817809,97
2024-09-18 13:08:52.920,415.8202393590648,100
2024-09-18 13:08:52.929,415.8441174176818,99
2024-09-18 13:08:53.003,415.810219417105,96
2024-09-18 13:08:53.040,415.8128043095192,100
2024-09-18 13:08:53.050,415.79980360656896,100
2024-09-18 13:08:53.081,415.8264010047808,9
2024-09-18 13:08:53.122,415.8194430227896,96
2024-09-18 13:08:53.129,415.848417902732,999
2024-09-18 13:08:53.132,415.8122675753494,15
2024-09-18 13:08:53.240,415.8440684569533,996
2024-09-18 13:08:53.277,415.78487693515785,10
2024-09-18 13:08:53.444,415.8341980095153,102
2024-09-18 13:08:53.462,415.8188228709592,1003
2024-09-18 13:08:53.490,415.8441194180037,105
2024-09-18 13:08:53.501,415.8457248233024,101
2024-09-18 13:08:53.558,415.8387215522543,99
2024-09-18 13:08:53.585,415.8168624249444,1001
2024-09-18 13:08:53.621,415.8006017952318,101
2024-09-18 13:08:53.715,415.8099110883984,996
2024-09-18 13:08:53.737,415.8225623820172,8
2024-09-18 13:08:53.749,415.84720252461454,105
2024-09-18 13:08:53.795,415.8265331733005,105
2024-09-18 13:08:53.886,415.8283730415898,8
2024-09-18 13:08:53.912,415.8183120175176,15
2024-09-18 13:08:53.943,415.83604691456,99
2024-09-18 13:08:53.957,415.8190019261948,8
2024-09-18 13:08:53.975,415.8071508319283,105
2024-09-18 13:08:53.996,415.8377882710298,6
2024-09-18 13:08:54.041,415.7608537722128,95
2024-09-18 13:08:54.146,415.8189261657136,100
2024-09-18 13:08:54.172,415.7424761893658,101
2024-09-18 13:08:54.218,415.7977246072804,100
2024-09-18 13:08:54.330,415.7801056878456,100
2024-09-18 13:08:54.348,415.7679771635385,1000
2024-09-18 13:08:54.409,415.8043869008519,14
2024-09-18 13:08:54.436,415.81501222035286,14
2024-09-18 13:08:54.466,415.7965720617179,105
2024-09-18 13:08:54.471,415.8223391304671,999
2024-09-18 13:08:54.481,415.7564963795662,5
2024-09-18 13:08:54.506,415.7850086897648,5
2024-09-18 13:08:54.528,415.8100409515639,11
2024-09-18 13:08:54.556,415.7759006462248,1004
2024-09-18 13:08:54.585,415.7827728099416,6
2024-09-18 13:08:54.616,415.8141653886061,97
2024-09-18 13:08:54.797,415.8147185990077,7
2024-09-18 13:08:54.874,415.8116580234562,996
2024-09-18 13:08:54.880,415.7584172309983,10
2024-09-18 13:08:54.883,415.7780857297249,7
2024-09-18 13:08:54.920,415.7909450707932,6
2024-09-18 13:08:54.930,415.8051688608744,8
2024-09-18 13:08:54.964,415.7602254269718,100
2024-09-18 13:08:54.971,415.7691754862199,1005
2024-09-18 13:08:54.986,415.7698079886322,998
2024-09-18 13:08:55.065,415.7623066529113,997
2024-09-18 13:08:55.288,415.7556145908427,96
2024-09-18 13:08:55.295,415.75848894447006,5
2024-09-18 13:08:55.317,415.7408221199548,11
2024-09-18 13:08:55.335,415.7654854084778,101
2024-09-18 13:08:55.346,415.76245491364335,9
2024-09-18 13:08:55.476,415.7597040421813,101
2024-09-18 13:08:55.564,415.7701276116253,9
2024-09-18 13:08:55.692,415.7635888716212,97
2024-09-18 13:08:55.698,415.76164813792,995
2024-09-18 13:08:55.885,415.77262482537975,12
2024-09-18 13:08:55.891,415.7620935469658,998
2024-09-18 13:08:55.994,415.7880364892485,96
2024-09-18 13:08:56.008,415.7348241505516,997
2024-09-18 13:08:56.054,415.75560023558353,999
2024-09-18 13:08:56.133,415.74802003196754,15
2024-09-18 13:08:56.135,415.7347506919539,95
2024-09-18 13:08:56.196,415.7452640175587,96
2024-09-18 13:08:56.204,415.7416603594151,1003
2024-09-18 13:08:56.450,415.7549514983972,102
2024-09-18 13:08:56.460,415.7451408047183,105
2024-09-18 13:08:56.461,415.72817891318863,12
2024-09-18 13:08:56.602,415.73486834876,100
2024-09-18 13:08:56.608,415.7506289631717,105
2024-09-18 13:08:56.712,415.74441451736527,11
2024-09-18 13:08:56.733,415.7358686758868,1001
2024-09-18 13:08:56.734,415.741676357392,5
2024-09-18 13:08:56.810,415.7218359850517,98
2024-09-18 13:08:56.908,415.7239296274835,999
2024-09-18 13:08:56.923,415.7426537007529,12
2024-09-18 13:08:56.935,415.72259496251934,995
2024-09-18 13:08:56.951,415.7556155768233,9
2024-09-18 13:08:56.994,415.7491432122805,11
2024-09-18 13:08:57.021,415.7650284092704,5
2024-09-18 13:08:57.071,415.7603599971793,996
2024-09-18 13:08:57.157,415.73462809666825,1002
2024-09-18 13:08:57.275,415.74834209789753,96
2024-09-18 13:08:57.311,415.7321527941395,95
2024-09-18 13:08:57.340,415.6955773625253,5
2024-09-18 13:08:57.349,415.7356879673318,13
2024-09-18 13:08:57.361,415.7116636446249,1004
2024-09-18 13:08:57.396,415.7402442272498,103
2024-09-18 13:08:57.436,415.7786842831125,997
2024-09-18 13:08:57.450,415.7632692672016,1001
2024-09-18 13:08:57.575,415.7031538266039,98
2024-09-18 13:08:57.594,415.7669730587206,99
2024-09-18 13:08:57.595,415.73752278656286,995
2024-09-18 13:08:57.601,415.7689780954649,9
2024-09-18 13:08:57.633,415.7596459530845,15
2024-09-18 13:08:57.653,415.7582359944301,1005
2024-09-18 13:08:57.669,415.7219595207497,1000
2024-09-18 13:08:57.685,415.7227059828531,102
2024-09-18 13:08:57.723,415.76883210502734,98
2024-09-18 13:08:57.788,415.73650659942666,98
2024-09-18 13:08:57.821,415.7154400270516,14
2024-09-18 13:08:57.857,415.7589031939361,995
2024-09-18 13:08:57.883,415.7527587026028,96
2024-09-18 13:08:57.905,415.75921994614737,99
2024-09-18 13:08:57.909,415.759678851993,14
2024-09-18 13:08:57.937,-415.7320725768632,105
2024-09-18 13:08:57.961,415.7229317814872,105
2024-09-18 13:08:57.973,415.763199189387,15
2024-09-18 13:08:57.975,415.7221540573219,998
2024-09-18 13:08:58.034,415.7510625986722,96
2024-09-18 13:08:58.862,415.7649739379204,997
2024-09-18 13:08:59.013,415.7422549469274,10
2024-09-18 13:08:59.023,415.7579693747285,13
2024-09-18 13:08:59.056,415.765949566422,999
2024-09-18 13:08:59.056,415.75977680206495,98
2024-09-18 13:08:59.073,415.7413115473876,1004
2024-09-18 13:08:59.147,415.7375442464378,1002
2024-09-18 13:08:59.182,415.7533980034536,15
2024-09-18 13:08:59.204,415.7668079830865,996
2024-09-18 13:08:59.232,415.7566340505125,999
2024-09-18 13:08:59.267,415.7188572685605,101
2024-09-18 13:08:59.281,415.7750913076591,6
2024-09-18 13:08:59.327,415.7502818710028,998
2024-09-18 13:08:59.368,415.7291666655283,15
2024-09-18 13:08:59.414,415.7736204227577,11
2024-09-18 13:08:59.442,415.70768733928776,10
2024-09-18 13:08:59.479,415.7582568813539,15
2024-09-18 13:08:59.507,-415.7466419116445,12
2024-09-18 13:08:59.623,415.7487449876519,1002
2024-09-18 13:08:59.658,415.7801753381609,1003
2024-09-18 13:08:59.715,415.7790199121186,1004
2024-09-18 13:08:59.807,415.7585376646391,102
2024-09-18 13:08:59.822,415.7344110648439,102
2024-09-18 13:08:59.895,415.7605216293288,999
2024-09-18 13:08:59.904,415.7737818179011,105
2024-09-18 13:08:59.905,415.7239036531641,10
2024-09-18 13:08:59.931,415.7564394569272,95
2024-09-18 13:08:59.949,415.76852302819424,1005
