Timestamp,Price,Size
2024-09-19 13:12:00.037,422.3087341539511,98
2024-09-19 13:12:00.072,422.3046364779213,11
2024-09-19 13:12:00.240,42.23241935852042,96
2024-09-19 13:12:00.391,422.31022899328696,104
2024-09-19 13:12:00.412,422.3272456903695,996
2024-09-19 13:12:00.509,422.310401687045,102
2024-09-19 13:12:00.547,422.3093865019727,1002
2024-09-19 13:12:00.555,422.31489265644166,11
2024-09-19 13:12:00.599,422.2792515924475,97
2024-09-19 13:12:00.601,422.2737996332735,1004
2024-09-19 13:12:00.738,422.3278277568029,12
2024-09-19 13:12:00.760,422.3203344332076,1002
2024-09-19 13:12:00.775,422.31044628911457,997
2024-09-19 13:12:00.813,422.2799987068418,5
2024-09-19 13:12:00.823,422.3231449039068,8
2024-09-19 13:12:00.847,422.311161510913,997
2024-09-19 13:12:00.867,422.3230563202797,10
2024-09-19 13:12:01.017,422.3017407379254,7
2024-09-19 13:12:01.098,422.2764740488174,100
2024-09-19 13:12:01.179,422.275173395589,998
2024-09-19 13:12:01.290,422.3147531985587,96
2024-09-19 13:12:01.296,422.2982841338322,10
2024-09-19 13:12:01.389,422.29647658639374,14
2024-09-19 13:12:01.429,422.2719954541713,11
2024-09-19 13:12:01.454,422.2832015189173,998
2024-09-19 13:12:01.457,422.2776361245017,1000
2024-09-19 13:12:01.508,422.3162708767719,96
2024-09-19 13:12:01.605,422.2779355163729,10
2024-09-19 13:12:01.665,422.3222265619699,98
2024-09-19 13:12:01.743,422.27580824049966,9
2024-09-19 13:12:01.773,422.3217810185726,995
2024-09-19 13:12:01.778,422.2738002553502,6
2024-09-19 13:12:01.890,422.2846933628725,6
2024-09-19 13:12:01.987,422.2912959387514,12
2024-09-19 13:12:01.992,422.2877758479776,95
2024-09-19 13:12:02.150,422.3404396409973,1002
2024-09-19 13:12:02.176,422.3066002375684,995
2024-09-19 13:12:02.189,422.2972041151176,6
2024-09-19 13:12:02.223,422.33966136522434,14
2024-09-19 13:12:02.277,422.2848287353905,98
2024-09-19 13:12:02.284,422.33439929957154,14
2024-09-19 13:12:02.325,422.2902616882551,12
2024-09-19 13:12:02.392,422.2084988820495,105
2024-09-19 13:12:02.617,422.2988032578286,100
2024-09-19 13:12:02.641,422.3244708193446,103
2024-09-19 13:12:02.659,422.312885340087,995
2024-09-19 13:12:02.679,422.2855698742846,96
2024-09-19 13:12:02.706,422.3420486952869,100
2024-09-19 13:12:02.790,422.2632722388835,95
2024-09-19 13:12:02.951,422.233233228209,9
2024-09-19 13:12:02.965,422.2378058031597,15
2024-09-19 13:12:03.063,422.1817783253771,998
2024-09-19 13:12:03.140,422.1721419177696,999
2024-09-19 13:12:03.193,422.1993376933753,7
2024-09-19 13:12:03.385,422.18483125672526,1004
2024-09-19 13:12:03.414,422.2015997629178,103
2024-09-19 13:12:03.417,422.1998993331981,999
2024-09-19 13:12:03.434,422.1939724001814,101
2024-09-19 13:12:03.435,422.1785124158172,10
2024-09-19 13:12:03.462,422.1910474238536,1002
2024-09-19 13:12:03.481,422.1950471292552,1000
2024-09-19 13:12:03.491,422.2088661651465,997
2024-09-19 13:12:03.510,422.2091470607932,102
2024-09-19 13:12:03.515,422.2116256936895,101
2024-09-19 13:12:03.525,422.1863644235838,8
2024-09-19 13:12:03.549,422.2008596332989,9
2024-09-19 13:12:03.560,42.2196929355233,99
2024-09-19 13:12:03.615,422.1794747568636,103
2024-09-19 13:12:03.625,422.1901767854304,9
2024-09-19 13:12:03.628,422.14895246562736,8
2024-09-19 13:12:03.660,422.2060080404173,1000
2024-09-19 13:12:03.741,422.2019666273344,15
2024-09-19 13:12:03.743,422.2268830770725,99
2024-09-19 13:12:03.765,422.2127262017248,1000
2024-09-19 13:12:03.899,422.16016054749,8
2024-09-19 13:12:03.910,422.2177737130252,1001
2024-09-19 13:12:04.668,422.22799016061225,998
2024-09-19 13:12:04.775,422.2159960185411,1005
2024-09-19 13:12:04.815,,5
2024-09-19 13:12:05.238,422.2526578447837,11
2024-09-19 13:12:05.251,422.2295101575137,104
2024-09-19 13:12:05.304,422.2346599327872,97
2024-09-19 13:12:06.118,422.2261972747313,9
2024-09-19 13:12:06.705,422.215130994851,105
2024-09-19 13:12:07.569,422.2212784815084,103
2024-09-19 13:12:07.640,422.2184520352416,997
2024-09-19 13:12:07.697,422.2281846707611,1002
2024-09-19 13:12:07.745,422.1956621630075,7
2024-09-19 13:12:07.783,422.233372775551,995
2024-09-19 13:12:07.815,422.2283907952685,996
2024-09-19 13:12:07.818,422.2470442638019,100
2024-09-19 13:12:08.011,422.1780496202368,11
2024-09-19 13:12:08.031,422.1931424471226,1004
2024-09-19 13:12:08.032,422.1800105241255,98
2024-09-19 13:12:08.035,422.1827211711749,104
2024-09-19 13:12:08.232,422.1981690530404,101
2024-09-19 13:12:08.245,422.1498483879719,105
2024-09-19 13:12:08.255,422.2088658150713,9
2024-09-19 13:12:08.275,422.1559203181371,98
2024-09-19 13:12:08.286,422.188561512248,96
2024-09-19 13:12:08.314,422.20908746157386,13
2024-09-19 13:12:08.339,422.193929811319,8
2024-09-19 13:12:08.397,422.1835918590717,96
2024-09-19 13:12:08.436,422.168946796899,10
2024-09-19 13:12:08.444,422.1970036756151,13
2024-09-19 13:12:08.466,422.1953958830569,98
2024-09-19 13:12:08.485,422.1959209020935,997
2024-09-19 13:12:08.649,422.1956610438656,1002
2024-09-19 13:12:08.680,422.1979272461456,97
2024-09-19 13:12:08.718,422.1403690541725,11
2024-09-19 13:12:08.726,422.21380209486,14
2024-09-19 13:12:08.738,422.2061340931123,15
2024-09-19 13:12:08.807,,15
2024-09-19 13:12:09.098,422.1761428530573,5
2024-09-19 13:12:09.304,422.17644513436505,95
2024-09-19 13:12:09.462,422.18944588316106,1000
2024-09-19 13:12:09.525,422.1759416978319,15
2024-09-19 13:12:09.586,422.1899293996567,13
2024-09-19 13:12:09.624,422.1734978061106,95
2024-09-19 13:12:09.829,422.1528141470958,5
2024-09-19 13:12:09.896,422.1663244826015,96
2024-09-19 13:12:10.247,422.1608532378198,996
2024-09-19 13:12:11.112,422.1167364565545,11
2024-09-19 13:12:11.151,422.11185133124064,9
2024-09-19 13:12:11.197,422.14439346686913,96
2024-09-19 13:12:11.269,422.0966557349018,9
2024-09-19 13:12:11.392,422.1520411135299,10
2024-09-19 13:12:11.496,422.1196462797942,97
2024-09-19 13:12:11.516,422.1192151733911,103
2024-09-19 13:12:11.532,422.1657457367007,15
2024-09-19 13:12:11.556,422.1383002141703,997
2024-09-19 13:12:11.613,422.15016632639,105
2024-09-19 13:12:11.691,422.18297988635777,1003
2024-09-19 13:12:11.742,422.134567027836,104
2024-09-19 13:12:11.744,422.12067804190553,7
2024-09-19 13:12:11.745,422.1494358257061,1002
2024-09-19 13:12:11.748,422.1130628543953,99
2024-09-19 13:12:11.760,422.07899812738975,1000
2024-09-19 13:12:11.766,422.1132719765,1000
2024-09-19 13:12:11.797,422.1127815870842,998
2024-09-19 13:12:11.803,422.15353098234624,1003
2024-09-19 13:12:11.839,422.1351045388788,14
2024-09-19 13:12:11.881,422.16691825238826,1002
2024-09-19 13:12:11.907,422.17151066426527,1001
2024-09-19 13:12:11.923,422.1062497806356,999
2024-09-19 13:12:11.928,422.16041564686594,5
2024-09-19 13:12:11.939,422.11783293681657,101
2024-09-19 13:12:12.014,421.9687764916308,10
2024-09-19 13:12:12.164,421.96911222203073,12
2024-09-19 13:12:12.172,421.98399809271694,99
2024-09-19 13:12:12.258,421.9793104599119,101
2024-09-19 13:12:12.291,421.9793581320554,7
2024-09-19 13:12:12.409,421.9750072571844,96
2024-09-19 13:12:12.419,42.19824043637487,6
2024-09-19 13:12:12.485,422.0501136531611,98
2024-09-19 13:12:12.495,422.0215780411048,101
2024-09-19 13:12:12.608,421.9749071658521,996
2024-09-19 13:12:12.655,422.00911646552026,103
2024-09-19 13:12:12.666,422.0352087102637,5
2024-09-19 13:12:12.734,422.0212272726656,99
2024-09-19 13:12:12.808,422.0227015939242,11
2024-09-19 13:12:12.824,421.9921758171375,11
2024-09-19 13:12:12.845,421.97980356786,101
2024-09-19 13:12:12.851,421.99701961337007,1002
2024-09-19 13:12:12.909,421.98598846675446,11
2024-09-19 13:12:13.019,422.011238300494,13
2024-09-19 13:12:13.083,421.984543253762,102
2024-09-19 13:12:13.116,421.9956594930424,1003
2024-09-19 13:12:13.222,421.9936639248262,1000
2024-09-19 13:12:13.231,422.0007701923084,105
2024-09-19 13:12:13.240,422.0227425837272,96
2024-09-19 13:12:13.315,422.0064127563907,1003
2024-09-19 13:12:13.319,422.0078561323408,12
2024-09-19 13:12:13.320,421.99717007119546,5
2024-09-19 13:12:13.360,421.989643859176,12
2024-09-19 13:12:13.412,421.9958276493954,1005
2024-09-19 13:12:13.608,421.9907908712389,100
2024-09-19 13:12:13.677,421.9804237181837,96
2024-09-19 13:12:13.740,421.9797375013116,1005
2024-09-19 13:12:13.803,42.19940793541436,6
2024-09-19 13:12:13.899,422.00478639703016,6
2024-09-19 13:12:13.904,422.0076017715952,1003
2024-09-19 13:12:13.921,421.97627528168647,103
2024-09-19 13:12:13.947,421.97915541607847,1005
2024-09-19 13:12:13.977,421.9737789434926,998
2024-09-19 13:12:13.985,421.99685338463365,8
2024-09-19 13:12:14.010,422.0307173638899,15
2024-09-19 13:12:14.046,422.0277501573931,12
2024-09-19 13:12:14.157,422.031961528695,6
2024-09-19 13:12:14.209,422.0062710654119,14
2024-09-19 13:12:14.287,422.0259435588176,105
2024-09-19 13:12:14.304,42.20182695202396,100
2024-09-19 13:12:14.342,422.02053338251415,11
2024-09-19 13:12:14.388,422.02726600248775,103
2024-09-19 13:12:14.420,422.0416759431666,98
2024-09-19 13:12:14.463,421.99959843781306,95
2024-09-19 13:12:14.488,422.0238712465474,101
2024-09-19 13:12:14.610,422.0348906484346,105
2024-09-19 13:12:14.755,422.0160476760822,14
2024-09-19 13:12:14.766,422.0329204497498,998
2024-09-19 13:12:14.778,422.0188195620262,15
2024-09-19 13:12:14.794,422.032723132938,98
2024-09-19 13:12:14.859,422.0255052727358,102
2024-09-19 13:12:15.007,421.9990852256353,99
2024-09-19 13:12:15.016,422.0208680703014,13
2024-09-19 13:12:15.100,422.0150243510116,97
2024-09-19 13:12:15.273,422.008068439224,96
2024-09-19 13:12:15.308,422.0120246131176,995
2024-09-19 13:12:15.333,422.0141778113924,103
2024-09-19 13:12:15.349,422.0108208569084,104
2024-09-19 13:12:15.447,421.9972354924586,5
2024-09-19 13:12:15.500,422.0233895312044,1005
2024-09-19 13:12:15.534,422.0285802783701,1001
2024-09-19 13:12:15.639,422.0135515875138,1004
2024-09-19 13:12:15.729,422.0223107677535,13
2024-09-19 13:12:15.814,422.0142296394436,995
2024-09-19 13:12:15.848,422.0274030904171,1002
2024-09-19 13:12:15.866,422.0111527257821,99
2024-09-19 13:12:16.053,421.9794279766524,1001
2024-09-19 13:12:16.078,421.9976410109556,997
2024-09-19 13:12:16.083,421.89153726653103,97
2024-09-19 13:12:16.087,421.9605316107536,996
2024-09-19 13:12:16.102,42.20011302894835,8
2024-09-19 13:12:16.220,421.93553737663166,12
2024-09-19 13:12:16.297,421.9652637155838,13
2024-09-19 13:12:16.321,421.8893816227582,996
2024-09-19 13:12:16.347,421.9440956224436,1005
2024-09-19 13:12:16.414,421.90793175179454,1005
2024-09-19 13:12:16.526,421.97816443707455,1005
2024-09-19 13:12:16.540,421.9804111778022,7
2024-09-19 13:12:16.547,421.9325864817619,97
2024-09-19 13:12:16.599,421.88370007502607,95
2024-09-19 13:12:16.599,421.99227645603366,100
2024-09-19 13:12:16.603,421.9855137578464,997
2024-09-19 13:12:16.611,421.979449172092,102
2024-09-19 13:12:16.615,421.9986706806108,998
2024-09-19 13:12:16.673,421.92858851944425,14
2024-09-19 13:12:16.730,421.9819487437909,1004
2024-09-19 13:12:16.749,42.19836073288262,95
2024-09-19 13:12:16.806,421.89650714663406,998
2024-09-19 13:12:16.806,421.9700033928592,997
2024-09-19 13:12:16.822,421.9843424401188,96
2024-09-19 13:12:16.869,421.9045168578546,105
2024-09-19 13:12:16.891,421.9005724874407,1003
2024-09-19 13:12:16.928,421.950508071521,1000
2024-09-19 13:12:16.968,421.9958577349984,9
2024-09-19 13:12:17.062,421.83858654181375,1005
2024-09-19 13:12:17.111,421.8953307760998,12
2024-09-19 13:12:17.137,421.8729671076402,5
2024-09-19 13:12:17.161,421.930105399751,99
2024-09-19 13:12:17.161,421.941057138267,1004
2024-09-19 13:12:17.261,421.8827645868733,997
2024-09-19 13:12:17.277,421.88098728938337,999
2024-09-19 13:12:17.341,421.96030881015326,999
2024-09-19 13:12:17.518,421.8733019003753,997
2024-09-19 13:12:17.525,421.88818701588576,999
2024-09-19 13:12:17.561,421.8702336373902,96
2024-09-19 13:12:17.571,421.9032517287472,12
2024-09-19 13:12:17.572,421.88174979788784,996
2024-09-19 13:12:17.579,421.9104631261984,96
2024-09-19 13:12:17.628,421.859812609014,7
2024-09-19 13:12:17.637,421.9458287893979,103
2024-09-19 13:12:17.651,421.92493539700166,99
2024-09-19 13:12:17.667,421.9475500220745,10
2024-09-19 13:12:17.787,421.8720656410259,95
2024-09-19 13:12:17.791,421.85169672389577,1003
2024-09-19 13:12:17.800,421.8381871232979,97
2024-09-19 13:12:17.800,421.8786323342336,8
2024-09-19 13:12:17.848,421.87276824425226,13
2024-09-19 13:12:17.869,421.89591964407134,1004
2024-09-19 13:12:17.884,421.88278600219326,1003
2024-09-19 13:12:17.908,421.8802276459692,999
2024-09-19 13:12:17.980,421.9128965829564,5
2024-09-19 13:12:18.001,421.7064694102858,1000
2024-09-19 13:12:18.086,421.7777774853397,97
2024-09-19 13:12:18.120,421.6955262199611,97
2024-09-19 13:12:18.140,421.7522735210196,7
2024-09-19 13:12:18.191,421.7878264932197,1002
2024-09-19 13:12:18.193,421.7107519379245,9
2024-09-19 13:12:18.200,421.78755567969375,5
2024-09-19 13:12:18.251,421.75250767877526,97
2024-09-19 13:12:18.252,421.7517221431819,1003
2024-09-19 13:12:18.302,421.6798568831381,1003
2024-09-19 13:12:18.310,421.83831019154366,995
2024-09-19 13:12:18.330,421.74007405954,13
2024-09-19 13:12:18.365,421.832584517004,105
2024-09-19 13:12:18.378,421.7222905558697,9
2024-09-19 13:12:18.417,421.80693437366426,97
2024-09-19 13:12:18.501,,7
2024-09-19 13:12:18.511,421.82187102766,100
2024-09-19 13:12:18.532,421.7116205750808,98
2024-09-19 13:12:18.539,421.7588861470813,11
2024-09-19 13:12:18.548,421.7675328093784,6
2024-09-19 13:12:18.572,421.7226580769309,9
2024-09-19 13:12:18.641,421.7843894508771,101
2024-09-19 13:12:18.683,421.7338922446765,10
2024-09-19 13:12:18.698,421.739568374949,9
2024-09-19 13:12:18.720,421.7000844975963,102
2024-09-19 13:12:18.721,421.79765725994656,11
2024-09-19 13:12:18.998,421.7429172379239,99
2024-09-19 13:12:19.054,421.73033592690496,995
2024-09-19 13:12:19.200,421.7615330261927,5
2024-09-19 13:12:19.255,421.7307232407,1004
2024-09-19 13:12:19.384,421.6794033337628,11
2024-09-19 13:12:19.464,421.7451668328927,999
2024-09-19 13:12:19.469,421.72852428501767,15
2024-09-19 13:12:19.564,421.6758776608205,1000
2024-09-19 13:12:19.623,421.7552864001794,10
2024-09-19 13:12:19.629,421.6926330543805,996
2024-09-19 13:12:19.639,421.6755178238192,995
2024-09-19 13:12:19.755,421.7119985149626,1004
2024-09-19 13:12:19.813,421.688865294865,15
2024-09-19 13:12:19.886,421.6896388043745,5
2024-09-19 13:12:19.905,421.6707198202794,996
2024-09-19 13:12:19.923,421.6733688609111,998
2024-09-19 13:12:19.978,421.71053209761294,1002
2024-09-19 13:12:20.028,421.759906624092,96
2024-09-19 13:12:20.086,421.7234498875314,97
2024-09-19 13:12:20.134,421.76564190952064,996
2024-09-19 13:12:20.148,421.7740177852401,97
2024-09-19 13:12:20.258,421.7641226841982,101
2024-09-19 13:12:20.275,421.7930480133195,101
2024-09-19 13:12:20.294,421.7656899092756,104
2024-09-19 13:12:20.324,421.7254704503449,105
2024-09-19 13:12:20.507,421.7627459618178,13
2024-09-19 13:12:20.507,421.7635560344865,1001
2024-09-19 13:12:20.553,42.17701563001029,9
2024-09-19 13:12:20.571,421.7216796953891,9
2024-09-19 13:12:20.572,421.771974363809,105
2024-09-19 13:12:20.574,421.7695858607919,1005
2024-09-19 13:12:20.619,421.7416098708425,96
2024-09-19 13:12:20.660,421.7122912650127,96
2024-09-19 13:12:20.692,421.7134081222662,11
2024-09-19 13:12:20.725,421.7068712363487,1001
2024-09-19 13:12:20.738,421.7655257643772,98
2024-09-19 13:12:20.744,421.7110640237881,104
2024-09-19 13:12:20.776,421.7241518159211,10
2024-09-19 13:12:20.786,421.7591043117594,999
2024-09-19 13:12:20.792,421.7048265002958,998
2024-09-19 13:12:20.973,421.7434611959396,97
2024-09-19 13:12:21.171,421.8304650944768,9
2024-09-19 13:12:21.220,421.79327260313215,998
2024-09-19 13:12:21.294,421.7891042202737,13
2024-09-19 13:12:21.418,421.7935534096157,14
2024-09-19 13:12:21.421,421.79826733472,1001
2024-09-19 13:12:21.449,421.8301742562685,9
2024-09-19 13:12:21.505,421.7889986962791,97
2024-09-19 13:12:21.530,421.7877326490898,998
2024-09-19 13:12:21.604,421.7951596541381,1004
2024-09-19 13:12:21.627,421.8406857054468,11
2024-09-19 13:12:21.796,421.8014050961699,97
2024-09-19 13:12:21.826,421.7884854308463,998
2024-09-19 13:12:21.846,421.7790873729015,102
2024-09-19 13:12:21.916,421.829590007459,7
2024-09-19 13:12:21.969,421.836397409178,15
2024-09-19 13:12:21.974,421.7981539891102,6
2024-09-19 13:12:21.995,,97
2024-09-19 13:12:22.117,421.8540969692467,95
2024-09-19 13:12:22.270,421.8572001461585,13
2024-09-19 13:12:22.339,421.8684680454051,5
2024-09-19 13:12:22.351,421.85198737256735,999
2024-09-19 13:12:22.439,421.85762379921846,8
2024-09-19 13:12:22.454,421.8377321054653,105
2024-09-19 13:12:22.477,421.8332491530793,9
2024-09-19 13:12:22.569,421.867316808895,98
2024-09-19 13:12:22.755,421.8621980222263,1003
2024-09-19 13:12:22.785,421.8466825459657,96
2024-09-19 13:12:22.795,421.80727210035616,999
2024-09-19 13:12:23.019,421.8675218622897,8
2024-09-19 13:12:24.009,421.9160138049864,11
2024-09-19 13:12:24.021,421.8504329041758,98
2024-09-19 13:12:24.071,421.89340539195854,1001
2024-09-19 13:12:24.148,421.8856529583123,996
2024-09-19 13:12:24.150,421.8750587260981,6
2024-09-19 13:12:24.178,421.9140192991206,996
2024-09-19 13:12:24.193,421.8637864906927,95
2024-09-19 13:12:24.214,421.8941448669281,105
2024-09-19 13:12:24.241,421.8695008920773,6
2024-09-19 13:12:24.253,421.8832491587357,96
2024-09-19 13:12:24.288,421.8552476270421,95
2024-09-19 13:12:24.288,421.88469495817793,102
2024-09-19 13:12:24.382,421.8980366397941,1002
2024-09-19 13:12:24.404,421.8976453274422,8
2024-09-19 13:12:24.474,421.8689548280256,14
2024-09-19 13:12:24.531,421.9058809788123,103
2024-09-19 13:12:24.557,421.8898283484492,998
2024-09-19 13:12:24.606,421.87720429165216,98
2024-09-19 13:12:24.628,421.8620719100815,996
2024-09-19 13:12:24.670,421.909419974078,1003
2024-09-19 13:12:24.763,421.89507158669824,5
2024-09-19 13:12:24.813,421.86954332391,103
2024-09-19 13:12:24.817,421.9109046140505,1004
2024-09-19 13:12:24.829,421.8750314848883,97
2024-09-19 13:12:24.830,421.89901165969474,1005
2024-09-19 13:12:24.830,421.8853183700517,1005
2024-09-19 13:12:24.877,421.8573703697351,1001
2024-09-19 13:12:24.978,421.8880896681379,1003
2024-09-19 13:12:25.021,421.9062356221007,9
2024-09-19 13:12:25.030,421.95517674099386,104
2024-09-19 13:12:25.110,421.972429327936,10
2024-09-19 13:12:25.220,421.95136673955807,13
2024-09-19 13:12:25.222,421.8891112819472,999
2024-09-19 13:12:25.251,421.91888292786746,9
2024-09-19 13:12:25.290,421.9176374085226,8
2024-09-19 13:12:25.351,422.021147665688,95
2024-09-19 13:12:25.360,421.9056405610087,6
2024-09-19 13:12:25.409,421.9561800799124,1001
2024-09-19 13:12:25.471,421.90892315458274,15
2024-09-19 13:12:25.515,421.8971228410672,10
2024-09-19 13:12:25.555,421.9029796831605,995
2024-09-19 13:12:25.557,421.8966792394024,97
2024-09-19 13:12:25.571,421.9936905322925,105
2024-09-19 13:12:25.650,421.9336216043937,100
2024-09-19 13:12:25.700,421.9031887116046,1002
2024-09-19 13:12:25.891,421.9734315014685,998
2024-09-19 13:12:25.974,421.9248130560978,1003
2024-09-19 13:12:25.984,421.89408320276175,100
2024-09-19 13:12:26.004,422.07833104268536,8
2024-09-19 13:12:26.012,422.0703000640144,103
2024-09-19 13:12:26.026,422.10350500616806,12
2024-09-19 13:12:26.036,422.0724866193818,1005
2024-09-19 13:12:26.072,422.0350363883989,105
2024-09-19 13:12:26.076,422.0843700606616,103
2024-09-19 13:12:26.098,422.1050934562035,9
2024-09-19 13:12:26.164,422.0980390390072,999
2024-09-19 13:12:26.175,422.08747586414256,11
2024-09-19 13:12:26.196,422.0225287781376,104
2024-09-19 13:12:26.200,422.01952077483566,12
2024-09-19 13:12:26.250,422.0706568593851,102
2024-09-19 13:12:26.330,422.0775990465257,1000
2024-09-19 13:12:26.365,422.10001137658736,100
2024-09-19 13:12:26.608,422.08492107930925,6
2024-09-19 13:12:26.609,422.0860444998297,12
2024-09-19 13:12:26.724,422.0766897584501,1003
2024-09-19 13:12:26.728,422.0689442784423,1005
2024-09-19 13:12:26.728,422.0838716187399,9
2024-09-19 13:12:26.760,422.0718249854575,998
2024-09-19 13:12:26.798,42.21116753525371,1001
2024-09-19 13:12:26.892,,996
2024-09-19 13:12:26.895,422.0405924030893,97
2024-09-19 13:12:26.923,422.0772852366943,97
2024-09-19 13:12:26.951,422.08744785427774,1004
2024-09-19 13:12:26.957,422.073567819854,101
2024-09-19 13:12:26.974,422.05598495364745,13
2024-09-19 13:12:27.095,,99
2024-09-19 13:12:27.180,422.0833140665511,1000
2024-09-19 13:12:27.230,422.1134650217555,11
2024-09-19 13:12:27.270,422.09872830388974,99
2024-09-19 13:12:27.271,422.0311409104106,1000
2024-09-19 13:12:27.276,422.09869671086506,99
2024-09-19 13:12:27.282,422.0971950648411,13
2024-09-19 13:12:27.385,422.069697841855,6
2024-09-19 13:12:27.405,422.0398339457364,98
2024-09-19 13:12:27.444,422.0274204173584,1003
2024-09-19 13:12:27.461,422.0726447919765,996
2024-09-19 13:12:27.580,422.1104664952594,1005
2024-09-19 13:12:27.591,422.0831879567015,1005
2024-09-19 13:12:27.602,422.08682194996425,99
2024-09-19 13:12:27.614,422.0165907967036,6
2024-09-19 13:12:27.623,422.1027008837727,8
2024-09-19 13:12:27.624,422.0517707134893,10
2024-09-19 13:12:27.690,422.047648152593,105
2024-09-19 13:12:27.741,422.0774753354876,6
2024-09-19 13:12:27.751,422.0657265946698,13
2024-09-19 13:12:27.785,422.1006478839285,999
2024-09-19 13:12:27.801,422.12350584091,996
2024-09-19 13:12:27.817,422.0464394303645,104
2024-09-19 13:12:27.824,422.02262581570966,1004
2024-09-19 13:12:27.849,422.03976712392455,95
2024-09-19 13:12:27.888,422.0416104600435,98
2024-09-19 13:12:27.890,422.06162781327015,97
2024-09-19 13:12:27.993,422.088310524468,995
2024-09-19 13:12:29.040,422.0797773432322,1005
2024-09-19 13:12:29.163,422.1250964265423,13
2024-09-19 13:12:29.216,422.1094831361135,1001
2024-09-19 13:12:29.253,422.0448778575714,6
2024-09-19 13:12:29.278,-422.125535445238,103
2024-09-19 13:12:29.337,422.046825541244,999
2024-09-19 13:12:29.385,422.0493708923088,14
2024-09-19 13:12:29.408,,999
2024-09-19 13:12:29.592,422.1145134881489,999
2024-09-19 13:12:29.620,422.0318100337165,9
2024-09-19 13:12:29.681,422.1230006523735,1002
2024-09-19 13:12:29.701,422.0679045638207,12
2024-09-19 13:12:29.717,422.1329295818232,10
2024-09-19 13:12:29.794,422.14056609458095,105
2024-09-19 13:12:29.800,422.035688847018,100
2024-09-19 13:12:29.857,422.0970845640417,13
2024-09-19 13:12:29.868,422.0830742297754,8
2024-09-19 13:12:29.897,422.0978744790205,15
2024-09-19 13:12:29.946,422.0733735614809,104
2024-09-19 13:12:29.951,422.0910199571364,9
2024-09-19 13:12:29.956,422.14378204663626,6
2024-09-19 13:12:29.976,422.1340909711439,999
2024-09-19 13:12:30.046,422.1064685294449,105
2024-09-19 13:12:30.118,422.1210652064487,998
2024-09-19 13:12:30.285,422.1057049612468,10
2024-09-19 13:12:30.334,422.0733184550938,11
2024-09-19 13:12:30.356,422.1208229133451,9
2024-09-19 13:12:30.489,422.12707479324047,99
2024-09-19 13:12:30.607,422.1406166304013,102
2024-09-19 13:12:30.686,422.12949165227934,99
2024-09-19 13:12:30.724,422.0858302940398,997
2024-09-19 13:12:30.766,422.1376460238894,12
2024-09-19 13:12:30.773,422.1124414326247,5
2024-09-19 13:12:30.812,422.1232951034546,101
2024-09-19 13:12:30.847,422.1221371686679,98
2024-09-19 13:12:30.937,422.07432007543406,999
2024-09-19 13:12:30.957,422.0844090044347,98
2024-09-19 13:12:31.077,422.0856164397536,104
2024-09-19 13:12:31.380,422.0703945726028,1002
2024-09-19 13:12:31.502,422.0606772098729,997
2024-09-19 13:12:31.539,422.0700032655114,1000
2024-09-19 13:12:31.568,422.0611499598159,998
2024-09-19 13:12:31.581,422.0525739925624,8
2024-09-19 13:12:31.643,422.06470898234767,1003
2024-09-19 13:12:31.649,422.1053842185263,95
2024-09-19 13:12:31.735,422.0683312233231,6
2024-09-19 13:12:31.764,422.07718067928766,105
2024-09-19 13:12:31.807,422.0738158053098,14
2024-09-19 13:12:31.867,422.07145297548846,98
2024-09-19 13:12:31.908,422.0719154943343,100
2024-09-19 13:12:31.939,-422.0635223740781,104
2024-09-19 13:12:31.965,422.0702148458924,96
2024-09-19 13:12:31.985,422.0909935244919,97
2024-09-19 13:12:33.108,422.1108628882291,97
2024-09-19 13:12:33.182,422.0486222004113,995
2024-09-19 13:12:33.188,422.05355146782654,1002
2024-09-19 13:12:33.270,422.1171138409786,101
2024-09-19 13:12:33.340,422.12725319707874,5
2024-09-19 13:12:33.365,422.05038448096747,1002
2024-09-19 13:12:33.393,422.0601575903343,14
2024-09-19 13:12:33.433,422.09191134847526,15
2024-09-19 13:12:33.461,422.0803601390853,1003
2024-09-19 13:12:33.532,422.07778813786126,99
2024-09-19 13:12:33.583,422.0833332675722,100
2024-09-19 13:12:33.692,422.088064927832,100
2024-09-19 13:12:33.707,422.068824084987,95
2024-09-19 13:12:33.749,422.140587497616,7
2024-09-19 13:12:33.768,,95
2024-09-19 13:12:33.808,422.0530945202954,999
2024-09-19 13:12:33.847,422.04176500931777,1003
2024-09-19 13:12:33.849,422.0920039010759,10
2024-09-19 13:12:33.894,422.0650325533631,100
2024-09-19 13:12:33.956,422.1356338526867,12
2024-09-19 13:12:34.074,422.194849164063,97
2024-09-19 13:12:34.086,422.1644698136005,1004
2024-09-19 13:12:34.111,422.1829183307404,998
2024-09-19 13:12:34.192,422.2154753051496,10
2024-09-19 13:12:34.221,422.212076631538,5
2024-09-19 13:12:34.277,422.17701638825486,12
2024-09-19 13:12:34.289,422.14995570114894,1005
2024-09-19 13:12:34.471,422.1926409185469,95
2024-09-19 13:12:34.489,422.1954748285086,6
2024-09-19 13:12:34.556,422.214189144548,105
2024-09-19 13:12:34.710,422.16994748002327,12
2024-09-19 13:12:34.729,422.20378422907993,997
2024-09-19 13:12:34.759,422.1773846711644,7
2024-09-19 13:12:34.806,422.1857396898645,998
2024-09-19 13:12:34.879,422.1877181761673,100
2024-09-19 13:12:34.903,422.17407757980976,7
2024-09-19 13:12:34.903,422.1966911082735,96
2024-09-19 13:12:34.906,422.187459991272,13
2024-09-19 13:12:34.924,422.18737652231545,1004
2024-09-19 13:12:34.949,422.2107423190038,5
2024-09-19 13:12:34.977,422.2051494318179,5
2024-09-19 13:12:34.994,422.187718452545,12
2024-09-19 13:12:35.064,422.197839823021,998
2024-09-19 13:12:35.610,422.1912496284266,98
2024-09-19 13:12:36.169,422.21760279254414,13
2024-09-19 13:12:36.174,422.1873806761856,11
2024-09-19 13:12:36.199,422.2262535806819,997
2024-09-19 13:12:36.212,422.2180684129921,12
2024-09-19 13:12:36.268,422.2411648810714,1005
2024-09-19 13:12:36.303,422.2240407053315,995
2024-09-19 13:12:36.427,422.20760143888776,995
2024-09-19 13:12:36.509,422.20809960190326,6
2024-09-19 13:12:36.552,422.20456145215593,1005
2024-09-19 13:12:36.637,422.22202703400137,97
2024-09-19 13:12:36.653,422.199719135804,13
2024-09-19 13:12:36.657,422.208143381897,995
2024-09-19 13:12:36.727,422.2183685445364,96
2024-09-19 13:12:36.729,422.2199206371666,99
2024-09-19 13:12:36.773,422.1976932718893,1001
2024-09-19 13:12:36.775,422.179728830987,998
2024-09-19 13:12:36.804,422.2378475942915,13
2024-09-19 13:12:36.888,422.2112979306874,97
2024-09-19 13:12:36.934,422.2065937656398,1004
2024-09-19 13:12:36.955,422.2272716011906,7
2024-09-19 13:12:36.979,422.2321036883209,1001
2024-09-19 13:12:36.984,422.2210186890545,1000
2024-09-19 13:12:37.166,422.1914580161241,1001
2024-09-19 13:12:37.205,422.2471272028152,1003
2024-09-19 13:12:37.208,422.2288752423164,998
2024-09-19 13:12:37.229,-422.2585309921236,999
2024-09-19 13:12:37.273,422.2592102863217,7
2024-09-19 13:12:37.274,422.2525116155855,99
2024-09-19 13:12:37.281,422.2750362541026,99
2024-09-19 13:12:37.292,422.2771694253637,104
2024-09-19 13:12:37.297,422.205804852354,102
2024-09-19 13:12:37.304,422.2427215670568,1003
2024-09-19 13:12:37.368,422.2696012952105,98
2024-09-19 13:12:37.375,422.24156435601134,1000
2024-09-19 13:12:37.426,422.2209260759228,1004
2024-09-19 13:12:37.503,422.2716242412322,100
2024-09-19 13:12:37.613,422.2463794657008,100
2024-09-19 13:12:37.620,422.2704042473284,998
2024-09-19 13:12:37.651,422.2764868125717,100
2024-09-19 13:12:37.662,422.231276124508,101
2024-09-19 13:12:37.691,422.2677860132069,103
2024-09-19 13:12:37.727,422.24727269156375,14
2024-09-19 13:12:37.758,422.2704080423598,1002
2024-09-19 13:12:37.820,422.2396128421707,1004
2024-09-19 13:12:37.837,422.2345449199592,1000
2024-09-19 13:12:38.021,422.32943935217776,103
2024-09-19 13:12:38.032,422.3770648070649,8
2024-09-19 13:12:38.046,422.263655914794,104
2024-09-19 13:12:38.055,422.25323225841686,95
2024-09-19 13:12:38.114,422.2581140716839,95
2024-09-19 13:12:38.118,422.2654591048525,104
2024-09-19 13:12:38.118,422.2659970262759,1001
2024-09-19 13:12:38.223,422.3328469542884,100
2024-09-19 13:12:38.223,422.3026707441039,998
2024-09-19 13:12:38.366,422.25359426252174,999
2024-09-19 13:12:38.383,422.27843919371264,1005
2024-09-19 13:12:38.417,422.270874464808,11
2024-09-19 13:12:38.427,422.40302123099553,11
2024-09-19 13:12:38.429,422.27605021636685,99
2024-09-19 13:12:38.454,422.2752970223005,99
2024-09-19 13:12:38.481,422.35043274224137,14
2024-09-19 13:12:38.594,422.2820848879509,1000
2024-09-19 13:12:38.616,422.3646930476533,104
2024-09-19 13:12:38.673,422.3384255839324,96
2024-09-19 13:12:38.716,422.4188328820085,104
2024-09-19 13:12:38.783,422.27311087014937,1002
2024-09-19 13:12:38.801,422.2600579255395,8
2024-09-19 13:12:38.847,422.3451001828319,105
2024-09-19 13:12:38.892,422.4432558182596,95
2024-09-19 13:12:38.917,422.286995564548,15
2024-09-19 13:12:38.946,422.2813417576699,8
2024-09-19 13:12:39.035,422.40711312224255,996
2024-09-19 13:12:39.075,422.4478258777451,15
2024-09-19 13:12:39.088,422.41455618413806,103
2024-09-19 13:12:39.108,422.46065304733446,12
2024-09-19 13:12:39.147,422.43880532789103,8
2024-09-19 13:12:39.295,422.4241918193912,8
2024-09-19 13:12:39.368,422.4281139394264,999
2024-09-19 13:12:39.369,422.3987031559605,105
2024-09-19 13:12:39.397,422.41977585265374,8
2024-09-19 13:12:39.444,422.4427660606245,14
2024-09-19 13:12:39.487,422.44802570113166,100
2024-09-19 13:12:39.503,422.3907894815628,1004
2024-09-19 13:12:39.536,422.39505277822377,1001
2024-09-19 13:12:39.576,422.4084002222107,95
2024-09-19 13:12:39.594,422.4116700657338,12
2024-09-19 13:12:39.788,422.4161924088127,10
2024-09-19 13:12:39.942,422.45644374708456,8
2024-09-19 13:12:39.957,422.4510613076812,97
2024-09-19 13:12:39.983,,15
2024-09-19 13:12:40.045,422.4151106141631,97
2024-09-19 13:12:40.056,422.4068102372548,101
2024-09-19 13:12:40.094,422.408894004292,104
2024-09-19 13:12:40.095,422.4160160700803,104
2024-09-19 13:12:40.098,422.45527575669365,15
2024-09-19 13:12:40.156,422.38701990752753,98
2024-09-19 13:12:40.165,422.380933184881,1002
2024-09-19 13:12:40.198,422.3750477817495,102
2024-09-19 13:12:40.224,422.4255500776627,10
2024-09-19 13:12:40.236,422.3875895809041,104
2024-09-19 13:12:40.263,422.3717784570087,14
2024-09-19 13:12:40.265,422.3576428617472,102
2024-09-19 13:12:40.295,422.3914619219618,997
2024-09-19 13:12:40.302,422.3785544140241,5
2024-09-19 13:12:40.317,422.4179657889032,103
2024-09-19 13:12:40.363,422.45749207552535,103
2024-09-19 13:12:40.404,422.40842807212897,1001
2024-09-19 13:12:40.412,422.45972191146745,11
2024-09-19 13:12:40.416,422.4083650574797,1001
2024-09-19 13:12:40.442,422.40218261640655,995
2024-09-19 13:12:40.452,422.3947666108273,99
2024-09-19 13:12:40.484,422.39056312673097,105
2024-09-19 13:12:40.607,422.3996396630696,995
2024-09-19 13:12:40.712,422.4223695628669,14
2024-09-19 13:12:40.716,422.3736004610481,5
2024-09-19 13:12:40.728,422.3727462172761,95
2024-09-19 13:12:40.753,422.4084776502614,1000
2024-09-19 13:12:40.845,422.3657079063945,95
2024-09-19 13:12:40.958,422.4394758430673,9
2024-09-19 13:12:40.968,422.4049637981335,100
2024-09-19 13:12:41.018,422.3731854032991,1003
2024-09-19 13:12:41.100,422.4118792497388,99
2024-09-19 13:12:41.131,422.3931629641972,14
2024-09-19 13:12:41.223,422.36539592484905,9
2024-09-19 13:12:41.242,422.3831538164226,1004
2024-09-19 13:12:41.266,422.37152811156,1001
2024-09-19 13:12:41.354,422.3755738773205,7
2024-09-19 13:12:41.367,422.40764796778575,1003
2024-09-19 13:12:41.486,422.3952320549224,100
2024-09-19 13:12:41.523,422.3736847357085,1003
2024-09-19 13:12:41.562,422.4216851338292,11
2024-09-19 13:12:41.689,422.3674243367059,104
2024-09-19 13:12:41.771,422.375156502761,999
2024-09-19 13:12:41.885,422.3617634250053,105
2024-09-19 13:12:42.010,422.3797423969709,10
2024-09-19 13:12:42.078,422.3906960240987,100
2024-09-19 13:12:42.085,422.3596656011606,9
2024-09-19 13:12:42.108,422.3965944151332,105
2024-09-19 13:12:42.176,422.3622512455963,98
2024-09-19 13:12:42.353,422.3856823898146,97
2024-09-19 13:12:42.381,422.40067531815976,101
2024-09-19 13:12:42.407,422.3855886171692,12
2024-09-19 13:12:42.484,422.3501331770073,1005
2024-09-19 13:12:42.493,422.3679070479028,97
2024-09-19 13:12:42.566,422.38521602621216,97
2024-09-19 13:12:42.582,422.38627235657503,997
2024-09-19 13:12:42.634,422.38880785715656,96
2024-09-19 13:12:42.730,422.3785829438824,11
2024-09-19 13:12:42.750,422.3774454414456,1000
2024-09-19 13:12:42.800,422.3797334962628,15
2024-09-19 13:12:42.813,422.3810388143799,97
2024-09-19 13:12:42.881,422.3878610479888,100
2024-09-19 13:12:42.937,422.37409877225696,13
2024-09-19 13:12:42.985,422.3839612256815,9
2024-09-19 13:12:43.067,422.3845654184741,10
2024-09-19 13:12:43.070,422.4080293597808,104
2024-09-19 13:12:43.087,422.4195655948843,997
2024-09-19 13:12:43.214,422.41035674879953,1003
2024-09-19 13:12:43.255,422.4187306110013,13
2024-09-19 13:12:43.269,422.4085610254192,998
2024-09-19 13:12:43.292,422.4203698714408,14
2024-09-19 13:12:43.594,422.4020339805296,101
2024-09-19 13:12:43.652,422.4129531767872,101
2024-09-19 13:12:43.706,422.4005454188818,6
2024-09-19 13:12:43.864,422.3871148225786,9
2024-09-19 13:12:44.098,422.4042966848874,11
2024-09-19 13:12:44.122,422.4372348556774,998
2024-09-19 13:12:44.226,422.4336866136866,95
2024-09-19 13:12:44.315,422.42620818485614,12
2024-09-19 13:12:44.392,422.4005034688018,7
2024-09-19 13:12:44.393,422.4268795411429,100
2024-09-19 13:12:44.493,422.4454037938009,101
2024-09-19 13:12:44.605,422.4116681750524,104
2024-09-19 13:12:44.690,422.4368158994374,1001
2024-09-19 13:12:44.693,422.435293181652,14
2024-09-19 13:12:44.809,422.4536340026004,996
2024-09-19 13:12:44.924,422.454539668,15
2024-09-19 13:12:44.935,422.40386564455184,1004
2024-09-19 13:12:44.977,422.4669935870008,96
2024-09-19 13:12:45.061,422.4082234266099,97
2024-09-19 13:12:45.203,422.4081602318054,996
2024-09-19 13:12:45.210,422.4340873617943,104
2024-09-19 13:12:45.280,422.4354450656466,105
2024-09-19 13:12:45.350,422.42523498289296,1003
2024-09-19 13:12:45.401,422.4329315512706,6
2024-09-19 13:12:45.404,422.4309298256844,996
2024-09-19 13:12:45.442,422.42609979267934,97
2024-09-19 13:12:45.464,422.446546651163,8
2024-09-19 13:12:45.481,422.4013157145927,1001
2024-09-19 13:12:45.523,422.4088194152962,100
2024-09-19 13:12:45.633,422.41180927383687,997
2024-09-19 13:12:45.634,422.4182467639406,11
2024-09-19 13:12:45.647,422.4039684633637,1002
2024-09-19 13:12:45.678,422.4150829109624,9
2024-09-19 13:12:45.712,422.4121709956022,8
2024-09-19 13:12:45.728,422.4079194436957,102
2024-09-19 13:12:45.805,422.4077339941977,11
2024-09-19 13:12:45.806,422.3980762198685,1001
2024-09-19 13:12:45.857,422.4038765161403,998
2024-09-19 13:12:45.924,422.4296630662241,104
2024-09-19 13:12:45.938,422.4331459391983,95
2024-09-19 13:12:45.952,422.4597330694925,1000
2024-09-19 13:12:46.182,422.40903417691743,103
2024-09-19 13:12:46.545,422.4221623923065,1003
2024-09-19 13:12:46.607,422.42027692300894,104
2024-09-19 13:12:46.740,422.3999287866054,12
2024-09-19 13:12:46.775,422.4381679109047,11
2024-09-19 13:12:46.814,422.44692798503706,996
2024-09-19 13:12:46.939,422.3990634850651,995
2024-09-19 13:12:46.969,422.402389754965,103
2024-09-19 13:12:47.095,422.4154720247963,103
2024-09-19 13:12:47.245,422.40830720672864,11
2024-09-19 13:12:47.246,422.4169651347598,998
2024-09-19 13:12:47.297,422.4174687923434,11
2024-09-19 13:12:47.323,422.4138769867168,99
2024-09-19 13:12:47.350,422.40432081625767,14
2024-09-19 13:12:47.409,422.388298714142,103
2024-09-19 13:12:47.430,,13
2024-09-19 13:12:47.463,422.41637362017065,105
2024-09-19 13:12:47.464,422.41784601774606,103
2024-09-19 13:12:47.519,422.3888140005365,13
2024-09-19 13:12:47.585,422.4094867775105,1002
2024-09-19 13:12:47.714,422.3846666990857,999
2024-09-19 13:12:47.871,422.3891659695113,997
2024-09-19 13:12:47.882,422.407189731809,97
2024-09-19 13:12:47.884,422.38356010284633,1004
2024-09-19 13:12:47.900,422.40309665013496,12
2024-09-19 13:12:47.968,422.402564631626,1000
2024-09-19 13:12:47.970,422.3902406028599,6
2024-09-19 13:12:47.994,422.406704991344,996
2024-09-19 13:12:48.051,422.2533730972905,104
2024-09-19 13:12:48.062,422.28762472345807,1001
2024-09-19 13:12:48.069,422.2591049793527,13
2024-09-19 13:12:48.070,422.3991193043998,1004
2024-09-19 13:12:48.075,422.3272786987766,13
2024-09-19 13:12:48.285,422.39427255587486,1002
2024-09-19 13:12:48.301,422.289903972329,13
2024-09-19 13:12:48.333,422.3973932538607,11
2024-09-19 13:12:48.334,422.3679824363857,98
2024-09-19 13:12:48.342,422.259852856498,1001
2024-09-19 13:12:48.344,42.23589315676517,1002
2024-09-19 13:12:48.349,422.30760541813015,96
2024-09-19 13:12:48.372,422.2662566202064,95
2024-09-19 13:12:48.383,422.29793493771865,1001
2024-09-19 13:12:48.398,422.2822181183164,999
2024-09-19 13:12:48.481,422.3199484395346,1002
2024-09-19 13:12:48.485,422.2836119893814,999
2024-09-19 13:12:48.525,422.3519224771794,100
2024-09-19 13:12:48.542,422.2714516043383,999
2024-09-19 13:12:48.731,422.3541189881881,8
2024-09-19 13:12:48.735,422.3415534367534,98
2024-09-19 13:12:48.756,422.3081020814648,1002
2024-09-19 13:12:48.766,422.3070889875342,97
2024-09-19 13:12:48.947,422.3796852728252,100
2024-09-19 13:12:48.991,422.3585712526258,11
2024-09-19 13:12:48.996,422.3704401820508,99
2024-09-19 13:12:49.007,422.28796783946353,995
2024-09-19 13:12:49.087,422.3083390804758,95
2024-09-19 13:12:49.114,422.286137092928,105
2024-09-19 13:12:49.150,422.26980935946045,99
2024-09-19 13:12:49.169,422.289224541807,6
2024-09-19 13:12:49.220,422.2869237543383,101
2024-09-19 13:12:49.247,422.2853899128568,104
2024-09-19 13:12:49.278,422.26861150169,1003
2024-09-19 13:12:49.303,422.25726252264985,7
2024-09-19 13:12:49.334,422.29106412240617,14
2024-09-19 13:12:49.355,422.30062313480346,998
2024-09-19 13:12:49.398,422.29181591051525,97
2024-09-19 13:12:49.428,422.3240096331215,97
2024-09-19 13:12:49.461,422.2685048541666,105
2024-09-19 13:12:49.642,422.2767144717857,13
2024-09-19 13:12:49.783,422.3190365405895,99
2024-09-19 13:12:49.783,422.2834319737901,8
2024-09-19 13:12:49.828,422.29267315363,5
2024-09-19 13:12:49.876,422.2741458109988,14
2024-09-19 13:12:49.919,422.2914676490644,15
2024-09-19 13:12:50.528,422.2392880923741,995
2024-09-19 13:12:51.041,422.21708506623065,7
2024-09-19 13:12:51.129,422.20596609828135,98
2024-09-19 13:12:51.130,422.2940652291038,1002
2024-09-19 13:12:51.203,422.2588431860016,99
2024-09-19 13:12:51.316,422.27698332780017,98
2024-09-19 13:12:51.337,422.2839139440847,104
2024-09-19 13:12:51.368,422.24045722236247,996
2024-09-19 13:12:51.411,422.2194228620504,96
2024-09-19 13:12:51.423,422.2844193103475,1003
2024-09-19 13:12:51.435,422.2200722008707,104
2024-09-19 13:12:51.464,422.2269562986677,96
2024-09-19 13:12:51.543,422.21895795229534,97
2024-09-19 13:12:51.545,422.2968652351668,101
2024-09-19 13:12:51.550,422.24588288420847,1000
2024-09-19 13:12:51.564,422.2071779757552,96
2024-09-19 13:12:51.581,422.2121507262189,9
2024-09-19 13:12:51.611,422.2743668487363,10
2024-09-19 13:12:51.721,422.2873416473397,99
2024-09-19 13:12:51.725,422.20453342335423,11
2024-09-19 13:12:51.744,422.2228429363285,97
2024-09-19 13:12:51.767,422.2339383915622,999
2024-09-19 13:12:51.855,422.2349202907553,995
2024-09-19 13:12:51.859,422.2241110472977,1003
2024-09-19 13:12:51.945,422.2228530726692,104
2024-09-19 13:12:52.119,422.35288321889954,13
2024-09-19 13:12:52.244,422.3115884870506,102
2024-09-19 13:12:52.285,422.3283222858557,999
2024-09-19 13:12:52.389,422.3067620339581,15
2024-09-19 13:12:52.401,422.3379123299422,104
2024-09-19 13:12:52.560,422.3185261698892,105
2024-09-19 13:12:52.736,422.3461440785391,1000
2024-09-19 13:12:52.809,422.34999429352814,12
2024-09-19 13:12:52.886,422.3550073300473,5
2024-09-19 13:12:52.886,422.3327182401978,102
2024-09-19 13:12:52.902,422.3356303822223,101
2024-09-19 13:12:52.969,422.347780389551,14
2024-09-19 13:12:53.174,422.3760219085812,96
2024-09-19 13:12:53.175,422.3712512213164,100
2024-09-19 13:12:53.235,422.364638536051,100
2024-09-19 13:12:53.280,422.3293415238225,96
2024-09-19 13:12:53.312,422.3603582688542,96
2024-09-19 13:12:53.319,42.23534441062867,97
2024-09-19 13:12:53.392,422.3277569184748,7
2024-09-19 13:12:53.419,422.3286533164908,8
2024-09-19 13:12:53.435,422.3550638850623,13
2024-09-19 13:12:53.581,422.3480607242328,96
2024-09-19 13:12:53.605,422.34688281181457,98
2024-09-19 13:12:53.646,422.3697174513579,996
2024-09-19 13:12:53.751,422.2859587377845,9
2024-09-19 13:12:53.788,422.36636567981367,1005
2024-09-19 13:12:53.797,422.341476340186,14
2024-09-19 13:12:53.813,422.35548758813593,6
2024-09-19 13:12:53.869,422.3019772381999,998
2024-09-19 13:12:53.900,422.3691885299093,995
2024-09-19 13:12:53.925,422.3023496421696,1002
2024-09-19 13:12:53.963,422.3623368012049,9
2024-09-19 13:12:53.971,422.3912431945173,1003
2024-09-19 13:12:54.151,422.29786164729535,997
2024-09-19 13:12:54.661,422.2915361518883,97
2024-09-19 13:12:54.671,422.2786352627529,104
2024-09-19 13:12:54.675,422.2813101087655,101
2024-09-19 13:12:55.011,422.3147776423758,104
2024-09-19 13:12:55.110,422.3323123486439,996
2024-09-19 13:12:55.133,422.32094061870447,15
2024-09-19 13:12:55.169,422.3551322672498,999
2024-09-19 13:12:55.208,422.31969252381714,104
2024-09-19 13:12:55.254,422.3270690950009,105
2024-09-19 13:12:55.287,422.3328742662897,12
2024-09-19 13:12:55.446,422.3386158108445,97
2024-09-19 13:12:55.540,422.3200400835475,104
2024-09-19 13:12:55.576,422.3235192499107,96
2024-09-19 13:12:55.591,422.3546027309114,13
2024-09-19 13:12:55.597,422.3036584418029,999
2024-09-19 13:12:55.653,422.35656546262896,995
2024-09-19 13:12:55.686,422.34173932639465,998
2024-09-19 13:12:55.700,42.23613289569633,105
2024-09-19 13:12:55.780,422.322397924259,6
2024-09-19 13:12:55.801,422.32052135727855,103
2024-09-19 13:12:55.832,422.3297884217,8
2024-09-19 13:12:55.850,422.318655122792,96
2024-09-19 13:12:55.989,42.23307694730588,12
2024-09-19 13:12:56.103,422.3255848414028,1000
2024-09-19 13:12:56.255,422.3311401534253,10
2024-09-19 13:12:56.280,422.3275679954077,1004
2024-09-19 13:12:56.287,422.3464888174914,97
2024-09-19 13:12:56.323,422.3318657125224,7
2024-09-19 13:12:56.385,422.3458437292354,995
2024-09-19 13:12:56.458,422.3412710376288,11
2024-09-19 13:12:56.511,422.3214364817935,995
2024-09-19 13:12:56.515,422.35920644535634,999
2024-09-19 13:12:56.577,422.3251881210968,7
2024-09-19 13:12:56.610,,95
2024-09-19 13:12:56.615,422.3454316474376,9
2024-09-19 13:12:56.652,422.3239726680417,6
2024-09-19 13:12:56.713,422.33696444172966,104
2024-09-19 13:12:56.783,422.324261800386,5
2024-09-19 13:12:56.929,422.3220768694604,97
2024-09-19 13:12:56.933,422.3384243903337,102
2024-09-19 13:12:56.990,422.3227892857429,1000
2024-09-19 13:12:57.039,422.3206570441299,6
2024-09-19 13:12:57.200,422.3474045031599,1001
2024-09-19 13:12:57.314,422.3023073090958,103
2024-09-19 13:12:57.406,422.3369050968636,995
2024-09-19 13:12:57.455,422.3187035880144,12
2024-09-19 13:12:57.467,422.31944656164296,101
2024-09-19 13:12:57.518,422.3443911391469,997
2024-09-19 13:12:57.621,422.3471328375048,11
2024-09-19 13:12:57.630,422.3236847635535,999
2024-09-19 13:12:57.632,422.32522175473616,1004
2024-09-19 13:12:57.638,422.33529593482734,101
2024-09-19 13:12:57.683,422.3308707217932,96
2024-09-19 13:12:57.774,422.3335725467395,8
2024-09-19 13:12:57.843,422.35012336754255,5
2024-09-19 13:12:57.849,422.3316714938916,13
2024-09-19 13:12:57.870,422.2983229079911,99
2024-09-19 13:12:58.513,422.3452189677579,10
2024-09-19 13:12:58.556,422.34311648261655,101
2024-09-19 13:12:58.560,422.3374735055031,1005
2024-09-19 13:12:58.776,422.342796187249,103
2024-09-19 13:12:58.790,422.33409356700906,96
2024-09-19 13:12:59.070,422.31826772185786,12
2024-09-19 13:12:59.164,422.29015800222,102
2024-09-19 13:12:59.168,422.3135801841286,9
2024-09-19 13:12:59.346,422.35008180953486,101
2024-09-19 13:12:59.390,422.3336752294558,999
2024-09-19 13:12:59.403,42.23324908375292,10
2024-09-19 13:12:59.454,422.326469559847,996
2024-09-19 13:12:59.469,422.3002477912879,97
2024-09-19 13:12:59.539,422.3347815102149,104
2024-09-19 13:12:59.558,422.3193284156347,995
2024-09-19 13:12:59.572,422.3384907484762,996
2024-09-19 13:12:59.694,422.3319882007551,5
2024-09-19 13:12:59.722,422.335294472466,13
2024-09-19 13:12:59.732,422.3355573553742,1003
2024-09-19 13:12:59.798,422.32838667235154,1003
2024-09-19 13:12:59.945,422.3321821324242,97
