Timestamp,Price,Size
2024-09-20 12:23:00.264,428.9543107077745,14
2024-09-20 12:23:00.402,428.9527123741357,1005
2024-09-20 12:23:00.408,428.9433388838741,1002
2024-09-20 12:23:00.759,428.9511427396264,998
2024-09-20 12:23:00.834,428.9500955933623,96
2024-09-20 12:23:01.061,428.9402767927464,6
2024-09-20 12:23:01.078,428.9175900588217,98
2024-09-20 12:23:01.095,428.9032238191389,12
2024-09-20 12:23:01.213,428.9044718876991,100
2024-09-20 12:23:01.241,428.9019269142316,5
2024-09-20 12:23:01.334,428.9137013366732,1005
2024-09-20 12:23:01.368,428.9017568595768,10
2024-09-20 12:23:01.370,428.94193749394094,10
2024-09-20 12:23:01.379,428.9317072754328,96
2024-09-20 12:23:01.389,428.9541203333689,995
2024-09-20 12:23:01.389,428.9306200948705,998
2024-09-20 12:23:01.393,428.931959068223,5
2024-09-20 12:23:01.439,428.92190272722536,105
2024-09-20 12:23:01.611,428.9095479724716,5
2024-09-20 12:23:01.649,428.90302562002574,10
2024-09-20 12:23:01.711,428.90087222326633,10
2024-09-20 12:23:01.758,428.92321419854096,998
2024-09-20 12:23:01.876,428.95657621683546,996
2024-09-20 12:23:01.896,428.9168317963401,95
2024-09-20 12:23:01.974,428.8974475415768,995
2024-09-20 12:23:01.994,428.9407923541897,1002
2024-09-20 12:23:03.119,428.93672768106165,999
2024-09-20 12:23:03.124,428.9317656249137,997
2024-09-20 12:23:03.139,428.9328749537818,997
2024-09-20 12:23:03.182,428.9208830605946,1001
2024-09-20 12:23:03.192,428.9487465689334,1000
2024-09-20 12:23:03.194,428.9314860898474,104
2024-09-20 12:23:03.224,428.9627409409272,99
2024-09-20 12:23:03.293,428.9299372946979,999
2024-09-20 12:23:03.337,428.9257403615505,15
2024-09-20 12:23:03.349,428.9463145554624,98
2024-09-20 12:23:03.373,428.9311383704156,12
2024-09-20 12:23:03.517,428.9433371616281,999
2024-09-20 12:23:03.541,428.91493269791454,998
2024-09-20 12:23:03.582,428.932550649985,996
2024-09-20 12:23:03.741,428.9385250598311,999
2024-09-20 12:23:03.826,428.9424332831298,8
2024-09-20 12:23:03.827,428.9178768512884,999
2024-09-20 12:23:03.852,428.93438991923097,15
2024-09-20 12:23:03.893,428.91177764893416,7
2024-09-20 12:23:04.088,428.91039535556257,99
2024-09-20 12:23:04.089,428.9120161287967,12
2024-09-20 12:23:04.116,428.9088170428337,100
2024-09-20 12:23:04.144,428.9024448375905,11
2024-09-20 12:23:04.214,428.8904818573431,96
2024-09-20 12:23:04.225,428.9271986128408,1003
2024-09-20 12:23:04.233,428.902242332703,5
2024-09-20 12:23:04.239,428.9303322379658,104
2024-09-20 12:23:04.318,428.9000597049408,98
2024-09-20 12:23:04.328,428.89864118404375,8
2024-09-20 12:23:04.368,428.8886758440881,6
2024-09-20 12:23:04.489,428.9168049307826,996
2024-09-20 12:23:04.513,428.8920155109335,5
2024-09-20 12:23:04.610,428.9265889052996,12
2024-09-20 12:23:04.627,428.89604067327696,97
2024-09-20 12:23:04.638,428.9187504883019,1004
2024-09-20 12:23:04.727,428.8869420372183,10
2024-09-20 12:23:04.752,428.91934671690274,101
2024-09-20 12:23:04.752,428.923089199087,103
2024-09-20 12:23:04.777,428.9234330559534,999
2024-09-20 12:23:04.779,428.9118213878032,13
2024-09-20 12:23:04.788,428.89357251535904,1002
2024-09-20 12:23:04.806,428.9043711409517,1001
2024-09-20 12:23:04.812,428.9033511750176,101
2024-09-20 12:23:04.845,428.9155787242447,6
2024-09-20 12:23:04.867,428.91227953852814,1001
2024-09-20 12:23:04.868,428.9031327802098,104
2024-09-20 12:23:04.926,428.9095530701754,1002
2024-09-20 12:23:04.943,428.92320332440266,998
2024-09-20 12:23:05.053,428.868510594876,12
2024-09-20 12:23:05.215,428.8940399745275,9
2024-09-20 12:23:05.368,428.8940002986896,7
2024-09-20 12:23:05.376,428.86336897107753,1000
2024-09-20 12:23:05.382,428.87686757758536,7
2024-09-20 12:23:05.384,428.872611442024,100
2024-09-20 12:23:05.391,428.8842307135971,995
2024-09-20 12:23:05.514,428.8877251596223,999
2024-09-20 12:23:05.518,428.9058399155623,12
2024-09-20 12:23:05.523,428.8855113496597,11
2024-09-20 12:23:05.543,428.8706661571197,1005
2024-09-20 12:23:05.642,428.8704886976281,999
2024-09-20 12:23:05.649,428.8931758179534,6
2024-09-20 12:23:05.651,428.859944404366,5
2024-09-20 12:23:05.653,428.89957037269807,1003
2024-09-20 12:23:05.700,428.8818839367594,10
2024-09-20 12:23:05.718,428.87699937801295,99
2024-09-20 12:23:05.718,428.8570614747019,998
2024-09-20 12:23:05.752,428.8598070768895,1000
2024-09-20 12:23:05.808,428.8662519344422,99
2024-09-20 12:23:05.875,428.8866078451461,102
2024-09-20 12:23:05.948,428.9112009973692,13
2024-09-20 12:23:06.395,428.8680941637204,1004
2024-09-20 12:23:06.476,428.8427377099029,1005
2024-09-20 12:23:06.681,,1005
2024-09-20 12:23:06.821,428.853468696018,997
2024-09-20 12:23:06.858,428.8631979119245,1000
2024-09-20 12:23:07.059,428.83261720630026,1002
2024-09-20 12:23:07.072,428.7935820781908,12
2024-09-20 12:23:07.086,428.8374091408705,1004
2024-09-20 12:23:07.113,428.7833206024711,100
2024-09-20 12:23:07.144,428.7833583166444,999
2024-09-20 12:23:07.160,428.8081927068996,1004
2024-09-20 12:23:07.200,428.828357558091,105
2024-09-20 12:23:07.201,428.7753002842278,999
2024-09-20 12:23:07.209,428.8728807140608,98
2024-09-20 12:23:07.220,42.88363224497968,1005
2024-09-20 12:23:07.271,428.80206620046,1005
2024-09-20 12:23:07.299,428.8276063154976,1005
2024-09-20 12:23:07.300,428.86484322409535,104
2024-09-20 12:23:07.316,428.8887208506177,5
2024-09-20 12:23:07.335,428.8243121884985,98
2024-09-20 12:23:07.367,428.7864122502236,99
2024-09-20 12:23:07.414,428.8210386231314,998
2024-09-20 12:23:07.524,428.8747600355568,100
2024-09-20 12:23:07.607,428.7831187283019,995
2024-09-20 12:23:07.626,428.8458925863442,998
2024-09-20 12:23:07.644,428.8323672530757,1005
2024-09-20 12:23:07.680,428.8208346655634,98
2024-09-20 12:23:07.683,428.7906232092211,997
2024-09-20 12:23:07.765,428.8028220133671,100
2024-09-20 12:23:07.849,428.8334597727978,5
2024-09-20 12:23:07.888,428.8292251132381,103
2024-09-20 12:23:07.895,428.8808045384927,997
2024-09-20 12:23:07.927,428.8378554624396,96
2024-09-20 12:23:07.956,428.812523310649,98
2024-09-20 12:23:08.125,428.86649718920296,103
2024-09-20 12:23:08.220,428.885136849879,999
2024-09-20 12:23:08.223,428.9055889601385,12
2024-09-20 12:23:08.246,428.8940881178431,105
2024-09-20 12:23:08.289,428.87408603712856,6
2024-09-20 12:23:08.384,428.89147858869467,99
2024-09-20 12:23:08.443,428.8675350727746,105
2024-09-20 12:23:08.476,428.8828168246061,7
2024-09-20 12:23:08.509,428.956418348281,97
2024-09-20 12:23:08.688,428.95374497795206,105
2024-09-20 12:23:08.776,428.9035767670842,1003
2024-09-20 12:23:08.896,428.8860822159007,99
2024-09-20 12:23:09.001,428.9512869529664,1002
2024-09-20 12:23:09.068,428.9221323503141,8
2024-09-20 12:23:09.113,428.9819965760374,95
2024-09-20 12:23:09.294,428.9600258915149,13
2024-09-20 12:23:09.438,428.966957991082,9
2024-09-20 12:23:09.458,428.9876550959912,1005
2024-09-20 12:23:09.536,428.9268388536632,10
2024-09-20 12:23:09.700,428.929003395816,1002
2024-09-20 12:23:09.789,428.9875365338285,102
2024-09-20 12:23:09.955,428.9533452190609,102
2024-09-20 12:23:10.123,428.9271292693987,96
2024-09-20 12:23:10.128,428.9262652724289,15
2024-09-20 12:23:10.180,428.97457588857526,999
2024-09-20 12:23:10.237,428.9566378626378,101
2024-09-20 12:23:10.315,428.9291931380375,1001
2024-09-20 12:23:10.340,428.920238623672,11
2024-09-20 12:23:10.472,428.9548275794404,1000
2024-09-20 12:23:10.585,428.9288658546458,14
2024-09-20 12:23:10.604,428.9535553514115,12
2024-09-20 12:23:10.606,428.9513152332457,7
2024-09-20 12:23:10.635,428.96204870402346,100
2024-09-20 12:23:10.732,428.9830931608119,7
2024-09-20 12:23:10.790,428.9263016475167,103
2024-09-20 12:23:10.853,428.9710847700729,10
2024-09-20 12:23:10.888,428.9146389684093,104
2024-09-20 12:23:10.909,428.9207988833728,14
2024-09-20 12:23:10.949,428.9257654897816,1005
2024-09-20 12:23:10.987,428.95591824528935,1003
2024-09-20 12:23:11.054,428.91754016394,12
2024-09-20 12:23:11.168,428.92335953382064,1003
2024-09-20 12:23:11.213,428.9441675992799,6
2024-09-20 12:23:11.220,428.9331266702996,98
2024-09-20 12:23:11.314,428.9265211044975,102
2024-09-20 12:23:11.389,428.91055674573215,5
2024-09-20 12:23:11.460,428.98607638435726,15
2024-09-20 12:23:11.474,428.9622886409567,15
2024-09-20 12:23:11.503,428.902760218386,1002
2024-09-20 12:23:11.573,428.9731928616718,1002
2024-09-20 12:23:11.636,428.93766124862697,104
2024-09-20 12:23:11.677,428.9089316799025,11
2024-09-20 12:23:11.680,428.9031972872783,101
2024-09-20 12:23:11.684,428.94056716278567,1000
2024-09-20 12:23:11.738,428.9424755255644,7
2024-09-20 12:23:11.747,428.9006881040203,1004
2024-09-20 12:23:11.776,428.9305877431263,101
2024-09-20 12:23:11.786,428.92027333352826,99
2024-09-20 12:23:11.840,428.95701734662384,1005
2024-09-20 12:23:11.849,428.963903700704,95
2024-09-20 12:23:11.921,428.9165884889475,1002
2024-09-20 12:23:11.940,428.9187275671956,97
2024-09-20 12:23:11.952,428.9370881319023,98
2024-09-20 12:23:11.965,428.92230431218985,999
2024-09-20 12:23:11.966,428.9122357817118,7
2024-09-20 12:23:12.034,428.9695312241748,95
2024-09-20 12:23:12.035,428.89791614526126,8
2024-09-20 12:23:12.068,428.9160779902037,1004
2024-09-20 12:23:12.141,428.92167653868535,1004
2024-09-20 12:23:12.144,428.9258378851376,15
2024-09-20 12:23:12.148,428.9540831739971,1001
2024-09-20 12:23:12.170,428.9151151027287,12
2024-09-20 12:23:12.181,428.9665979807354,96
2024-09-20 12:23:12.264,428.96426731257816,97
2024-09-20 12:23:12.278,428.9500431621406,1001
2024-09-20 12:23:12.311,428.9547432313613,102
2024-09-20 12:23:12.382,428.9471123167944,103
2024-09-20 12:23:12.403,428.9377397016147,9
2024-09-20 12:23:12.412,428.92025015964606,6
2024-09-20 12:23:12.443,428.927496319444,8
2024-09-20 12:23:12.457,428.9264145314352,995
2024-09-20 12:23:12.610,428.92038799509737,6
2024-09-20 12:23:12.680,428.9277887458124,5
2024-09-20 12:23:12.819,428.93721159847934,997
2024-09-20 12:23:12.852,428.9208940920221,9
2024-09-20 12:23:12.860,428.924931503921,98
2024-09-20 12:23:12.868,428.94544370724833,996
2024-09-20 12:23:12.874,428.9402567168309,14
2024-09-20 12:23:12.885,428.9392339771576,1002
2024-09-20 12:23:12.979,428.92696270428894,102
2024-09-20 12:23:13.000,428.8604189927491,98
2024-09-20 12:23:13.010,428.8853668571938,1001
2024-09-20 12:23:13.063,428.8819813171184,102
2024-09-20 12:23:13.131,428.8552506707851,103
2024-09-20 12:23:13.398,428.8641037727863,1004
2024-09-20 12:23:13.412,428.8525327189849,103
2024-09-20 12:23:13.519,428.8465991302978,10
2024-09-20 12:23:13.594,428.8859214558791,96
2024-09-20 12:23:13.603,428.8681270467442,5
2024-09-20 12:23:13.683,,999
2024-09-20 12:23:13.694,428.8762314975002,96
2024-09-20 12:23:13.696,428.8603831569183,104
2024-09-20 12:23:13.719,428.8953096665256,1004
2024-09-20 12:23:13.786,428.8884964924358,102
2024-09-20 12:23:13.843,428.8725171656246,96
2024-09-20 12:23:13.999,428.88773003191903,999
2024-09-20 12:23:14.026,428.9078560973545,102
2024-09-20 12:23:14.068,428.9097181868953,5
2024-09-20 12:23:14.355,428.9300340650165,102
2024-09-20 12:23:14.840,428.93106779962784,995
2024-09-20 12:23:15.042,428.9327712421344,13
2024-09-20 12:23:15.062,428.918588104776,14
2024-09-20 12:23:15.068,428.9317057512652,11
2024-09-20 12:23:15.133,428.941325746498,99
2024-09-20 12:23:15.189,428.8489766457066,995
2024-09-20 12:23:15.191,428.9205200561904,11
2024-09-20 12:23:15.210,428.94053209928205,10
2024-09-20 12:23:15.235,428.8895861110788,100
2024-09-20 12:23:15.236,428.8467395560082,97
2024-09-20 12:23:15.312,428.9106950052317,100
2024-09-20 12:23:15.313,428.8830046574537,101
2024-09-20 12:23:15.362,428.8437666176495,105
2024-09-20 12:23:15.397,428.8518248017882,1003
2024-09-20 12:23:15.399,428.8412361477453,996
2024-09-20 12:23:15.418,428.9182103130087,995
2024-09-20 12:23:15.465,428.960630957255,1004
2024-09-20 12:23:15.471,428.85020048735583,9
2024-09-20 12:23:15.582,428.923897941462,997
2024-09-20 12:23:15.594,428.8456048430427,8
2024-09-20 12:23:15.646,428.8921460566132,997
2024-09-20 12:23:15.650,428.922814356107,15
2024-09-20 12:23:15.704,428.940004034011,15
2024-09-20 12:23:15.758,428.9235628435074,1002
2024-09-20 12:23:15.826,428.8519218209694,10
2024-09-20 12:23:15.836,428.95018112876295,999
2024-09-20 12:23:15.871,428.8533631890924,98
2024-09-20 12:23:16.081,428.8237405031396,101
2024-09-20 12:23:16.200,428.82290247460463,102
2024-09-20 12:23:16.235,428.8163532610481,9
2024-09-20 12:23:16.276,428.8264175349854,996
2024-09-20 12:23:16.278,428.829847212878,1000
2024-09-20 12:23:16.297,428.7995394299247,6
2024-09-20 12:23:16.329,428.8220888929652,96
2024-09-20 12:23:16.377,428.8251075194929,8
2024-09-20 12:23:16.443,428.8279346746348,998
2024-09-20 12:23:16.444,428.8110160423289,995
2024-09-20 12:23:16.469,428.8109063937309,1004
2024-09-20 12:23:16.506,428.8142263035238,100
2024-09-20 12:23:16.597,428.8405780615412,8
2024-09-20 12:23:16.614,428.8263351190301,14
2024-09-20 12:23:16.704,428.8278270534954,97
2024-09-20 12:23:16.721,428.8087155668776,997
2024-09-20 12:23:16.723,428.81763733769424,13
2024-09-20 12:23:16.882,428.8178702242189,995
2024-09-20 12:23:16.883,428.8110196225791,13
2024-09-20 12:23:16.908,428.8449580054072,8
2024-09-20 12:23:16.962,428.8190016439357,999
2024-09-20 12:23:16.991,428.8164200543043,104
2024-09-20 12:23:17.027,428.8542770055206,15
2024-09-20 12:23:17.120,428.8450709190876,1005
2024-09-20 12:23:17.197,428.8286058294939,12
2024-09-20 12:23:17.277,428.780367231244,105
2024-09-20 12:23:17.338,428.8287787382496,102
2024-09-20 12:23:17.370,428.8374711045398,101
2024-09-20 12:23:17.474,428.8293895457372,995
2024-09-20 12:23:17.581,428.83544330545647,100
2024-09-20 12:23:17.728,428.8365461686852,7
2024-09-20 12:23:17.739,428.8168799049167,95
2024-09-20 12:23:17.755,428.8198904019943,1000
2024-09-20 12:23:17.817,428.8333795364198,101
2024-09-20 12:23:17.833,428.8337940167235,999
2024-09-20 12:23:17.962,428.8046805828081,999
2024-09-20 12:23:18.017,428.7771041903547,1001
2024-09-20 12:23:18.087,428.77866757495497,7
2024-09-20 12:23:18.155,428.7694646606216,11
2024-09-20 12:23:18.215,428.7743351097094,102
2024-09-20 12:23:18.336,428.76784953224654,95
2024-09-20 12:23:18.351,,104
2024-09-20 12:23:18.430,428.7934410279788,1000
2024-09-20 12:23:18.432,428.7932300242229,1001
2024-09-20 12:23:18.618,428.8143317994268,99
2024-09-20 12:23:18.673,428.7611107295604,11
2024-09-20 12:23:18.686,428.8101148038261,103
2024-09-20 12:23:18.963,428.75764328038497,104
2024-09-20 12:23:18.975,428.79515242772027,7
2024-09-20 12:23:19.612,428.8189125522836,1002
2024-09-20 12:23:19.628,428.8143693555913,95
2024-09-20 12:23:20.010,428.82441119854985,5
2024-09-20 12:23:20.397,42.881992570614045,1004
2024-09-20 12:23:20.748,428.8079314686099,104
2024-09-20 12:23:20.998,428.80737335483326,15
2024-09-20 12:23:21.042,428.8253629441948,1005
2024-09-20 12:23:21.105,428.79622552252704,996
2024-09-20 12:23:21.248,428.82236588789664,9
2024-09-20 12:23:21.281,428.83190959534926,1000
2024-09-20 12:23:21.292,428.7892916702222,15
2024-09-20 12:23:21.303,428.79559742974726,995
2024-09-20 12:23:21.309,428.7916564116994,96
2024-09-20 12:23:21.385,428.8230973959679,100
2024-09-20 12:23:21.450,428.8408991267278,6
2024-09-20 12:23:21.495,428.8385766362555,5
2024-09-20 12:23:21.501,428.8446841142541,13
2024-09-20 12:23:21.514,428.7680203477189,1000
2024-09-20 12:23:21.514,428.83941792286754,1000
2024-09-20 12:23:21.532,428.8344941017446,8
2024-09-20 12:23:21.602,428.80700960901567,8
2024-09-20 12:23:21.613,428.81379621977067,12
2024-09-20 12:23:21.630,428.7957473582771,13
2024-09-20 12:23:21.663,428.7905360557527,101
2024-09-20 12:23:21.690,428.7657581222192,999
2024-09-20 12:23:21.693,428.78050939051474,5
2024-09-20 12:23:21.697,428.775641800644,9
2024-09-20 12:23:21.759,428.7862173178574,999
2024-09-20 12:23:21.839,428.7707054901831,95
2024-09-20 12:23:21.855,428.8426360756333,999
2024-09-20 12:23:21.923,428.8232354513783,102
2024-09-20 12:23:21.930,428.77121431297394,1003
2024-09-20 12:23:21.939,428.80597065137,105
2024-09-20 12:23:21.946,428.7672619029941,1004
2024-09-20 12:23:21.969,428.81395304334137,1001
2024-09-20 12:23:22.040,428.8120216628544,1000
2024-09-20 12:23:22.050,428.82615725254607,1005
2024-09-20 12:23:22.095,428.8156110140303,997
2024-09-20 12:23:22.112,428.8218890846579,999
2024-09-20 12:23:22.143,428.81394224269286,10
2024-09-20 12:23:22.232,428.8128995906272,100
2024-09-20 12:23:22.260,428.7871688456338,1000
2024-09-20 12:23:22.276,428.8196434019341,98
2024-09-20 12:23:22.319,428.7704109330158,101
2024-09-20 12:23:22.364,428.8124073114698,11
2024-09-20 12:23:22.368,428.80180786928497,995
2024-09-20 12:23:22.404,428.7888919201965,7
2024-09-20 12:23:22.464,428.79492958432456,12
2024-09-20 12:23:22.526,42.8839035161873,999
2024-09-20 12:23:22.629,428.8393607985808,101
2024-09-20 12:23:22.661,428.7942612766248,14
2024-09-20 12:23:22.706,428.8023606954956,15
2024-09-20 12:23:22.761,428.7997957114698,98
2024-09-20 12:23:22.786,428.7923067520933,11
2024-09-20 12:23:22.800,428.8222154369672,100
2024-09-20 12:23:22.848,428.8158517462656,100
2024-09-20 12:23:22.962,428.8010998116865,11
2024-09-20 12:23:22.983,428.8108494011693,998
2024-09-20 12:23:23.072,428.7694408361005,8
2024-09-20 12:23:23.079,428.8090014688683,96
2024-09-20 12:23:23.209,428.77812602209457,1005
2024-09-20 12:23:23.247,428.8121460207239,11
2024-09-20 12:23:23.373,428.80058782647495,999
2024-09-20 12:23:23.386,428.8176277969156,5
2024-09-20 12:23:23.419,428.8087269447636,12
2024-09-20 12:23:23.448,428.8217796359139,15
2024-09-20 12:23:23.450,428.7980117573909,11
2024-09-20 12:23:23.506,428.837587776081,997
2024-09-20 12:23:23.683,428.8023933088968,97
2024-09-20 12:23:23.949,428.8179421644061,14
2024-09-20 12:23:23.990,428.79694983760726,103
2024-09-20 12:23:24.028,428.7849868577583,13
2024-09-20 12:23:24.206,428.7831225836789,105
2024-09-20 12:23:24.600,428.7916671680316,1004
2024-09-20 12:23:24.812,428.8011142818828,103
2024-09-20 12:23:24.846,428.7698917897194,1002
2024-09-20 12:23:24.978,428.8025957361521,998
2024-09-20 12:23:24.988,428.7754683961179,995
2024-09-20 12:23:25.194,428.7786045733096,101
2024-09-20 12:23:25.250,428.7559703088492,1000
2024-09-20 12:23:25.263,428.7610017897462,96
2024-09-20 12:23:25.373,428.7790791608472,1002
2024-09-20 12:23:25.492,428.7460874713719,103
2024-09-20 12:23:25.519,,10
2024-09-20 12:23:25.873,428.7624808333638,102
2024-09-20 12:23:25.888,428.7451126365431,10
2024-09-20 12:23:25.925,428.7656854114481,1002
2024-09-20 12:23:25.975,428.7492882642324,996
2024-09-20 12:23:26.012,428.8010348255916,999
2024-09-20 12:23:26.048,428.750113112384,103
2024-09-20 12:23:26.064,428.8119639440413,1002
2024-09-20 12:23:26.105,428.7674042073432,9
2024-09-20 12:23:26.158,428.77498126180126,1000
2024-09-20 12:23:26.181,428.812162691966,15
2024-09-20 12:23:26.208,428.802203448983,1005
2024-09-20 12:23:26.238,428.7673594012461,12
2024-09-20 12:23:26.325,42.87990858496255,1001
2024-09-20 12:23:26.343,428.7877536674452,100
2024-09-20 12:23:26.351,428.7648387421014,98
2024-09-20 12:23:26.424,428.7982369221761,996
2024-09-20 12:23:26.633,428.8158579592291,12
2024-09-20 12:23:26.645,428.7943787177056,104
2024-09-20 12:23:26.670,428.7607764401382,12
2024-09-20 12:23:26.672,428.80767962211104,100
2024-09-20 12:23:26.708,428.8140089863258,102
2024-09-20 12:23:26.763,428.8008955502964,1001
2024-09-20 12:23:26.836,428.7610963866198,7
2024-09-20 12:23:26.871,428.7909068248314,97
2024-09-20 12:23:26.894,428.7989159869703,998
2024-09-20 12:23:26.948,428.7828216897963,5
2024-09-20 12:23:26.970,428.80766027679766,104
2024-09-20 12:23:27.037,428.85444170049726,6
2024-09-20 12:23:27.110,428.8355119266743,9
2024-09-20 12:23:27.296,428.86558783321766,1000
2024-09-20 12:23:27.531,428.8288459380419,95
2024-09-20 12:23:27.579,428.8405354483592,97
2024-09-20 12:23:27.585,428.8542374273527,13
2024-09-20 12:23:27.646,428.8149972921023,105
2024-09-20 12:23:27.726,428.8654637267354,96
2024-09-20 12:23:27.729,-428.8439765132954,97
2024-09-20 12:23:27.788,428.8520797944881,1005
2024-09-20 12:23:27.811,428.83580491998686,98
2024-09-20 12:23:27.867,428.8417336831248,999
2024-09-20 12:23:27.886,428.8518088097642,1001
2024-09-20 12:23:27.986,428.83571773639113,1002
2024-09-20 12:23:28.046,428.8632758383375,100
2024-09-20 12:23:28.153,428.8366429223552,105
2024-09-20 12:23:28.189,428.8168996349396,101
2024-09-20 12:23:28.292,428.8427615237808,12
2024-09-20 12:23:28.329,428.8327271593596,13
2024-09-20 12:23:28.357,428.865782845202,99
2024-09-20 12:23:28.594,,101
2024-09-20 12:23:28.702,428.8283174787652,999
2024-09-20 12:23:28.717,428.8280752849032,8
2024-09-20 12:23:28.723,428.8323737575169,1005
2024-09-20 12:23:28.734,428.8118828197625,8
2024-09-20 12:23:28.943,428.8335442800214,98
2024-09-20 12:23:29.303,428.8223372286437,103
2024-09-20 12:23:29.457,428.8415928584193,103
2024-09-20 12:23:29.810,428.83791414845217,1004
2024-09-20 12:23:29.882,428.8380593619614,999
2024-09-20 12:23:30.027,428.8268072902136,95
2024-09-20 12:23:30.148,428.765050365565,13
2024-09-20 12:23:30.232,428.8344658049917,104
2024-09-20 12:23:30.381,428.77337259180814,99
2024-09-20 12:23:30.436,428.8344587962087,105
2024-09-20 12:23:30.455,428.8377267418696,13
2024-09-20 12:23:30.507,428.8089538819575,100
2024-09-20 12:23:30.582,428.8056420129461,99
2024-09-20 12:23:30.627,428.8240634289732,95
2024-09-20 12:23:30.644,428.76456165197806,102
2024-09-20 12:23:30.820,428.8001563256237,104
2024-09-20 12:23:30.910,428.8336045325322,1001
2024-09-20 12:23:31.643,428.76551391404143,14
2024-09-20 12:23:31.753,428.7604483136241,1000
2024-09-20 12:23:32.201,428.73778996473294,12
2024-09-20 12:23:32.238,428.7279944312636,996
2024-09-20 12:23:32.363,428.745423765412,1001
2024-09-20 12:23:32.433,428.753810427393,99
2024-09-20 12:23:32.462,428.73717341133937,996
2024-09-20 12:23:32.549,428.7349353104817,6
2024-09-20 12:23:32.647,428.7407854366359,1003
2024-09-20 12:23:32.670,428.73786311862887,998
2024-09-20 12:23:32.794,428.7475218090301,105
2024-09-20 12:23:32.875,428.7410257588085,1000
2024-09-20 12:23:32.936,428.7290578503872,102
2024-09-20 12:23:32.969,428.75288760913776,103
2024-09-20 12:23:33.000,428.7429188626428,997
2024-09-20 12:23:33.225,428.7618041044126,14
2024-09-20 12:23:33.245,428.7813319115101,99
2024-09-20 12:23:33.247,428.7824079092424,1001
2024-09-20 12:23:33.262,428.7840911393324,100
2024-09-20 12:23:33.313,428.79158726259385,103
2024-09-20 12:23:33.801,428.767832269894,12
2024-09-20 12:23:33.803,428.7958623749868,996
2024-09-20 12:23:33.857,428.7782041109537,15
2024-09-20 12:23:33.911,428.7819917690872,15
2024-09-20 12:23:34.044,428.7944862397391,1000
2024-09-20 12:23:34.046,428.7668736902722,98
2024-09-20 12:23:34.055,428.77463307986017,14
2024-09-20 12:23:34.230,428.7644722444325,1003
2024-09-20 12:23:34.474,428.797329691062,7
2024-09-20 12:23:34.562,428.79842174600014,1000
2024-09-20 12:23:34.656,428.7504930738893,14
2024-09-20 12:23:34.667,428.77361650455407,1003
2024-09-20 12:23:35.681,428.7831179414236,103
2024-09-20 12:23:35.817,428.7830715843031,105
2024-09-20 12:23:35.899,428.7752002926948,996
2024-09-20 12:23:36.033,428.8186030398276,996
2024-09-20 12:23:36.156,428.8230365635638,101
2024-09-20 12:23:36.198,428.811362510655,6
2024-09-20 12:23:36.255,428.8325540111449,95
2024-09-20 12:23:36.418,428.831916870124,9
2024-09-20 12:23:36.496,428.8244984141844,96
2024-09-20 12:23:36.501,428.8322757297156,100
2024-09-20 12:23:36.515,428.8191710205699,12
2024-09-20 12:23:36.520,428.8410635977799,105
2024-09-20 12:23:36.521,428.8070850135029,6
2024-09-20 12:23:36.559,428.8403447280961,103
2024-09-20 12:23:36.602,428.8250995052323,997
2024-09-20 12:23:36.727,428.81616822235554,998
2024-09-20 12:23:36.846,428.82620916507307,6
2024-09-20 12:23:36.876,428.7823316115626,101
2024-09-20 12:23:37.070,428.8102851770589,11
2024-09-20 12:23:37.089,428.79291875338106,1002
2024-09-20 12:23:37.096,428.8311307317337,10
2024-09-20 12:23:37.100,428.7909757375016,102
2024-09-20 12:23:37.277,428.7968568940704,8
2024-09-20 12:23:37.291,428.818566508435,1005
2024-09-20 12:23:37.297,428.8062771881803,99
2024-09-20 12:23:37.329,428.80018433672166,11
2024-09-20 12:23:37.503,428.7527820828331,100
2024-09-20 12:23:37.525,428.79974429492944,995
2024-09-20 12:23:37.754,428.8214837112972,7
2024-09-20 12:23:37.795,428.8476506536061,9
2024-09-20 12:23:37.850,428.7877657242221,9
2024-09-20 12:23:37.915,428.75336354422376,998
2024-09-20 12:23:38.011,428.7743205703547,95
2024-09-20 12:23:38.115,428.7801591458692,998
2024-09-20 12:23:38.125,428.7497984200806,15
2024-09-20 12:23:38.142,428.7481895922461,1004
2024-09-20 12:23:38.155,428.7824195436458,7
2024-09-20 12:23:38.158,428.7591799894024,1000
2024-09-20 12:23:38.189,428.78206405007074,995
2024-09-20 12:23:38.210,428.74280102929777,12
2024-09-20 12:23:38.257,428.7591174420944,95
2024-09-20 12:23:38.333,428.7653300602512,1004
2024-09-20 12:23:38.396,428.7771748855045,97
2024-09-20 12:23:38.467,428.7616709125846,5
2024-09-20 12:23:38.505,428.8152426717475,997
2024-09-20 12:23:38.562,428.7583836281953,13
2024-09-20 12:23:38.569,428.7778502859181,96
2024-09-20 12:23:38.598,428.7896160923578,1001
2024-09-20 12:23:38.601,428.8066037668981,1004
2024-09-20 12:23:38.636,428.7676446039482,10
2024-09-20 12:23:38.660,428.7447329748737,14
2024-09-20 12:23:38.674,428.7931918581232,995
2024-09-20 12:23:38.694,428.7589126551696,14
2024-09-20 12:23:38.713,428.7859024203029,104
2024-09-20 12:23:38.718,428.771113843118,997
2024-09-20 12:23:38.726,428.7763447211881,102
2024-09-20 12:23:38.748,428.7796794727475,102
2024-09-20 12:23:38.819,428.7801555118872,998
2024-09-20 12:23:39.017,428.78320711831816,15
2024-09-20 12:23:39.077,428.78198219844967,15
2024-09-20 12:23:39.113,428.7717206620952,15
2024-09-20 12:23:39.124,428.71822435197606,13
2024-09-20 12:23:39.133,428.77105893196335,5
2024-09-20 12:23:39.147,428.76956396957627,1001
2024-09-20 12:23:39.176,428.69959794477415,100
2024-09-20 12:23:39.200,428.8145243456487,6
2024-09-20 12:23:39.255,428.7304596580108,103
2024-09-20 12:23:39.379,428.77240315791136,8
2024-09-20 12:23:39.404,428.7723562556092,8
2024-09-20 12:23:39.445,428.7732102011983,1002
2024-09-20 12:23:39.447,428.7299122299409,98
2024-09-20 12:23:39.538,428.7754538280928,13
2024-09-20 12:23:39.583,428.7434388799278,96
2024-09-20 12:23:39.592,428.7658458833232,98
2024-09-20 12:23:39.658,428.761102182723,1005
2024-09-20 12:23:39.683,428.7627835838248,102
2024-09-20 12:23:39.685,428.732837558898,98
2024-09-20 12:23:39.704,428.7893952326137,1000
2024-09-20 12:23:39.732,428.7909954799732,995
2024-09-20 12:23:39.732,428.7633215325092,1005
2024-09-20 12:23:39.742,428.7503263444757,15
2024-09-20 12:23:39.760,428.73193380350847,99
2024-09-20 12:23:39.832,428.8159036811661,5
2024-09-20 12:23:39.883,428.8146659345078,104
2024-09-20 12:23:39.928,428.73973122448416,105
2024-09-20 12:23:39.950,428.7500712716817,11
2024-09-20 12:23:39.965,428.772496983254,999
2024-09-20 12:23:39.978,428.7661729000889,1001
2024-09-20 12:23:40.153,428.7757519816005,12
2024-09-20 12:23:40.187,428.7824498340733,99
2024-09-20 12:23:40.316,428.73780839087567,15
2024-09-20 12:23:40.549,428.7265940531916,97
2024-09-20 12:23:40.588,428.7530400249816,1003
2024-09-20 12:23:40.686,428.7192488709096,14
2024-09-20 12:23:40.697,428.7615494372194,105
2024-09-20 12:23:40.742,428.74336340015685,6
2024-09-20 12:23:40.746,428.7555956578293,1002
2024-09-20 12:23:40.752,428.7256698367953,11
2024-09-20 12:23:40.802,428.7674630352872,997
2024-09-20 12:23:40.807,428.7474879248232,1002
2024-09-20 12:23:40.841,428.7374581146109,99
2024-09-20 12:23:40.898,428.7433070244632,997
2024-09-20 12:23:40.905,428.7522734483891,13
2024-09-20 12:23:40.916,428.7271242351577,11
2024-09-20 12:23:41.145,428.6743708968788,14
2024-09-20 12:23:41.186,428.6706760083961,1000
2024-09-20 12:23:41.211,428.6618262545341,10
2024-09-20 12:23:41.220,428.6456459991734,14
2024-09-20 12:23:41.252,428.6769884033173,996
2024-09-20 12:23:41.268,428.6403454634325,102
2024-09-20 12:23:41.405,428.6733259417159,999
2024-09-20 12:23:41.421,428.70900193465184,101
2024-09-20 12:23:41.520,428.643668592189,104
2024-09-20 12:23:41.695,428.6772256984116,6
2024-09-20 12:23:41.789,428.6754785177377,997
2024-09-20 12:23:41.841,428.68896201222935,9
2024-09-20 12:23:41.893,428.6468881359789,101
2024-09-20 12:23:41.927,428.7008608170776,10
2024-09-20 12:23:41.932,428.7086778520375,95
2024-09-20 12:23:42.016,-428.60207194667936,11
2024-09-20 12:23:42.034,428.60704178404814,99
2024-09-20 12:23:42.123,428.6260804704547,102
2024-09-20 12:23:42.135,428.6347286244759,105
2024-09-20 12:23:42.203,,8
2024-09-20 12:23:42.242,428.6041382928593,6
2024-09-20 12:23:42.264,428.6082408738523,98
2024-09-20 12:23:42.330,428.6306812237566,100
2024-09-20 12:23:42.343,428.62340662804974,15
2024-09-20 12:23:42.404,428.65005506273366,104
2024-09-20 12:23:42.443,428.6514511973039,6
2024-09-20 12:23:42.503,428.5968975886777,1004
2024-09-20 12:23:42.506,428.6033651446839,14
2024-09-20 12:23:42.525,428.6495295377756,1004
2024-09-20 12:23:42.698,428.6497014059784,1002
2024-09-20 12:23:42.757,428.611391990118,1002
2024-09-20 12:23:42.771,428.6304342664471,1003
2024-09-20 12:23:42.798,428.6404965076622,5
2024-09-20 12:23:42.799,428.62770558214567,1003
2024-09-20 12:23:42.901,428.6213031888298,1004
2024-09-20 12:23:42.944,428.63882802494817,9
2024-09-20 12:23:42.970,428.60553327610535,101
2024-09-20 12:23:42.976,428.6319256713056,97
2024-09-20 12:23:43.874,428.6440380566121,100
2024-09-20 12:23:44.322,428.64889222317896,1004
2024-09-20 12:23:44.335,428.68102335557296,995
2024-09-20 12:23:44.445,428.6444758688004,7
2024-09-20 12:23:44.768,428.6360429968285,1000
2024-09-20 12:23:44.842,428.6305648570454,98
2024-09-20 12:23:45.063,428.669660979075,102
2024-09-20 12:23:45.090,428.6938652369321,101
2024-09-20 12:23:45.176,428.68353754635183,99
2024-09-20 12:23:45.279,428.70087784136376,8
2024-09-20 12:23:45.361,428.6903229024658,13
2024-09-20 12:23:45.518,428.7040361445664,12
2024-09-20 12:23:45.524,428.69163965438224,5
2024-09-20 12:23:45.545,428.67482482579305,995
2024-09-20 12:23:45.609,428.6757836442004,12
2024-09-20 12:23:45.687,428.6905718220552,1001
2024-09-20 12:23:45.702,428.7015716791764,8
2024-09-20 12:23:46.049,428.7234536874061,6
2024-09-20 12:23:46.291,428.6715329486908,6
2024-09-20 12:23:46.465,428.72346230238713,9
2024-09-20 12:23:46.665,428.69027752850536,1002
2024-09-20 12:23:47.064,428.73041723191375,1004
2024-09-20 12:23:47.080,428.7521030122801,1005
2024-09-20 12:23:47.141,428.7028147200723,6
2024-09-20 12:23:47.234,428.6545091486678,998
2024-09-20 12:23:47.257,428.7289755033172,100
2024-09-20 12:23:47.269,428.7095596607161,999
2024-09-20 12:23:47.351,428.6330941517545,995
2024-09-20 12:23:47.400,428.69509898589206,103
2024-09-20 12:23:47.415,428.6845080938427,5
2024-09-20 12:23:47.432,428.73659498365095,15
2024-09-20 12:23:47.466,428.7171466391693,1003
2024-09-20 12:23:47.582,428.6279495491063,995
2024-09-20 12:23:47.585,428.7185408180015,7
2024-09-20 12:23:47.652,428.711942720046,9
2024-09-20 12:23:47.734,428.6913494475767,1003
2024-09-20 12:23:47.744,428.7202510558917,98
2024-09-20 12:23:47.785,428.69588998250606,1003
2024-09-20 12:23:47.790,428.6094307850935,1000
2024-09-20 12:23:47.835,428.60786705249376,14
2024-09-20 12:23:47.863,428.6900814846453,998
2024-09-20 12:23:47.870,428.7174236662759,105
2024-09-20 12:23:47.876,428.7074678747361,1000
2024-09-20 12:23:47.910,428.70554333476287,1004
2024-09-20 12:23:47.933,428.7467429299663,1002
2024-09-20 12:23:48.014,428.5090097765085,5
2024-09-20 12:23:48.126,428.5243338585878,999
2024-09-20 12:23:48.127,428.5277689868786,102
2024-09-20 12:23:48.132,428.5498769715932,103
2024-09-20 12:23:48.172,428.4747715846496,14
2024-09-20 12:23:48.383,428.5270555102495,998
2024-09-20 12:23:48.481,428.4997035521475,1005
2024-09-20 12:23:48.495,428.5083826580196,6
2024-09-20 12:23:48.560,428.5119304802757,103
2024-09-20 12:23:48.597,428.5033468103292,15
2024-09-20 12:23:48.613,428.5945211660534,99
2024-09-20 12:23:48.620,428.5577163047885,103
2024-09-20 12:23:48.625,428.6190484488532,100
2024-09-20 12:23:48.672,428.5242672015075,15
2024-09-20 12:23:48.678,428.5009717142441,95
2024-09-20 12:23:48.679,428.53841278802463,99
2024-09-20 12:23:48.701,428.58103654212016,13
2024-09-20 12:23:48.779,428.507861803069,1000
2024-09-20 12:23:48.794,428.51489077891415,1003
2024-09-20 12:23:48.871,428.558436197078,12
2024-09-20 12:23:48.894,428.4928726627455,11
2024-09-20 12:23:48.936,428.4760753301909,9
2024-09-20 12:23:49.104,428.4850741123563,105
2024-09-20 12:23:49.139,428.48276029358993,97
2024-09-20 12:23:49.151,428.4933704103293,96
2024-09-20 12:23:49.171,428.4857968310942,1002
2024-09-20 12:23:49.329,428.5139932355966,105
2024-09-20 12:23:49.401,428.4808769152702,1001
2024-09-20 12:23:49.527,428.4779298488253,105
2024-09-20 12:23:49.534,428.4814576898576,7
2024-09-20 12:23:49.561,428.5092592890111,5
2024-09-20 12:23:49.575,428.487108189317,1001
2024-09-20 12:23:49.634,428.4937074534693,998
2024-09-20 12:23:49.805,428.4861211419699,10
2024-09-20 12:23:49.856,428.4749832252178,103
2024-09-20 12:23:49.924,428.51190059541153,7
2024-09-20 12:23:49.929,428.4956826824846,1005
2024-09-20 12:23:49.983,428.49818894978006,98
2024-09-20 12:23:50.044,428.5255483280753,95
2024-09-20 12:23:50.065,428.5151957124282,104
2024-09-20 12:23:50.092,428.5020826035774,999
2024-09-20 12:23:50.198,428.49869423452685,8
2024-09-20 12:23:50.259,428.52795326046873,12
2024-09-20 12:23:50.295,428.5380053738408,105
2024-09-20 12:23:50.299,428.5389760745349,97
2024-09-20 12:23:50.389,428.4827128094639,102
2024-09-20 12:23:50.408,428.53928451505465,13
2024-09-20 12:23:50.594,42.85511021622389,997
2024-09-20 12:23:50.595,428.5294960502588,997
2024-09-20 12:23:50.664,428.5401255841144,1005
2024-09-20 12:23:50.737,428.5072472353952,100
2024-09-20 12:23:50.787,428.5749951161754,13
2024-09-20 12:23:50.823,428.50525221092073,13
2024-09-20 12:23:50.853,428.5188616651167,1002
2024-09-20 12:23:50.920,428.5716913131516,995
2024-09-20 12:23:51.160,428.5712196548451,996
2024-09-20 12:23:51.169,428.5646954805714,102
2024-09-20 12:23:51.196,428.5618651125236,995
2024-09-20 12:23:51.199,428.5916102690037,102
2024-09-20 12:23:51.228,428.561899792196,14
2024-09-20 12:23:51.242,428.5869289792792,8
2024-09-20 12:23:51.265,428.568292133059,103
2024-09-20 12:23:51.290,428.6005618370134,10
2024-09-20 12:23:51.304,428.5957160817218,1003
2024-09-20 12:23:51.374,428.568791208793,998
2024-09-20 12:23:51.391,428.575326639777,13
2024-09-20 12:23:51.394,428.59907868149776,997
2024-09-20 12:23:51.397,428.5975568273378,96
2024-09-20 12:23:51.407,428.6047338567034,996
2024-09-20 12:23:51.411,428.5570392899272,1001
2024-09-20 12:23:51.420,428.6033887768559,1004
2024-09-20 12:23:51.448,428.57923627918416,997
2024-09-20 12:23:51.538,428.5883250169097,998
2024-09-20 12:23:51.547,428.59086608326106,103
2024-09-20 12:23:51.621,428.5897890188028,95
2024-09-20 12:23:51.666,428.5933373827871,12
2024-09-20 12:23:51.678,428.5699696902268,103
2024-09-20 12:23:51.730,428.5463046910145,997
2024-09-20 12:23:51.748,428.5804432580971,95
2024-09-20 12:23:51.757,428.594353298023,5
2024-09-20 12:23:51.786,428.59411323869614,10
2024-09-20 12:23:51.867,428.5830336238973,99
2024-09-20 12:23:51.966,428.60622990359377,105
2024-09-20 12:23:51.974,428.5296577165242,999
2024-09-20 12:23:52.040,428.5357413608977,1002
2024-09-20 12:23:52.098,428.549005844749,1005
2024-09-20 12:23:52.200,428.5366417190448,99
2024-09-20 12:23:52.402,428.55500679656166,995
2024-09-20 12:23:52.404,428.5222337465627,1003
2024-09-20 12:23:52.641,428.542767740151,15
2024-09-20 12:23:52.679,428.5524189079282,97
2024-09-20 12:23:52.752,428.553288782868,1001
2024-09-20 12:23:52.801,,996
2024-09-20 12:23:52.836,428.556072969515,6
2024-09-20 12:23:52.953,428.5489953644344,995
2024-09-20 12:23:53.043,428.5198642451885,997
2024-09-20 12:23:53.450,428.5053749849386,105
2024-09-20 12:23:53.525,428.5143011044428,996
2024-09-20 12:23:53.565,428.5194014926885,5
2024-09-20 12:23:54.009,428.4893069699762,1005
2024-09-20 12:23:54.012,428.4759907788402,12
2024-09-20 12:23:54.038,428.5099731988939,1001
2024-09-20 12:23:54.067,428.5071738000305,1000
2024-09-20 12:23:54.158,428.5038892000469,995
2024-09-20 12:23:54.288,428.5099647879108,100
2024-09-20 12:23:54.303,428.5120758605415,998
2024-09-20 12:23:54.315,428.4821147586553,997
2024-09-20 12:23:54.325,428.50952767383615,1004
2024-09-20 12:23:54.326,428.4957699524334,7
2024-09-20 12:23:54.357,428.49418167696615,9
2024-09-20 12:23:54.416,428.495877534476,10
2024-09-20 12:23:54.455,428.480013259488,12
2024-09-20 12:23:54.576,428.4949196517165,995
2024-09-20 12:23:54.578,428.50523658042727,95
2024-09-20 12:23:54.583,428.4841354358183,13
2024-09-20 12:23:54.598,428.5003407480802,12
2024-09-20 12:23:54.603,428.5009915845302,9
2024-09-20 12:23:54.608,428.4865068842006,1001
2024-09-20 12:23:54.635,428.4985399830746,13
2024-09-20 12:23:54.705,428.5116630357702,5
2024-09-20 12:23:54.786,428.5040347882048,8
2024-09-20 12:23:54.801,428.5141940011538,999
2024-09-20 12:23:54.854,428.4599801244697,9
2024-09-20 12:23:54.863,428.52456019444185,995
2024-09-20 12:23:54.930,428.5035344591068,95
2024-09-20 12:23:54.968,428.4976520763736,10
2024-09-20 12:23:55.006,428.5670326901976,996
2024-09-20 12:23:55.019,428.5272439585861,9
2024-09-20 12:23:55.031,428.55523895110014,95
2024-09-20 12:23:55.038,428.5562078075469,95
2024-09-20 12:23:55.045,428.5400039838242,998
2024-09-20 12:23:55.173,428.5343246096373,98
2024-09-20 12:23:55.217,428.5127226808405,8
2024-09-20 12:23:55.257,428.5409418030913,1005
2024-09-20 12:23:55.270,428.5297839070778,15
2024-09-20 12:23:55.288,428.5243588233072,998
2024-09-20 12:23:55.293,428.5597195646033,97
2024-09-20 12:23:55.326,428.5611580131941,14
2024-09-20 12:23:55.446,428.54900605435,999
2024-09-20 12:23:55.504,428.5398263107412,96
2024-09-20 12:23:55.685,428.5289163991819,12
2024-09-20 12:23:55.709,428.5235427928104,1003
2024-09-20 12:23:55.715,428.5288055117153,6
2024-09-20 12:23:55.757,428.5681778674561,15
2024-09-20 12:23:55.783,428.53850925048886,1005
2024-09-20 12:23:55.808,428.542328445241,13
2024-09-20 12:23:55.922,428.49405701956886,7
2024-09-20 12:23:55.964,428.521724053749,999
2024-09-20 12:23:56.086,428.5108499411982,7
2024-09-20 12:23:56.377,428.5168870020611,13
2024-09-20 12:23:56.380,428.5080159754492,1002
2024-09-20 12:23:56.422,428.5263303484524,15
2024-09-20 12:23:56.548,428.5136278664728,1003
2024-09-20 12:23:56.905,428.5348805829703,995
2024-09-20 12:23:57.316,428.51884749980286,997
2024-09-20 12:23:58.000,428.5901278300726,101
2024-09-20 12:23:58.013,428.5449929369443,1002
2024-09-20 12:23:58.013,428.55329892723273,1001
2024-09-20 12:23:58.104,428.5221095234267,998
2024-09-20 12:23:58.109,428.51821831270246,6
2024-09-20 12:23:58.185,428.5654963955392,997
2024-09-20 12:23:58.211,428.5749223215863,1002
2024-09-20 12:23:58.222,428.5295586909801,1000
2024-09-20 12:23:58.225,42.850428215909865,102
2024-09-20 12:23:58.229,428.5830337190328,6
2024-09-20 12:23:58.298,428.5173344750026,12
2024-09-20 12:23:58.314,428.5298862158263,13
2024-09-20 12:23:58.404,428.5218089500998,10
2024-09-20 12:23:58.458,428.505345488432,95
2024-09-20 12:23:58.548,428.5581702885109,998
2024-09-20 12:23:58.614,428.56826763064726,97
2024-09-20 12:23:58.660,428.5488128213183,11
2024-09-20 12:23:58.702,428.5368487545173,1000
2024-09-20 12:23:58.721,428.5306400101817,1002
2024-09-20 12:23:58.772,428.56167866083,97
2024-09-20 12:23:58.783,428.571929029894,1004
2024-09-20 12:23:58.792,428.5570534031717,102
2024-09-20 12:23:58.802,428.5417311544088,103
2024-09-20 12:23:58.814,428.5659258077831,8
2024-09-20 12:23:58.861,428.5209815996102,102
2024-09-20 12:23:58.892,428.5222273056622,1001
2024-09-20 12:23:58.920,428.5270087401624,104
2024-09-20 12:23:58.974,428.5522505339863,10
2024-09-20 12:23:58.980,428.5391325059463,96
2024-09-20 12:23:59.014,428.6205178371848,11
2024-09-20 12:23:59.020,428.584852413533,103
2024-09-20 12:23:59.037,428.59164783506606,105
2024-09-20 12:23:59.222,428.62487607316274,15
2024-09-20 12:23:59.248,428.607707356085,1000
2024-09-20 12:23:59.487,428.61207123617146,999
2024-09-20 12:23:59.518,428.5635361441334,11
2024-09-20 12:23:59.552,-428.6201912551344,104
2024-09-20 12:23:59.729,428.5699820802784,99
2024-09-20 12:23:59.765,428.61525923873126,104
2024-09-20 12:23:59.901,428.6275827550448,98
