Timestamp,Price,Size
2024-09-16 13:43:00.001,414.8883162511517,105
2024-09-16 13:43:00.201,414.8828063408706,9
2024-09-16 13:43:00.241,414.88216699666674,95
2024-09-16 13:43:00.302,414.86670879909065,1003
2024-09-16 13:43:00.442,414.9303631591765,1000
2024-09-16 13:43:00.453,414.88446443413136,97
2024-09-16 13:43:00.465,414.8843301098771,13
2024-09-16 13:43:00.498,414.8584418215975,15
2024-09-16 13:43:00.527,414.8634547421185,95
2024-09-16 13:43:00.534,414.9009554607845,15
2024-09-16 13:43:00.598,414.8994417238727,12
2024-09-16 13:43:00.608,414.8762428360296,99
2024-09-16 13:43:00.691,414.8776824741726,102
2024-09-16 13:43:00.723,414.8644304334175,11
2024-09-16 13:43:00.735,414.87657904221993,102
2024-09-16 13:43:00.782,414.91117255962047,996
2024-09-16 13:43:00.794,414.880201489137,101
2024-09-16 13:43:00.804,414.86603059968246,995
2024-09-16 13:43:00.862,414.9059033480804,1005
2024-09-16 13:43:00.876,414.8893171654672,1000
2024-09-16 13:43:01.088,414.91204487640215,102
2024-09-16 13:43:01.103,414.9079589649972,5
2024-09-16 13:43:01.141,414.94771521623886,102
2024-09-16 13:43:01.225,414.8612092304272,11
2024-09-16 13:43:01.227,414.8777805793484,1005
2024-09-16 13:43:01.234,414.8830419334624,101
2024-09-16 13:43:01.286,414.9422128882727,1002
2024-09-16 13:43:01.304,414.8906605977879,999
2024-09-16 13:43:01.318,414.9082381238084,1003
2024-09-16 13:43:01.330,414.8639889542654,1003
2024-09-16 13:43:01.331,414.87615568199504,10
2024-09-16 13:43:01.373,414.92298158836365,96
2024-09-16 13:43:01.374,414.8584017873417,98
2024-09-16 13:43:01.404,414.8965222206813,5
2024-09-16 13:43:01.414,414.900471841195,12
2024-09-16 13:43:01.425,414.8676205588241,100
2024-09-16 13:43:01.428,414.8473768813865,10
2024-09-16 13:43:01.460,414.8946495488937,102
2024-09-16 13:43:01.613,414.8830483727443,97
2024-09-16 13:43:01.613,414.8684322852149,95
2024-09-16 13:43:01.640,414.86507632562433,10
2024-09-16 13:43:01.715,414.9061584800884,14
2024-09-16 13:43:01.745,414.872263558352,7
2024-09-16 13:43:01.770,414.8592424198656,105
2024-09-16 13:43:01.811,-41.49371377549964,998
2024-09-16 13:43:01.819,414.8472497579613,997
2024-09-16 13:43:01.839,414.8810853559517,999
2024-09-16 13:43:01.845,414.8894782437485,10
2024-09-16 13:43:01.937,414.901371779795,1000
2024-09-16 13:43:01.993,414.8655420724824,102
2024-09-16 13:43:02.203,414.91654244882295,103
2024-09-16 13:43:02.276,414.9188143552261,6
2024-09-16 13:43:02.302,414.9329088986093,95
2024-09-16 13:43:02.373,414.9116543053146,1003
2024-09-16 13:43:02.375,414.9201717737639,1002
2024-09-16 13:43:02.456,414.9267685630025,14
2024-09-16 13:43:02.523,414.9244277130748,9
2024-09-16 13:43:02.529,414.9204537092296,1003
2024-09-16 13:43:02.538,414.9080667655129,14
2024-09-16 13:43:02.558,414.9034614546421,8
2024-09-16 13:43:02.579,414.9202213258403,102
2024-09-16 13:43:02.772,414.91656389740433,13
2024-09-16 13:43:02.887,414.9074566677501,1003
2024-09-16 13:43:02.963,414.9278572394805,995
2024-09-16 13:43:04.380,414.9202418691719,995
2024-09-16 13:43:04.744,414.9310412208215,999
2024-09-16 13:43:05.401,414.9498027450071,8
2024-09-16 13:43:05.471,414.9480428410392,6
2024-09-16 13:43:05.500,414.9203012592622,1000
2024-09-16 13:43:05.619,414.9213383272891,996
2024-09-16 13:43:06.003,414.94590512722,101
2024-09-16 13:43:06.078,414.9217864538058,8
2024-09-16 13:43:06.204,414.95327563985927,96
2024-09-16 13:43:06.225,414.9510147656128,6
2024-09-16 13:43:06.251,414.9917278706546,5
2024-09-16 13:43:06.397,414.9773945456319,6
2024-09-16 13:43:06.501,414.9664130341974,104
2024-09-16 13:43:06.513,414.9579600785433,1000
2024-09-16 13:43:06.529,414.9741190253853,8
2024-09-16 13:43:06.563,414.9410353672303,101
2024-09-16 13:43:06.570,414.95312678015546,10
2024-09-16 13:43:06.594,414.9839671290295,103
2024-09-16 13:43:06.639,414.9777727352137,5
2024-09-16 13:43:06.727,414.95224634896886,1000
2024-09-16 13:43:06.763,414.942872989793,104
2024-09-16 13:43:06.770,414.91979698293255,8
2024-09-16 13:43:06.848,414.9682290698735,5
2024-09-16 13:43:06.876,414.9227594448324,1004
2024-09-16 13:43:06.880,414.9315984183972,99
2024-09-16 13:43:06.914,414.9569389081305,1003
2024-09-16 13:43:06.939,414.9141129233101,1004
2024-09-16 13:43:07.000,414.7874818714387,97
2024-09-16 13:43:07.101,414.8085094512997,7
2024-09-16 13:43:07.112,414.8186438837932,98
2024-09-16 13:43:07.134,414.7817008141354,101
2024-09-16 13:43:07.163,414.9227074166186,15
2024-09-16 13:43:07.183,414.8534015581407,1000
2024-09-16 13:43:07.185,414.8273099069749,995
2024-09-16 13:43:07.239,414.89733437113074,105
2024-09-16 13:43:07.252,414.890723490013,5
2024-09-16 13:43:07.321,414.9037090021384,105
2024-09-16 13:43:07.333,414.8822531196939,1005
2024-09-16 13:43:07.334,414.8814746786711,13
2024-09-16 13:43:07.360,414.8086428378033,11
2024-09-16 13:43:07.378,414.8091662943969,102
2024-09-16 13:43:07.395,414.8311089967188,1005
2024-09-16 13:43:07.395,414.88875902048505,1000
2024-09-16 13:43:07.418,414.90687897266776,1005
2024-09-16 13:43:07.510,414.91912630183214,101
2024-09-16 13:43:07.516,414.8974536827276,997
2024-09-16 13:43:07.571,414.8969809086432,103
2024-09-16 13:43:07.655,414.893155562427,1003
2024-09-16 13:43:07.680,414.8905733412425,1000
2024-09-16 13:43:07.748,414.86561159930005,100
2024-09-16 13:43:07.758,414.889606374232,104
2024-09-16 13:43:07.797,414.8021618468881,995
2024-09-16 13:43:07.868,414.7977601303525,97
2024-09-16 13:43:07.882,414.88417191492186,996
2024-09-16 13:43:07.954,414.8675010236788,995
2024-09-16 13:43:08.060,414.8071158910837,1003
2024-09-16 13:43:08.078,414.8099882678588,10
2024-09-16 13:43:08.121,414.7521948722592,11
2024-09-16 13:43:08.157,414.7855062538292,104
2024-09-16 13:43:08.246,414.8221256843509,95
2024-09-16 13:43:08.252,414.82181041059215,1004
2024-09-16 13:43:08.444,414.8346278287638,100
2024-09-16 13:43:08.464,414.82197141517554,98
2024-09-16 13:43:08.549,414.8233771924103,102
2024-09-16 13:43:08.555,414.8434923588524,103
2024-09-16 13:43:08.590,414.75284958034007,98
2024-09-16 13:43:08.615,414.8357405346269,996
2024-09-16 13:43:08.628,414.7555688545461,105
2024-09-16 13:43:08.633,414.829902792386,1000
2024-09-16 13:43:08.731,414.8256357033625,105
2024-09-16 13:43:08.902,414.7410904296325,999
2024-09-16 13:43:09.057,414.68691986714265,105
2024-09-16 13:43:09.071,414.7233492127675,996
2024-09-16 13:43:09.118,414.7662518609123,6
2024-09-16 13:43:09.158,414.7147197730301,999
2024-09-16 13:43:09.181,414.68489027790565,1001
2024-09-16 13:43:09.184,414.7658768753468,7
2024-09-16 13:43:09.195,414.7361703469655,7
2024-09-16 13:43:09.266,414.7810502588475,99
2024-09-16 13:43:09.304,414.7021224526434,12
2024-09-16 13:43:09.396,414.7248526350132,1001
2024-09-16 13:43:09.438,414.7704238429146,1003
2024-09-16 13:43:09.473,414.7194633685627,11
2024-09-16 13:43:09.530,414.7801705395088,997
2024-09-16 13:43:09.537,414.7092753395,15
2024-09-16 13:43:09.576,414.7183695353119,14
2024-09-16 13:43:09.590,414.7589681135922,13
2024-09-16 13:43:09.629,414.7545882190079,96
2024-09-16 13:43:09.689,414.70054639089176,103
2024-09-16 13:43:09.722,414.7678989268383,14
2024-09-16 13:43:09.742,414.7121118590613,98
2024-09-16 13:43:09.829,414.686429183163,6
2024-09-16 13:43:09.856,414.7130959147209,7
2024-09-16 13:43:09.876,414.7474326668464,95
2024-09-16 13:43:09.898,414.70284407432206,999
2024-09-16 13:43:09.942,414.76923485004096,997
2024-09-16 13:43:09.958,414.7559179520189,1002
2024-09-16 13:43:09.978,414.7162618520267,5
2024-09-16 13:43:09.989,-414.6996115141796,9
2024-09-16 13:43:10.120,414.7189456036943,1001
2024-09-16 13:43:10.120,414.6782692592455,1005
2024-09-16 13:43:10.123,414.68554558722974,998
2024-09-16 13:43:10.155,414.6697652508605,15
2024-09-16 13:43:10.431,414.67246273015706,105
2024-09-16 13:43:10.478,414.6626305615656,104
2024-09-16 13:43:10.505,414.6948812569696,105
2024-09-16 13:43:10.599,414.6614513791091,999
2024-09-16 13:43:10.655,414.66962951124265,99
2024-09-16 13:43:10.709,414.6997722824769,1005
2024-09-16 13:43:10.768,414.71721967368575,1005
2024-09-16 13:43:10.993,414.66977119319233,1004
2024-09-16 13:43:11.200,414.662928745214,11
2024-09-16 13:43:11.217,414.6811571307181,100
2024-09-16 13:43:11.510,414.678257911673,105
2024-09-16 13:43:11.665,414.6737590952719,100
2024-09-16 13:43:11.676,414.6766458229063,12
2024-09-16 13:43:11.820,414.6682046917816,5
2024-09-16 13:43:11.856,414.6632808517225,7
2024-09-16 13:43:11.999,414.68755050230135,998
2024-09-16 13:43:12.005,414.7445828935209,103
2024-09-16 13:43:12.040,414.7368870031342,97
2024-09-16 13:43:12.120,414.72446076517815,1002
2024-09-16 13:43:12.159,414.7312794692775,1005
2024-09-16 13:43:12.185,414.7111167993996,1004
2024-09-16 13:43:12.224,414.7109084701845,5
2024-09-16 13:43:12.239,414.7265703446821,6
2024-09-16 13:43:12.346,414.7094173930204,104
2024-09-16 13:43:12.353,414.7269018213247,1004
2024-09-16 13:43:12.379,414.7242829634249,96
2024-09-16 13:43:12.381,414.7283010389392,14
2024-09-16 13:43:12.414,414.7323515657314,1002
2024-09-16 13:43:12.483,414.7234818427248,100
2024-09-16 13:43:12.493,414.7196650602748,998
2024-09-16 13:43:12.552,414.74438370245787,104
2024-09-16 13:43:12.557,414.7276433148083,12
2024-09-16 13:43:12.573,414.7154274455543,104
2024-09-16 13:43:12.580,414.720780735217,97
2024-09-16 13:43:12.617,414.6841352040883,5
2024-09-16 13:43:12.619,414.7201168938938,105
2024-09-16 13:43:12.697,414.69928873161547,11
2024-09-16 13:43:12.755,414.7271081558071,996
2024-09-16 13:43:12.821,414.7164571528568,1004
2024-09-16 13:43:12.833,414.71405454397336,995
2024-09-16 13:43:12.854,414.7318403935913,1002
2024-09-16 13:43:12.894,414.7114267526197,103
2024-09-16 13:43:12.917,414.72374031008985,105
2024-09-16 13:43:12.993,414.7086962251973,1001
2024-09-16 13:43:12.995,414.6977432207368,5
2024-09-16 13:43:13.627,414.7326017122997,11
2024-09-16 13:43:13.790,414.7154599061434,105
2024-09-16 13:43:14.056,414.7048461309783,103
2024-09-16 13:43:14.068,414.72816939349,95
2024-09-16 13:43:14.127,414.72289925728535,995
2024-09-16 13:43:14.177,414.73074987496193,102
2024-09-16 13:43:14.179,414.7380583478896,100
2024-09-16 13:43:14.216,414.7267411856313,6
2024-09-16 13:43:14.261,414.7222762263444,6
2024-09-16 13:43:14.298,414.75646744859466,13
2024-09-16 13:43:14.338,414.7440057815998,998
2024-09-16 13:43:14.354,414.7330466521628,11
2024-09-16 13:43:14.381,414.7083635237784,97
2024-09-16 13:43:14.411,414.7159966355648,6
2024-09-16 13:43:14.415,414.7409738725282,101
2024-09-16 13:43:14.438,414.7180455264021,997
2024-09-16 13:43:14.513,414.7247809851179,996
2024-09-16 13:43:14.546,41.471465703479225,12
2024-09-16 13:43:14.560,414.7296450306892,99
2024-09-16 13:43:14.631,414.7156451423343,1004
2024-09-16 13:43:14.653,414.7276056232361,15
2024-09-16 13:43:14.673,414.7041835312886,1002
2024-09-16 13:43:14.730,414.73885000525206,10
2024-09-16 13:43:14.757,414.71208676110297,95
2024-09-16 13:43:14.876,414.7318675880764,998
2024-09-16 13:43:14.879,414.7268387764251,96
2024-09-16 13:43:14.981,414.7492403051789,12
2024-09-16 13:43:15.008,414.7021777741108,1005
2024-09-16 13:43:15.090,414.6871831328453,1002
2024-09-16 13:43:15.170,414.70364935879553,13
2024-09-16 13:43:15.322,414.772246381769,103
2024-09-16 13:43:15.325,414.7682338455438,1001
2024-09-16 13:43:15.500,414.701653550474,997
2024-09-16 13:43:15.585,414.76339334814605,998
2024-09-16 13:43:15.669,414.7393966823557,98
2024-09-16 13:43:15.701,414.73896179255325,11
2024-09-16 13:43:15.705,414.7626657816967,1003
2024-09-16 13:43:15.710,414.70927496850766,997
2024-09-16 13:43:15.830,,103
2024-09-16 13:43:16.296,414.7118324897953,1001
2024-09-16 13:43:16.626,414.7063556668152,995
2024-09-16 13:43:17.028,414.7489003618433,100
2024-09-16 13:43:17.042,414.7827665026008,12
2024-09-16 13:43:17.197,414.7319153906514,13
2024-09-16 13:43:17.222,414.7355002493339,1005
2024-09-16 13:43:17.315,414.7729288279186,1004
2024-09-16 13:43:17.346,,996
2024-09-16 13:43:17.571,414.73268156861553,10
2024-09-16 13:43:17.737,414.7340500594101,104
2024-09-16 13:43:17.776,414.7704879473376,9
2024-09-16 13:43:17.854,414.7766786621754,13
2024-09-16 13:43:18.094,414.7804299575894,95
2024-09-16 13:43:19.042,414.73746497026775,95
2024-09-16 13:43:19.049,414.7684547191023,9
2024-09-16 13:43:19.070,414.6723597192429,15
2024-09-16 13:43:19.122,414.77722600511646,14
2024-09-16 13:43:19.158,414.69825295744266,95
2024-09-16 13:43:19.168,414.7646025684178,99
2024-09-16 13:43:19.184,414.7470884420548,1003
2024-09-16 13:43:19.260,414.65310555703024,1003
2024-09-16 13:43:19.266,414.6677091740376,105
2024-09-16 13:43:19.281,414.7514895213222,1005
2024-09-16 13:43:19.303,414.733580497604,103
2024-09-16 13:43:19.375,414.7674910336269,99
2024-09-16 13:43:19.449,414.77733282955154,6
2024-09-16 13:43:19.486,414.689851201687,10
2024-09-16 13:43:19.601,414.724621045698,99
2024-09-16 13:43:19.663,414.7630728501872,104
2024-09-16 13:43:19.756,414.6560774671335,10
2024-09-16 13:43:19.783,414.6390693896149,96
2024-09-16 13:43:19.806,414.7500366590599,7
2024-09-16 13:43:19.859,-414.6745530786756,99
2024-09-16 13:43:19.884,414.7586257963523,12
2024-09-16 13:43:19.948,414.66745934399233,7
2024-09-16 13:43:19.955,414.7761441339599,9
2024-09-16 13:43:20.179,414.63949861468046,1003
2024-09-16 13:43:20.193,414.6612373143142,1004
2024-09-16 13:43:20.259,414.68585492733104,13
2024-09-16 13:43:20.298,,13
2024-09-16 13:43:20.533,414.68051319729886,99
2024-09-16 13:43:20.683,414.6796715521668,1005
2024-09-16 13:43:20.689,414.6700765651009,11
2024-09-16 13:43:20.690,414.6729582417611,1001
2024-09-16 13:43:20.696,414.6411345652136,999
2024-09-16 13:43:20.725,414.66601039017206,96
2024-09-16 13:43:20.919,414.66286800183,998
2024-09-16 13:43:20.926,414.6848399639368,98
2024-09-16 13:43:20.959,414.6594012344987,995
2024-09-16 13:43:20.993,414.6492445631888,98
2024-09-16 13:43:21.106,414.6312678151095,101
2024-09-16 13:43:21.173,414.6603315411805,998
2024-09-16 13:43:21.321,414.6903956898272,12
2024-09-16 13:43:21.385,414.62146853254967,8
2024-09-16 13:43:21.395,414.66757065885264,101
2024-09-16 13:43:21.553,414.6438999716312,98
2024-09-16 13:43:21.611,414.6658228926514,995
2024-09-16 13:43:21.668,414.6946474004276,14
2024-09-16 13:43:21.741,414.647998243124,1001
2024-09-16 13:43:21.778,414.7027073438253,102
2024-09-16 13:43:21.817,414.6860117338435,99
2024-09-16 13:43:21.886,414.6999455245962,105
2024-09-16 13:43:22.124,414.70034778732713,9
2024-09-16 13:43:22.283,414.64816203697313,102
2024-09-16 13:43:22.299,414.6774230573174,8
2024-09-16 13:43:22.307,414.6563532659175,99
2024-09-16 13:43:22.407,414.6599078213305,12
2024-09-16 13:43:22.418,414.67977435182456,1001
2024-09-16 13:43:22.430,414.6649115225975,5
2024-09-16 13:43:22.542,414.6944651077328,996
2024-09-16 13:43:22.577,414.716429704026,11
2024-09-16 13:43:22.681,414.6712450154069,1000
2024-09-16 13:43:22.765,414.6769151589873,101
2024-09-16 13:43:22.791,414.64939824952114,5
2024-09-16 13:43:22.815,414.6551215505322,1005
2024-09-16 13:43:22.884,414.650173287636,97
2024-09-16 13:43:22.905,414.6551890314297,1004
2024-09-16 13:43:22.925,414.72254850484944,11
2024-09-16 13:43:22.939,414.7245313642639,99
2024-09-16 13:43:22.960,41.467481794642914,997
2024-09-16 13:43:23.026,414.714557012791,100
2024-09-16 13:43:23.053,414.7187768915579,1003
2024-09-16 13:43:23.249,414.68173029148295,1003
2024-09-16 13:43:23.287,414.6693234468392,95
2024-09-16 13:43:23.342,414.6915991795065,5
2024-09-16 13:43:23.361,414.7024078166514,96
2024-09-16 13:43:23.474,414.6629335906428,999
2024-09-16 13:43:23.514,414.6817528305646,998
2024-09-16 13:43:23.520,414.6391107802448,995
2024-09-16 13:43:23.527,414.7105260385972,997
2024-09-16 13:43:23.548,414.620909092698,1001
2024-09-16 13:43:23.552,414.6867969640592,99
2024-09-16 13:43:23.579,414.728371350467,1005
2024-09-16 13:43:23.593,414.6877024089651,99
2024-09-16 13:43:23.762,414.6839304364371,103
2024-09-16 13:43:23.777,414.6661299816795,13
2024-09-16 13:43:23.853,414.70483238596063,98
2024-09-16 13:43:23.892,414.6848565263579,100
2024-09-16 13:43:23.906,414.7311825409013,6
2024-09-16 13:43:23.913,414.6234870523088,1002
2024-09-16 13:43:23.919,414.6864495725283,103
2024-09-16 13:43:24.089,414.62438511252486,997
2024-09-16 13:43:24.098,414.6939621278361,12
2024-09-16 13:43:24.239,414.5966071000122,95
2024-09-16 13:43:24.253,414.6631301446951,9
2024-09-16 13:43:24.281,414.61247214735926,99
2024-09-16 13:43:24.466,414.6741936457242,15
2024-09-16 13:43:24.534,414.6070152976546,101
2024-09-16 13:43:24.577,414.6914255193046,1001
2024-09-16 13:43:24.879,414.6048468782592,1005
2024-09-16 13:43:24.885,414.7104604518516,103
2024-09-16 13:43:24.914,414.6408574047681,104
2024-09-16 13:43:24.927,414.61875104086175,9
2024-09-16 13:43:24.961,414.6188501334196,101
2024-09-16 13:43:24.989,414.6597052200067,104
2024-09-16 13:43:24.993,414.70154144407326,11
2024-09-16 13:43:25.106,414.6839546622829,995
2024-09-16 13:43:25.163,414.68789366029694,98
2024-09-16 13:43:25.258,414.673928503465,95
2024-09-16 13:43:25.282,414.65729746540313,104
2024-09-16 13:43:25.323,414.64433201727127,104
2024-09-16 13:43:25.446,41.47132185384695,6
2024-09-16 13:43:25.506,414.6639389117944,95
2024-09-16 13:43:25.555,414.7086115707255,105
2024-09-16 13:43:25.640,414.6648030417044,10
2024-09-16 13:43:25.703,414.6653554209195,99
2024-09-16 13:43:25.710,-414.72024849867546,8
2024-09-16 13:43:25.738,414.662845536014,98
2024-09-16 13:43:25.743,414.7218303595965,1002
2024-09-16 13:43:25.765,414.6708365373528,96
2024-09-16 13:43:25.814,414.6859633938922,997
2024-09-16 13:43:25.989,414.6653582489593,14
2024-09-16 13:43:26.191,414.71561359888,99
2024-09-16 13:43:26.257,414.73984271245126,101
2024-09-16 13:43:26.434,414.7286908792534,996
2024-09-16 13:43:26.483,414.7111704526,9
2024-09-16 13:43:26.565,414.7170861302424,6
2024-09-16 13:43:26.938,414.7235649054581,11
2024-09-16 13:43:27.142,414.6901017751694,997
2024-09-16 13:43:27.170,414.6999214289709,5
2024-09-16 13:43:27.193,414.69130784991074,1004
2024-09-16 13:43:27.434,414.7132869816473,13
2024-09-16 13:43:27.437,414.70431750057713,1005
2024-09-16 13:43:27.561,414.74398703181424,12
2024-09-16 13:43:27.596,414.71023191769706,99
2024-09-16 13:43:27.650,414.71050963646456,1000
2024-09-16 13:43:27.684,414.7101411476028,10
2024-09-16 13:43:27.694,414.7285571609876,1004
2024-09-16 13:43:27.802,414.7045868038463,1003
2024-09-16 13:43:27.912,414.7171676578732,1003
2024-09-16 13:43:28.276,414.6688814586905,1005
2024-09-16 13:43:28.369,414.684730300448,102
2024-09-16 13:43:28.440,414.68763137001895,1000
2024-09-16 13:43:29.176,414.70694354524153,100
2024-09-16 13:43:29.247,414.7436219550808,14
2024-09-16 13:43:29.545,414.7085537159045,100
2024-09-16 13:43:29.685,414.71642455107497,1001
2024-09-16 13:43:29.849,414.72745770801686,11
2024-09-16 13:43:29.851,414.6976461356419,97
2024-09-16 13:43:29.883,414.7391852878868,97
2024-09-16 13:43:29.910,414.70038016135936,11
2024-09-16 13:43:30.013,414.7378445707445,995
2024-09-16 13:43:30.022,414.72758179592086,1000
2024-09-16 13:43:30.037,414.7217943827504,99
2024-09-16 13:43:30.067,414.7391603565114,998
2024-09-16 13:43:30.121,414.740775830425,14
2024-09-16 13:43:30.151,414.707101408952,95
2024-09-16 13:43:30.173,414.7434392269661,14
2024-09-16 13:43:30.224,414.7135523039856,95
2024-09-16 13:43:30.309,414.71324127815257,15
2024-09-16 13:43:30.316,414.7311848656212,999
2024-09-16 13:43:30.335,414.72329392072623,1002
2024-09-16 13:43:30.365,414.7075369326909,96
2024-09-16 13:43:30.481,414.6947004273106,100
2024-09-16 13:43:30.496,414.7309295414126,996
2024-09-16 13:43:30.517,414.70944788977954,6
2024-09-16 13:43:30.525,414.7427678169527,1005
2024-09-16 13:43:30.525,414.7290249028712,1004
2024-09-16 13:43:30.569,414.72079762954166,1003
2024-09-16 13:43:30.580,414.69645652282,1004
2024-09-16 13:43:30.659,414.72442120471766,98
2024-09-16 13:43:30.685,414.7398631166447,1000
2024-09-16 13:43:30.766,414.7119162996247,995
2024-09-16 13:43:30.767,414.7204065792132,99
2024-09-16 13:43:30.859,414.73951914994313,998
2024-09-16 13:43:30.864,414.711408180117,99
2024-09-16 13:43:30.922,414.72262276839785,996
2024-09-16 13:43:30.927,414.72922635499935,100
2024-09-16 13:43:30.930,414.7412454127409,6
2024-09-16 13:43:30.996,414.7208608409336,14
2024-09-16 13:43:31.119,414.7482277538464,997
2024-09-16 13:43:31.238,414.70860665884527,8
2024-09-16 13:43:31.308,414.69592110302847,999
2024-09-16 13:43:31.358,414.73499447010215,8
2024-09-16 13:43:31.395,414.74104466283046,997
2024-09-16 13:43:31.624,414.7235405972709,101
2024-09-16 13:43:31.797,414.6978957720934,998
2024-09-16 13:43:31.842,414.695525451031,1002
2024-09-16 13:43:31.873,414.7065296393109,99
2024-09-16 13:43:32.043,414.72487147342514,10
2024-09-16 13:43:32.263,414.7114078395984,12
2024-09-16 13:43:32.311,414.7181618948277,9
2024-09-16 13:43:32.361,414.71564157257217,7
2024-09-16 13:43:32.415,414.7104491540024,1005
2024-09-16 13:43:32.427,414.7238685026754,101
2024-09-16 13:43:32.650,414.6795755266494,9
2024-09-16 13:43:32.741,414.6911213697061,6
2024-09-16 13:43:33.210,414.6441735993353,15
2024-09-16 13:43:33.227,414.6530708934587,13
2024-09-16 13:43:33.499,414.66923610021934,996
2024-09-16 13:43:33.601,414.6894729507341,1001
2024-09-16 13:43:33.696,414.67671025518536,95
2024-09-16 13:43:33.959,414.6460118006669,996
2024-09-16 13:43:34.053,414.6729893505696,98
2024-09-16 13:43:34.162,414.69343860864905,1000
2024-09-16 13:43:34.184,414.6492278445467,96
2024-09-16 13:43:34.193,414.6829658166839,997
2024-09-16 13:43:34.202,414.68388658117175,104
2024-09-16 13:43:34.225,414.6549786723654,995
2024-09-16 13:43:34.238,414.69096048277567,96
2024-09-16 13:43:34.252,414.6618211544141,9
2024-09-16 13:43:34.260,414.6605053970959,1002
2024-09-16 13:43:34.285,414.6675477863268,100
2024-09-16 13:43:34.345,414.6749589193984,103
2024-09-16 13:43:34.351,414.6680414282297,95
2024-09-16 13:43:34.764,414.6612404409438,98
2024-09-16 13:43:34.976,414.67600129193954,1002
2024-09-16 13:43:35.093,414.69696584894285,1002
2024-09-16 13:43:35.132,414.6951801039033,105
2024-09-16 13:43:35.148,414.6288748669917,95
2024-09-16 13:43:35.149,414.69541309187866,103
2024-09-16 13:43:35.151,414.6411369268114,99
2024-09-16 13:43:35.196,414.5965035458745,1002
2024-09-16 13:43:35.198,414.6681888181656,101
2024-09-16 13:43:35.229,414.6250869742729,998
2024-09-16 13:43:35.320,414.6987859919275,104
2024-09-16 13:43:35.325,414.6140529926467,10
2024-09-16 13:43:35.336,414.6538488386151,101
2024-09-16 13:43:35.379,414.5971887953266,1003
2024-09-16 13:43:35.425,414.6656411244497,998
2024-09-16 13:43:35.501,414.5285946898904,98
2024-09-16 13:43:35.616,414.68942697039,1004
2024-09-16 13:43:35.676,414.5974182109306,98
2024-09-16 13:43:35.682,414.62272957523936,13
2024-09-16 13:43:35.696,414.6274731374244,15
2024-09-16 13:43:35.719,414.6222474456573,97
2024-09-16 13:43:35.748,414.6834846783333,1001
2024-09-16 13:43:35.764,414.6734644499769,1001
2024-09-16 13:43:35.815,414.6812232213109,10
2024-09-16 13:43:35.838,414.6615272149237,1001
2024-09-16 13:43:35.852,414.61271806066713,5
2024-09-16 13:43:35.947,414.5539045595751,998
2024-09-16 13:43:35.972,414.6826632491125,1001
2024-09-16 13:43:35.991,414.64982229839126,99
2024-09-16 13:43:36.128,414.54464567402334,6
2024-09-16 13:43:36.154,414.5220640239641,1005
2024-09-16 13:43:36.584,414.5231219090687,1001
2024-09-16 13:43:36.650,414.537103491464,11
2024-09-16 13:43:36.697,414.53331876845306,7
2024-09-16 13:43:36.830,414.5451051404696,96
2024-09-16 13:43:37.039,414.5361950159408,15
2024-09-16 13:43:37.052,414.53953020203454,1004
2024-09-16 13:43:37.074,414.56500153717286,9
2024-09-16 13:43:37.099,414.5396882161,98
2024-09-16 13:43:37.112,414.5262566331028,1003
2024-09-16 13:43:37.120,414.5548091665976,14
2024-09-16 13:43:37.136,414.55141566433525,103
2024-09-16 13:43:37.313,414.56041444780186,7
2024-09-16 13:43:37.408,414.58877807741646,14
2024-09-16 13:43:37.418,414.586911660203,1000
2024-09-16 13:43:37.445,414.583426095176,11
2024-09-16 13:43:37.503,414.5614008468257,10
2024-09-16 13:43:37.624,414.5619653135825,97
2024-09-16 13:43:37.628,414.5455605591664,101
2024-09-16 13:43:37.708,414.61273764445,15
2024-09-16 13:43:37.816,414.627307749348,5
2024-09-16 13:43:37.853,414.6381872404767,98
2024-09-16 13:43:37.901,414.6090374014354,1004
2024-09-16 13:43:38.068,414.6395871128104,7
2024-09-16 13:43:38.105,414.629913862164,100
2024-09-16 13:43:38.110,414.63083080244775,97
2024-09-16 13:43:38.240,414.6250814880205,101
2024-09-16 13:43:38.266,414.6610510950215,95
2024-09-16 13:43:38.377,414.6564028134251,1000
2024-09-16 13:43:38.409,414.6602838638087,1001
2024-09-16 13:43:38.459,414.61964779626186,9
2024-09-16 13:43:38.840,414.66028918096873,103
2024-09-16 13:43:38.883,414.6371274371738,105
2024-09-16 13:43:39.045,414.6272948213917,10
2024-09-16 13:43:39.500,414.6311736784483,1005
2024-09-16 13:43:39.771,414.6207152837621,10
2024-09-16 13:43:39.839,414.6237929300908,6
2024-09-16 13:43:40.825,414.61707897825926,1004
2024-09-16 13:43:41.056,414.621404633182,1005
2024-09-16 13:43:41.063,414.6075074475671,1005
2024-09-16 13:43:41.084,414.5895683661547,10
2024-09-16 13:43:41.164,414.5853687740092,99
2024-09-16 13:43:41.228,414.5964721491229,5
2024-09-16 13:43:41.385,414.6159786292585,998
2024-09-16 13:43:41.852,414.6123798217413,6
2024-09-16 13:43:41.856,414.596998527655,97
2024-09-16 13:43:41.884,414.6126130998173,12
2024-09-16 13:43:42.031,414.6286389030004,998
2024-09-16 13:43:42.170,414.5931267291798,14
2024-09-16 13:43:42.199,414.6041415219696,99
2024-09-16 13:43:42.376,414.60511392053786,105
2024-09-16 13:43:42.386,414.61902995603776,13
2024-09-16 13:43:42.411,414.6104576262562,12
2024-09-16 13:43:42.482,414.6351063984085,97
2024-09-16 13:43:42.522,414.6216348586972,104
2024-09-16 13:43:42.530,414.6189009336695,5
2024-09-16 13:43:42.628,414.6032814126627,101
2024-09-16 13:43:42.738,414.59582876354335,105
2024-09-16 13:43:42.773,414.6151200731172,104
2024-09-16 13:43:42.807,414.6241273409344,103
2024-09-16 13:43:42.883,414.6047259745932,14
2024-09-16 13:43:42.946,414.6359341123562,5
2024-09-16 13:43:43.073,414.62679566785806,104
2024-09-16 13:43:43.097,414.5939237665254,1003
2024-09-16 13:43:43.253,414.5834409470114,98
2024-09-16 13:43:43.267,414.5440182184614,9
2024-09-16 13:43:43.358,414.6240221206288,12
2024-09-16 13:43:43.361,414.5872827069604,104
2024-09-16 13:43:43.367,414.5883951935673,996
2024-09-16 13:43:43.408,414.5734497286487,996
2024-09-16 13:43:43.413,414.59067961755386,100
2024-09-16 13:43:43.445,414.5544148917256,11
2024-09-16 13:43:43.463,414.5801764138456,95
2024-09-16 13:43:43.506,414.5518229294534,104
2024-09-16 13:43:43.594,414.5656363406586,996
2024-09-16 13:43:43.605,414.6029764459259,1000
2024-09-16 13:43:43.661,414.5580918170776,1002
2024-09-16 13:43:43.678,414.5376596405529,995
2024-09-16 13:43:43.804,414.571939284045,8
2024-09-16 13:43:43.820,414.57039039124055,96
2024-09-16 13:43:43.881,414.6077948800787,105
2024-09-16 13:43:43.937,414.5865674656517,104
2024-09-16 13:43:43.942,414.5912157885756,96
2024-09-16 13:43:43.972,414.59625492639833,1005
2024-09-16 13:43:44.107,414.65823603200727,1003
2024-09-16 13:43:44.273,414.6632894143557,5
2024-09-16 13:43:44.339,414.66474390718633,8
2024-09-16 13:43:44.364,414.6311870596588,1004
2024-09-16 13:43:44.387,414.6441528228085,1004
2024-09-16 13:43:44.400,414.6457906511076,14
2024-09-16 13:43:44.488,414.6509234068299,998
2024-09-16 13:43:44.532,414.6588501583799,101
2024-09-16 13:43:44.568,414.6409611720742,98
2024-09-16 13:43:44.837,414.6843864194325,102
2024-09-16 13:43:44.916,414.65403680995234,104
2024-09-16 13:43:44.951,414.6277116736424,11
2024-09-16 13:43:45.165,414.7047137836504,5
2024-09-16 13:43:45.200,414.702203243224,12
2024-09-16 13:43:45.249,414.64312538760254,15
2024-09-16 13:43:45.452,414.666692609398,103
2024-09-16 13:43:45.657,414.68815070503615,1001
2024-09-16 13:43:45.845,414.6999453498144,1001
2024-09-16 13:43:45.857,414.6716272153485,996
2024-09-16 13:43:46.078,414.66047167585856,103
2024-09-16 13:43:46.137,414.67855301983457,1000
2024-09-16 13:43:46.206,414.6571217891061,15
2024-09-16 13:43:46.268,414.7046045185323,11
2024-09-16 13:43:46.699,414.6492065236728,1001
2024-09-16 13:43:46.785,414.67585829670986,1005
2024-09-16 13:43:46.804,414.6898103754911,10
2024-09-16 13:43:46.993,414.69660433922377,997
2024-09-16 13:43:47.035,414.6721032486823,10
2024-09-16 13:43:47.162,414.70345339734905,995
2024-09-16 13:43:47.171,414.6918305409858,998
2024-09-16 13:43:47.421,414.68499981346895,101
2024-09-16 13:43:47.506,414.6861630261533,995
2024-09-16 13:43:47.546,414.6901793644744,9
2024-09-16 13:43:47.573,414.68673967573073,104
2024-09-16 13:43:47.804,414.6760291412265,103
2024-09-16 13:43:47.816,414.6768392976367,98
2024-09-16 13:43:47.991,414.6887959293013,6
2024-09-16 13:43:48.136,414.6626947921886,97
2024-09-16 13:43:48.200,414.663599533257,7
2024-09-16 13:43:48.200,414.6869792076894,96
2024-09-16 13:43:48.332,414.6971207809725,11
2024-09-16 13:43:48.352,414.6897357306868,101
2024-09-16 13:43:48.375,414.67271320057154,998
2024-09-16 13:43:48.549,414.6782510575015,103
2024-09-16 13:43:48.645,414.67239227577,997
2024-09-16 13:43:48.688,414.6595336281569,96
2024-09-16 13:43:48.972,414.6799752542432,8
2024-09-16 13:43:49.057,414.6346380383828,9
2024-09-16 13:43:49.059,414.6867485868173,1001
2024-09-16 13:43:49.074,414.6508573090616,14
2024-09-16 13:43:49.288,414.680360709229,96
2024-09-16 13:43:49.356,414.6907691688476,1003
2024-09-16 13:43:49.364,414.6539390882828,101
2024-09-16 13:43:49.383,414.6408033060291,98
2024-09-16 13:43:49.408,414.7026018736524,101
2024-09-16 13:43:49.449,414.62564532918105,105
2024-09-16 13:43:49.516,414.7039844386688,10
2024-09-16 13:43:49.622,414.7022380706146,7
2024-09-16 13:43:49.661,414.70792075438806,1005
2024-09-16 13:43:49.664,414.7439864538677,995
2024-09-16 13:43:49.673,414.7422530295432,12
2024-09-16 13:43:49.690,414.6950434438021,8
2024-09-16 13:43:49.693,414.7252824181013,96
2024-09-16 13:43:49.736,414.70207269913055,996
2024-09-16 13:43:49.736,414.64100328462814,11
2024-09-16 13:43:49.926,414.62558400624135,11
2024-09-16 13:43:49.970,414.7048245704068,104
2024-09-16 13:43:49.987,414.7196906203857,102
2024-09-16 13:43:50.018,414.6647306642755,95
2024-09-16 13:43:50.021,414.6516896316476,95
2024-09-16 13:43:50.054,414.6394480473042,1005
2024-09-16 13:43:50.083,414.6764217041522,996
2024-09-16 13:43:50.092,414.6703821079804,13
2024-09-16 13:43:50.267,414.6560211341876,96
2024-09-16 13:43:50.304,414.6539144781797,6
2024-09-16 13:43:50.339,414.6283453759154,998
2024-09-16 13:43:50.409,414.6460498397474,97
2024-09-16 13:43:50.423,414.6658571178503,105
2024-09-16 13:43:50.424,414.6703313770426,9
2024-09-16 13:43:50.484,414.6196055071619,8
2024-09-16 13:43:50.495,414.6472587936989,6
2024-09-16 13:43:50.509,414.64340682792914,13
2024-09-16 13:43:50.547,414.619428264057,104
2024-09-16 13:43:50.572,414.6310895860122,1000
2024-09-16 13:43:50.590,414.6802224663708,996
2024-09-16 13:43:50.680,414.6745195871789,996
2024-09-16 13:43:50.782,414.65687147468617,999
2024-09-16 13:43:50.799,414.635004366297,5
2024-09-16 13:43:50.814,414.6237898465354,7
2024-09-16 13:43:50.874,414.6237277521764,99
2024-09-16 13:43:50.986,414.6205848113723,1004
2024-09-16 13:43:50.990,414.6203646997055,12
2024-09-16 13:43:50.999,414.6379272132905,101
2024-09-16 13:43:51.037,414.6933661879397,98
2024-09-16 13:43:51.067,414.6272850750358,95
2024-09-16 13:43:51.068,414.701652755621,9
2024-09-16 13:43:51.121,414.6147265590668,14
2024-09-16 13:43:51.127,414.6889238539206,102
2024-09-16 13:43:51.185,414.6830176961995,14
2024-09-16 13:43:51.191,414.666622079162,998
2024-09-16 13:43:51.270,414.6762173503189,10
2024-09-16 13:43:51.290,414.69852428172015,9
2024-09-16 13:43:51.291,414.6611595465126,997
2024-09-16 13:43:51.325,414.6784224093492,996
2024-09-16 13:43:51.361,414.70631638996247,998
2024-09-16 13:43:51.377,414.695774828344,5
2024-09-16 13:43:51.397,414.69890505166194,96
2024-09-16 13:43:51.468,414.6937175905121,101
2024-09-16 13:43:51.577,414.6768722398224,15
2024-09-16 13:43:51.596,414.66142546514527,14
2024-09-16 13:43:51.676,414.698563849395,9
2024-09-16 13:43:51.677,414.7038795648213,98
2024-09-16 13:43:51.679,414.6998278739099,101
2024-09-16 13:43:51.681,414.6611895830057,9
2024-09-16 13:43:51.710,414.645137493653,102
2024-09-16 13:43:51.743,414.701337074634,14
2024-09-16 13:43:51.843,414.6579260321329,99
2024-09-16 13:43:51.848,414.70481312670114,105
2024-09-16 13:43:51.858,414.69493158523113,13
2024-09-16 13:43:51.921,414.69930178304406,9
2024-09-16 13:43:51.946,414.689109930456,98
2024-09-16 13:43:51.981,414.6392170607778,96
2024-09-16 13:43:51.986,414.6478419448989,10
2024-09-16 13:43:52.077,414.7089085745955,104
2024-09-16 13:43:52.106,414.7044853175252,96
2024-09-16 13:43:52.139,41.46905046502752,97
2024-09-16 13:43:52.152,414.7379248986931,13
2024-09-16 13:43:52.282,414.7029380092378,103
2024-09-16 13:43:52.322,414.705012271614,96
2024-09-16 13:43:52.387,414.6986414704381,1001
2024-09-16 13:43:52.426,414.7099781344936,1002
2024-09-16 13:43:52.491,414.695004406292,1004
2024-09-16 13:43:52.569,414.70922360276273,998
2024-09-16 13:43:52.654,414.6935196461356,103
2024-09-16 13:43:52.807,414.70766614377806,14
2024-09-16 13:43:52.831,414.6809635388829,103
2024-09-16 13:43:52.949,414.70579307260607,104
2024-09-16 13:43:52.981,414.701166502787,14
2024-09-16 13:43:53.385,414.6969293858577,997
2024-09-16 13:43:53.432,414.7184143177655,97
2024-09-16 13:43:53.733,414.69572551149815,11
2024-09-16 13:43:53.803,414.70998063061614,11
2024-09-16 13:43:53.823,414.714588200905,7
2024-09-16 13:43:53.903,414.71494786112345,100
2024-09-16 13:43:53.904,414.7004371549568,95
2024-09-16 13:43:53.991,414.70032332443697,96
2024-09-16 13:43:54.100,414.7780483433512,105
2024-09-16 13:43:54.137,414.7678932892298,12
2024-09-16 13:43:54.156,414.78992187771,1004
2024-09-16 13:43:54.206,414.7536065878608,9
2024-09-16 13:43:54.247,414.7496968089908,1003
2024-09-16 13:43:54.298,414.7552011485068,5
2024-09-16 13:43:54.304,414.7363139535156,12
2024-09-16 13:43:54.306,414.7379332374189,1000
2024-09-16 13:43:54.338,414.7339537719759,102
2024-09-16 13:43:54.379,414.728591944072,14
2024-09-16 13:43:54.398,414.7484958708195,6
2024-09-16 13:43:54.443,414.7676245157776,1002
2024-09-16 13:43:54.507,414.7511237704461,10
2024-09-16 13:43:54.517,414.7497954143335,15
2024-09-16 13:43:54.520,414.7430658020558,12
2024-09-16 13:43:54.523,414.7719914041618,96
2024-09-16 13:43:54.524,414.7562996868264,996
2024-09-16 13:43:54.550,414.78559753582994,98
2024-09-16 13:43:54.579,414.752445339962,10
2024-09-16 13:43:54.650,414.77059433190976,102
2024-09-16 13:43:54.788,414.7425276591172,998
2024-09-16 13:43:54.808,414.7773020460332,101
2024-09-16 13:43:54.847,414.7556966912732,12
2024-09-16 13:43:54.944,414.7470671479354,997
2024-09-16 13:43:54.967,414.727972310159,95
2024-09-16 13:43:54.995,414.75431533245614,7
2024-09-16 13:43:55.049,414.7416478670991,9
2024-09-16 13:43:55.052,414.7217128659018,95
2024-09-16 13:43:55.088,414.7605600958796,6
2024-09-16 13:43:55.098,414.7572985133181,997
2024-09-16 13:43:55.121,414.7074921174552,97
2024-09-16 13:43:55.122,414.704690217084,99
2024-09-16 13:43:55.173,414.6990907166405,6
2024-09-16 13:43:55.228,414.7053359516583,6
2024-09-16 13:43:55.323,414.7276726304623,5
2024-09-16 13:43:55.340,414.7375103487239,101
2024-09-16 13:43:55.369,414.7642872969813,95
2024-09-16 13:43:55.442,414.7272698927805,98
2024-09-16 13:43:55.498,414.7739912228037,1004
2024-09-16 13:43:55.647,414.7433982508806,102
2024-09-16 13:43:55.654,414.7456770386657,998
2024-09-16 13:43:55.676,414.7008774985522,97
2024-09-16 13:43:55.682,414.7287051211254,13
2024-09-16 13:43:55.729,414.7680377077488,1005
2024-09-16 13:43:55.775,414.7558337711987,1004
2024-09-16 13:43:55.913,414.7732349238404,100
2024-09-16 13:43:55.923,414.7182559597444,1002
2024-09-16 13:43:55.959,414.71530152220754,995
2024-09-16 13:43:56.003,414.6977044493058,100
2024-09-16 13:43:56.055,41.46931635235156,6
2024-09-16 13:43:56.107,414.7233475261162,12
2024-09-16 13:43:56.152,,997
2024-09-16 13:43:56.275,414.7041249064939,14
2024-09-16 13:43:56.374,414.7039070788556,5
2024-09-16 13:43:56.389,414.67720704349233,1002
2024-09-16 13:43:56.496,414.6630224465953,1005
2024-09-16 13:43:56.640,414.6947688901742,13
2024-09-16 13:43:56.770,414.7028759544423,8
2024-09-16 13:43:56.893,414.7033814887701,105
2024-09-16 13:43:57.050,414.7886245319698,1000
2024-09-16 13:43:57.153,414.7925896789872,10
2024-09-16 13:43:57.193,414.75201947755534,1005
2024-09-16 13:43:57.254,414.7543680130044,997
2024-09-16 13:43:57.270,414.8239684773034,10
2024-09-16 13:43:57.365,414.8116785767652,97
2024-09-16 13:43:57.408,414.7129772682509,10
2024-09-16 13:43:57.507,414.7726442535735,6
2024-09-16 13:43:57.517,414.69756814868566,105
2024-09-16 13:43:57.571,414.8564585087232,98
2024-09-16 13:43:57.582,414.8639549410908,1005
2024-09-16 13:43:57.605,414.8372064957359,96
2024-09-16 13:43:57.627,414.7955238496745,997
2024-09-16 13:43:57.683,414.79235765148,98
2024-09-16 13:43:57.709,414.85639678004014,103
2024-09-16 13:43:57.715,414.8600605816006,5
2024-09-16 13:43:57.716,414.7866309426926,995
2024-09-16 13:43:57.744,414.78317923559,996
2024-09-16 13:43:57.756,414.72028856513066,15
2024-09-16 13:43:57.781,-414.841487994672,8
2024-09-16 13:43:57.788,414.69366352664326,101
2024-09-16 13:43:57.913,414.7755041467541,1000
2024-09-16 13:43:57.946,414.7039147088233,996
2024-09-16 13:43:57.987,414.7158042060185,995
2024-09-16 13:43:58.060,-414.8991396211782,97
2024-09-16 13:43:58.191,414.8654776086456,13
2024-09-16 13:43:58.353,414.8847742156319,1002
2024-09-16 13:43:58.469,414.8750169272007,1001
2024-09-16 13:43:58.918,414.8749751505609,104
2024-09-16 13:43:59.018,414.75503720713454,95
2024-09-16 13:43:59.075,414.8655166779097,96
2024-09-16 13:43:59.165,414.7655544667215,995
2024-09-16 13:43:59.165,414.8700604373929,999
2024-09-16 13:43:59.189,414.8557700956358,11
2024-09-16 13:43:59.198,414.862828130554,103
2024-09-16 13:43:59.214,414.8050692032263,8
2024-09-16 13:43:59.278,414.7768183291124,103
2024-09-16 13:43:59.321,414.77358599420415,10
2024-09-16 13:43:59.334,414.80714475755263,104
2024-09-16 13:43:59.352,414.8075197162402,105
2024-09-16 13:43:59.384,414.8032998841318,999
2024-09-16 13:43:59.401,414.8746317864081,1005
2024-09-16 13:43:59.408,41.47778399778767,8
2024-09-16 13:43:59.419,414.7796930662895,1005
2024-09-16 13:43:59.445,414.84926693595816,97
2024-09-16 13:43:59.477,414.871519361796,5
2024-09-16 13:43:59.522,414.8187942555766,998
2024-09-16 13:43:59.533,,997
2024-09-16 13:43:59.553,414.8608651655899,13
2024-09-16 13:43:59.711,414.8713411395538,10
2024-09-16 13:43:59.772,414.84624012522505,102
2024-09-16 13:43:59.866,414.8056355144374,8
2024-09-16 13:43:59.870,414.8373228020259,101
2024-09-16 13:43:59.957,414.80147882315526,99
2024-09-16 13:43:59.959,414.89151971826095,11
2024-09-16 13:43:59.997,414.85790049799954,13
