Timestamp,Price,Size
2024-09-16 12:53:00.014,416.3967506651914,99
2024-09-16 12:53:00.456,416.3712000512774,14
2024-09-16 12:53:00.598,416.3999860027226,998
2024-09-16 12:53:00.637,416.408964220728,15
2024-09-16 12:53:00.800,416.3938533035274,1001
2024-09-16 12:53:00.802,416.3995017653178,95
2024-09-16 12:53:00.964,416.4028377554935,8
2024-09-16 12:53:01.012,416.4008201972256,1004
2024-09-16 12:53:01.051,416.4045888724603,999
2024-09-16 12:53:01.103,416.43281097825104,104
2024-09-16 12:53:01.135,416.3917064350987,102
2024-09-16 12:53:01.140,416.4129948403728,999
2024-09-16 12:53:01.204,416.4040699924321,1003
2024-09-16 12:53:01.253,416.38448400881634,96
2024-09-16 12:53:01.301,416.42857007613947,101
2024-09-16 12:53:01.303,416.392296970914,15
2024-09-16 12:53:01.304,416.386368610962,12
2024-09-16 12:53:01.304,416.4136111498468,1000
2024-09-16 12:53:01.382,416.42114112086233,996
2024-09-16 12:53:01.440,416.4177002192172,105
2024-09-16 12:53:01.443,416.4365665491846,1005
2024-09-16 12:53:01.499,416.4009902199677,12
2024-09-16 12:53:01.556,416.43058229849146,11
2024-09-16 12:53:01.557,416.39780887381175,14
2024-09-16 12:53:01.575,416.39630539776186,1005
2024-09-16 12:53:01.775,416.4324394753903,101
2024-09-16 12:53:01.791,416.43234170600766,15
2024-09-16 12:53:01.800,416.4001694894752,15
2024-09-16 12:53:01.852,416.36933864012826,999
2024-09-16 12:53:01.853,41.639403479256266,996
2024-09-16 12:53:01.902,416.41972453000346,1005
2024-09-16 12:53:02.128,416.4532242310109,1001
2024-09-16 12:53:02.301,416.41361208107753,99
2024-09-16 12:53:02.547,416.4436603373543,1004
2024-09-16 12:53:02.652,416.4203611223609,997
2024-09-16 12:53:02.689,416.4272053341792,9
2024-09-16 12:53:02.859,416.4485744995061,1001
2024-09-16 12:53:02.888,416.4445194053912,8
2024-09-16 12:53:02.946,416.4307913425294,998
2024-09-16 12:53:02.946,416.4098799659545,8
2024-09-16 12:53:03.232,416.4349702681183,1001
2024-09-16 12:53:04.125,416.4245943107164,999
2024-09-16 12:53:04.162,416.4385692799458,97
2024-09-16 12:53:04.212,416.421085224266,11
2024-09-16 12:53:04.301,416.438206863406,7
2024-09-16 12:53:04.321,416.3957255823608,103
2024-09-16 12:53:04.472,416.3830797841977,998
2024-09-16 12:53:04.510,416.4321787154527,1005
2024-09-16 12:53:04.639,416.4294388503089,12
2024-09-16 12:53:05.016,416.4350155220603,95
2024-09-16 12:53:05.051,416.49946943437646,1003
2024-09-16 12:53:05.057,416.4838963829973,995
2024-09-16 12:53:05.167,416.5041433559419,103
2024-09-16 12:53:05.168,416.4728637583223,105
2024-09-16 12:53:05.174,416.4743734321129,103
2024-09-16 12:53:05.212,416.3706873692669,101
2024-09-16 12:53:05.388,416.45328346369774,11
2024-09-16 12:53:05.441,416.4924287436683,105
2024-09-16 12:53:05.599,416.3700113524623,98
2024-09-16 12:53:05.719,416.4106466941782,95
2024-09-16 12:53:05.726,416.3848493170755,1001
2024-09-16 12:53:05.736,416.3827148639771,15
2024-09-16 12:53:05.751,416.4586314803711,997
2024-09-16 12:53:05.776,416.46651745475526,997
2024-09-16 12:53:05.853,416.4769152024969,1002
2024-09-16 12:53:05.861,416.4756514417123,5
2024-09-16 12:53:05.866,416.4555169361755,99
2024-09-16 12:53:05.894,416.3772550069736,15
2024-09-16 12:53:05.911,416.4432523966311,8
2024-09-16 12:53:05.912,416.3761513678446,6
2024-09-16 12:53:05.949,416.4874221524795,1005
2024-09-16 12:53:05.997,416.4786162376161,101
2024-09-16 12:53:06.039,416.4345533566095,9
2024-09-16 12:53:06.092,416.46481630097816,15
2024-09-16 12:53:06.124,416.4470798260115,1003
2024-09-16 12:53:06.154,416.4752922335666,1001
2024-09-16 12:53:06.164,416.49960624739566,103
2024-09-16 12:53:06.271,416.49094041239306,9
2024-09-16 12:53:06.293,416.4746465052501,101
2024-09-16 12:53:06.305,416.4492144233621,1000
2024-09-16 12:53:06.398,416.4448011190241,100
2024-09-16 12:53:06.429,416.4412598688329,996
2024-09-16 12:53:06.482,416.44334999809695,11
2024-09-16 12:53:06.533,416.4764703140757,5
2024-09-16 12:53:06.599,416.42395340820326,104
2024-09-16 12:53:06.687,416.4280833925941,95
2024-09-16 12:53:06.743,416.48139703660655,15
2024-09-16 12:53:06.744,416.4242266869512,1003
2024-09-16 12:53:06.826,416.4350036210735,9
2024-09-16 12:53:06.902,416.4727077842802,12
2024-09-16 12:53:06.928,416.4416289559826,97
2024-09-16 12:53:06.947,416.49287390172935,98
2024-09-16 12:53:06.985,416.4432298940309,1001
2024-09-16 12:53:07.132,416.4261977745906,12
2024-09-16 12:53:07.317,,95
2024-09-16 12:53:08.020,416.425665250076,95
2024-09-16 12:53:08.112,416.4206668025385,997
2024-09-16 12:53:08.131,416.4340249948025,7
2024-09-16 12:53:08.133,416.4188233943275,14
2024-09-16 12:53:08.196,416.4348835283574,1005
2024-09-16 12:53:08.402,416.4243301225711,102
2024-09-16 12:53:08.442,416.43193316615344,14
2024-09-16 12:53:08.442,416.4301256180048,998
2024-09-16 12:53:08.457,416.428805950688,101
2024-09-16 12:53:08.556,416.4339915216581,103
2024-09-16 12:53:08.572,416.45850131998446,14
2024-09-16 12:53:08.674,416.4335014358407,1005
2024-09-16 12:53:08.688,416.4425812523336,9
2024-09-16 12:53:08.773,416.43107444697057,5
2024-09-16 12:53:08.793,416.4310595511856,11
2024-09-16 12:53:08.910,416.42124419758886,102
2024-09-16 12:53:08.934,416.4483457462753,9
2024-09-16 12:53:09.003,416.4326479073782,999
2024-09-16 12:53:09.447,416.4383051111936,104
2024-09-16 12:53:09.478,416.4286731528762,102
2024-09-16 12:53:09.782,416.4381206059412,1005
2024-09-16 12:53:09.860,416.4302508751653,1000
2024-09-16 12:53:09.917,416.426518269498,95
2024-09-16 12:53:10.049,416.4236276732028,1002
2024-09-16 12:53:10.095,416.4253286758835,12
2024-09-16 12:53:10.117,416.4088539622504,996
2024-09-16 12:53:10.278,416.4195860785404,12
2024-09-16 12:53:10.323,416.42793843324864,8
2024-09-16 12:53:10.367,416.4206583077655,1002
2024-09-16 12:53:10.385,416.3989610764608,8
2024-09-16 12:53:10.483,416.4207516454091,5
2024-09-16 12:53:10.591,416.4231082775914,14
2024-09-16 12:53:10.644,416.3896202578459,997
2024-09-16 12:53:10.708,416.4241892129834,101
2024-09-16 12:53:10.835,416.41367805280055,1005
2024-09-16 12:53:10.878,416.4193685515122,101
2024-09-16 12:53:10.949,416.4284515037494,1002
2024-09-16 12:53:11.101,416.3841809294065,8
2024-09-16 12:53:11.156,416.4198713897102,101
2024-09-16 12:53:11.190,416.4462073375527,998
2024-09-16 12:53:11.339,416.4189107645621,95
2024-09-16 12:53:11.358,416.3734965617695,998
2024-09-16 12:53:11.397,416.403726267811,104
2024-09-16 12:53:11.411,416.41400423874506,99
2024-09-16 12:53:11.420,416.3875642406771,99
2024-09-16 12:53:11.429,416.4142517931632,5
2024-09-16 12:53:11.437,416.40940120713526,104
2024-09-16 12:53:11.505,416.4341538124608,95
2024-09-16 12:53:11.565,416.4080913088457,997
2024-09-16 12:53:11.569,416.4180600652131,10
2024-09-16 12:53:11.680,416.3700271603128,1003
2024-09-16 12:53:11.704,416.3847826577316,997
2024-09-16 12:53:11.758,416.39002014552347,13
2024-09-16 12:53:11.826,416.4317123344555,12
2024-09-16 12:53:11.891,416.4349247009091,997
2024-09-16 12:53:11.897,416.4194142838511,14
2024-09-16 12:53:11.904,416.4282514522532,99
2024-09-16 12:53:12.008,416.4550347749853,1005
2024-09-16 12:53:12.015,416.4205674975941,101
2024-09-16 12:53:12.016,416.4397999538911,1005
2024-09-16 12:53:12.037,416.4495309050377,12
2024-09-16 12:53:12.068,416.4283766448669,12
2024-09-16 12:53:12.170,416.41812511264015,10
2024-09-16 12:53:12.173,416.40584260319054,8
2024-09-16 12:53:12.194,416.4234036749484,998
2024-09-16 12:53:12.213,416.4512769677577,14
2024-09-16 12:53:12.309,416.4557014615107,1001
2024-09-16 12:53:12.457,416.3935691271008,15
2024-09-16 12:53:12.554,416.3987339871521,1000
2024-09-16 12:53:12.627,416.4706590253443,102
2024-09-16 12:53:12.681,416.453814746814,99
2024-09-16 12:53:12.692,416.4024713124972,5
2024-09-16 12:53:12.712,416.4471813619453,1000
2024-09-16 12:53:12.723,416.427305664037,101
2024-09-16 12:53:12.784,416.46954027919736,998
2024-09-16 12:53:12.814,416.4243652321547,996
2024-09-16 12:53:12.841,416.42001908598326,7
2024-09-16 12:53:12.957,416.4310870709495,99
2024-09-16 12:53:13.018,416.472881172033,95
2024-09-16 12:53:13.050,416.4615989082729,995
2024-09-16 12:53:13.154,416.4671694146743,997
2024-09-16 12:53:13.206,416.4694670170363,1003
2024-09-16 12:53:13.209,416.464314530786,95
2024-09-16 12:53:13.223,416.45141361655135,997
2024-09-16 12:53:13.304,416.4685178547645,8
2024-09-16 12:53:13.351,416.4527324249884,99
2024-09-16 12:53:13.389,416.4708668242875,5
2024-09-16 12:53:13.391,416.4584757390618,1002
2024-09-16 12:53:13.414,416.44360248164975,96
2024-09-16 12:53:13.519,416.4768789111713,98
2024-09-16 12:53:13.577,416.4580566763884,999
2024-09-16 12:53:13.650,41.640837694878144,997
2024-09-16 12:53:13.683,416.4534542488444,1002
2024-09-16 12:53:13.721,416.4599979904144,104
2024-09-16 12:53:13.784,416.4709107410801,1004
2024-09-16 12:53:13.908,416.4340782075103,104
2024-09-16 12:53:13.923,416.451585804782,105
2024-09-16 12:53:14.013,416.4308051895957,998
2024-09-16 12:53:14.037,416.46233544430606,996
2024-09-16 12:53:14.137,416.4135091744116,101
2024-09-16 12:53:14.183,416.4475506229948,15
2024-09-16 12:53:14.234,416.4617862883953,995
2024-09-16 12:53:14.250,416.43886058516034,998
2024-09-16 12:53:14.283,41.64768328343102,101
2024-09-16 12:53:14.355,416.4843376943289,996
2024-09-16 12:53:14.479,416.4501356772759,95
2024-09-16 12:53:14.501,416.3986358944679,998
2024-09-16 12:53:14.574,416.4118389097841,9
2024-09-16 12:53:14.621,416.47471383679743,13
2024-09-16 12:53:14.661,416.4749095474473,13
2024-09-16 12:53:14.669,416.4055578155167,9
2024-09-16 12:53:14.771,416.4414465227423,102
2024-09-16 12:53:14.808,416.42326009757824,1004
2024-09-16 12:53:15.051,416.3512650248336,14
2024-09-16 12:53:15.134,416.393169058455,101
2024-09-16 12:53:15.150,416.3938332685466,12
2024-09-16 12:53:15.167,416.3729340106652,995
2024-09-16 12:53:15.211,416.3599887600967,101
2024-09-16 12:53:15.237,416.40311421447046,100
2024-09-16 12:53:15.238,416.3634308985001,1002
2024-09-16 12:53:15.267,416.3311022871509,7
2024-09-16 12:53:15.269,416.3588733591381,997
2024-09-16 12:53:15.297,416.3813638317101,98
2024-09-16 12:53:15.356,416.40568927250274,1001
2024-09-16 12:53:15.373,416.35696356905066,101
2024-09-16 12:53:15.407,416.3639167445034,95
2024-09-16 12:53:15.422,416.3620910672355,1002
2024-09-16 12:53:15.442,416.36561739564826,6
2024-09-16 12:53:15.611,416.371836011514,997
2024-09-16 12:53:15.624,416.3561971583012,105
2024-09-16 12:53:15.640,416.38632581227193,100
2024-09-16 12:53:15.691,416.36221152190666,105
2024-09-16 12:53:15.708,416.3881166918632,11
2024-09-16 12:53:15.738,416.3731209000261,14
2024-09-16 12:53:15.747,416.3663637405381,100
2024-09-16 12:53:15.915,416.3723775812677,11
2024-09-16 12:53:15.995,416.3586577827834,997
2024-09-16 12:53:16.863,416.3399290460597,12
2024-09-16 12:53:16.904,416.3393671257605,6
2024-09-16 12:53:17.005,416.3400673878701,103
2024-09-16 12:53:17.013,416.32034654343954,999
2024-09-16 12:53:17.072,416.3182053234872,6
2024-09-16 12:53:17.094,416.3351828707255,100
2024-09-16 12:53:17.156,416.3180768958407,1001
2024-09-16 12:53:17.194,416.33657207814,1000
2024-09-16 12:53:17.197,416.3224773305496,105
2024-09-16 12:53:17.264,416.3134052136542,1003
2024-09-16 12:53:17.267,416.3331769420388,1004
2024-09-16 12:53:17.279,416.3131590789138,104
2024-09-16 12:53:17.339,416.3510499044887,100
2024-09-16 12:53:17.368,416.29894286680747,11
2024-09-16 12:53:17.473,416.3241386538862,1004
2024-09-16 12:53:17.525,416.3030112731548,995
2024-09-16 12:53:17.543,416.34341850817975,103
2024-09-16 12:53:17.611,416.3399376259314,1002
2024-09-16 12:53:17.628,416.3382600061517,11
2024-09-16 12:53:17.643,416.3116632926003,104
2024-09-16 12:53:17.654,416.3332705243034,97
2024-09-16 12:53:17.695,416.32636563380487,95
2024-09-16 12:53:17.777,416.3073709235682,1001
2024-09-16 12:53:17.777,416.332933969907,5
2024-09-16 12:53:17.808,416.3265223376613,1005
2024-09-16 12:53:17.820,416.3397692266519,12
2024-09-16 12:53:17.932,-416.3304505924776,100
2024-09-16 12:53:17.988,416.338419568876,999
2024-09-16 12:53:17.989,416.3395628511771,103
2024-09-16 12:53:18.005,416.3404824794045,6
2024-09-16 12:53:18.051,416.28998211325927,102
2024-09-16 12:53:18.076,416.3242923485364,105
2024-09-16 12:53:18.090,416.3144438568626,999
2024-09-16 12:53:18.102,416.32473452417406,5
2024-09-16 12:53:18.104,416.3180219427502,1004
2024-09-16 12:53:18.116,416.2807799040192,10
2024-09-16 12:53:18.135,416.3073212762484,1003
2024-09-16 12:53:18.160,416.3721728401987,95
2024-09-16 12:53:18.206,416.3108304257914,5
2024-09-16 12:53:18.265,416.3265934218366,998
2024-09-16 12:53:18.340,,995
2024-09-16 12:53:18.432,416.333750036551,1003
2024-09-16 12:53:18.494,416.30153707081394,103
2024-09-16 12:53:18.548,416.3041944096686,1000
2024-09-16 12:53:18.606,416.374766286985,8
2024-09-16 12:53:18.630,416.3340661053404,95
2024-09-16 12:53:18.657,416.2976387674739,11
2024-09-16 12:53:18.666,416.3267763731541,6
2024-09-16 12:53:18.672,416.387619061268,99
2024-09-16 12:53:18.709,416.3093490068084,105
2024-09-16 12:53:18.720,416.32367152090256,999
2024-09-16 12:53:18.793,416.3447090794165,1004
2024-09-16 12:53:18.795,416.33453571954414,96
2024-09-16 12:53:18.829,416.3153072644428,1000
2024-09-16 12:53:18.834,416.3312177264197,100
2024-09-16 12:53:18.908,416.2936200160181,101
2024-09-16 12:53:18.911,416.3412945682417,95
2024-09-16 12:53:18.982,416.3353457010113,8
2024-09-16 12:53:19.011,416.37853070731,1005
2024-09-16 12:53:19.018,416.3642471515323,96
2024-09-16 12:53:19.020,416.2923741812954,1000
2024-09-16 12:53:19.114,416.3058253814264,96
2024-09-16 12:53:19.124,416.3206143232129,96
2024-09-16 12:53:19.187,416.3764942417035,96
2024-09-16 12:53:19.211,416.2934883332437,5
2024-09-16 12:53:19.286,416.25803243593833,10
2024-09-16 12:53:19.310,416.3496400251729,15
2024-09-16 12:53:19.436,416.2841709505338,11
2024-09-16 12:53:19.464,416.29799286616975,1003
2024-09-16 12:53:19.495,416.24918814796337,6
2024-09-16 12:53:19.593,416.3683694936669,99
2024-09-16 12:53:19.615,416.35251997935774,102
2024-09-16 12:53:19.705,416.3082045447662,102
2024-09-16 12:53:19.767,416.3508474091907,5
2024-09-16 12:53:19.786,416.2866602491564,99
2024-09-16 12:53:19.893,416.3179765698764,97
2024-09-16 12:53:19.897,416.27067013861216,9
2024-09-16 12:53:19.922,416.3118731088828,10
2024-09-16 12:53:19.923,416.27698426450127,102
2024-09-16 12:53:19.978,416.2884333076512,95
2024-09-16 12:53:20.104,416.25727640525065,15
2024-09-16 12:53:20.121,416.292176036259,10
2024-09-16 12:53:20.126,416.270183916802,95
2024-09-16 12:53:20.411,416.2970464196328,12
2024-09-16 12:53:20.433,416.2872350999359,105
2024-09-16 12:53:20.444,416.23567259496446,100
2024-09-16 12:53:20.495,416.2892718890967,1001
2024-09-16 12:53:20.597,416.2530694580984,10
2024-09-16 12:53:20.669,416.2294396679623,9
2024-09-16 12:53:20.737,416.2548473809769,95
2024-09-16 12:53:20.789,416.2727550070991,96
2024-09-16 12:53:20.888,416.2420419379208,100
2024-09-16 12:53:20.994,416.24205504446815,1005
2024-09-16 12:53:21.046,416.42804129033686,100
2024-09-16 12:53:21.105,416.4123563904183,995
2024-09-16 12:53:21.116,416.3235683923579,1005
2024-09-16 12:53:21.152,416.3064341287314,5
2024-09-16 12:53:21.158,416.3923439159139,103
2024-09-16 12:53:21.209,-416.3571603168103,1004
2024-09-16 12:53:21.236,416.4289315289509,1000
2024-09-16 12:53:21.299,416.4094469245329,9
2024-09-16 12:53:21.372,416.4188041503777,105
2024-09-16 12:53:21.373,416.46493739333215,1001
2024-09-16 12:53:21.447,416.4504314259487,10
2024-09-16 12:53:21.456,416.3729140148003,1004
2024-09-16 12:53:21.464,-416.3459179975371,102
2024-09-16 12:53:21.495,416.2990661172116,11
2024-09-16 12:53:21.498,416.4393376963103,1002
2024-09-16 12:53:21.573,416.3296560661408,100
2024-09-16 12:53:21.652,416.4040832527814,1000
2024-09-16 12:53:21.710,416.3985737934005,12
2024-09-16 12:53:21.761,416.4535129557404,5
2024-09-16 12:53:21.788,416.4286920980862,14
2024-09-16 12:53:21.813,416.36819030368736,14
2024-09-16 12:53:21.847,416.3240668506554,5
2024-09-16 12:53:22.325,416.47115957168745,99
2024-09-16 12:53:23.112,416.4756998225232,14
2024-09-16 12:53:23.152,416.4647000889004,995
2024-09-16 12:53:23.232,416.472454379032,997
2024-09-16 12:53:23.303,416.49124724720167,15
2024-09-16 12:53:23.319,416.484272596062,100
2024-09-16 12:53:23.375,416.48193682005336,103
2024-09-16 12:53:23.524,416.4772575021703,14
2024-09-16 12:53:23.646,416.472346250941,8
2024-09-16 12:53:23.708,416.4798269228778,6
2024-09-16 12:53:23.757,416.4775285587157,7
2024-09-16 12:53:23.913,416.4649261904213,102
2024-09-16 12:53:23.981,416.4745487669461,8
2024-09-16 12:53:24.088,416.4307497277794,1000
2024-09-16 12:53:24.091,416.45460183969857,15
2024-09-16 12:53:24.121,416.4725774403891,14
2024-09-16 12:53:24.226,416.4464913382728,1001
2024-09-16 12:53:24.262,416.4701129898327,1001
2024-09-16 12:53:24.335,416.4392836803075,15
2024-09-16 12:53:24.344,416.4347839960936,98
2024-09-16 12:53:24.402,416.4494966460406,13
2024-09-16 12:53:24.416,416.4528415469863,14
2024-09-16 12:53:24.448,416.45791884490615,1002
2024-09-16 12:53:24.450,416.4755309591192,15
2024-09-16 12:53:24.454,416.4513218747517,998
2024-09-16 12:53:24.536,416.452127498815,995
2024-09-16 12:53:24.690,416.4452461507715,96
2024-09-16 12:53:24.720,416.449042402868,103
2024-09-16 12:53:24.767,416.4933119554576,13
2024-09-16 12:53:24.771,416.4313753783595,10
2024-09-16 12:53:24.780,416.4439775653976,100
2024-09-16 12:53:24.798,416.4734005556822,5
2024-09-16 12:53:24.850,416.4800779138912,100
2024-09-16 12:53:24.910,416.459151074204,98
2024-09-16 12:53:25.006,416.4093937266698,96
2024-09-16 12:53:25.055,416.425690528334,96
2024-09-16 12:53:25.129,416.4145635796426,12
2024-09-16 12:53:25.493,416.4089699593775,10
2024-09-16 12:53:25.508,416.4070785791072,102
2024-09-16 12:53:25.807,416.4124572521873,1003
2024-09-16 12:53:25.823,416.407962581533,999
2024-09-16 12:53:25.836,416.416856646928,99
2024-09-16 12:53:25.866,-416.4237834816443,1003
2024-09-16 12:53:25.904,416.4047813140098,10
2024-09-16 12:53:26.007,416.42628254552574,99
2024-09-16 12:53:26.097,416.424443549584,101
2024-09-16 12:53:26.103,416.42715084427016,5
2024-09-16 12:53:26.216,416.4168487170114,96
2024-09-16 12:53:26.269,416.413377915617,9
2024-09-16 12:53:26.474,416.4520058759563,1003
2024-09-16 12:53:26.500,416.4246501978068,105
2024-09-16 12:53:26.565,416.4032199496456,97
2024-09-16 12:53:26.577,416.4353802171979,998
2024-09-16 12:53:26.703,416.3927993777921,105
2024-09-16 12:53:26.717,416.4614252537288,998
2024-09-16 12:53:26.756,416.40524065450575,8
2024-09-16 12:53:26.780,416.41923435213744,11
2024-09-16 12:53:26.856,416.42980593535583,15
2024-09-16 12:53:26.888,416.4127992340853,8
2024-09-16 12:53:27.038,416.4256143255892,11
2024-09-16 12:53:27.194,416.46740051360047,1001
2024-09-16 12:53:27.319,,995
2024-09-16 12:53:27.372,416.4662807309795,6
2024-09-16 12:53:27.485,416.4604863076533,10
2024-09-16 12:53:27.859,416.4558909447002,998
2024-09-16 12:53:27.901,416.4479235387128,6
2024-09-16 12:53:28.188,416.4406678148656,1002
2024-09-16 12:53:28.198,416.4382138716929,104
2024-09-16 12:53:28.399,416.45418129039234,13
2024-09-16 12:53:28.658,416.45039119039234,96
2024-09-16 12:53:28.993,416.4576559611108,99
2024-09-16 12:53:28.995,,1005
2024-09-16 12:53:29.018,416.4280849191949,96
2024-09-16 12:53:29.145,416.4126313469635,10
2024-09-16 12:53:29.210,416.4202683077693,105
2024-09-16 12:53:29.262,416.4288827848176,11
2024-09-16 12:53:29.321,416.40349569130353,996
2024-09-16 12:53:29.460,416.4355347939429,1002
2024-09-16 12:53:29.565,416.41725164509785,97
2024-09-16 12:53:29.674,416.43140041085206,95
2024-09-16 12:53:29.731,416.42466889569056,5
2024-09-16 12:53:29.818,416.42248788194354,104
2024-09-16 12:53:30.736,416.43942951258265,1001
2024-09-16 12:53:30.910,416.4301589989689,101
2024-09-16 12:53:31.029,416.4352501923813,9
2024-09-16 12:53:31.105,416.38128043071663,999
2024-09-16 12:53:31.193,416.36936950093104,8
2024-09-16 12:53:31.363,416.43298430427376,998
2024-09-16 12:53:31.393,416.4265389633351,8
2024-09-16 12:53:31.413,416.36214345187113,97
2024-09-16 12:53:31.434,416.4212681379704,8
2024-09-16 12:53:31.478,416.4059338548578,997
2024-09-16 12:53:31.617,416.4236241090864,95
2024-09-16 12:53:31.661,416.4321942244657,102
2024-09-16 12:53:31.688,416.4336353301384,9
2024-09-16 12:53:31.719,416.4055670070847,1003
2024-09-16 12:53:31.927,416.4210806456237,1001
2024-09-16 12:53:31.929,416.4203008936551,1005
2024-09-16 12:53:31.999,416.3691286014618,96
2024-09-16 12:53:32.060,416.3635252952674,97
2024-09-16 12:53:32.164,416.3602283479527,998
2024-09-16 12:53:32.201,416.3502227587689,6
2024-09-16 12:53:32.210,416.3627140433405,98
2024-09-16 12:53:32.345,416.37279876370616,98
2024-09-16 12:53:32.471,416.3436826757075,8
2024-09-16 12:53:32.513,416.3579416486057,15
2024-09-16 12:53:32.581,416.39317010212767,1001
2024-09-16 12:53:32.605,416.3674365883212,10
2024-09-16 12:53:32.709,416.3964327102979,97
2024-09-16 12:53:32.735,416.3488003304447,997
2024-09-16 12:53:32.928,416.3640568448535,5
2024-09-16 12:53:33.047,416.3585532848862,5
2024-09-16 12:53:33.196,416.350843399906,96
2024-09-16 12:53:33.462,416.35871261351525,7
2024-09-16 12:53:33.864,416.3490944158363,1002
2024-09-16 12:53:33.963,416.34215110559177,101
2024-09-16 12:53:34.129,416.3632879033259,10
2024-09-16 12:53:34.163,416.3648794449939,10
2024-09-16 12:53:34.400,416.3711920920935,9
2024-09-16 12:53:34.413,416.3388752838085,103
2024-09-16 12:53:34.463,416.3533623403083,99
2024-09-16 12:53:34.764,416.3657272454856,101
2024-09-16 12:53:34.802,416.36991799834334,8
2024-09-16 12:53:35.004,416.34488218650586,1000
2024-09-16 12:53:35.008,416.32929782518136,7
2024-09-16 12:53:35.014,416.366481025213,1003
2024-09-16 12:53:35.099,416.35806865130536,998
2024-09-16 12:53:35.157,416.3616688992507,97
2024-09-16 12:53:35.166,416.3696124819433,7
2024-09-16 12:53:35.196,416.3389029215945,15
2024-09-16 12:53:35.207,416.3514184025263,998
2024-09-16 12:53:35.333,416.3377964022362,9
2024-09-16 12:53:35.387,416.3644031351248,100
2024-09-16 12:53:35.473,416.34569012365785,1005
2024-09-16 12:53:35.532,416.3370605585154,102
2024-09-16 12:53:35.533,416.3568005830746,996
2024-09-16 12:53:35.565,416.3469342341165,9
2024-09-16 12:53:35.600,416.3400233099549,995
2024-09-16 12:53:35.602,416.3373042491971,10
2024-09-16 12:53:35.874,416.3637996838628,5
2024-09-16 12:53:35.935,416.33580591317485,11
2024-09-16 12:53:35.953,416.3640532367109,102
2024-09-16 12:53:35.988,416.3355541877441,13
2024-09-16 12:53:35.995,416.36322574711113,99
2024-09-16 12:53:36.279,416.35662091112994,98
2024-09-16 12:53:36.365,416.3835954530151,103
2024-09-16 12:53:36.441,416.34807121718205,10
2024-09-16 12:53:36.731,416.3741978659068,1001
2024-09-16 12:53:37.051,416.3146984260945,13
2024-09-16 12:53:37.113,416.3323810092708,1000
2024-09-16 12:53:37.129,416.3363732672496,102
2024-09-16 12:53:37.170,416.3341406203512,104
2024-09-16 12:53:37.237,416.3645636676485,996
2024-09-16 12:53:37.239,416.3494814035007,101
2024-09-16 12:53:37.298,416.3383408730506,96
2024-09-16 12:53:37.362,416.3470068036586,99
2024-09-16 12:53:37.378,416.3315117868429,1000
2024-09-16 12:53:37.432,416.32875095066703,103
2024-09-16 12:53:37.439,416.325476728394,1003
2024-09-16 12:53:37.485,416.3051262832027,104
2024-09-16 12:53:37.513,416.3369053098638,103
2024-09-16 12:53:37.608,416.3228984929205,5
2024-09-16 12:53:37.662,416.3619526741386,98
2024-09-16 12:53:37.663,416.3115935352071,15
2024-09-16 12:53:37.744,416.3535530737439,1002
2024-09-16 12:53:37.793,416.35009155943686,95
2024-09-16 12:53:37.806,416.3259773384682,105
2024-09-16 12:53:37.867,416.3350243878408,103
2024-09-16 12:53:37.921,416.31362408461627,102
2024-09-16 12:53:37.938,41.63400037507371,1002
2024-09-16 12:53:37.942,416.3353089197184,101
2024-09-16 12:53:37.967,416.3442249223408,99
2024-09-16 12:53:38.119,416.2981194263596,995
2024-09-16 12:53:38.124,416.2896344051008,6
2024-09-16 12:53:38.164,416.3322161418302,103
2024-09-16 12:53:38.169,416.3278049845416,997
2024-09-16 12:53:38.195,,99
2024-09-16 12:53:38.211,416.29754601103656,12
2024-09-16 12:53:38.254,416.3157665327871,13
2024-09-16 12:53:38.275,416.2796430121144,1004
2024-09-16 12:53:38.304,416.265838420901,102
2024-09-16 12:53:38.332,416.3344820077276,104
2024-09-16 12:53:38.339,416.2971247222904,10
2024-09-16 12:53:38.362,416.3335864359383,13
2024-09-16 12:53:38.471,416.2787323095179,11
2024-09-16 12:53:38.485,416.2790264199948,104
2024-09-16 12:53:38.525,416.3277923782287,1000
2024-09-16 12:53:38.545,416.3359858158504,14
2024-09-16 12:53:38.548,416.34785971603657,11
2024-09-16 12:53:38.554,416.3409141322398,13
2024-09-16 12:53:38.570,41.630193687545535,1002
2024-09-16 12:53:38.572,416.29506698357176,101
2024-09-16 12:53:38.576,416.2924704992177,1005
2024-09-16 12:53:38.703,416.2694147141881,103
2024-09-16 12:53:38.748,416.2986786618423,1003
2024-09-16 12:53:38.764,416.3283801811618,11
2024-09-16 12:53:38.804,416.34244130771486,10
2024-09-16 12:53:38.876,416.279916068365,995
2024-09-16 12:53:38.895,416.3135327913205,999
2024-09-16 12:53:39.141,416.30929161293255,97
2024-09-16 12:53:39.231,416.2597796764348,6
2024-09-16 12:53:39.392,416.2827686013396,101
2024-09-16 12:53:39.544,416.3110891563061,102
2024-09-16 12:53:39.765,416.27979470397446,105
2024-09-16 12:53:39.820,416.31297376430393,13
2024-09-16 12:53:39.886,416.2847121691681,96
2024-09-16 12:53:40.453,416.25247310893405,1002
2024-09-16 12:53:41.005,41.627632938110246,97
2024-09-16 12:53:41.083,416.2191286445696,997
2024-09-16 12:53:41.102,416.2401768872482,104
2024-09-16 12:53:41.104,416.2366931330545,1005
2024-09-16 12:53:41.133,416.2303399066939,1005
2024-09-16 12:53:41.263,416.2474525576792,1002
2024-09-16 12:53:41.305,416.2831395467067,102
2024-09-16 12:53:41.340,416.26539402161495,1004
2024-09-16 12:53:41.588,416.2642645293258,1000
2024-09-16 12:53:41.678,416.25788001213846,97
2024-09-16 12:53:41.778,416.216043759138,102
2024-09-16 12:53:41.910,416.2268261196839,997
2024-09-16 12:53:41.949,416.2361298806535,7
2024-09-16 12:53:41.950,416.2806833042957,101
2024-09-16 12:53:42.035,416.2468506644996,15
2024-09-16 12:53:42.135,416.2309999457184,995
2024-09-16 12:53:42.242,416.2399673594333,103
2024-09-16 12:53:42.523,416.21337639436354,103
2024-09-16 12:53:42.579,416.2361419339107,101
2024-09-16 12:53:42.630,416.2219429626142,99
2024-09-16 12:53:42.692,416.2142777157303,5
2024-09-16 12:53:42.707,416.2233154381038,100
2024-09-16 12:53:42.872,416.26783617875,99
2024-09-16 12:53:42.919,416.2455914013953,99
2024-09-16 12:53:42.923,416.2206353373066,15
2024-09-16 12:53:43.006,416.2196698057791,15
2024-09-16 12:53:43.033,416.22150346302107,995
2024-09-16 12:53:43.034,416.26163983103527,7
2024-09-16 12:53:43.044,416.27062276981775,13
2024-09-16 12:53:43.060,416.2170028154688,99
2024-09-16 12:53:43.062,416.2095121048588,995
2024-09-16 12:53:43.072,416.249198030141,995
2024-09-16 12:53:43.167,,999
2024-09-16 12:53:43.185,416.2186074556956,995
2024-09-16 12:53:43.195,416.1749843498425,104
2024-09-16 12:53:43.211,416.2728025000067,7
2024-09-16 12:53:43.298,416.18828340364416,999
2024-09-16 12:53:43.300,416.1676850332625,12
2024-09-16 12:53:43.303,416.28403351142464,11
2024-09-16 12:53:43.400,416.217314475247,13
2024-09-16 12:53:43.402,416.1791010848498,998
2024-09-16 12:53:43.411,416.1531140428892,96
2024-09-16 12:53:43.476,416.1946838011109,995
2024-09-16 12:53:43.554,416.2224095769136,995
2024-09-16 12:53:43.559,416.28596442347936,1002
2024-09-16 12:53:43.596,416.2279608915877,1002
2024-09-16 12:53:43.617,416.1519255658184,13
2024-09-16 12:53:43.642,416.27516192710215,104
2024-09-16 12:53:43.716,416.2694910646098,12
2024-09-16 12:53:43.730,416.1607676990423,999
2024-09-16 12:53:43.745,416.17018870107415,100
2024-09-16 12:53:43.779,416.1680958518165,98
2024-09-16 12:53:43.932,416.2221041402095,103
2024-09-16 12:53:43.934,416.2081664012344,1001
2024-09-16 12:53:43.960,416.2221965374077,15
2024-09-16 12:53:44.041,416.1617935194048,96
2024-09-16 12:53:44.098,416.186788390842,9
2024-09-16 12:53:44.142,416.20346759006986,998
2024-09-16 12:53:44.236,416.15514241290094,1004
2024-09-16 12:53:44.236,416.1800832505482,995
2024-09-16 12:53:44.243,416.2063225526154,96
2024-09-16 12:53:44.344,416.1914531727342,5
2024-09-16 12:53:44.348,416.1739113700048,14
2024-09-16 12:53:44.504,416.168146479035,98
2024-09-16 12:53:44.701,416.1792237941054,104
2024-09-16 12:53:44.717,416.1745062102316,104
2024-09-16 12:53:44.827,416.1852922525052,14
2024-09-16 12:53:44.895,416.1874447794941,995
2024-09-16 12:53:44.931,416.1860707100549,96
2024-09-16 12:53:44.942,416.2029347762749,8
2024-09-16 12:53:44.949,416.2137124321254,995
2024-09-16 12:53:46.052,416.2066138212453,999
2024-09-16 12:53:46.060,416.22509632791525,1002
2024-09-16 12:53:46.121,416.2063329171861,103
2024-09-16 12:53:46.199,416.2026136680085,1000
2024-09-16 12:53:46.251,416.2276204160201,7
2024-09-16 12:53:46.322,416.2252694048321,996
2024-09-16 12:53:46.349,416.187773640317,100
2024-09-16 12:53:46.646,416.23051518082127,96
2024-09-16 12:53:46.688,416.2053578643437,6
2024-09-16 12:53:46.797,416.2084605615865,995
2024-09-16 12:53:46.818,416.2401457383758,1002
2024-09-16 12:53:46.948,416.2211353538872,1005
2024-09-16 12:53:46.991,416.2178935559816,8
2024-09-16 12:53:46.997,416.2299512314723,1003
2024-09-16 12:53:47.116,416.29268545965647,1004
2024-09-16 12:53:47.178,416.2714980890008,102
2024-09-16 12:53:47.390,416.2423902943337,1000
2024-09-16 12:53:47.503,416.250913828064,1005
2024-09-16 12:53:47.581,416.259950709017,998
2024-09-16 12:53:47.710,416.2540513811875,8
2024-09-16 12:53:47.713,416.2706971140838,102
2024-09-16 12:53:47.741,416.2786599594587,15
2024-09-16 12:53:47.770,416.2718777006781,1000
2024-09-16 12:53:47.885,416.24372075034177,15
2024-09-16 12:53:47.909,416.28588876940194,1000
2024-09-16 12:53:47.922,416.2789937028892,103
2024-09-16 12:53:47.997,416.2719270335709,100
2024-09-16 12:53:48.012,416.3773634689162,1000
2024-09-16 12:53:48.034,416.3235483528165,997
2024-09-16 12:53:48.053,416.38059049827103,1002
2024-09-16 12:53:48.111,416.3689391593098,1002
2024-09-16 12:53:48.143,416.3762798138266,1005
2024-09-16 12:53:48.148,416.2849603892862,995
2024-09-16 12:53:48.164,416.3782315274376,8
2024-09-16 12:53:48.185,416.31326983713,998
2024-09-16 12:53:48.244,416.3420478169217,995
2024-09-16 12:53:48.322,416.3726444576715,11
2024-09-16 12:53:48.363,416.3636293587885,1003
2024-09-16 12:53:48.492,416.39596298185074,995
2024-09-16 12:53:48.633,416.38021209833227,105
2024-09-16 12:53:48.849,416.3043638427826,999
2024-09-16 12:53:48.855,416.3332086144686,103
2024-09-16 12:53:48.874,416.36901025678463,14
2024-09-16 12:53:48.937,416.3208229001162,11
2024-09-16 12:53:48.940,416.28530859338287,95
2024-09-16 12:53:48.967,416.36560811779873,5
2024-09-16 12:53:49.033,416.3439958112084,104
2024-09-16 12:53:49.038,41.63428919602868,7
2024-09-16 12:53:49.071,,13
2024-09-16 12:53:49.160,416.32021858663296,11
2024-09-16 12:53:49.160,416.3045121421428,15
2024-09-16 12:53:49.265,416.3231960280759,96
2024-09-16 12:53:49.287,416.3426719315773,1005
2024-09-16 12:53:49.293,416.3126905720366,1001
2024-09-16 12:53:49.395,416.3244272132346,10
2024-09-16 12:53:49.500,416.340668609454,1000
2024-09-16 12:53:49.501,416.3619146679017,10
2024-09-16 12:53:49.508,416.3354443330339,97
2024-09-16 12:53:49.618,416.3286878368918,6
2024-09-16 12:53:49.767,416.3268202057637,5
2024-09-16 12:53:49.845,416.35822340819766,11
2024-09-16 12:53:49.874,416.3375821668516,7
2024-09-16 12:53:49.910,416.3681374646544,14
2024-09-16 12:53:49.938,416.3398505440246,998
2024-09-16 12:53:49.945,416.34728922631547,100
2024-09-16 12:53:49.986,416.3526222262389,97
2024-09-16 12:53:50.055,416.3620473945113,995
2024-09-16 12:53:50.063,416.3707905751526,7
2024-09-16 12:53:50.175,416.3647011375803,103
2024-09-16 12:53:50.210,416.3348137240969,11
2024-09-16 12:53:50.260,416.3840151091401,1004
2024-09-16 12:53:50.360,416.376621726403,105
2024-09-16 12:53:50.496,416.3629479076671,10
2024-09-16 12:53:50.529,416.3731731313924,997
2024-09-16 12:53:50.645,416.3613674668164,1004
2024-09-16 12:53:50.686,416.3954473968096,1003
2024-09-16 12:53:50.740,416.3633566506432,101
2024-09-16 12:53:50.779,416.3637491716861,12
2024-09-16 12:53:50.938,41.6344248087855,98
2024-09-16 12:53:50.955,416.36629616652215,99
2024-09-16 12:53:50.957,416.36573022848575,15
2024-09-16 12:53:51.009,416.368302158109,12
2024-09-16 12:53:51.012,416.3564846451317,8
2024-09-16 12:53:51.019,416.36389986669,6
2024-09-16 12:53:51.079,416.34966450957984,1004
2024-09-16 12:53:51.092,416.3758862035655,1000
2024-09-16 12:53:51.101,416.355762317849,99
2024-09-16 12:53:51.144,416.3518151097178,996
2024-09-16 12:53:51.218,416.3717197472696,100
2024-09-16 12:53:51.224,416.3367711392801,6
2024-09-16 12:53:51.279,416.3429562072848,13
2024-09-16 12:53:51.382,416.3525151864233,7
2024-09-16 12:53:51.409,416.3466653704209,101
2024-09-16 12:53:51.418,416.386392712257,98
2024-09-16 12:53:51.454,416.3437886684046,97
2024-09-16 12:53:51.460,416.3411304436376,1002
2024-09-16 12:53:51.471,416.3457889376633,9
2024-09-16 12:53:51.619,416.3825497889492,999
2024-09-16 12:53:51.622,416.34510560669713,9
2024-09-16 12:53:51.746,416.3321177774123,97
2024-09-16 12:53:51.761,416.3601087407764,15
2024-09-16 12:53:51.835,416.35525009643015,996
2024-09-16 12:53:51.855,416.3300164775143,997
2024-09-16 12:53:51.882,416.3875057546945,5
2024-09-16 12:53:51.886,416.37926053090496,998
2024-09-16 12:53:51.909,416.3375689526445,1004
2024-09-16 12:53:51.943,416.3633349689863,1005
2024-09-16 12:53:51.947,416.3581072859644,15
2024-09-16 12:53:51.995,416.3696878338173,101
2024-09-16 12:53:52.098,416.3734353176159,1002
2024-09-16 12:53:52.216,416.3729319195239,1003
2024-09-16 12:53:52.232,416.3821797934369,102
2024-09-16 12:53:52.242,416.3489435696067,8
2024-09-16 12:53:52.397,416.375860233991,102
2024-09-16 12:53:52.403,416.359259520222,998
2024-09-16 12:53:52.629,416.3731720849444,15
2024-09-16 12:53:52.820,416.3427755144076,1001
2024-09-16 12:53:54.015,416.30722069383216,97
2024-09-16 12:53:54.041,416.38097104616526,100
2024-09-16 12:53:54.059,416.3411830301583,998
2024-09-16 12:53:54.079,416.3373606398448,15
2024-09-16 12:53:54.167,416.35187048140017,100
2024-09-16 12:53:54.187,416.3625710446221,10
2024-09-16 12:53:54.233,416.317494880268,11
2024-09-16 12:53:54.233,416.34106915421177,95
2024-09-16 12:53:54.243,,1000
2024-09-16 12:53:54.266,416.3430476065654,998
2024-09-16 12:53:54.292,416.3410374306693,995
2024-09-16 12:53:54.311,416.3165974632743,8
2024-09-16 12:53:54.376,416.32464346093695,104
2024-09-16 12:53:54.444,416.3466082217126,9
2024-09-16 12:53:54.496,416.3534028299662,997
2024-09-16 12:53:54.544,416.3158227168009,98
2024-09-16 12:53:54.551,416.3204657811881,100
2024-09-16 12:53:54.572,416.33268979934894,9
2024-09-16 12:53:54.590,416.367459721911,103
2024-09-16 12:53:54.690,416.3154550384026,7
2024-09-16 12:53:54.727,,999
2024-09-16 12:53:54.739,416.3211704131365,10
2024-09-16 12:53:54.742,416.321737471591,1002
2024-09-16 12:53:54.787,,1005
2024-09-16 12:53:54.840,416.3266080891652,97
2024-09-16 12:53:54.860,,100
2024-09-16 12:53:54.911,416.32760420244034,15
2024-09-16 12:53:55.003,416.3902704014935,97
2024-09-16 12:53:55.058,416.4100009582838,102
2024-09-16 12:53:55.176,416.3837647703278,6
2024-09-16 12:53:55.246,416.4138988029063,1003
2024-09-16 12:53:55.248,416.4006336471271,998
2024-09-16 12:53:55.345,416.4106966711359,1004
2024-09-16 12:53:55.431,416.3910082802548,5
2024-09-16 12:53:55.503,416.3902362172181,11
2024-09-16 12:53:55.577,416.4075522098738,999
2024-09-16 12:53:55.600,416.42452043200393,15
2024-09-16 12:53:55.666,416.4085020732937,998
2024-09-16 12:53:55.801,416.39682374940537,998
2024-09-16 12:53:55.808,416.4083026792389,105
2024-09-16 12:53:55.845,416.398459604474,5
2024-09-16 12:53:55.847,416.3928176152216,8
2024-09-16 12:53:55.917,416.40522933363377,103
2024-09-16 12:53:56.020,416.4645616490781,9
2024-09-16 12:53:56.066,416.36655814595343,102
2024-09-16 12:53:56.115,416.4472375610535,13
2024-09-16 12:53:56.247,416.43612427482833,99
2024-09-16 12:53:56.305,416.4400900492541,13
2024-09-16 12:53:56.328,416.3935307332615,98
2024-09-16 12:53:56.365,416.4742208094066,999
2024-09-16 12:53:56.412,416.3497158466134,100
2024-09-16 12:53:56.421,416.3999988734198,1002
2024-09-16 12:53:56.446,416.4601102266256,999
2024-09-16 12:53:56.473,416.465333613259,997
2024-09-16 12:53:56.483,416.4394474097184,96
2024-09-16 12:53:56.488,416.4248204826014,7
2024-09-16 12:53:56.519,416.4599096240804,997
2024-09-16 12:53:56.631,416.4418163430744,99
2024-09-16 12:53:56.674,416.47610934891935,1004
2024-09-16 12:53:56.693,416.474651985244,100
2024-09-16 12:53:56.714,416.3760983481696,105
2024-09-16 12:53:56.738,416.35454601713167,999
2024-09-16 12:53:56.813,416.4756741565037,5
2024-09-16 12:53:56.844,,12
2024-09-16 12:53:56.885,416.3907442846974,9
2024-09-16 12:53:56.892,416.4199715514008,997
2024-09-16 12:53:56.896,416.462536840302,11
2024-09-16 12:53:56.916,416.3419150748587,11
2024-09-16 12:53:56.945,416.3535023897083,11
2024-09-16 12:53:57.167,416.3744179915074,95
2024-09-16 12:53:57.171,416.36331555178833,995
2024-09-16 12:53:57.175,416.3898026623148,100
2024-09-16 12:53:57.202,416.3728370727184,9
2024-09-16 12:53:57.301,416.36379237501467,9
2024-09-16 12:53:57.315,416.3663334858914,1001
2024-09-16 12:53:57.471,416.3756603539453,102
2024-09-16 12:53:57.594,416.3644555757954,1003
2024-09-16 12:53:57.726,416.3797944123614,1001
2024-09-16 12:53:57.751,416.35189796057824,95
2024-09-16 12:53:57.759,416.3595846334789,13
2024-09-16 12:53:57.823,416.3776024775448,98
2024-09-16 12:53:58.106,416.3506784525522,99
2024-09-16 12:53:58.140,416.38237989549737,15
2024-09-16 12:53:58.142,416.354907392242,15
2024-09-16 12:53:58.195,416.3688299227694,15
2024-09-16 12:53:58.207,416.3693249580457,14
2024-09-16 12:53:58.229,416.3642419279497,96
2024-09-16 12:53:58.246,416.3869924926932,11
2024-09-16 12:53:58.279,416.377337391961,1002
2024-09-16 12:53:58.424,416.3613736353213,1000
2024-09-16 12:53:58.429,416.3319324440857,997
2024-09-16 12:53:58.431,416.3716196665059,7
2024-09-16 12:53:58.497,416.3669966466634,1003
2024-09-16 12:53:58.558,416.38594936453046,103
2024-09-16 12:53:58.725,416.3764989012519,1005
2024-09-16 12:53:58.734,416.3691935421828,10
2024-09-16 12:53:58.766,416.3510289924558,13
2024-09-16 12:53:58.773,416.36878198410295,5
2024-09-16 12:53:58.839,416.36393720927686,103
2024-09-16 12:53:58.944,416.33825576564175,96
2024-09-16 12:53:58.965,416.3756260367162,995
2024-09-16 12:53:59.015,416.4083906501472,101
2024-09-16 12:53:59.032,416.3773064130584,7
2024-09-16 12:53:59.083,416.4331418996583,1005
2024-09-16 12:53:59.101,416.3997807899888,10
2024-09-16 12:53:59.138,416.4094605678204,105
2024-09-16 12:53:59.163,416.3970183758029,13
2024-09-16 12:53:59.167,416.4276953423645,105
2024-09-16 12:53:59.181,416.407955560504,7
2024-09-16 12:53:59.263,416.4116353029301,15
2024-09-16 12:53:59.316,416.3938416931501,7
2024-09-16 12:53:59.381,416.4246007168433,12
2024-09-16 12:53:59.441,416.3567954928778,96
2024-09-16 12:53:59.458,416.4201450123328,6
2024-09-16 12:53:59.540,416.4203808018136,1000
2024-09-16 12:53:59.561,416.4240915303184,7
2024-09-16 12:53:59.562,416.4024526748419,997
2024-09-16 12:53:59.694,416.4257043541998,98
2024-09-16 12:53:59.773,416.41588115605134,97
2024-09-16 12:53:59.793,416.3604069432353,998
2024-09-16 12:53:59.799,416.4400713989005,995
2024-09-16 12:53:59.879,416.4047947313308,998
2024-09-16 12:53:59.895,416.43972490538056,8
2024-09-16 12:53:59.920,416.436968081089,5
2024-09-16 12:53:59.938,416.4196796575728,1002
2024-09-16 12:53:59.956,416.43333351270303,100
